{"host":"h1l2j95f0ioyx0nx","time":1612874800,"event":{"mods":["100% Spire Juice","AchievementEnabler","Act Like it!","Arknights","Ascension Reborn","BaseMod","BetterRewards","Gold Saver","GungeonMod","Hermit","Minty Spire (QoL Compilation)","Permanent Neow","Quick Restart","Shop Mod","Spicy Shops","StSLib","The Bug Knight","The Cursed","The Dragon Tamer","The Gatherer","The Hierophant","The Jungle","The Poker Player","The Runesmith"],"gold_per_floor":[1741,960,982,999,1020,1020,121,71,131,162,186,216,134,146,146,261,261,283,283,283,303,316,316,358,358,358,358,380,394,411,434,458,458,458,584,584,596,596,610,622,68,68,87,147,147,189,189,189,225,249,249,249,249,249,26,58,58],"floor_reached":58,"language":"KOR","playtime":5399,"items_purged":["Normality"],"score":1503,"play_id":"7374dcd2-f017-44ac-8d7a-cdf7da76bdf6","local_time":"20210209214640","is_ascension_mode":true,"metric_token":1567,"campfire_choices":[{"floor":6.0,"key":"RECALL"},{"data":"DTMod:StunTrap","floor":15.0,"key":"SMITH"},{"floor":23.0,"key":"DIG"},{"floor":25.0,"key":"DIG"},{"floor":27.0,"key":"DIG"},{"floor":33.0,"key":"DIG"},{"floor":42.0,"key":"DIG"},{"floor":48.0,"key":"DIG"},{"floor":51.0,"key":"DIG"},{"floor":54,"key":"DIG"}],"dtmod_dragon_data":[50,50,1,1,13,11],"circlet_count":0,"master_deck":["DTMod:Strike+1","DTMod:Strike+1","DTMod:Strike+1","DTMod:DoubleHit+1","DTMod:TargetDefense+1","DTMod:TargetDefense+1","DTMod:TargetDefense+1","DTMod:TargetDefense+1","DTMod:SwitchingTactic+1","DTMod:FierySynthesis","DTMod:MagicField+1","DTMod:Training+1","DTMod:CrossStep","DTMod:FierySynthesis","DTMod:ForkedFire","DTMod:QuickFly","DTMod:TauntingStrike+1","DTMod:CrossStep+1","DTMod:RunningTactic","Mayhem+1","DTMod:BurningEnergy","DTMod:Dissolve+1","DTMod:CleansingStrike","DTMod:Multitask+1","DTMod:BuildUp+1","DTMod:StunTrap+1","DTMod:BizarreTactic+1","DTMod:TriAttack","DTMod:Training","DTMod:Astonish","DTMod:Conduct","DTMod:ResonanceForm+1","DTMod:WarmUp+1","DTMod:Overwhelm+1","DTMod:StarRain+1","DTMod:PurifyingFlame+1","DTMod:Shift","DTMod:HeadStart"],"relics":["DTMod:MagicStone","OrangePellets","DemoMod:Metronome","Toy Ornithopter","MerchantsRug","TheAbacus","Lee\u0027s Waffle","Frozen Egg 2","DemoMod:ClearGuonStone","Dream Catcher","HollowMod:PaleOreRelic","DTMod:BasicTextbook","Happy Flower","Gremlin Horn","DemoMod:DecoyRelic","DemoMod:Bottle","Vajra","Ginger","Ornamental Fan","Shovel","Singing Bowl","DemoMod:MonsterBlood","Smiling Mask","CaptainsWheel","DemoMod:MeltedRock","Bag of Preparation","Juzu Bracelet","Pantograph","Boot","DemoMod:PartiallyEatenCheese","DemoMod:RatBoots","DemoMod:ResourcefulSack","DemoMod:PinkGuonStone","Busted Crown","Sozu","DemoMod:GlassGuonStoneRelic","Prayer Wheel","DemoMod:GreenGuonStone","Orrery","Dead Branch","Torii","Lizard Tail","Blue Candle","Omamori","DemoMod:PoisonVial","Runesmith:Nanobots","DemoMod:Orange","DemoMod:BigBoy","Sundial","Ice Cream","Bronze Scales","DemoMod:MemoryAlloy"],"acts_visited":["Exordium","Exordium","theJungle:Jungle","TheBeyond","TheEnding"],"potions_floor_usage":[56,57],"damage_taken":[{"damage":0.0,"enemies":"2 Louse","floor":1.0,"turns":2.0},{"damage":0.0,"enemies":"Cultist","floor":3.0,"turns":2.0},{"damage":0.0,"enemies":"Small Slimes","floor":4.0,"turns":1.0},{"damage":0.0,"enemies":"Looter","floor":5.0,"turns":2.0},{"damage":0.0,"enemies":"Gremlin Nob","floor":10.0,"turns":3.0},{"damage":0.0,"enemies":"Lots of Slimes","floor":11.0,"turns":1.0},{"damage":0.0,"enemies":"3 Sentries","floor":12.0,"turns":2.0},{"damage":0.0,"enemies":"Exordium Wildlife","floor":14.0,"turns":1.0},{"damage":0.0,"enemies":"Slime Boss","floor":16.0,"turns":3.0},{"damage":0.0,"enemies":"Shell Parasite","floor":18.0,"turns":3.0},{"damage":0.0,"enemies":"JungleHuntersEvent","floor":19.0,"turns":2.0},{"damage":0.0,"enemies":"theJungle:GiantWrat","floor":21.0,"turns":3.0},{"damage":0.0,"enemies":"theJungle:2_Snecko_Cultists","floor":22.0,"turns":3.0},{"damage":0.0,"enemies":"theJungle:Cassacara","floor":24.0,"turns":4.0},{"damage":0.0,"enemies":"DemoMod:Veteran_shot_gun_kin_and_bullet_kin","floor":28.0,"turns":1.0},{"damage":0.0,"enemies":"DemoMod:2_Veteran_bullet_kins_and_red_shotgun_kin","floor":29.0,"turns":1.0},{"damage":0.0,"enemies":"DemoMod:Red_and_blue_shotgun_kin_with_gunsinger","floor":30.0,"turns":2.0},{"damage":2.0,"enemies":"DemoMod:Veteran_shot_gun_kin_and_blue_shotgun_kin_with_gunsinger","floor":31.0,"turns":1.0},{"damage":0.0,"enemies":"DemoMod:2_Mousers","floor":32.0,"turns":1.0},{"damage":33.0,"enemies":"DemoMod:ResourcefulRat","floor":35.0,"turns":9.0},{"damage":0.0,"enemies":"3 Darklings","floor":37.0,"turns":4.0},{"damage":0.0,"enemies":"3 Shapes","floor":39.0,"turns":1.0},{"damage":0.0,"enemies":"3 Darklings","floor":40.0,"turns":3.0},{"damage":0.0,"enemies":"Spire Growth","floor":43.0,"turns":3.0},{"damage":0.0,"enemies":"Mind Bloom Boss Battle","floor":44.0,"turns":5.0},{"damage":0.0,"enemies":"Reptomancer","floor":46.0,"turns":4.0},{"damage":0.0,"enemies":"Nemesis","floor":49.0,"turns":5.0},{"damage":0.0,"enemies":"Jaw Worm Horde","floor":50.0,"turns":3.0},{"damage":0,"enemies":"Donu and Deca","floor":52,"turns":7},{"damage":0,"enemies":"Shield and Spear","floor":56,"turns":4},{"damage":0,"enemies":"The Heart","floor":57,"turns":5}],"seed_played":"-2812646721626674296","potions_obtained":[{"floor":1.0,"key":"AttackPotion"},{"floor":1.0,"key":"Block Potion"},{"floor":3.0,"key":"ColorlessPotion"},{"floor":4.0,"key":"PowerPotion"},{"floor":5.0,"key":"Fire Potion"},{"floor":10.0,"key":"Weak Potion"},{"floor":10.0,"key":"Swift Potion"},{"floor":11.0,"key":"DuplicationPotion"},{"floor":11.0,"key":"DuplicationPotion"},{"floor":12.0,"key":"DemoMod:BlankPotion"},{"floor":14.0,"key":"Swift Potion"},{"floor":16.0,"key":"FearPotion"},{"floor":16.0,"key":"BlessingOfTheForge"},{"floor":18.0,"key":"Block Potion"},{"floor":18.0,"key":"Dexterity Potion"},{"floor":19.0,"key":"Dexterity Potion"},{"floor":19.0,"key":"BlessingOfTheForge"},{"floor":21.0,"key":"Energy Potion"},{"floor":22.0,"key":"DistilledChaos"},{"floor":24.0,"key":"DemoMod:LeadSkinPotion"},{"floor":28.0,"key":"DemoMod:LeadSkinPotion"},{"floor":29.0,"key":"Fruit Juice"},{"floor":30.0,"key":"PowerPotion"},{"floor":30.0,"key":"Strength Potion"},{"floor":31.0,"key":"Regen Potion"},{"floor":31.0,"key":"DistilledChaos"},{"floor":32.0,"key":"EssenceOfSteel"}],"is_trial":false,"path_per_floor":["M","$","M","M","M","R","$","?","T","E","M","E","$","M","R","B",null,"M","?","?","M","M","R","E","R","T","R","M","M","M","M","M","R","B","B",null,"M","?","M","M","$","R","M","?","T","E","?","R","E","M","R","B",null,"R","$","E","B",null],"character_chosen":"THE_DT","items_purchased":["OrangePellets","DemoMod:Metronome","Toy Ornithopter","MerchantsRug","DTMod:Training","DTMod:CrossStep","DemoMod:GnawedKey","War Paint","DollysMirror","DTMod:ForkedFire","TheAbacus","Lee\u0027s Waffle","Frozen Egg 2","DemoMod:ClearGuonStone","Dream Catcher","HollowMod:PaleOreRelic","DTMod:CrossStep+1","DTMod:RunningTactic","Mayhem+1","DTMod:BurningEnergy","DemoMod:Bottle","Prayer Wheel","DemoMod:GreenGuonStone","Orrery","Ice Cream","Bronze Scales"],"campfire_rested":0,"item_purchase_floors":[2,2,2,2,2,2,2,2,2,2,7,7,7,7,7,7,7,7,7,7,13,41,41,41,55,55],"current_hp_per_floor":[49,49,49,49,49,49,56,56,56,56,56,56,56,56,56,56,56,56,56,14,31,44,54,67,67,67,67,69,76,76,77,80,80,70,50,89,89,86,91,93,99,99,103,105,105,105,105,105,119,123,123,123,123,123,123,125,125],"gold":58,"neow_bonus":"ONE_RANDOM_RARE_CARD","is_daily":false,"chose_seed":false,"campfire_upgraded":1,"win_rate":0.0,"timestamp":1612874800,"path_taken":["M","$","M","M","M","R","$","?","T","E","M","E","?","?","R","BOSS","M","?","?","M","M","R","E","R","T","R","M","M","M","M","M","R","BOSS","BOSS","M","?","M","M","$","R","M","?","T","E","?","R","E","M","R","BOSS","R","$","E","BOSS"],"items_purchased_type":["Relic","Relic","Relic","Relic","Card","Card","Relic","Relic","Relic","Card","Relic","Relic","Relic","Relic","Relic","Relic","Card","Card","Card","Card","Relic","Relic","Relic","Relic","Relic","Relic"],"build_version":"2020-12-22","purchased_purges":1,"victory":true,"max_hp_per_floor":[49,49,49,49,49,49,56,56,56,56,56,56,56,56,56,56,56,56,56,56,56,58,65,67,67,67,67,69,76,76,78,80,80,80,82,89,89,89,91,93,99,99,103,105,105,105,105,105,119,123,123,123,123,123,123,125,125],"card_choices":[{"not_picked":["DTMod:MasterPlan+1","DTMod:BurningEnergy"],"picked":"DTMod:MagicField+1","floor":1.0},{"not_picked":["DTMod:Feint","DTMod:MasterPlan+1","DTMod:Weaken"],"picked":"SKIP","floor":3.0},{"not_picked":["DTMod:Training+1","DTMod:RecklessFlurry"],"picked":"DTMod:QuickFly","floor":4.0},{"not_picked":["DTMod:Threaten","DTMod:DeepFocus+1"],"picked":"DTMod:TauntingStrike+1","floor":5.0},{"not_picked":["DTMod:MagicField+1","DTMod:BreakAttack"],"picked":"DTMod:Dissolve+1","floor":10.0},{"not_picked":["DTMod:Threaten","DTMod:Weaken+1"],"picked":"DTMod:CleansingStrike","floor":10.0},{"not_picked":["DTMod:LowKick+1","DTMod:BuildUp+1"],"picked":"DTMod:Multitask+1","floor":11.0},{"not_picked":["DTMod:FlameSlash","DTMod:Hide"],"picked":"DTMod:BuildUp+1","floor":12.0},{"not_picked":["DTMod:DarkBreath","DTMod:Threaten"],"picked":"DTMod:StunTrap","floor":12.0},{"not_picked":["DTMod:Threaten","DTMod:Weaken"],"picked":"DTMod:BizarreTactic+1","floor":14.0},{"not_picked":["DTMod:Safeguard+1","DTMod:OpeningTactic"],"picked":"DTMod:TriAttack","floor":16.0},{"not_picked":["DTMod:BizarreTactic","DTMod:Feint","DTMod:BlazingStrike"],"picked":"SKIP","floor":18.0},{"not_picked":["DTMod:Weaken","DTMod:CleansingStrike"],"picked":"DTMod:Training","floor":19.0},{"not_picked":["DTMod:Punisher+1","DTMod:MasterPlan"],"picked":"DTMod:Astonish","floor":21.0},{"not_picked":["DTMod:RunningTactic","DTMod:Threaten","DTMod:BalancedStrike"],"picked":"Singing Bowl","floor":22.0},{"not_picked":["DTMod:BuildUp","DTMod:BurningEnergy","DTMod:CleansingStrike"],"picked":"Singing Bowl","floor":24.0},{"not_picked":["DTMod:LowKick","DTMod:BurningForce","DTMod:Training"],"picked":"Singing Bowl","floor":28.0},{"not_picked":["DTMod:ForkedFire","DTMod:BalancedStrike+1","DTMod:BurningEnergy"],"picked":"Singing Bowl","floor":29.0},{"not_picked":["DTMod:BlazingStrike+1","DTMod:CrossStep+1"],"picked":"DTMod:Conduct","floor":30.0},{"not_picked":["DTMod:CleansingStrike+1","DTMod:BreakAttack","DTMod:Hide+1"],"picked":"Singing Bowl","floor":31.0},{"not_picked":["DTMod:BizarreTactic","DTMod:Threaten+1","DTMod:HeatWave+1"],"picked":"Singing Bowl","floor":32.0},{"not_picked":["DemoMod:Elimentaler"],"picked":"Singing Bowl","floor":35.0},{"not_picked":["DTMod:EchoTactic","DTMod:Safeguard+1"],"picked":"DTMod:ResonanceForm+1","floor":35.0},{"not_picked":["DTMod:LowKick+1","DTMod:Feint+1"],"picked":"DTMod:WarmUp+1","floor":36.0},{"not_picked":[],"picked":"DTMod:Overwhelm+1","floor":37.0},{"not_picked":["DTMod:ComboAttack+1"],"picked":"Singing Bowl","floor":39.0},{"not_picked":["DTMod:Feint"],"picked":"Singing Bowl","floor":40.0},{"not_picked":["DTMod:MagicField"],"picked":"Singing Bowl","floor":41.0},{"not_picked":["DTMod:Overwhelm+1"],"picked":"Singing Bowl","floor":41.0},{"not_picked":["DTMod:Weaken"],"picked":"Singing Bowl","floor":41.0},{"not_picked":[],"picked":"DTMod:StarRain+1","floor":41.0},{"not_picked":[],"picked":"DTMod:PurifyingFlame+1","floor":41.0},{"not_picked":["DTMod:BuildUp+1"],"picked":"Singing Bowl","floor":43.0},{"not_picked":["DTMod:QuickFly+1"],"picked":"Singing Bowl","floor":43.0},{"not_picked":["DTMod:BuildUp+1"],"picked":"Singing Bowl","floor":44.0},{"not_picked":[],"picked":"DTMod:Shift","floor":46.0},{"not_picked":["DTMod:QuickFly+1"],"picked":"Singing Bowl","floor":49.0},{"not_picked":["DTMod:BurningForce"],"picked":"Singing Bowl","floor":50.0},{"not_picked":["DTMod:Astonish"],"picked":"Singing Bowl","floor":50.0},{"not_picked":["DTMod:MasterPlan+1"],"picked":"Singing Bowl","floor":56}],"player_experience":180935,"relics_obtained":[{"floor":9.0,"key":"Happy Flower"},{"floor":10.0,"key":"Gremlin Horn"},{"floor":12.0,"key":"DemoMod:DecoyRelic"},{"floor":14.0,"key":"Vajra"},{"floor":16.0,"key":"Ginger"},{"floor":19.0,"key":"Ornamental Fan"},{"floor":22.0,"key":"Singing Bowl"},{"floor":23.0,"key":"DemoMod:MonsterBlood"},{"floor":24.0,"key":"Smiling Mask"},{"floor":25.0,"key":"CaptainsWheel"},{"floor":27.0,"key":"DemoMod:MeltedRock"},{"floor":28.0,"key":"Bag of Preparation"},{"floor":29.0,"key":"Juzu Bracelet"},{"floor":30.0,"key":"DemoMod:WeirdEgg"},{"floor":33.0,"key":"Boot"},{"floor":35.0,"key":"DemoMod:PartiallyEatenCheese"},{"floor":36.0,"key":"DemoMod:RatBoots"},{"floor":36.0,"key":"DemoMod:ResourcefulSack"},{"floor":36.0,"key":"DemoMod:PinkGuonStone"},{"floor":36.0,"key":"Busted Crown"},{"floor":36.0,"key":"Sozu"},{"floor":42.0,"key":"Dead Branch"},{"floor":43.0,"key":"Torii"},{"floor":44.0,"key":"Lizard Tail"},{"floor":45.0,"key":"Blue Candle"},{"floor":45.0,"key":"Omamori"},{"floor":46.0,"key":"DemoMod:PoisonVial"},{"floor":48.0,"key":"Runesmith:Nanobots"},{"floor":49.0,"key":"DemoMod:Orange"},{"floor":51.0,"key":"DemoMod:BigBoy"},{"floor":54,"key":"Sundial"},{"floor":56,"key":"DemoMod:MemoryAlloy"}],"event_choices":[{"damage_healed":0.0,"max_hp_gain":0.0,"max_hp_loss":0.0,"gold_gain":0.0,"event_name":"WeMeetAgain","player_choice":"Paid Gold","floor":8.0,"gold_loss":50.0,"damage_taken":0.0,"relics_obtained":["DTMod:BasicTextbook"]},{"damage_healed":0.0,"max_hp_gain":0.0,"max_hp_loss":0.0,"gold_gain":0.0,"event_name":"Designer","player_choice":"Punched","floor":38.0,"gold_loss":0.0,"damage_taken":3.0},{"damage_healed":0.0,"max_hp_gain":0.0,"max_hp_loss":0.0,"gold_gain":0.0,"event_name":"MindBloom","player_choice":"Fight","floor":44.0,"gold_loss":0.0,"damage_taken":0.0},{"damage_healed":0.0,"max_hp_gain":0.0,"max_hp_loss":0.0,"gold_gain":0.0,"cards_transformed":["DTMod:Strike"],"event_name":"Transmorgrifier","player_choice":"Transformed","floor":47.0,"gold_loss":0.0,"damage_taken":0.0,"cards_obtained":["DTMod:HeadStart"]}],"is_beta":false,"boss_relics":[{"not_picked":["Velvet Choker","Snecko Eye"],"picked":"DTMod:MagicStone"},{"not_picked":[]}],"items_purged_floors":[7],"is_endless":false,"potions_floor_spawned":[1,5,10,11,12,16,18,19,21,30,31,40,43,46,49],"ascension_level":0}}