{"host":"0rxdudjy6rylha1k","time":1612911534,"event":{"mods":["Aspiration","BaseMod","Colored Map","Colored Powertips","Downfall","Highlight Path","Hubris","Minty Spire (QoL Compilation)","StSLib"],"gold_per_floor":[99,99,99,99,99,99,99,24,24,49,62,47,47,32,48,143,143,143,160,160,160,96,96,164,177,177,188,202,214,114,132,146,146,146,146],"floor_reached":33,"language":"ENG","playtime":7858,"items_purged":["Injury"],"score":380,"play_id":"04f92f51-5e6f-4696-8a17-7d60fbcb0b16","local_time":"20210209155854","is_ascension_mode":true,"campfire_choices":[{"data":"sneckomod:SnekBite","floor":1.0,"key":"SMITH"},{"data":"sneckomod:CheapStock","floor":6.0,"key":"SMITH"},{"data":"sneckomod:Unknown2Cost","floor":9.0,"key":"SMITH"},{"data":"sneckomod:Mudshield","floor":13.0,"key":"SMITH"},{"floor":18.0,"key":"RECALL"},{"floor":30,"key":"REST"}],"circlet_count":0,"master_deck":["sneckomod:Defend","sneckomod:Defend","sneckomod:Defend","sneckomod:TailWhip","sneckomod:SnekBite+1","sneckomod:Unknown","sneckomod:Unknown","sneckomod:CheapStock+1","sneckomod:Unknown2Cost+1","sneckomod:QuickBite+1","sneckomod:Mudshield+1","sneckomod:QuickMove","sneckomod:Unknown3Cost","sneckomod:UnknownCommonAttack+1","sneckomod:DiceBoulder+1","sneckomod:UnknownRarePower","Dagger Spray+1","Bite+1","Bite+1","Bite+1","Bite+1","Bite+1","Footwork","sneckomod:UnknownCommonAttack+1","Die Die Die+1","Crippling Poison","Noxious Fumes","sneckomod:SerpentIdol","sneckomod:UnknownRareAttack+1"],"relics":["sneckomod:SneckoSoul","downfall:HeartsMalice","Molten Egg 2","hubris:Icosahedron","Tiny Chest","Du-Vu Doll","aspiration:SilentSkillbook","hubris:FunFungus","InkBottle","downfall:HeartBlessingRed"],"acts_visited":["Exordium","TheCity"],"potions_floor_usage":[28,29,32],"damage_taken":[{"damage":0.0,"enemies":"Cultist","floor":2.0,"turns":1.0},{"damage":0.0,"enemies":"2 Louse","floor":3.0,"turns":1.0},{"damage":0.0,"enemies":"downfall:FleeingMerchant","floor":8.0,"turns":1.0},{"damage":21.0,"enemies":"3 Sentries","floor":10.0,"turns":8.0},{"damage":0.0,"enemies":"Jaw Worm","floor":11.0,"turns":3.0},{"damage":0.0,"enemies":"downfall:FleeingMerchant","floor":12.0,"turns":4.0},{"damage":10.0,"enemies":"downfall:FleeingMerchant","floor":14.0,"turns":4.0},{"damage":13.0,"enemies":"Lots of Slimes","floor":15.0,"turns":4.0},{"damage":30.0,"enemies":"DF_ARCHETYPE_STREAMLINE","floor":16.0,"turns":5.0},{"damage":12.0,"enemies":"3 Byrds","floor":19.0,"turns":2.0},{"damage":2.0,"enemies":"downfall:FleeingMerchant","floor":22.0,"turns":5.0},{"damage":16.0,"enemies":"Snake Plant","floor":25.0,"turns":5.0},{"damage":0.0,"enemies":"Gremlin Leader","floor":26.0,"turns":1.0},{"damage":42.0,"enemies":"Sentry and Sphere","floor":27.0,"turns":6.0},{"damage":40,"enemies":"Shelled Parasite and Fungi","floor":28,"turns":5},{"damage":8,"enemies":"Snake Plant","floor":29,"turns":5},{"damage":39,"enemies":"Cultist and Chosen","floor":31,"turns":6},{"damage":12,"enemies":"3 Cultists","floor":32,"turns":3},{"damage":62,"enemies":"SI_MIRROR_ARCHETYPE","floor":33,"turns":10}],"seed_played":"6398928325175485167","potions_obtained":[{"floor":11.0,"key":"sneckomod:OffclassReductionPotion"},{"floor":15.0,"key":"SmokeBomb"},{"floor":16.0,"key":"Energy Potion"},{"floor":27.0,"key":"AttackPotion"},{"floor":28,"key":"Guardian:BlockOnCardUsePotion"},{"floor":31,"key":"Explosive Potion"}],"is_trial":false,"path_per_floor":["R","M","M","?","?","R","T","$","R","E","M","$","R","$","M","B",null,"R","M","?","?","$","T","T","M","E","M","M","M","R","M","M","B"],"character_chosen":"THE_SNECKO","items_purchased":["BlessingOfTheForge"],"campfire_rested":1,"item_purchase_floors":[22],"current_hp_per_floor":[81,81,81,81,81,81,81,81,81,72,72,72,72,62,49,19,72,72,60,60,60,61,61,61,55,62,32,10,23,42,22,16,0,0,0],"gold":146,"neow_bonus":"THREE_ENEMY_KILL","is_daily":false,"chose_seed":false,"campfire_upgraded":4,"win_rate":0.0,"timestamp":1612911534,"path_taken":["R","M","M","?","?","R","T","?","R","E","M","$","R","$","M","BOSS","R","M","?","?","$","?","T","M","E","M","M","M","R","M","M","BOSS"],"items_purchased_type":["Potion"],"build_version":"2020-12-22","purchased_purges":1,"victory":false,"max_hp_per_floor":[90,90,90,90,90,90,90,90,90,90,90,90,90,90,90,90,90,90,90,62,62,62,62,62,62,62,62,62,65,65,65,65,65,65,65],"card_choices":[{"not_picked":["sneckomod:MixItUp","sneckomod:QuickMove"],"picked":"sneckomod:CheapStock","floor":2.0},{"not_picked":["sneckomod:RainOfDice","sneckomod:WideSting"],"picked":"sneckomod:Unknown2Cost","floor":3.0},{"not_picked":["sneckomod:MixItUp+1","sneckomod:SoulRoll"],"picked":"sneckomod:QuickBite+1","floor":8.0},{"not_picked":["sneckomod:ImprovisedAttack+1","sneckomod:DiceBlock"],"picked":"sneckomod:Mudshield","floor":10.0},{"not_picked":["sneckomod:DiceBlock","sneckomod:SoulDraw"],"picked":"sneckomod:QuickMove","floor":11.0},{"not_picked":["sneckomod:UnknownUncommonPower","sneckomod:UnknownBlock"],"picked":"sneckomod:Unknown3Cost","floor":12.0},{"not_picked":["sneckomod:DefensiveFlair","sneckomod:QuickMove"],"picked":"sneckomod:UnknownCommonAttack+1","floor":14.0},{"not_picked":["sneckomod:Memorize","sneckomod:IronFang+1"],"picked":"sneckomod:DiceBoulder+1","floor":15.0},{"not_picked":["sneckomod:Transmogrify","sneckomod:SoulExchange"],"picked":"sneckomod:UnknownRarePower","floor":16.0},{"not_picked":["sneckomod:UnknownCommonAttack+1","Slice+1","sneckomod:UnknownClassRED"],"picked":"Dagger Spray+1","floor":19.0},{"not_picked":["Reflex","Bane+1","Unload+1"],"picked":"Footwork","floor":22.0},{"not_picked":["Catalyst","sneckomod:UnknownClassRED","sneckomod:UnknownCommonSkill"],"picked":"sneckomod:UnknownCommonAttack+1","floor":25.0},{"not_picked":["sneckomod:CheapStock","Outmaneuver+1","sneckomod:SoulRoll"],"picked":"Die Die Die+1","floor":27.0},{"not_picked":["sneckomod:Unknown1Cost","sneckomod:UnknownDraw+1","Skewer+1"],"picked":"Crippling Poison","floor":28},{"not_picked":["Cloak And Dagger","Bane+1","Sucker Punch+1"],"picked":"Noxious Fumes","floor":29},{"not_picked":["Deflect","Accuracy","sneckomod:Unknown2Cost"],"picked":"sneckomod:SerpentIdol","floor":31},{"not_picked":["sneckomod:DiceBlock","Backflip","sneckomod:UnknownClassSLIMEBOUND+1"],"picked":"sneckomod:UnknownRareAttack+1","floor":32}],"player_experience":2876773,"relics_obtained":[{"floor":7.0,"key":"Tiny Chest"},{"floor":10.0,"key":"Du-Vu Doll"},{"floor":23.0,"key":"hubris:FunFungus"},{"floor":24.0,"key":"InkBottle"}],"event_choices":[{"damage_healed":0.0,"max_hp_gain":0.0,"max_hp_loss":28.0,"gold_gain":0.0,"event_name":"Vampires","player_choice":"Became a vampire","floor":20.0,"gold_loss":0.0,"damage_taken":0.0,"cards_obtained":["Bite","Bite","Bite","Bite","Bite"]}],"is_beta":false,"boss_relics":[{"not_picked":["aspiration:RunicSpoon","Astrolabe"],"picked":"aspiration:SilentSkillbook"}],"items_purged_floors":[8],"is_endless":false,"potions_floor_spawned":[11,15,16,26,27,28,31],"killed_by":"SI_MIRROR_ARCHETYPE","ascension_level":7}}