{"host":"fortuna","time":1612883702,"event":{"mods":["100% Spire Juice","Act Like it!","Arknights","BaseMod","CapriCore","Gensokyo","Hallownest","Koishi","Minty Spire (QoL Compilation)","Reimu（博丽灵梦）","Relic Stats","StSLib","The Administrix","The Animator","The Bug Knight","The Immortal","Waifu the Spire","WarShipGirlsR/战舰少女R mod","Yakumo Yukari mod"],"gold_per_floor":[112,125,125,125,50,78,78,112,112,112,128,155,155,5,5,109,109,124,124,84,98,109,138,156,172,196,221,241,241,264,287,287,398,425,438,459,488,488,488,488],"floor_reached":39,"language":"ZHS","playtime":2525,"items_purged":["HollowMod:NailStrikeStart"],"score":443,"play_id":"e679d01f-4083-4732-aa4b-4202129e8f9d","local_time":"20210209231502","is_ascension_mode":false,"campfire_choices":[{"floor":7,"key":"REST"},{"floor":13,"key":"REST"},{"data":"HollowMod:CloakDash","floor":15,"key":"SMITH"},{"data":"HollowMod:ChannelNail","floor":32,"key":"SMITH"}],"circlet_count":0,"master_deck":["HollowMod:QuickDashStart+1","HollowMod:QuickDashStart","HollowMod:QuickDashStart","HollowMod:FocusHealStart+1","HollowMod:PogoStrike","HollowMod:HuntersJournal+1","HollowMod:FallenFury","HollowMod:CloakDash+1","HollowMod:HowlingWraiths+1","HollowMod:SharpenedNail+1","HollowMod:VengefulSpirit+1","HollowMod:HornetsHelp+1","HollowMod:SharpenedNail+1","ZunPunch:ReiMu+1","HollowMod:GoodIntentions+1","HollowMod:DashSlash+1","HollowMod:ChannelNail+1","Parasite","HollowMod:CornifersMapStart","HollowMod:SoulEater+1","HollowMod:HornetsHelp+1","HollowMod:ShapeofUnn+1","HollowMod:DreamGate+1","HollowMod:Weaversong+1","HollowMod:MantisMark+1","HollowMod:DoubleDash+1"],"relics":["HollowMod:VesselMask","Toy Ornithopter","Molten Egg 2","Ice Cream","Pear","Kunai","Cursed Key","War Paint","Mastiff:ReiMu","CeramicFish","Astrolabe"],"acts_visited":["Exordium","TheCity","TheBeyond"],"potions_floor_usage":[39,39],"damage_taken":[{"damage":1,"enemies":"Jaw Worm","floor":1,"turns":4},{"damage":3,"enemies":"2 Louse","floor":2,"turns":3},{"damage":57,"enemies":"Lagavulin","floor":6,"turns":10},{"damage":40,"enemies":"Gremlin Nob","floor":8,"turns":5},{"damage":1,"enemies":"Cultist","floor":11,"turns":3},{"damage":25,"enemies":"Lagavulin","floor":12,"turns":5},{"damage":21,"enemies":"The Guardian","floor":16,"turns":14},{"damage":5,"enemies":"2 Thieves","floor":18,"turns":3},{"damage":6,"enemies":"HollowMod:HuskSentry","floor":21,"turns":4},{"damage":6,"enemies":"Centurion and Healer","floor":22,"turns":3},{"damage":3,"enemies":"HollowMod:Nosk","floor":23,"turns":6},{"damage":4,"enemies":"3 Cultists","floor":24,"turns":4},{"damage":11,"enemies":"Shelled Parasite and Fungi","floor":25,"turns":7},{"damage":28,"enemies":"Slavers","floor":27,"turns":5},{"damage":1,"enemies":"Cultist and Chosen","floor":28,"turns":4},{"damage":0,"enemies":"Chosen and Byrds","floor":30,"turns":3},{"damage":11,"enemies":"Sentry and Sphere","floor":31,"turns":5},{"damage":65,"enemies":"HollowMod:NKGrimm","floor":33,"turns":9},{"damage":14,"enemies":"3 Darklings","floor":35,"turns":5},{"damage":6,"enemies":"Orb Walker","floor":36,"turns":3},{"damage":38,"enemies":"HollowMod:SlobberingHusk","floor":37,"turns":7},{"damage":68,"enemies":"HollowMod:SlobberingHusk","floor":39,"turns":13}],"seed_played":"-3650620536061271955","potions_obtained":[{"floor":8,"key":"SkillPotion"},{"floor":11,"key":"Swift Potion"},{"floor":18,"key":"ZuzhouPotion:ReiMu"}],"is_trial":false,"path_per_floor":["M","M","?","?","$","E","R","E","T","?","M","E","R","$","R","B",null,"M","?","?","M","M","E","M","M","T","E","M","?","M","M","R","B",null,"M","M","M","?","?"],"character_chosen":"THE_BUGKNIGHT","items_purchased":["HollowMod:HornetsHelp+1"],"campfire_rested":2,"item_purchase_floors":[14],"current_hp_per_floor":[74,75,75,75,75,28,50,16,26,26,37,18,43,43,43,34,85,80,80,80,80,79,85,81,80,80,52,57,57,63,62,62,3,85,77,77,49,49,0,0],"gold":488,"neow_bonus":"RANDOM_COMMON_RELIC","is_daily":false,"chose_seed":false,"campfire_upgraded":2,"win_rate":0.0,"timestamp":1612883702,"path_taken":["M","M","?","?","$","E","R","E","T","?","?","E","R","?","R","BOSS","M","?","?","M","M","E","M","M","T","E","M","?","M","M","R","BOSS","M","M","M","?","?"],"items_purchased_type":["Card"],"build_version":"2020-12-18","purchased_purges":1,"victory":false,"max_hp_per_floor":[75,75,75,75,75,75,75,75,85,85,85,85,85,85,85,85,85,85,85,85,85,85,85,85,85,85,85,85,85,85,85,85,85,85,85,85,85,85,85,85],"relic_stats":{"counters":[22,125],"CeramicFish":72,"Astrolabe":["HollowMod:ShapeofUnn","HollowMod:DreamGate","HollowMod:Weaversong"],"Kunai":[66],"War Paint":["HollowMod:QuickDashStart","HollowMod:HuntersJournal"],"Cursed Key":1,"obtain_stats":[{"Ice Cream":8,"Pear":9,"Mastiff:ReiMu":26,"CeramicFish":27,"Astrolabe":34,"ZunR:ReiMu":20,"HollowMod:VesselMask":0,"Molten Egg 2":6,"Kunai":12,"War Paint":23,"Cursed Key":17,"Toy Ornithopter":0},{"Ice Cream":4,"Pear":4,"Mastiff:ReiMu":13,"CeramicFish":14,"Astrolabe":18,"ZunR:ReiMu":8,"HollowMod:VesselMask":0,"Molten Egg 2":3,"Kunai":6,"War Paint":11,"Cursed Key":7,"Toy Ornithopter":0},{"Ice Cream":22,"Pear":22,"Mastiff:ReiMu":71,"CeramicFish":76,"Astrolabe":97,"ZunR:ReiMu":47,"HollowMod:VesselMask":0,"Molten Egg 2":17,"Kunai":30,"War Paint":60,"Cursed Key":44,"Toy Ornithopter":0}],"Toy Ornithopter":10},"card_choices":[{"not_picked":["HollowMod:CornifersMapStart","HollowMod:SiblingsSouls"],"picked":"HollowMod:HuntersJournal","floor":1},{"not_picked":["HollowMod:SharpenedShadows","HollowMod:CornifersMapStart"],"picked":"HollowMod:FallenFury","floor":2},{"not_picked":["HollowMod:BlackTendrils+1","HollowMod:SoulShaman"],"picked":"HollowMod:CloakDash","floor":6},{"not_picked":["HollowMod:SoulEater","HollowMod:InfectedAttack+1"],"picked":"HollowMod:HowlingWraiths+1","floor":8},{"not_picked":["HollowMod:SiblingsShadow","HollowMod:NewLittleFool+1"],"picked":"HollowMod:SharpenedNail+1","floor":11},{"not_picked":["HollowMod:GoodIntentions","HollowMod:InfectedAttack+1"],"picked":"HollowMod:VengefulSpirit+1","floor":12},{"not_picked":["HollowMod:GoodIntentions","HollowMod:InfectedCysts+1"],"picked":"HollowMod:SharpenedNail+1","floor":18},{"not_picked":["HollowMod:CrystalDash","HollowMod:LifebloodCocoon+1"],"picked":"HollowMod:GoodIntentions+1","floor":21},{"not_picked":["HollowMod:NewLittleFool+1","HollowMod:InfectedCysts+1"],"picked":"HollowMod:DashSlash+1","floor":22},{"not_picked":["HollowMod:VoidDash","HollowMod:HowlingWraiths+1","HollowMod:DescendingDark+1"],"picked":"SKIP","floor":23},{"not_picked":["HollowMod:BlackTendrils+1","HollowMod:TaintedHusks","HollowMod:ShadowDash"],"picked":"SKIP","floor":24},{"not_picked":["HollowMod:MothsMistake","HollowMod:BlackTendrils+1"],"picked":"HollowMod:ChannelNail","floor":25},{"not_picked":["HollowMod:InfectionAssault+1","HollowMod:SiblingsSouls","HollowMod:ShadowDash"],"picked":"SKIP","floor":27},{"not_picked":["HollowMod:LifebloodCocoon","HollowMod:HowlingWraiths+1","HollowMod:GoodIntentions+1"],"picked":"SKIP","floor":28},{"not_picked":["HollowMod:ChannelNail","HollowMod:DescendingDark+1"],"picked":"HollowMod:CornifersMapStart","floor":30},{"not_picked":["HollowMod:LordofShades","HollowMod:HowlingWraiths+1"],"picked":"HollowMod:SoulEater+1","floor":31},{"not_picked":["HollowMod:theNailsmith","HollowMod:MidwifesHunger+1"],"picked":"HollowMod:HornetsHelp+1","floor":33},{"not_picked":["HollowMod:DoubleDash","HollowMod:FallenFury+1","HollowMod:WraithStrike+1"],"picked":"SKIP","floor":35},{"not_picked":["HollowMod:VengefulVoid+1","HollowMod:InfectionAssault+1"],"picked":"HollowMod:MantisMark+1","floor":36},{"not_picked":["HollowMod:InfectedCysts+1","HollowMod:SharpenedNail+1"],"picked":"HollowMod:DoubleDash+1","floor":37}],"player_experience":339710,"relics_obtained":[{"floor":6,"key":"Molten Egg 2"},{"floor":8,"key":"Ice Cream"},{"floor":9,"key":"Pear"},{"floor":12,"key":"Kunai"},{"floor":23,"key":"War Paint"},{"floor":26,"key":"Mastiff:ReiMu"},{"floor":27,"key":"CeramicFish"}],"event_choices":[{"damage_healed":0,"gold_gain":0,"player_choice":"Forge","damage_taken":0,"max_hp_gain":0,"max_hp_loss":0,"event_name":"Accursed Blacksmith","floor":10,"gold_loss":0,"cards_upgraded":["HollowMod:FocusHealStart"]},{"damage_healed":0,"gold_gain":0,"player_choice":"交出神酒","damage_taken":0,"max_hp_gain":0,"max_hp_loss":0,"event_name":"ZunEvent","floor":20,"relics_lost":["ZunR:ReiMu"],"gold_loss":0,"cards_obtained":["ZunPunch:ReiMu"]},{"damage_healed":0,"gold_gain":0,"player_choice":"Upgraded","damage_taken":0,"max_hp_gain":0,"max_hp_loss":0,"event_name":"Upgrade Shrine","floor":29,"gold_loss":0,"cards_upgraded":["ZunPunch:ReiMu"]},{"damage_healed":0,"gold_gain":0,"player_choice":"Memory 1","damage_taken":0,"max_hp_gain":0,"max_hp_loss":0,"event_name":"SensoryStone","floor":38,"gold_loss":0}],"is_beta":true,"boss_relics":[{"not_picked":["HollowMod:VoidIdolRelic","Busted Crown"],"picked":"Cursed Key"},{"not_picked":["Tiny House","Empty Cage"],"picked":"Astrolabe"}],"items_purged_floors":[5],"is_endless":false,"potions_floor_spawned":[8,11,18,24,25,30,33,35,37],"killed_by":"HollowMod:SlobberingHusk","ascension_level":0}}