{"host":"6bsan6hkua32tfq7","time":1612853160,"event":{"mods":["BaseMod","Better Third Choice","Colored Map","Highlight Path","Minty Spire (QoL Compilation)","StSLib"],"gold_per_floor":[118,129,140,140,140,168,168,168,168],"floor_reached":8,"language":"ENG","playtime":134,"items_purged":[],"score":112,"play_id":"298b00f4-b288-4433-bd19-2ead92fdff4c","local_time":"20210209074600","is_ascension_mode":true,"campfire_choices":[{"data":"PathToVictory","floor":7,"key":"SMITH"}],"circlet_count":0,"master_deck":["AscendersBane","Strike_P","Strike_P","Strike_P","Defend_P","Defend_P","Defend_P","Eruption","Vigilance","Wallop","SandsOfTime","SashWhip","PathToVictory+1"],"relics":["PureWater","NeowsBlessing","Singing Bowl"],"acts_visited":["Exordium"],"potions_floor_usage":[6,8],"damage_taken":[{"damage":0,"enemies":"Jaw Worm","floor":1,"turns":1},{"damage":0,"enemies":"2 Louse","floor":2,"turns":1},{"damage":0,"enemies":"Small Slimes","floor":3,"turns":1},{"damage":12,"enemies":"3 Sentries","floor":6,"turns":4},{"damage":51,"enemies":"Gremlin Nob","floor":8,"turns":3}],"seed_played":"-1001981364034149339","potions_obtained":[{"floor":3,"key":"Explosive Potion"},{"floor":6,"key":"Weak Potion"}],"is_trial":false,"path_per_floor":["M","M","M","?","?","E","R","E"],"character_chosen":"WATCHER","items_purchased":[],"campfire_rested":0,"item_purchase_floors":[],"current_hp_per_floor":[61,61,61,54,54,42,42,0,0],"gold":168,"neow_bonus":"THREE_ENEMY_KILL","is_daily":false,"chose_seed":false,"campfire_upgraded":1,"win_rate":0.0,"timestamp":1612853160,"path_taken":["M","M","M","?","?","E","R","E"],"items_purchased_type":[],"build_version":"2020-12-22","purchased_purges":0,"victory":false,"max_hp_per_floor":[68,68,68,68,68,68,68,68,68],"card_choices":[{"not_picked":["CrushJoints","FollowUp"],"picked":"Wallop","floor":1},{"not_picked":["Evaluate","SashWhip"],"picked":"SandsOfTime","floor":2},{"not_picked":["CrushJoints","Pray"],"picked":"SashWhip","floor":3},{"not_picked":["CrushJoints","Blasphemy"],"picked":"PathToVictory","floor":6}],"player_experience":5423465,"relics_obtained":[{"floor":6,"key":"Singing Bowl"}],"event_choices":[{"cards_removed":["Strike_P"],"damage_healed":0,"gold_gain":0,"player_choice":"Card Removal","damage_taken":7,"max_hp_gain":0,"max_hp_loss":0,"event_name":"Golden Wing","floor":4,"gold_loss":0},{"cards_removed":["Defend_P"],"damage_healed":0,"gold_gain":0,"player_choice":"Forget","damage_taken":0,"max_hp_gain":0,"max_hp_loss":0,"event_name":"Living Wall","floor":5,"gold_loss":0}],"is_beta":false,"boss_relics":[],"items_purged_floors":[],"is_endless":false,"potions_floor_spawned":[3,6],"killed_by":"Gremlin Nob","ascension_level":20}}