{"host":"4w9vompg42n13q24","time":1612876561,"event":{"mods":["Aspiration","BaseMod","Better Third Choice","Colored Map","Colored Powertips","DeckTracker","Downfall","GifTheSpireLib","Glutton Mod","Hermit","Highlight Path","Hubris","Minty Spire (QoL Compilation)","Relic Stats","StSLib","Stuff the Spire","The Druid","The Necromancer","Trackpad"],"gold_per_floor":[0,0,12,27,46,46,46,31,44,44,44,58,88,98,113,218,218,218,218,231,248,348,367,367,399,399,399,399,399],"floor_reached":27,"language":"ENG","playtime":2659,"items_purged":[],"score":235,"play_id":"a641b47b-ffeb-4d9a-9da0-f26fefd23c88","local_time":"20210209141601","is_ascension_mode":false,"campfire_choices":[{"data":"bronze:Shell","floor":1,"key":"SMITH"},{"data":"bronze:BronzeOrb","floor":11,"key":"SMITH"},{"data":"bronze:Break","floor":18,"key":"SMITH"}],"circlet_count":0,"master_deck":["bronze:Defend","bronze:Defend","bronze:Defend","bronze:Replicate","bronze:Goto","bronze:Deprecate","bronze:Shell+1","bronze:Shell+1","bronze:ForceShield","bronze:Shield","bronze:Overheat","Dash","Riddle With Holes","bronze:ChosenStrike","bronze:BronzeOrb+1","bronze:ForceShield","bronze:BronzeArmor","bronze:Repair","bronze:GetLatest","bronze:Break+1","bronze:Repulsor","bronze:Boost","bronze:BuggyMess","bronze:BronzeOrb"],"relics":["bronze:BronzeCore","bronze:ProtectiveGoggles","Letter Opener","Philosopher\u0027s Stone","Calipers","hubris:64BitClover","Kunai","StuffTheSpire:ForceGauntlet","trackpad:GuardianSpirit","hubris:SlimyHat"],"acts_visited":["Exordium","TheCity"],"potions_floor_usage":[22],"damage_taken":[{"damage":0,"enemies":"Small Slimes","floor":3,"turns":4},{"damage":2,"enemies":"Cultist","floor":4,"turns":5},{"damage":1,"enemies":"2 Louse","floor":5,"turns":3},{"damage":0,"enemies":"downfall:FleeingMerchant","floor":8,"turns":4},{"damage":18,"enemies":"Lots of Slimes","floor":9,"turns":4},{"damage":0,"enemies":"Large Slime","floor":12,"turns":6},{"damage":13,"enemies":"Lagavulin","floor":13,"turns":9},{"damage":0,"enemies":"Red Slaver","floor":14,"turns":3},{"damage":0,"enemies":"3 Louse","floor":15,"turns":3},{"damage":9,"enemies":"SI_SHIV_ARCHETYPE","floor":16,"turns":11},{"damage":28,"enemies":"3 Byrds","floor":20,"turns":6},{"damage":17,"enemies":"Spheric Guardian","floor":21,"turns":5},{"damage":17,"enemies":"Colosseum Nobs","floor":22,"turns":6},{"damage":2,"enemies":"Chosen and Byrds","floor":23,"turns":5},{"damage":26,"enemies":"Slavers","floor":25,"turns":6},{"damage":106,"enemies":"Book of Stabbing","floor":27,"turns":8}],"seed_played":"5767553125324189080","potions_obtained":[{"floor":3,"key":"Weak Potion"},{"floor":5,"key":"SpeedPotion"},{"floor":12,"key":"bronze:FreeFunctionsPotion"},{"floor":20,"key":"Regen Potion"},{"floor":22,"key":"FairyPotion"}],"is_trial":false,"path_per_floor":["R","?","M","M","M","?","T","$","M","?","R","M","E","M","M","B",null,"R","T","M","M","?","M","T","E","?","E"],"character_chosen":"THE_AUTOMATON","items_purchased":[],"campfire_rested":0,"item_purchase_floors":[],"current_hp_per_floor":[70,70,70,68,67,67,67,67,49,49,49,49,36,36,43,41,70,70,70,42,32,37,42,42,23,23,0,0,0],"gold":399,"neow_bonus":"TRANSFORM_TWO_CARDS","is_daily":false,"chose_seed":false,"campfire_upgraded":3,"win_rate":0.0,"timestamp":1612876561,"path_taken":["R","?","M","M","?","?","T","$","?","?","R","M","E","M","M","BOSS","R","?","M","M","?","M","T","E","?","E"],"items_purchased_type":[],"build_version":"2020-12-22","purchased_purges":0,"victory":false,"max_hp_per_floor":[70,70,70,70,70,70,70,70,70,70,70,70,70,70,70,70,70,70,70,70,70,70,70,70,70,70,70,70,70],"relic_stats":{"counters":[16,88],"Letter Opener":[126],"Kunai":[4],"obtain_stats":[{"trackpad:GuardianSpirit":25,"bronze:BronzeCore":0,"Calipers":19,"bronze:ProtectiveGoggles":7,"hubris:64BitClover":22,"StuffTheSpire:ForceGauntlet":24,"Philosopher\u0027s Stone":17,"hubris:SlimyHat":26,"Letter Opener":13,"Kunai":22},{"trackpad:GuardianSpirit":15,"bronze:BronzeCore":0,"Calipers":10,"bronze:ProtectiveGoggles":3,"hubris:64BitClover":13,"StuffTheSpire:ForceGauntlet":14,"Philosopher\u0027s Stone":10,"hubris:SlimyHat":15,"Letter Opener":7,"Kunai":13},{"trackpad:GuardianSpirit":80,"bronze:BronzeCore":0,"Calipers":52,"bronze:ProtectiveGoggles":12,"hubris:64BitClover":69,"StuffTheSpire:ForceGauntlet":74,"Philosopher\u0027s Stone":52,"hubris:SlimyHat":80,"Letter Opener":35,"Kunai":69}]},"card_choices":[{"not_picked":["bronze:FineTuning","bronze:CutThrough"],"picked":"bronze:ForceShield","floor":3},{"not_picked":["bronze:Turbo","bronze:Invalidate"],"picked":"bronze:Shield","floor":4},{"not_picked":["bronze:CutThrough","bronze:Turbo"],"picked":"bronze:Overheat","floor":5},{"not_picked":["bronze:Iterate","bronze:Overload"],"picked":"bronze:ChosenStrike","floor":8},{"not_picked":["bronze:Iterate","bronze:OilSpill"],"picked":"bronze:BronzeOrb","floor":9},{"not_picked":["bronze:WildBeam","bronze:CutThrough"],"picked":"bronze:ForceShield","floor":12},{"not_picked":["bronze:Iterate","bronze:OilSpill"],"picked":"bronze:BronzeArmor","floor":13},{"not_picked":["bronze:Philosophize","bronze:Frontload"],"picked":"bronze:Repair","floor":14},{"not_picked":["bronze:WildBeam","bronze:Branch"],"picked":"bronze:GetLatest","floor":15},{"not_picked":["bronze:Virus","bronze:ThunderWave"],"picked":"bronze:Break","floor":16},{"not_picked":["bronze:Deprecate","bronze:BugBarrage"],"picked":"bronze:Repulsor","floor":20},{"not_picked":["bronze:OilSpill","bronze:Overheat+1","bronze:DelayedGuard"],"picked":"SKIP","floor":21},{"not_picked":["bronze:Turbo","bronze:ChildClass+1"],"picked":"bronze:Boost","floor":22},{"not_picked":["bronze:WildBeam","bronze:Shield"],"picked":"bronze:BuggyMess","floor":23},{"not_picked":["bronze:BugBarrage","bronze:SpaghettiCode"],"picked":"bronze:BronzeOrb","floor":25}],"player_experience":666029,"relics_obtained":[{"floor":7,"key":"bronze:ProtectiveGoggles"},{"floor":13,"key":"Letter Opener"},{"floor":19,"key":"Calipers"},{"floor":22,"key":"hubris:64BitClover"},{"floor":22,"key":"Kunai"},{"floor":24,"key":"StuffTheSpire:ForceGauntlet"},{"floor":25,"key":"trackpad:GuardianSpirit"}],"event_choices":[],"is_beta":false,"boss_relics":[{"not_picked":["aspiration:SecretTechniqueScroll","Tiny House"],"picked":"Philosopher\u0027s Stone"}],"items_purged_floors":[],"is_endless":false,"potions_floor_spawned":[3,5,12,20,21,22,23],"killed_by":"Book of Stabbing","ascension_level":0}}