{"host":"zjc1tzo4ovig5lll","time":1612890773,"event":{"mods":["AchievementEnabler","Aspiration","BaseMod","Beaked The Cultist","Better Altar","Better Match","Better Note","Better Sensory Stone","Colored Map","Colored Powertips","Conspire","Energized Spire","Friendly Minions","GifTheSpireLib","Halation","Hermit","Hubris","Minty Spire (QoL Compilation)","Rare Cards Sparkle","Reliquary","Replay The Spire","StSLib","The Blue Laboratory","The Bug Knight","The Construct","The Jungle","everything is the same but u backflip on backflip"],"gold_per_floor":[117,134,134,107,122,148,148,178,254,269,289,323,339,358,358,456,456,467,467,268,268,268,268,268,268],"floor_reached":24,"language":"ENG","playtime":813,"items_purged":[],"score":247,"play_id":"ebd1d735-0a9b-40a7-a3d4-155a38856297","local_time":"20210209191253","is_ascension_mode":true,"campfire_choices":[{"data":"BasicCrystalCard","floor":7.0,"key":"SMITH"},{"data":"Zap","floor":15,"key":"SMITH"},{"data":"conspire:SharedLibrary","floor":23,"key":"SMITH"}],"circlet_count":0,"master_deck":["Strike_B+1","Strike_B+1","Strike_B+1","Strike_B+1","Defend_B+1","Defend_B+1","Defend_B+1","Defend_B+1","Zap+1","Dualcast","FIFO Queue","Coolheaded","hubris:PowerSurge","BasicCrystalCard+1","Self Repair","Conserve Battery","conspire:SharedLibrary+1","Buffer+1","Capacitor","Capacitor","Pain"],"relics":["Cracked Core","NeowsBlessing","hubris:Towel","Replay:Antivirus Software","reliquary:PorcupineQuills","Pear","Prayer Wheel","Pantograph","conspire:RunicOctahedron","Replay:Rubber Ducky","WarpedTongs"],"acts_visited":["Exordium","TheCity"],"potions_floor_usage":[13],"damage_taken":[{"damage":0.0,"enemies":"Cultist","floor":1.0,"turns":1.0},{"damage":0.0,"enemies":"2 Louse","floor":2.0,"turns":1.0},{"damage":0.0,"enemies":"Small Slimes","floor":5.0,"turns":2.0},{"damage":21.0,"enemies":"Lagavulin","floor":6.0,"turns":10.0},{"damage":0.0,"enemies":"2 Fungi Beasts","floor":10.0,"turns":3.0},{"damage":5.0,"enemies":"Gremlin Gang","floor":11.0,"turns":8.0},{"damage":42.0,"enemies":"3 Sentries","floor":12.0,"turns":7.0},{"damage":0,"enemies":"Exordium Wildlife","floor":13,"turns":3},{"damage":2,"enemies":"Looter","floor":14,"turns":3},{"damage":32,"enemies":"Hexaghost","floor":16,"turns":10},{"damage":18,"enemies":"Chosen","floor":18,"turns":6},{"damage":74,"enemies":"Gremlin Leader","floor":24,"turns":6}],"seed_played":"8556345530760712458","potions_obtained":[{"floor":12.0,"key":"Fire Potion"}],"is_trial":false,"path_per_floor":["M","M","?","$","M","E","R","?","T","M","M","E","M","M","R","B",null,"M","?","$","?","?","R","E"],"character_chosen":"DEFECT","items_purchased":["Coolheaded","Replay:Rubber Ducky","Capacitor"],"campfire_rested":0,"item_purchase_floors":[4,20,20],"current_hp_per_floor":[75,75,75,75,75,54,54,54,64,64,59,24,24,29,29,29,85,74,74,74,74,74,74,0,0],"gold":268,"neow_bonus":"THREE_ENEMY_KILL","is_daily":false,"chose_seed":false,"campfire_upgraded":3,"win_rate":0.0,"timestamp":1612890773,"path_taken":["M","?","?","$","M","E","R","?","T","M","M","E","M","M","R","BOSS","M","?","$","?","?","R","E"],"items_purchased_type":["Card","Relic","Card"],"build_version":"2020-12-22","purchased_purges":0,"victory":false,"max_hp_per_floor":[75,75,75,75,75,75,75,75,85,85,85,85,85,85,85,85,85,85,85,85,85,85,85,85,85],"card_choices":[{"not_picked":["Leap","Rebound"],"picked":"FIFO Queue","floor":1.0},{"not_picked":["Barrage","Compile Driver","Hologram"],"picked":"SKIP","floor":2.0},{"not_picked":["Barrage","Redo"],"picked":"hubris:PowerSurge","floor":5.0},{"not_picked":["aspiration:Polymerization","Hello World"],"picked":"BasicCrystalCard","floor":6.0},{"not_picked":["Stack","Sweeping Beam"],"picked":"ReplayTheSpireMod:Fabricate Wheel","floor":10.0},{"not_picked":["Rebound","Panic Button"],"picked":"Self Repair","floor":11.0},{"not_picked":["ReplaySolidLightProjector","Skim","Auto Shields"],"picked":"SKIP","floor":11.0},{"not_picked":["Aggregate","BootSequence","Panic Button"],"picked":"SKIP","floor":12.0},{"not_picked":["ReplayTheSpireMod:Fabricate Wheel","Hologram"],"picked":"Conserve Battery","floor":13},{"not_picked":["Compile Driver","Fusion","Stack"],"picked":"SKIP","floor":13},{"not_picked":["White Noise","Rebound","Beam Cell"],"picked":"SKIP","floor":14},{"not_picked":["Recycle","Gash","Beam Cell"],"picked":"SKIP","floor":14},{"not_picked":["Panic Button","Hologram"],"picked":"conspire:SharedLibrary","floor":18},{"not_picked":["Streamline","Go for the Eyes","Coolheaded"],"picked":"SKIP","floor":18},{"not_picked":["hubris:SpecializedCircuitry+1","hubris:Prefetch+1"],"picked":"Buffer+1","floor":19}],"player_experience":705971,"relics_obtained":[{"floor":6.0,"key":"Replay:Antivirus Software"},{"floor":9.0,"key":"Pear"},{"floor":12.0,"key":"Pantograph"}],"event_choices":[{"damage_healed":0.0,"max_hp_gain":0.0,"max_hp_loss":0.0,"gold_gain":30.0,"event_name":"Dead Adventurer","player_choice":"Searched \u00272\u0027 times","floor":8.0,"gold_loss":0.0,"damage_taken":0.0,"relics_obtained":["reliquary:PorcupineQuills"]},{"damage_healed":0,"gold_gain":0,"player_choice":"2","damage_taken":0,"max_hp_gain":0,"max_hp_loss":0,"event_name":"betterMatch:BetterMatch","floor":19,"gold_loss":0,"cards_obtained":["betterMatch:RareCard"]},{"damage_healed":0,"gold_gain":0,"player_choice":"Simplicity","damage_taken":0,"max_hp_gain":0,"max_hp_loss":0,"event_name":"Back to Basics","floor":21,"gold_loss":0,"cards_upgraded":["Strike_B","Strike_B","Strike_B","Strike_B","Defend_B","Defend_B","Defend_B","Defend_B"]},{"damage_healed":0,"gold_gain":0,"player_choice":"Rummage","damage_taken":0,"relics_obtained":["WarpedTongs"],"max_hp_gain":0,"max_hp_loss":0,"event_name":"Accursed Blacksmith","floor":22,"gold_loss":0,"cards_obtained":["Pain"]}],"is_beta":false,"boss_relics":[{"not_picked":["beaked:MawFillet","Runic Dome"],"picked":"conspire:RunicOctahedron"}],"items_purged_floors":[],"is_endless":false,"potions_floor_spawned":[1,11,12,18],"killed_by":"Gremlin Leader","ascension_level":4}}