{"host":"y0i0tbisecj7yjyn","time":1612852418,"event":{"mods":["A Penny For Your Troubles","AlwaysNeverKeys","BaseMod","BetterRewards","Colored Map","Colored Powertips","Curses Come First","Displayed Cursed Tome","Keyboard Shortcuts","Minty Spire (QoL Compilation)","Random Character Button","Rare Cards Sparkle","Relic Sorter","StSLib","SuperFastMode","Transform Curses","Weighted Paths"],"gold_per_floor":[114,126,126,126,193,193,231,256,283,283,308,326,357,322,322,451,451,470,490,513,513,428,428,446,446,446],"floor_reached":25,"language":"ENG","playtime":1781,"items_purged":[],"score":302,"play_id":"2264268b-644a-4f20-a734-1877ee6da0e0","local_time":"20210209003338","is_ascension_mode":true,"campfire_choices":[{"data":"Discovery","floor":6,"key":"SMITH"},{"data":"Hello World","floor":15,"key":"SMITH"},{"data":"Rainbow","floor":23,"key":"SMITH"}],"circlet_count":0,"master_deck":["Strike_B","Strike_B","Strike_B","Strike_B","Defend_B","Defend_B","Defend_B","Defend_B","Zap","Dualcast","Melter","Streamline","Hello World+1","Defragment","Buffer","Rainbow+1","Beam Cell+1","Streamline+1","Writhe"],"relics":["Cracked Core","Golden Idol","Regal Pillow","Incense Burner","Anchor","Symbiotic Virus","Coffee Dripper","Boot","Kunai"],"acts_visited":["Exordium","TheCity"],"potions_floor_usage":[7,16,25],"damage_taken":[{"damage":0,"enemies":"Small Slimes","floor":1,"turns":2},{"damage":0,"enemies":"2 Louse","floor":2,"turns":3},{"damage":27,"enemies":"Lagavulin","floor":7,"turns":6},{"damage":0,"enemies":"Cultist","floor":8,"turns":3},{"damage":0,"enemies":"Looter","floor":11,"turns":2},{"damage":0,"enemies":"2 Fungi Beasts","floor":12,"turns":3},{"damage":18,"enemies":"3 Sentries","floor":13,"turns":6},{"damage":0,"enemies":"Slime Boss","floor":16,"turns":7},{"damage":14,"enemies":"2 Thieves","floor":18,"turns":4},{"damage":14,"enemies":"3 Byrds","floor":19,"turns":4},{"damage":28,"enemies":"Sentry and Sphere","floor":20,"turns":4},{"damage":8,"enemies":"Snecko","floor":24,"turns":4},{"damage":15,"enemies":"Gremlin Leader","floor":25,"turns":3}],"seed_played":"-2575100806595956027","potions_obtained":[{"floor":2,"key":"Weak Potion"},{"floor":8,"key":"CultistPotion"},{"floor":13,"key":"LiquidMemories"}],"is_trial":false,"path_per_floor":["M","M","?","?","?","R","E","M","T","?","M","M","E","?","R","B",null,"M","M","M","?","?","R","M","E"],"character_chosen":"DEFECT","items_purchased":[],"campfire_rested":0,"item_purchase_floors":[],"current_hp_per_floor":[75,75,57,50,50,50,23,23,23,75,75,75,57,75,75,75,75,61,47,19,19,19,19,11,0,0],"gold":446,"neow_bonus":"RANDOM_COLORLESS","is_daily":false,"chose_seed":false,"campfire_upgraded":3,"win_rate":0.0,"timestamp":1612852418,"path_taken":["M","M","?","?","?","R","E","M","T","?","M","?","E","?","R","BOSS","M","M","M","?","?","R","M","E"],"items_purchased_type":[],"build_version":"2020-12-22","purchased_purges":0,"victory":false,"max_hp_per_floor":[75,75,75,75,75,75,75,75,75,75,75,75,75,75,75,75,75,75,75,75,75,75,75,75,75,75],"card_choices":[{"not_picked":["Panacea","Bandage Up"],"picked":"Discovery","floor":0},{"not_picked":["Cold Snap","Chill","Compile Driver"],"picked":"SKIP","floor":1},{"not_picked":["Barrage","Cold Snap"],"picked":"Melter","floor":2},{"not_picked":["Stack","Ball Lightning"],"picked":"Streamline","floor":7},{"not_picked":["Coolheaded","Beam Cell","Recycle"],"picked":"SKIP","floor":8},{"not_picked":["Doom and Gloom","Streamline"],"picked":"Hello World","floor":11},{"not_picked":["Rebound","Cold Snap"],"picked":"Defragment","floor":12},{"not_picked":["Genetic Algorithm","Hello World"],"picked":"Buffer","floor":13},{"not_picked":["Buffer","Biased Cognition"],"picked":"Rainbow","floor":16},{"not_picked":["BootSequence+1","Force Field+1"],"picked":"Beam Cell+1","floor":18},{"not_picked":["Blizzard+1","Steam"],"picked":"Streamline+1","floor":19},{"not_picked":["Hologram","Go for the Eyes","Gash"],"picked":"SKIP","floor":20},{"not_picked":["Turbo+1","Steam","Ball Lightning"],"picked":"SKIP","floor":24}],"player_experience":399484,"relics_obtained":[{"floor":7,"key":"Incense Burner"},{"floor":9,"key":"Anchor"},{"floor":13,"key":"Symbiotic Virus"}],"event_choices":[{"damage_healed":0,"gold_gain":0,"player_choice":"Take Damage","damage_taken":18,"relics_obtained":["Golden Idol"],"max_hp_gain":0,"max_hp_loss":0,"event_name":"Golden Idol","floor":3,"gold_loss":0},{"damage_healed":0,"gold_gain":0,"player_choice":"Success","damage_taken":7,"relics_obtained":["Regal Pillow"],"max_hp_gain":0,"max_hp_loss":0,"event_name":"Scrap Ooze","floor":4,"gold_loss":0},{"damage_healed":0,"gold_gain":67,"player_choice":"Gained Gold","damage_taken":0,"max_hp_gain":0,"max_hp_loss":0,"event_name":"Golden Wing","floor":5,"gold_loss":0},{"cards_removed":["Discovery"],"damage_healed":52,"gold_gain":0,"player_choice":"Offered Uncommon","damage_taken":0,"max_hp_gain":0,"max_hp_loss":0,"event_name":"Bonfire Elementals","floor":10,"gold_loss":0},{"damage_healed":18,"gold_gain":0,"player_choice":"Healed","damage_taken":0,"max_hp_gain":0,"max_hp_loss":0,"event_name":"The Cleric","floor":14,"gold_loss":35},{"damage_healed":0,"gold_gain":0,"player_choice":"Opened","damage_taken":0,"relics_obtained":["Boot"],"max_hp_gain":0,"max_hp_loss":0,"event_name":"The Mausoleum","floor":21,"gold_loss":0,"cards_obtained":["Writhe"]},{"damage_healed":0,"gold_gain":0,"player_choice":"Obtained Relic","damage_taken":0,"relics_obtained":["Kunai"],"max_hp_gain":0,"max_hp_loss":0,"event_name":"Addict","floor":22,"gold_loss":85}],"is_beta":false,"boss_relics":[{"not_picked":["FrozenCore","Runic Pyramid"],"picked":"Coffee Dripper"}],"items_purged_floors":[],"is_endless":false,"potions_floor_spawned":[2,8,13],"killed_by":"Gremlin Leader","ascension_level":3}}