{"host":"it04jaz8eul1eh3d","time":1612877572,"event":{"mods":["AchievementEnabler","BaseMod","Colored Map","DeckTracker","Keyboard Shortcuts","Minty Spire (QoL Compilation)","SuperFastMode"],"gold_per_floor":[112,66,76,1,1,32,32,61,61,61,81,99,99,114,114,114,114],"floor_reached":16,"language":"KOR","playtime":682,"items_purged":["Regret"],"score":110,"play_id":"3d3d0cb3-dbff-42e9-9c89-ba3471299ec6","local_time":"20210209223252","is_ascension_mode":false,"campfire_choices":[{"data":"Chrysalis","floor":7,"key":"SMITH"},{"data":"Armaments","floor":10,"key":"SMITH"},{"data":"Dual Wield","floor":15,"key":"SMITH"}],"circlet_count":0,"master_deck":["Strike_R","Strike_R","Strike_R","Strike_R","Strike_R","Defend_R","Defend_R+1","Defend_R","Defend_R+1","Bash","Chrysalis+1","Armaments+1","Heavy Blade","Shrug It Off","Dual Wield+1","Metallicize"],"relics":["Burning Blood","Meat on the Bone","Kunai","Pantograph","Boot"],"acts_visited":["Exordium"],"potions_floor_usage":[16,16],"damage_taken":[{"damage":1,"enemies":"Cultist","floor":1,"turns":3},{"damage":10,"enemies":"Jaw Worm","floor":3,"turns":5},{"damage":28,"enemies":"Gremlin Nob","floor":6,"turns":4},{"damage":11,"enemies":"Lagavulin","floor":8,"turns":14},{"damage":0,"enemies":"2 Louse","floor":11,"turns":2},{"damage":2,"enemies":"Looter","floor":12,"turns":4},{"damage":15,"enemies":"Lots of Slimes","floor":14,"turns":8},{"damage":72,"enemies":"Hexaghost","floor":16,"turns":18}],"seed_played":"-2332662001752788491","potions_obtained":[{"floor":3,"key":"FearPotion"},{"floor":8,"key":"Weak Potion"},{"floor":14,"key":"ColorlessPotion"}],"is_trial":false,"path_per_floor":["M","$","M","$","?","E","R","E","T","R","M","M","?","M","R","B"],"character_chosen":"IRONCLAD","items_purchased":["Heavy Blade"],"campfire_rested":0,"item_purchase_floors":[2],"current_hp_per_floor":[80,80,76,76,76,54,54,49,49,49,55,59,43,46,46,0,0],"gold":114,"neow_bonus":"RANDOM_COLORLESS_2","is_daily":false,"chose_seed":false,"campfire_upgraded":3,"win_rate":0.0,"timestamp":1612877572,"path_taken":["M","?","?","$","?","E","R","E","T","R","?","M","?","M","R","BOSS"],"items_purchased_type":["Card"],"build_version":"2020-12-22","purchased_purges":1,"victory":false,"max_hp_per_floor":[80,80,80,80,80,80,80,80,80,80,80,80,80,80,80,80,80],"card_choices":[{"not_picked":["Sadistic Nature","Secret Technique"],"picked":"Chrysalis","floor":0},{"not_picked":["True Grit","Body Slam"],"picked":"Armaments","floor":1},{"not_picked":["Battle Trance","Warcry"],"picked":"Shrug It Off","floor":3},{"not_picked":["Dark Embrace","Uppercut"],"picked":"Dual Wield","floor":6},{"not_picked":["Anger","Sentinel","Armaments"],"picked":"SKIP","floor":8},{"not_picked":["Power Through","Ghostly Armor","Perfected Strike"],"picked":"SKIP","floor":11},{"not_picked":["Shrug It Off","Clothesline"],"picked":"Metallicize","floor":12},{"not_picked":["Sword Boomerang","Searing Blow","Iron Wave"],"picked":"SKIP","floor":14}],"player_experience":146595,"relics_obtained":[{"floor":5,"key":"Meat on the Bone"},{"floor":6,"key":"Kunai"},{"floor":8,"key":"Pantograph"},{"floor":9,"key":"Boot"}],"event_choices":[{"damage_healed":0,"gold_gain":0,"player_choice":"Relic","damage_taken":0,"max_hp_gain":0,"max_hp_loss":0,"event_name":"Wheel of Change","floor":5,"gold_loss":0},{"damage_healed":0,"gold_gain":0,"player_choice":"Entered Light","damage_taken":16,"max_hp_gain":0,"max_hp_loss":0,"event_name":"Shining Light","floor":13,"gold_loss":0,"cards_upgraded":["Defend_R","Defend_R"]}],"is_beta":false,"boss_relics":[],"items_purged_floors":[4],"is_endless":false,"potions_floor_spawned":[3,8,14],"killed_by":"Hexaghost","ascension_level":0}}