{"host":"o3n4et6u1y1w2h5j","time":1612874047,"event":{"mods":["AchievementEnabler","BaseMod","Block Reminder","Minty Spire (QoL Compilation)","Rare Cards Sparkle","Relic Stats","StSLib"],"gold_per_floor":[14,14,14,29,52,86,86,130,130,168,168,186,186,199,199,327,327,340,340,340,357,134,134,134],"floor_reached":23,"language":"ENG","playtime":1168,"items_purged":["Pain"],"score":240,"play_id":"7182f539-7d3a-4bb0-86f6-8dff59e6aa4a","local_time":"20210209043407","is_ascension_mode":true,"campfire_choices":[{"floor":7,"key":"REST"},{"data":"True Grit","floor":15,"key":"SMITH"}],"circlet_count":0,"master_deck":["Strike_R","Strike_R","Defend_R+1","Defend_R","Defend_R","Defend_R","Bash","Infernal Blade","Flex","Spot Weakness","Shrug It Off","Headbutt","Sever Soul","Havoc","Headbutt+1","Carnage","Feel No Pain","Demon Form","True Grit+1","Corruption"],"relics":["Burning Blood","Bloody Idol","Mercury Hourglass","Eternal Feather","HornCleat","Meat on the Bone","Mark of Pain","WarpedTongs","Centennial Puzzle"],"acts_visited":["Exordium","TheCity"],"potions_floor_usage":[10,10],"damage_taken":[{"damage":10,"enemies":"Cultist","floor":1,"turns":5},{"damage":12,"enemies":"Small Slimes","floor":4,"turns":2},{"damage":3,"enemies":"2 Louse","floor":5,"turns":2},{"damage":50,"enemies":"3 Sentries","floor":6,"turns":8},{"damage":18,"enemies":"Gremlin Nob","floor":8,"turns":3},{"damage":10,"enemies":"Lagavulin","floor":10,"turns":5},{"damage":1,"enemies":"Red Slaver","floor":12,"turns":3},{"damage":0,"enemies":"3 Louse","floor":14,"turns":2},{"damage":45,"enemies":"The Guardian","floor":16,"turns":9},{"damage":28,"enemies":"Chosen","floor":18,"turns":5},{"damage":27,"enemies":"Shell Parasite","floor":21,"turns":5},{"damage":59,"enemies":"Book of Stabbing","floor":23,"turns":5}],"seed_played":"2717851974311248534","potions_obtained":[{"floor":1,"key":"FairyPotion"},{"floor":4,"key":"BlessingOfTheForge"},{"floor":8,"key":"DuplicationPotion"},{"floor":14,"key":"Strength Potion"},{"floor":21,"key":"FearPotion"}],"is_trial":false,"path_per_floor":["M","?","?","M","M","E","R","E","T","E","?","M","?","M","R","B",null,"M","?","?","M","$","E"],"character_chosen":"IRONCLAD","items_purchased":["Centennial Puzzle"],"campfire_rested":1,"item_purchase_floors":[22],"current_hp_per_floor":[76,56,56,50,53,9,33,21,21,17,1,42,42,48,57,30,80,58,58,58,54,54,0,0],"gold":134,"neow_bonus":"TRANSFORM_TWO_CARDS","is_daily":false,"chose_seed":false,"campfire_upgraded":1,"win_rate":0.0,"timestamp":1612874047,"path_taken":["M","?","?","?","M","E","R","E","T","E","?","M","?","?","R","BOSS","M","?","?","?","$","E"],"items_purchased_type":["Relic"],"build_version":"2020-12-22","purchased_purges":1,"victory":false,"max_hp_per_floor":[80,80,80,80,80,80,80,80,80,80,80,80,80,80,80,80,80,80,80,80,80,80,80,80],"relic_stats":{"Centennial Puzzle":[3],"counters":[12,54],"Bloody Idol":5,"Eternal Feather":9,"obtain_stats":[{"Centennial Puzzle":22,"HornCleat":9,"Golden Idol":2,"Bloody Idol":19,"Eternal Feather":8,"Mark of Pain":17,"Burning Blood":0,"Mercury Hourglass":6,"Meat on the Bone":10,"WarpedTongs":20},{"Centennial Puzzle":11,"HornCleat":5,"Golden Idol":1,"Bloody Idol":10,"Eternal Feather":5,"Mark of Pain":9,"Burning Blood":0,"Mercury Hourglass":4,"Meat on the Bone":6,"WarpedTongs":10},{"Centennial Puzzle":49,"HornCleat":20,"Golden Idol":5,"Bloody Idol":44,"Eternal Feather":20,"Mark of Pain":39,"Burning Blood":0,"Mercury Hourglass":17,"Meat on the Bone":25,"WarpedTongs":44}],"Burning Blood":66,"Mercury Hourglass":[90],"Meat on the Bone":36,"WarpedTongs":[9]},"card_choices":[{"not_picked":["Clothesline","Sever Soul"],"picked":"Spot Weakness","floor":1},{"not_picked":["Body Slam","Wild Strike"],"picked":"Headbutt","floor":4},{"not_picked":["Wild Strike","Armaments"],"picked":"Sever Soul","floor":5},{"not_picked":["Hemokinesis","Burning Pact"],"picked":"Havoc","floor":6},{"not_picked":["Second Wind","Brutality"],"picked":"Headbutt","floor":8},{"not_picked":["Cleave","Warcry"],"picked":"Carnage","floor":10},{"not_picked":["Iron Wave","Shockwave"],"picked":"Feel No Pain","floor":12},{"not_picked":["Clash","Perfected Strike"],"picked":"True Grit","floor":14},{"not_picked":["Brutality","Impervious"],"picked":"Corruption","floor":16},{"not_picked":["Sword Boomerang","Combust","Whirlwind+1"],"picked":"SKIP","floor":18},{"not_picked":["Body Slam+1","Armaments+1","Twin Strike+1"],"picked":"SKIP","floor":21}],"player_experience":69672,"relics_obtained":[{"floor":6,"key":"Mercury Hourglass"},{"floor":8,"key":"Eternal Feather"},{"floor":9,"key":"HornCleat"},{"floor":10,"key":"Meat on the Bone"}],"event_choices":[{"damage_healed":0,"gold_gain":0,"player_choice":"Take Damage","damage_taken":20,"relics_obtained":["Golden Idol"],"max_hp_gain":0,"max_hp_loss":0,"event_name":"Golden Idol","floor":2,"gold_loss":0},{"damage_healed":0,"gold_gain":0,"cards_transformed":["Strike_R"],"player_choice":"Transformed","damage_taken":0,"max_hp_gain":0,"max_hp_loss":0,"event_name":"Transmorgrifier","floor":3,"gold_loss":0,"cards_obtained":["Shrug It Off"]},{"damage_healed":0,"gold_gain":0,"player_choice":"Entered Light","damage_taken":16,"max_hp_gain":0,"max_hp_loss":0,"event_name":"Shining Light","floor":11,"gold_loss":0,"cards_upgraded":["Defend_R","Headbutt"]},{"damage_healed":0,"gold_gain":0,"player_choice":"1 cards matched","damage_taken":0,"max_hp_gain":0,"max_hp_loss":0,"event_name":"Match and Keep!","floor":13,"gold_loss":0,"cards_obtained":["Demon Form"]},{"damage_healed":0,"gold_gain":0,"player_choice":"Gave Idol","damage_taken":0,"relics_obtained":["Bloody Idol"],"max_hp_gain":0,"max_hp_loss":0,"event_name":"Forgotten Altar","floor":19,"relics_lost":["Golden Idol"],"gold_loss":0},{"damage_healed":0,"gold_gain":0,"player_choice":"Rummage","damage_taken":0,"relics_obtained":["WarpedTongs"],"max_hp_gain":0,"max_hp_loss":0,"event_name":"Accursed Blacksmith","floor":20,"gold_loss":0,"cards_obtained":["Pain"]}],"is_beta":false,"boss_relics":[{"not_picked":["Tiny House","Runic Cube"],"picked":"Mark of Pain"}],"items_purged_floors":[22],"is_endless":false,"potions_floor_spawned":[1,4,8,14,21],"killed_by":"Book of Stabbing","ascension_level":3}}