{"host":"3j2m8n0ywf988fwb","time":1612841766,"event":{"mods":["2.2 Compatiblity","AchievementEnabler","Act Like it!","Aspiration","Astrologer","BaseMod","Better Altar","Better Match","Better Note","Better Sensory Stone","Better Skull","Better Third Choice","CCEM2","ChefMod","Colored Map","Colored Powertips","Conspire","Dark Map","Energized Spire","GifTheSpireLib","Halation","Hallownest","Highlight Path","Hubris","Infinite Spire","Jedi Mod","Marisa????????","Marked Mod","Mimic Mod","Minty Spire (QoL Compilation)","Monster B Gone","Random Character Button","Relic Filter Mod","Relic Stats","Reliquary","Replay The Spire","Robot Space Explorer","Shade Mod","Shop Mod","Somnambulant","StS++","StSLib","Stuff the Spire","The Bug Knight","The Elementalist","The Hierophant","The Marked","The Runesmith","TheBandit","TheFirefly","Unceasing Turn Reminder","Weighted Paths","everything is the same but u backflip on backflip"],"gold_per_floor":[111,111,121,131,131,131,159,159,190,216,231,261,277,293,293,293,293],"floor_reached":16,"language":"ENG","playtime":1107,"items_purged":[],"score":146,"play_id":"79201019-6ba5-420f-974a-381ff37da470","local_time":"20210208213606","is_ascension_mode":true,"campfire_choices":[{"data":"RobotSpaceExplorer:Pulsar","floor":6,"key":"SMITH"},{"floor":15,"key":"REST"}],"circlet_count":0,"master_deck":["RobotSpaceExplorer:Strike","RobotSpaceExplorer:Strike","RobotSpaceExplorer:Strike","RobotSpaceExplorer:Strike","RobotSpaceExplorer:Defend","RobotSpaceExplorer:Defend","RobotSpaceExplorer:Defend","RobotSpaceExplorer:Scan","RobotSpaceExplorer:MiniLasers+1","RobotSpaceExplorer:Pulsar+1","RobotSpaceExplorer:GearShield","RobotSpaceExplorer:IronShell","RobotSpaceExplorer:MetalStrike","RobotSpaceExplorer:IronShell","RobotSpaceExplorer:Ammunition","RobotSpaceExplorer:SurgingStrike","RobotSpaceExplorer:MetalStrike"],"relics":["RobotSpaceExplorer:RoboCore","NeowsBlessing","hubris:AstralHammer","FaceOfCleric","infinitespire:Lucky Rock","CCEMRelics:FiftyFTOfRope","hubris:64BitClover"],"acts_visited":["Exordium"],"potions_floor_usage":[],"damage_taken":[{"damage":0,"enemies":"Cultist","floor":1,"turns":1},{"damage":0,"enemies":"Small Slimes","floor":3,"turns":1},{"damage":0,"enemies":"conspire:RoseBush","floor":4,"turns":1},{"damage":35,"enemies":"3 Sentries","floor":7,"turns":14},{"damage":1,"enemies":"Lots of Slimes","floor":9,"turns":9},{"damage":22,"enemies":"Gremlin Nob","floor":10,"turns":5},{"damage":1,"enemies":"Lots of Slimes","floor":11,"turns":5},{"damage":16,"enemies":"3 Sentries","floor":12,"turns":12},{"damage":0,"enemies":"Exordium Thugs","floor":13,"turns":4},{"damage":1,"enemies":"3 Louse","floor":14,"turns":3},{"damage":31,"enemies":"Hexaghost","floor":16,"turns":16}],"seed_played":"9192935762765787850","potions_obtained":[{"floor":1,"key":"FearPotion"},{"floor":11,"key":"jedi:holywater"},{"floor":12,"key":"FearPotion"},{"floor":14,"key":"StSpp:ScatteredPotion"}],"is_trial":false,"path_per_floor":["M","?","M","M","?","R","E","?","MIM","E","M","E","M","M","R","B"],"character_chosen":"RobotSpaceExplorer","items_purchased":[],"campfire_rested":1,"item_purchase_floors":[],"current_hp_per_floor":[75,75,75,75,75,75,40,40,40,19,19,4,5,5,29,0,0],"gold":293,"neow_bonus":"THREE_ENEMY_KILL","is_daily":false,"chose_seed":false,"campfire_upgraded":1,"win_rate":0.0,"timestamp":1612841766,"path_taken":["M","?","?","M","?","R","E","?","MIM","E","M","E","M","?","R","BOSS"],"items_purchased_type":[],"build_version":"2020-12-22","purchased_purges":0,"victory":false,"max_hp_per_floor":[75,75,75,75,75,75,75,75,76,77,78,79,80,81,81,81,81],"relic_stats":{"FaceOfCleric":6,"counters":[11,71],"obtain_stats":[{"NeowsBlessing":0,"FaceOfCleric":8,"hubris:AstralHammer":7,"hubris:64BitClover":12,"RobotSpaceExplorer:RoboCore":0,"infinitespire:Lucky Rock":9,"CCEMRelics:FiftyFTOfRope":10},{"NeowsBlessing":0,"FaceOfCleric":4,"hubris:AstralHammer":4,"hubris:64BitClover":8,"RobotSpaceExplorer:RoboCore":0,"infinitespire:Lucky Rock":5,"CCEMRelics:FiftyFTOfRope":6},{"NeowsBlessing":0,"FaceOfCleric":17,"hubris:AstralHammer":17,"hubris:64BitClover":48,"RobotSpaceExplorer:RoboCore":0,"infinitespire:Lucky Rock":26,"CCEMRelics:FiftyFTOfRope":31}]},"card_choices":[{"not_picked":["RobotSpaceExplorer:SurgingStrike","RobotSpaceExplorer:ScrapShield"],"picked":"RobotSpaceExplorer:Pulsar","floor":1},{"not_picked":["RobotSpaceExplorer:ShovelStrike","RobotSpaceExplorer:PowerGlove"],"picked":"RobotSpaceExplorer:GearShield","floor":3},{"not_picked":["RobotSpaceExplorer:SurgingShield","RobotSpaceExplorer:ExhaustFan","RobotSpaceExplorer:Smokescreen"],"picked":"SKIP","floor":4},{"not_picked":["RobotSpaceExplorer:Smokescreen","RobotSpaceExplorer:SwiftStep"],"picked":"RobotSpaceExplorer:IronShell","floor":7},{"not_picked":["RobotSpaceExplorer:TurboDodge","RobotSpaceExplorer:Scanner"],"picked":"RobotSpaceExplorer:MetalStrike","floor":9},{"not_picked":["RobotSpaceExplorer:MakeshiftVolley","RobotSpaceExplorer:Counterblock"],"picked":"RobotSpaceExplorer:IronShell","floor":10},{"not_picked":["RobotSpaceExplorer:Probe","RobotSpaceExplorer:Jetpack"],"picked":"RobotSpaceExplorer:Ammunition","floor":11},{"not_picked":["RobotSpaceExplorer:MiniDrones","RobotSpaceExplorer:GlueShot"],"picked":"RobotSpaceExplorer:SurgingStrike","floor":12},{"not_picked":["RobotSpaceExplorer:GlueSpray","RobotSpaceExplorer:SurgingShield"],"picked":"RobotSpaceExplorer:MetalStrike","floor":13},{"not_picked":["RobotSpaceExplorer:Counterblock","RobotSpaceExplorer:SurgingShield","RobotSpaceExplorer:Wormhole"],"picked":"SKIP","floor":14}],"player_experience":1101211,"relics_obtained":[{"floor":7,"key":"hubris:AstralHammer"},{"floor":9,"key":"infinitespire:Lucky Rock"},{"floor":10,"key":"CCEMRelics:FiftyFTOfRope"},{"floor":12,"key":"hubris:64BitClover"}],"event_choices":[{"cards_removed":["RobotSpaceExplorer:Defend"],"damage_healed":0,"gold_gain":0,"player_choice":"Purged","damage_taken":0,"max_hp_gain":0,"max_hp_loss":0,"event_name":"Purifier","floor":2,"gold_loss":0},{"damage_healed":0,"gold_gain":0,"player_choice":"Trade","damage_taken":0,"relics_obtained":["FaceOfCleric"],"max_hp_gain":0,"max_hp_loss":0,"event_name":"FaceTrader","floor":8,"gold_loss":0}],"is_beta":false,"boss_relics":[],"items_purged_floors":[],"is_endless":false,"potions_floor_spawned":[1,11,12,14],"killed_by":"Hexaghost","ascension_level":4}}