{"host":"2e3z4r48quhw80cc","time":1612876614,"event":{"mods":["BaseMod","Minty Spire (QoL Compilation)","Quick Restart","StSLib","SuperFastMode"],"gold_per_floor":[118,118,118,68,87,121,121,137,162,175,192,192,225,238,238,334,334,350,350,370,79,79,110,110,129,129,154,79,79,79,29,29,133,133,146,146,15,29,29,29,46,46,71,90,90,90],"floor_reached":45,"language":"KOR","playtime":1892,"items_purged":["Strike_G","Strike_G","Defend_G","Endless Agony"],"score":732,"play_id":"9c6448e4-17e0-4048-8656-eb3d96b5cdc1","local_time":"20210209221654","is_ascension_mode":true,"campfire_choices":[{"data":"Neutralize","floor":7.0,"key":"SMITH"},{"data":"Blur","floor":12.0,"key":"SMITH"},{"floor":15.0,"key":"REST"},{"data":"Envenom","floor":24.0,"key":"SMITH"},{"floor":30.0,"key":"REST"},{"floor":32.0,"key":"REST"},{"floor":40.0,"key":"REST"},{"floor":42.0,"key":"REST"}],"circlet_count":0,"master_deck":["AscendersBane","Survivor","Neutralize+1","Flying Knee","Blade Dance","Blur+1","Finisher","Envenom+1","Accuracy+1","Infinite Blades","Outmaneuver+1","Slice","Heel Hook+1","Cloak And Dagger","Concentrate","Bullet Time","Dagger Spray","Poisoned Stab","Venomology","Leg Sweep","Terror","Tactician","Escape Plan+1","Cloak And Dagger+1"],"relics":["Ring of the Snake","NeowsBlessing","Smiling Mask","War Paint","PreservedInsect","Gremlin Horn","Runic Pyramid","Question Card","Omamori","Art of War","Dream Catcher","Vajra","Pandora\u0027s Box","Happy Flower","Regal Pillow"],"acts_visited":["Exordium","TheCity","TheBeyond"],"potions_floor_usage":[45],"damage_taken":[{"damage":0.0,"enemies":"Small Slimes","floor":1.0,"turns":1.0},{"damage":0.0,"enemies":"Jaw Worm","floor":5.0,"turns":1.0},{"damage":0.0,"enemies":"3 Sentries","floor":6.0,"turns":1.0},{"damage":0.0,"enemies":"Cultist","floor":8.0,"turns":4.0},{"damage":3.0,"enemies":"Gremlin Gang","floor":10.0,"turns":3.0},{"damage":5.0,"enemies":"3 Louse","floor":11.0,"turns":4.0},{"damage":13.0,"enemies":"Gremlin Nob","floor":13.0,"turns":4.0},{"damage":0.0,"enemies":"Red Slaver","floor":14.0,"turns":4.0},{"damage":22.0,"enemies":"Slime Boss","floor":16.0,"turns":22.0},{"damage":7.0,"enemies":"Chosen","floor":18.0,"turns":7.0},{"damage":5.0,"enemies":"Shell Parasite","floor":20.0,"turns":7.0},{"damage":0.0,"enemies":"3 Cultists","floor":22.0,"turns":3.0},{"damage":20.0,"enemies":"Gremlin Leader","floor":23.0,"turns":6.0},{"damage":11.0,"enemies":"Snecko","floor":25.0,"turns":5.0},{"damage":17.0,"enemies":"Book of Stabbing","floor":27.0,"turns":5.0},{"damage":43.0,"enemies":"Collector","floor":33.0,"turns":11.0},{"damage":37.0,"enemies":"3 Darklings","floor":35.0,"turns":5.0},{"damage":8.0,"enemies":"Orb Walker","floor":38.0,"turns":3.0},{"damage":30.0,"enemies":"Maw","floor":41.0,"turns":5.0},{"damage":0.0,"enemies":"3 Darklings","floor":44.0,"turns":5.0},{"damage":24,"enemies":"Sphere and 2 Shapes","floor":45,"turns":4}],"seed_played":"-3902982774697196496","potions_obtained":[{"floor":3.0,"key":"Swift Potion"},{"floor":3.0,"key":"SmokeBomb"},{"floor":3.0,"key":"Explosive Potion"},{"floor":8.0,"key":"PowerPotion"},{"floor":14.0,"key":"CunningPotion"},{"floor":20.0,"key":"Weak Potion"},{"floor":23.0,"key":"BlessingOfTheForge"},{"floor":44.0,"key":"Poison Potion"}],"is_trial":false,"path_per_floor":["M","?","?","$","M","E","R","M","T","M","M","R","E","M","R","B",null,"M","?","M","$","M","E","R","M","T","E","?","T","R","$","R","B",null,"M","?","$","M","?","R","M","R","T","M","M"],"character_chosen":"THE_SILENT","items_purchased":["Question Card","Leg Sweep"],"campfire_rested":5,"item_purchase_floors":[21,37],"current_hp_per_floor":[63,30,30,30,30,30,30,30,30,27,22,22,9,9,30,8,55,48,70,65,65,65,45,45,34,34,17,17,17,38,38,59,16,57,20,20,20,12,12,33,3,24,24,24,0,0],"gold":90,"neow_bonus":"THREE_ENEMY_KILL","is_daily":false,"chose_seed":false,"campfire_upgraded":3,"win_rate":0.0,"timestamp":1612876614,"path_taken":["M","?","?","$","?","E","R","M","T","M","?","R","E","M","R","BOSS","M","?","?","$","M","E","R","M","T","E","?","?","R","?","R","BOSS","M","?","$","M","?","R","?","R","T","M","M"],"items_purchased_type":["Relic","Card"],"build_version":"2020-12-22","purchased_purges":4,"victory":false,"max_hp_per_floor":[70,70,70,70,70,70,70,70,70,70,70,70,70,70,70,70,70,70,70,70,70,70,70,70,70,70,70,70,70,70,70,70,70,70,70,70,70,70,70,70,70,70,70,70,70,70],"card_choices":[{"not_picked":["Caltrops","Endless Agony"],"picked":"Flying Knee","floor":1.0},{"not_picked":["Dagger Throw","Infinite Blades"],"picked":"Blade Dance","floor":5.0},{"not_picked":["Sucker Punch","Riddle With Holes","Blade Dance"],"picked":"SKIP","floor":6.0},{"not_picked":["Skewer","Deflect"],"picked":"Blur","floor":8.0},{"not_picked":["Deadly Poison","Quick Slash","All Out Attack"],"picked":"SKIP","floor":10.0},{"not_picked":["Slice","Bane","Infinite Blades"],"picked":"SKIP","floor":11.0},{"not_picked":["Slice","Leg Sweep","Skewer"],"picked":"SKIP","floor":13.0},{"not_picked":["Cloak And Dagger","Outmaneuver"],"picked":"Finisher","floor":14.0},{"not_picked":["Bullet Time","Corpse Explosion"],"picked":"Envenom","floor":16.0},{"not_picked":["Cloak And Dagger","Finisher"],"picked":"Accuracy+1","floor":18.0},{"not_picked":["Dodge and Roll","Slice"],"picked":"Infinite Blades","floor":20.0},{"not_picked":["Predator","Dash","Skewer"],"picked":"Outmaneuver+1","floor":23.0},{"not_picked":["Accuracy","Backflip","Skewer"],"picked":"Slice","floor":25.0},{"not_picked":["PiercingWail","Slice","Dagger Spray"],"picked":"Heel Hook+1","floor":27.0},{"not_picked":["All Out Attack","Outmaneuver","Deflect+1"],"picked":"Cloak And Dagger","floor":30.0},{"not_picked":["Dagger Throw","Flying Knee","Outmaneuver"],"picked":"Concentrate","floor":32.0},{"not_picked":["Phantasmal Killer","Glass Knife","Corpse Explosion"],"picked":"Bullet Time","floor":33.0},{"not_picked":["PiercingWail","Eviscerate","Deflect","Sucker Punch"],"picked":"SKIP","floor":35.0},{"not_picked":["Acrobatics","Eviscerate+1","Crippling Poison+1"],"picked":"Terror","floor":38.0},{"not_picked":["Slice+1","Acrobatics+1","Masterful Stab"],"picked":"Tactician","floor":40.0},{"not_picked":["Flying Knee+1","Sucker Punch+1","Dodge and Roll+1"],"picked":"Escape Plan+1","floor":41.0},{"not_picked":["Skewer+1","Reflex+1","Wraith Form v2"],"picked":"Cloak And Dagger+1","floor":44.0}],"player_experience":176741,"relics_obtained":[{"floor":6.0,"key":"War Paint"},{"floor":9.0,"key":"PreservedInsect"},{"floor":13.0,"key":"Gremlin Horn"},{"floor":23.0,"key":"Omamori"},{"floor":26.0,"key":"Art of War"},{"floor":27.0,"key":"Dream Catcher"},{"floor":29.0,"key":"Vajra"},{"floor":43.0,"key":"Regal Pillow"}],"event_choices":[{"damage_healed":0.0,"max_hp_gain":0.0,"max_hp_loss":0.0,"gold_gain":0.0,"event_name":"Scrap Ooze","player_choice":"Success","floor":2.0,"gold_loss":0.0,"damage_taken":33.0,"relics_obtained":["Smiling Mask"]},{"damage_healed":0.0,"max_hp_gain":0.0,"max_hp_loss":0.0,"gold_gain":0.0,"event_name":"Lab","player_choice":"Got Potions","floor":3.0,"gold_loss":0.0,"damage_taken":0.0},{"damage_healed":22.0,"max_hp_gain":0.0,"max_hp_loss":0.0,"gold_gain":0.0,"event_name":"Wheel of Change","player_choice":"Full Heal","floor":19.0,"gold_loss":0.0,"damage_taken":0.0},{"cards_removed":["Strike_G"],"damage_healed":0.0,"max_hp_gain":0.0,"max_hp_loss":0.0,"gold_gain":0.0,"event_name":"Beggar","player_choice":"Gave Gold","floor":28.0,"gold_loss":75.0,"damage_taken":0.0},{"cards_removed":["Flechettes"],"damage_healed":0.0,"max_hp_gain":0.0,"max_hp_loss":0.0,"gold_gain":0.0,"event_name":"Falling","player_choice":"Removed Attack","floor":36.0,"gold_loss":0.0,"damage_taken":0.0},{"cards_removed":["All Out Attack"],"damage_healed":0.0,"max_hp_gain":0.0,"max_hp_loss":0.0,"gold_gain":0.0,"event_name":"WeMeetAgain","player_choice":"Gave Card","floor":39.0,"gold_loss":0.0,"damage_taken":0.0,"relics_obtained":["Happy Flower"]}],"is_beta":false,"boss_relics":[{"not_picked":["Philosopher\u0027s Stone","Runic Dome"],"picked":"Runic Pyramid"},{"not_picked":["Velvet Choker","Cursed Key"],"picked":"Pandora\u0027s Box"}],"items_purged_floors":[4,21,31,37],"is_endless":false,"potions_floor_spawned":[5,6,8,14,20,22,23,38,41,44],"killed_by":"Sphere and 2 Shapes","ascension_level":10}}