{"host":"o9lehcdjc4u6j9un","time":1612877911,"event":{"mods":["BaseMod","Better-Laid Plans","Colored Map","Downfall","Hermit","Koishi","Marisa£®ÏF”Í°°ƒß¿Ì…≥£©","Minty Spire (QoL Compilation)","Remilia£®¿Ÿ√◊¿Ú—«£©","StSLib","The Alterego","The Runesmith","The Senshi","The Servant 0.9.4"],"gold_per_floor":[119,133,133,148,160,160,174,174,174,184,195,221,234,265,265,265,265],"floor_reached":16,"language":"ZHS","playtime":941,"items_purged":[],"score":141,"play_id":"c5c4d5c9-e219-446f-89da-f643ffd4db28","local_time":"20210209213831","is_ascension_mode":false,"campfire_choices":[{"data":"Spin","floor":6.0,"key":"SMITH"},{"data":"Starlight","floor":8.0,"key":"SMITH"},{"data":"ShatteredReality","floor":15.0,"key":"SMITH"}],"circlet_count":0,"master_deck":["Strike_S","Strike_S","Strike_S","Strike_S","Defend_S","Defend_S","Defend_S","Defend_S","KidneyShot","Exchange","Spin+1","Starlight+1","FastForward","Reset","ShatteredReality+1","Replace","InstantArmor","ReturningBlade","Snipe","Revamp"],"relics":["Uniform","Mercury Hourglass","Kunai","Bottled Flame"],"acts_visited":["Exordium"],"potions_floor_usage":[16,16],"damage_taken":[{"damage":4.0,"enemies":"Jaw Worm","floor":1.0,"turns":5.0},{"damage":0.0,"enemies":"Cultist","floor":2.0,"turns":3.0},{"damage":1.0,"enemies":"Small Slimes","floor":4.0,"turns":3.0},{"damage":2.0,"enemies":"Exordium Wildlife","floor":5.0,"turns":3.0},{"damage":2.0,"enemies":"Looter","floor":7.0,"turns":3.0},{"damage":8.0,"enemies":"Red Slaver","floor":10.0,"turns":3.0},{"damage":6.0,"enemies":"Exordium Wildlife","floor":11.0,"turns":3.0},{"damage":0.0,"enemies":"Gremlin Nob","floor":12.0,"turns":2.0},{"damage":0.0,"enemies":"3 Louse","floor":13.0,"turns":2.0},{"damage":20.0,"enemies":"Lagavulin","floor":14.0,"turns":4.0},{"damage":33,"enemies":"The Guardian","floor":16,"turns":7}],"seed_played":"1570919250893328795","potions_obtained":[{"floor":3.0,"key":"SteroidPotion"},{"floor":3.0,"key":"FearPotion"},{"floor":3.0,"key":"Strength Potion"},{"floor":4.0,"key":"Strength Potion"},{"floor":5.0,"key":"Fruit Juice"},{"floor":12.0,"key":"PowerPotion"},{"floor":13.0,"key":"Strength Potion"}],"is_trial":false,"path_per_floor":["M","M","?","M","M","R","M","R","T","M","M","E","M","E","R","B"],"character_chosen":"THE_SERVANT","items_purchased":[],"campfire_rested":0,"item_purchase_floors":[],"current_hp_per_floor":[67,67,67,66,69,69,67,67,67,59,53,53,53,33,33,0,0],"gold":265,"neow_bonus":"TEN_PERCENT_HP_BONUS","is_daily":false,"chose_seed":false,"campfire_upgraded":3,"win_rate":0.0,"timestamp":1612877911,"path_taken":["M","M","?","M","?","R","M","R","T","M","M","E","M","E","R","BOSS"],"items_purchased_type":[],"build_version":"2020-12-22","purchased_purges":0,"victory":false,"max_hp_per_floor":[71,71,71,71,76,76,76,76,76,76,76,76,76,76,76,76,76],"card_choices":[{"not_picked":["Revamp","Defy"],"picked":"Spin","floor":1.0},{"not_picked":["Luminosity","FastForward"],"picked":"Starlight","floor":2.0},{"not_picked":["Collapse","Alleviate"],"picked":"FastForward","floor":4.0},{"not_picked":["Rewind","Rearm"],"picked":"Reset","floor":5.0},{"not_picked":["BestPractice","Spin"],"picked":"ShatteredReality","floor":7.0},{"not_picked":["Gouge","Potential"],"picked":"Replace","floor":10.0},{"not_picked":["DualDimension","Revamp"],"picked":"InstantArmor","floor":11.0},{"not_picked":["PendulumOfEternity","BottledTime"],"picked":"ReturningBlade","floor":12.0},{"not_picked":["FastForward","Sabotage"],"picked":"Snipe","floor":13.0},{"not_picked":["TimeWarp","Replace"],"picked":"Revamp","floor":14.0}],"player_experience":164297,"relics_obtained":[{"floor":9.0,"key":"Mercury Hourglass"},{"floor":12.0,"key":"Kunai"},{"floor":14.0,"key":"Bottled Flame"}],"event_choices":[{"damage_healed":0.0,"max_hp_gain":0.0,"max_hp_loss":0.0,"gold_gain":0.0,"event_name":"Lab","player_choice":"Got Potions","floor":3.0,"gold_loss":0.0,"damage_taken":0.0}],"is_beta":false,"boss_relics":[],"items_purged_floors":[],"is_endless":false,"potions_floor_spawned":[4,5,12,13],"killed_by":"The Guardian","ascension_level":0}}