{"host":"6jrd8fn9k88n08be","time":1612843024,"event":{"mods":["BaseMod","Minty Spire (QoL Compilation)","StSLib"],"gold_per_floor":[115,115,135,210,64,64,75,75,126,74,74,108,131,315,315,419,419,415,514,533,561,561,598,624,624,624,649,671,671,671,1002,1002,1002,1002],"floor_reached":33,"language":"ENG","playtime":1738,"items_purged":[],"score":410,"play_id":"7e5ed0c8-0a15-4070-83e1-b1e742eaf872","local_time":"20210208225704","is_ascension_mode":true,"campfire_choices":[{"data":"Eruption","floor":6.0,"key":"SMITH"},{"data":"CrushJoints","floor":8.0,"key":"SMITH"},{"floor":11.0,"key":"REST"},{"data":"Adaptation","floor":15.0,"key":"SMITH"},{"floor":29,"key":"REST"},{"floor":32,"key":"REST"}],"circlet_count":0,"master_deck":["Strike_P","Strike_P","Strike_P","Strike_P+1","Defend_P","Defend_P","Defend_P","Defend_P","Eruption+1","Vigilance+1","BowlingBash","CrushJoints+1","Finesse","Prostrate","Protect","EmptyFist","Adaptation+1","Vengeance","Doubt","LessonLearned","CarveReality+1","Wallop+1","ThirdEye+1","EmptyMind+1","Swivel","FlyingSleeves","ReachHeaven"],"relics":["PureWater","Turnip","PreservedInsect","CeramicFish","Black Star","MutagenicStrength","Bag of Preparation","Unceasing Top","Mercury Hourglass","CaptainsWheel","Old Coin","Regal Pillow"],"acts_visited":["Exordium","TheCity"],"potions_floor_usage":[28,33],"damage_taken":[{"damage":23.0,"enemies":"Small Slimes","floor":1.0,"turns":6.0},{"damage":0.0,"enemies":"2 Louse","floor":3.0,"turns":1.0},{"damage":7.0,"enemies":"Jaw Worm","floor":7.0,"turns":3.0},{"damage":0.0,"enemies":"3 Sentries","floor":12.0,"turns":7.0},{"damage":0.0,"enemies":"2 Fungi Beasts","floor":13.0,"turns":3.0},{"damage":29.0,"enemies":"Hexaghost","floor":16.0,"turns":10.0},{"damage":23.0,"enemies":"2 Thieves","floor":18.0,"turns":4.0},{"damage":8.0,"enemies":"Chosen","floor":20.0,"turns":3.0},{"damage":1.0,"enemies":"Centurion and Healer","floor":21.0,"turns":5.0},{"damage":31.0,"enemies":"Book of Stabbing","floor":23.0,"turns":5.0},{"damage":6.0,"enemies":"Cultist and Chosen","floor":24.0,"turns":6.0},{"damage":2.0,"enemies":"Chosen and Byrds","floor":27.0,"turns":6.0},{"damage":9,"enemies":"Centurion and Healer","floor":28,"turns":5},{"damage":0,"enemies":"Slavers","floor":31,"turns":4},{"damage":81,"enemies":"Champ","floor":33,"turns":9}],"seed_played":"-995974800283482662","potions_obtained":[{"floor":13.0,"key":"Weak Potion"},{"floor":16.0,"key":"BottledMiracle"},{"floor":23.0,"key":"DistilledChaos"},{"floor":24.0,"key":"Regen Potion"},{"floor":27.0,"key":"DistilledChaos"},{"floor":28,"key":"Energy Potion"}],"is_trial":false,"path_per_floor":["M","?","M","?","$","R","M","R","T","$","R","E","M","?","R","B",null,"M","?","M","M","?","E","M","?","T","M","M","R","?","E","R","B"],"character_chosen":"WATCHER","items_purchased":["Finesse","Prostrate","EmptyFist"],"campfire_rested":3,"item_purchase_floors":[5,5,10],"current_hp_per_floor":[49,42,42,31,31,31,24,24,24,24,45,45,45,45,45,16,72,49,49,41,40,40,9,3,3,3,15,6,27,27,27,63,0,0],"gold":1002,"neow_bonus":"ONE_RARE_RELIC","is_daily":false,"chose_seed":false,"campfire_upgraded":3,"win_rate":0.0,"timestamp":1612843024,"path_taken":["M","?","M","?","$","R","M","R","T","?","R","E","M","?","R","BOSS","M","?","M","M","?","E","M","?","T","M","M","R","?","E","R","BOSS"],"items_purchased_type":["Card","Card","Card"],"build_version":"2020-12-22","purchased_purges":0,"victory":false,"max_hp_per_floor":[72,72,72,72,72,72,72,72,72,72,72,72,72,72,72,72,72,72,72,72,72,72,72,72,72,72,72,72,72,72,72,72,72,72],"card_choices":[{"not_picked":["Protect","InnerPeace"],"picked":"BowlingBash","floor":1.0},{"not_picked":["Prostrate","Sanctity"],"picked":"CrushJoints","floor":3.0},{"not_picked":["ThirdEye","PathToVictory"],"picked":"Protect","floor":7.0},{"not_picked":["Consecrate","WheelKick"],"picked":"Adaptation","floor":12.0},{"not_picked":["Indignation","DeceiveReality"],"picked":"Vengeance","floor":13.0},{"not_picked":["MasterReality","Vault"],"picked":"LessonLearned","floor":16.0},{"not_picked":["MentalFortress+1","Crescendo"],"picked":"CarveReality","floor":18.0},{"not_picked":["Sanctity","Halt+1"],"picked":"Wallop+1","floor":20.0},{"not_picked":["Evaluate+1","ReachHeaven"],"picked":"ThirdEye+1","floor":21.0},{"not_picked":["ReachHeaven","ForeignInfluence"],"picked":"EmptyMind+1","floor":23.0},{"not_picked":["Evaluate","Wallop"],"picked":"Swivel","floor":24.0},{"not_picked":["SandsOfTime","EmptyMind"],"picked":"FlyingSleeves","floor":27.0},{"not_picked":["SignatureMove","LikeWater"],"picked":"ReachHeaven","floor":28},{"not_picked":["DeusExMachina","Consecrate+1","Vault"],"picked":"SKIP","floor":31}],"player_experience":164906,"relics_obtained":[{"floor":9.0,"key":"PreservedInsect"},{"floor":12.0,"key":"CeramicFish"},{"floor":23.0,"key":"Bag of Preparation"},{"floor":23.0,"key":"Unceasing Top"},{"floor":26.0,"key":"Mercury Hourglass"},{"floor":31,"key":"Old Coin"},{"floor":31,"key":"Regal Pillow"}],"event_choices":[{"cards_removed":["Pain"],"damage_healed":0.0,"max_hp_gain":0.0,"max_hp_loss":0.0,"gold_gain":0.0,"event_name":"Golden Wing","player_choice":"Card Removal","floor":2.0,"gold_loss":0.0,"damage_taken":7.0},{"damage_healed":0.0,"max_hp_gain":0.0,"max_hp_loss":0.0,"gold_gain":75.0,"event_name":"World of Goop","player_choice":"Gather Gold","floor":4.0,"gold_loss":0.0,"damage_taken":11.0},{"damage_healed":0.0,"max_hp_gain":0.0,"max_hp_loss":0.0,"gold_gain":175.0,"event_name":"Liars Game","player_choice":"AGREE","floor":14.0,"gold_loss":0.0,"damage_taken":0.0,"cards_obtained":["Doubt"]},{"damage_healed":0.0,"max_hp_gain":0.0,"max_hp_loss":0.0,"gold_gain":99.0,"event_name":"Nest","player_choice":"Stole From Cult","floor":19.0,"gold_loss":0.0,"damage_taken":0.0},{"damage_healed":0.0,"max_hp_gain":0.0,"max_hp_loss":0.0,"gold_gain":0.0,"event_name":"Drug Dealer","player_choice":"Inject Mutagens","floor":22.0,"gold_loss":0.0,"damage_taken":0.0,"relics_obtained":["MutagenicStrength"]},{"damage_healed":0.0,"max_hp_gain":0.0,"max_hp_loss":0.0,"gold_gain":0.0,"event_name":"Cursed Tome","player_choice":"Ignored","floor":25.0,"gold_loss":0.0,"damage_taken":0.0},{"damage_healed":0,"gold_gain":0,"player_choice":"Opened","damage_taken":0,"relics_obtained":["CaptainsWheel"],"max_hp_gain":0,"max_hp_loss":0,"event_name":"The Mausoleum","floor":30,"gold_loss":0}],"is_beta":false,"boss_relics":[{"not_picked":["Cursed Key","VioletLotus"],"picked":"Black Star"}],"items_purged_floors":[],"is_endless":false,"potions_floor_spawned":[13,16,23,24,27,28],"killed_by":"Champ","ascension_level":3}}