{"host":"995ppxxqmb2p2due","time":1612907093,"event":{"mods":["BaseMod","Downfall","Minty Spire (QoL Compilation)","StSLib"],"gold_per_floor":[110,110,110,126,196,196,231,244,269,296,312,312,327,337,337,435,435,445,461,376,106,124,124,155,155,179,194,214,214,231,156,156,156,156],"floor_reached":33,"language":"ENG","playtime":1556,"items_purged":[],"score":304,"play_id":"08182aa8-7a37-4701-8dec-274746746d4b","local_time":"20210209164453","is_ascension_mode":false,"campfire_choices":[{"data":"Neutralize","floor":6,"key":"SMITH"},{"data":"Flying Knee","floor":12,"key":"SMITH"},{"data":"Sucker Punch","floor":15,"key":"SMITH"},{"floor":23,"key":"RECALL"},{"floor":29,"key":"REST"},{"data":"Tools of the Trade","floor":32,"key":"SMITH"}],"circlet_count":0,"master_deck":["Strike_G","Strike_G","Strike_G+1","Strike_G+1","Strike_G","Defend_G","Defend_G","Defend_G","Defend_G","Survivor","Neutralize+1","Masterful Stab","Deflect","Adrenaline","Heel Hook","Flying Knee+1","Underhanded Strike","Backstab","Sucker Punch+1","Tools of the Trade+1","Escape Plan","Underhanded Strike","Dodge and Roll","Good Instincts","Backflip","Cloak And Dagger","Dagger Throw+1"],"relics":["Ring of the Serpent","NeowsBlessing","Happy Flower","Bag of Marbles","Blood Vial","Juzu Bracelet","HandDrill","Paper Crane","PreservedInsect"],"acts_visited":["Exordium","TheCity"],"potions_floor_usage":[10,16,22,24,27],"damage_taken":[{"damage":0,"enemies":"Small Slimes","floor":1,"turns":1},{"damage":0,"enemies":"2 Louse","floor":4,"turns":1},{"damage":0,"enemies":"Gremlin Nob","floor":7,"turns":1},{"damage":0,"enemies":"Jaw Worm","floor":8,"turns":2},{"damage":15,"enemies":"3 Sentries","floor":10,"turns":9},{"damage":9,"enemies":"Exordium Thugs","floor":11,"turns":5},{"damage":0,"enemies":"2 Fungi Beasts","floor":13,"turns":2},{"damage":0,"enemies":"Blue Slaver","floor":14,"turns":2},{"damage":26,"enemies":"Hexaghost","floor":16,"turns":13},{"damage":2,"enemies":"Shell Parasite","floor":18,"turns":3},{"damage":5,"enemies":"Chosen","floor":19,"turns":3},{"damage":4,"enemies":"Centurion and Healer","floor":22,"turns":5},{"damage":18,"enemies":"Gremlin Leader","floor":24,"turns":7},{"damage":3,"enemies":"Shelled Parasite and Fungi","floor":27,"turns":5},{"damage":21,"enemies":"Cultist and Chosen","floor":28,"turns":6},{"damage":8,"enemies":"Centurion and Healer","floor":30,"turns":4},{"damage":58,"enemies":"Champ","floor":33,"turns":12}],"seed_played":"-3000974992375831806","potions_obtained":[{"floor":1,"key":"LiquidMemories"},{"floor":7,"key":"Fire Potion"},{"floor":10,"key":"Block Potion"},{"floor":19,"key":"Explosive Potion"},{"floor":24,"key":"SkillPotion"}],"is_trial":false,"path_per_floor":["M","?","$","M","?","R","E","M","T","E","M","R","M","M","R","B",null,"M","M","?","$","M","R","E","T","T","M","M","R","M","?","R","B"],"character_chosen":"THE_SILENT","items_purchased":["HandDrill","Dodge and Roll","Good Instincts"],"campfire_rested":1,"item_purchase_floors":[21,21,21],"current_hp_per_floor":[70,56,56,56,56,56,56,56,56,41,34,34,36,38,38,14,70,68,65,65,65,63,63,47,47,47,46,27,48,42,42,42,0,0],"gold":156,"neow_bonus":"THREE_ENEMY_KILL","is_daily":false,"chose_seed":false,"campfire_upgraded":4,"win_rate":0.0,"timestamp":1612907093,"path_taken":["M","?","$","M","?","R","E","M","T","E","M","R","M","M","R","BOSS","M","M","?","$","M","R","E","?","T","M","M","R","M","?","R","BOSS"],"items_purchased_type":["Relic","Card","Card"],"build_version":"2020-12-22","purchased_purges":0,"victory":false,"max_hp_per_floor":[70,70,70,70,70,70,70,70,70,70,70,70,70,70,70,70,70,70,70,70,70,70,70,70,70,70,70,70,70,70,70,70,70,70],"card_choices":[{"not_picked":["Tactician","Backflip"],"picked":"Masterful Stab","floor":1},{"not_picked":["Underhanded Strike","Blade Dance"],"picked":"Deflect","floor":4},{"not_picked":["Unload","Prepared"],"picked":"Adrenaline","floor":7},{"not_picked":["Leg Sweep","Bane"],"picked":"Heel Hook","floor":8},{"not_picked":["Finisher","Poisoned Stab"],"picked":"Flying Knee","floor":10},{"not_picked":["Acrobatics","Tactician"],"picked":"Underhanded Strike","floor":11},{"not_picked":["Flying Knee","Deflect"],"picked":"Backstab","floor":13},{"not_picked":["Wraith Form v2","Acrobatics"],"picked":"Sucker Punch","floor":14},{"not_picked":["Night Terror","Corpse Explosion"],"picked":"Tools of the Trade","floor":16},{"not_picked":["Crippling Poison","Choke+1"],"picked":"Escape Plan","floor":18},{"not_picked":["Distraction","Sucker Punch"],"picked":"Underhanded Strike","floor":19},{"not_picked":["Poisoned Stab","Skewer+1","Dash"],"picked":"SKIP","floor":22},{"not_picked":["Bouncing Flask","Sucker Punch"],"picked":"Backflip","floor":24},{"not_picked":["Die Die Die","Infinite Blades"],"picked":"Cloak And Dagger","floor":27},{"not_picked":["Expertise","Poisoned Stab+1","Flechettes"],"picked":"SKIP","floor":28},{"not_picked":["Prepared","Reflex"],"picked":"Dagger Throw+1","floor":30}],"player_experience":128374,"relics_obtained":[{"floor":7,"key":"Happy Flower"},{"floor":9,"key":"Bag of Marbles"},{"floor":10,"key":"Blood Vial"},{"floor":24,"key":"Paper Crane"},{"floor":26,"key":"PreservedInsect"}],"event_choices":[{"damage_healed":0,"gold_gain":0,"player_choice":"Entered Light","damage_taken":14,"max_hp_gain":0,"max_hp_loss":0,"event_name":"Shining Light","floor":2,"gold_loss":0,"cards_upgraded":["Strike_G","Strike_G"]},{"damage_healed":0,"gold_gain":70,"player_choice":"Gained Gold","damage_taken":0,"max_hp_gain":0,"max_hp_loss":0,"event_name":"Golden Wing","floor":5,"gold_loss":0},{"damage_healed":0,"gold_gain":0,"player_choice":"Obtained Relic","damage_taken":0,"relics_obtained":["Juzu Bracelet"],"max_hp_gain":0,"max_hp_loss":0,"event_name":"Addict","floor":20,"gold_loss":85},{"cards_removed":["Defend_G"],"damage_healed":0,"gold_gain":0,"player_choice":"Gave Gold","damage_taken":0,"max_hp_gain":0,"max_hp_loss":0,"event_name":"Beggar","floor":31,"gold_loss":75}],"is_beta":false,"boss_relics":[{"not_picked":["Black Star","Snecko Eye"],"picked":"Ring of the Serpent"}],"items_purged_floors":[],"is_endless":false,"potions_floor_spawned":[1,7,10,19,24],"killed_by":"Champ","ascension_level":0}}