{"host":"syozzdlzcqop4jia","time":1612911366,"event":{"mods":["BaseMod","Colored Map","Colored Powertips","Minty Spire (QoL Compilation)","Quick Restart"],"gold_per_floor":[113,132,146,165,175,175,207,207,233,243,343,369,387,387,387,490,490,500,510,44,143,213,238,238,258,283,293,309,319,333,134,134,134,134],"floor_reached":33,"language":"ENG","playtime":2125,"items_purged":[],"score":283,"play_id":"03c423c3-355e-4b8e-ae4b-5b35605ff54b","local_time":"20210209235606","is_ascension_mode":false,"campfire_choices":[{"floor":6,"key":"RECALL"},{"data":"Flex","floor":8,"key":"SMITH"},{"data":"Twin Strike","floor":15,"key":"SMITH"},{"floor":24,"key":"REST"},{"floor":32,"key":"REST"}],"circlet_count":0,"master_deck":["Strike_R","Strike_R","Strike_R","Strike_R","Strike_R","Defend_R","Defend_R","Defend_R","Defend_R","Bash","Flex+1","Flex","Shrug It Off","Anger","Anger","Thunderclap","Perfected Strike","Twin Strike+1","Carnage","Rage","Limit Break","Carnage","Headbutt+1","Perfected Strike","Carnage","Immolate","Ghostly Armor","Rampage","Apotheosis"],"relics":["Burning Blood","Centennial Puzzle","Tiny Chest","Philosopher\u0027s Stone","Torii","Red Skull","Gremlin Horn","Bag of Preparation","Smiling Mask"],"acts_visited":["Exordium","TheCity"],"potions_floor_usage":[23,23,29,33,33,33],"damage_taken":[{"damage":17,"enemies":"Small Slimes","floor":1,"turns":3},{"damage":0,"enemies":"Cultist","floor":2,"turns":3},{"damage":6,"enemies":"Jaw Worm","floor":3,"turns":5},{"damage":5,"enemies":"Looter","floor":4,"turns":3},{"damage":2,"enemies":"Blue Slaver","floor":5,"turns":3},{"damage":30,"enemies":"3 Sentries","floor":7,"turns":9},{"damage":5,"enemies":"3 Louse","floor":10,"turns":2},{"damage":21,"enemies":"Lagavulin","floor":12,"turns":5},{"damage":0,"enemies":"Large Slime","floor":13,"turns":3},{"damage":25,"enemies":"Slime Boss","floor":16,"turns":10},{"damage":38,"enemies":"3 Byrds","floor":18,"turns":5},{"damage":12,"enemies":"Chosen","floor":19,"turns":3},{"damage":16,"enemies":"Slavers","floor":23,"turns":4},{"damage":20,"enemies":"3 Cultists","floor":25,"turns":4},{"damage":7,"enemies":"Centurion and Healer","floor":27,"turns":3},{"damage":7,"enemies":"Cultist and Chosen","floor":28,"turns":4},{"damage":28,"enemies":"Shelled Parasite and Fungi","floor":29,"turns":3},{"damage":0,"enemies":"3 Cultists","floor":30,"turns":2},{"damage":77,"enemies":"Champ","floor":33,"turns":7}],"seed_played":"-6338030640593699192","potions_obtained":[{"floor":1,"key":"FearPotion"},{"floor":2,"key":"Dexterity Potion"},{"floor":5,"key":"GamblersBrew"},{"floor":12,"key":"EssenceOfSteel"},{"floor":19,"key":"Block Potion"},{"floor":28,"key":"EntropicBrew"},{"floor":29,"key":"GamblersBrew"}],"is_trial":false,"path_per_floor":["M","M","M","M","M","R","E","R","T","M","?","E","M","?","R","B",null,"M","M","$","?","T","E","R","M","T","M","M","M","M","$","R","B"],"character_chosen":"IRONCLAD","items_purchased":["Torii","Red Skull","Rampage","Apotheosis"],"campfire_rested":2,"item_purchase_floors":[20,20,31,31],"current_hp_per_floor":[69,75,75,76,80,80,56,56,56,57,57,42,48,53,53,34,85,53,47,47,47,47,37,62,48,48,47,46,24,30,30,55,0,0],"gold":134,"neow_bonus":"THREE_CARDS","is_daily":false,"chose_seed":false,"campfire_upgraded":2,"win_rate":0.0,"timestamp":1612911366,"path_taken":["M","M","M","M","M","R","E","R","T","M","?","E","?","?","R","BOSS","M","M","$","?","?","E","R","M","T","M","M","M","M","$","R","BOSS"],"items_purchased_type":["Relic","Relic","Card","Card"],"build_version":"2020-12-22","purchased_purges":0,"victory":false,"max_hp_per_floor":[80,80,80,80,80,80,80,80,80,80,80,80,80,85,85,85,85,85,85,85,85,85,85,85,85,85,85,85,85,85,85,85,85,85],"card_choices":[{"not_picked":["Twin Strike","Shrug It Off"],"picked":"Flex","floor":0},{"not_picked":["Seeing Red","Perfected Strike"],"picked":"Flex","floor":1},{"not_picked":["Perfected Strike","Headbutt"],"picked":"Shrug It Off","floor":2},{"not_picked":["Hemokinesis","Impervious"],"picked":"Anger","floor":3},{"not_picked":["Evolve","Body Slam"],"picked":"Anger","floor":4},{"not_picked":["Sever Soul","Power Through"],"picked":"Thunderclap","floor":5},{"not_picked":["Searing Blow","Rampage"],"picked":"Perfected Strike","floor":7},{"not_picked":["Flex","Perfected Strike"],"picked":"Twin Strike","floor":10},{"not_picked":["Armaments","Disarm"],"picked":"Carnage","floor":12},{"not_picked":["Warcry","Perfected Strike"],"picked":"Rage","floor":13},{"not_picked":["Feed","Corruption"],"picked":"Limit Break","floor":16},{"not_picked":["Sword Boomerang","True Grit"],"picked":"Carnage","floor":18},{"not_picked":["Clothesline","Dual Wield"],"picked":"Headbutt+1","floor":19},{"not_picked":["Evolve","Shockwave"],"picked":"Perfected Strike","floor":23},{"not_picked":["Armaments","Thunderclap","Headbutt"],"picked":"SKIP","floor":25},{"not_picked":["Sword Boomerang","Reckless Charge"],"picked":"Carnage","floor":27},{"not_picked":["Uppercut","Perfected Strike+1"],"picked":"Immolate","floor":28},{"not_picked":["Cleave","Havoc+1","Dual Wield"],"picked":"SKIP","floor":29},{"not_picked":["Blood for Blood","Headbutt"],"picked":"Ghostly Armor","floor":30}],"player_experience":651621,"relics_obtained":[{"floor":7,"key":"Centennial Puzzle"},{"floor":12,"key":"Tiny Chest"},{"floor":22,"key":"Gremlin Horn"},{"floor":23,"key":"Bag of Preparation"},{"floor":26,"key":"Smiling Mask"}],"event_choices":[{"damage_healed":0,"gold_gain":100,"player_choice":"Pray","damage_taken":0,"max_hp_gain":0,"max_hp_loss":0,"event_name":"Golden Shrine","floor":11,"gold_loss":0},{"damage_healed":0,"gold_gain":0,"player_choice":"Donut","damage_taken":0,"max_hp_gain":5,"max_hp_loss":0,"event_name":"Big Fish","floor":14,"gold_loss":0},{"damage_healed":0,"gold_gain":99,"player_choice":"Stole From Cult","damage_taken":0,"max_hp_gain":0,"max_hp_loss":0,"event_name":"Nest","floor":21,"gold_loss":0}],"is_beta":false,"boss_relics":[{"not_picked":["Black Star","Velvet Choker"],"picked":"Philosopher\u0027s Stone"}],"items_purged_floors":[],"is_endless":false,"potions_floor_spawned":[1,2,5,12,19,28,29],"killed_by":"Champ","ascension_level":0}}