{"host":"sxnl403xm2xmiyj1","time":1612877295,"event":{"mods":["AchievementEnabler","BaseMod","Colored Map","Keyboard Shortcuts","Minty Spire (QoL Compilation)","Quick Restart","StSLib","SuperFastMode"],"gold_per_floor":[115,115,126,136,149,149,149,149,149,167,167,167],"floor_reached":11,"language":"KOR","playtime":172,"items_purged":[],"score":107,"play_id":"bbef5a9b-2d59-4fd5-b043-1fee8c44710f","local_time":"20210209222815","is_ascension_mode":true,"campfire_choices":[{"data":"Armaments","floor":6.0,"key":"SMITH"},{"data":"Dropkick","floor":8.0,"key":"SMITH"}],"circlet_count":0,"master_deck":["AscendersBane","Strike_R","Strike_R","Strike_R","Strike_R","Defend_R","Defend_R","Defend_R","Bash","Dropkick+1","Bash","Disarm+1","True Grit","Armaments+1","Thunderclap"],"relics":["Burning Blood","Regal Pillow"],"acts_visited":["Exordium"],"potions_floor_usage":[11],"damage_taken":[{"damage":12.0,"enemies":"Jaw Worm","floor":1.0,"turns":3.0},{"damage":1.0,"enemies":"Cultist","floor":3.0,"turns":3.0},{"damage":8.0,"enemies":"Small Slimes","floor":4.0,"turns":4.0},{"damage":33.0,"enemies":"Gremlin Gang","floor":5.0,"turns":6.0},{"damage":28.0,"enemies":"Exordium Thugs","floor":10.0,"turns":6.0},{"damage":14,"enemies":"Gremlin Nob","floor":11,"turns":4}],"seed_played":"-5199711096092223707","potions_obtained":[{"floor":4.0,"key":"Block Potion"},{"floor":10.0,"key":"GamblersBrew"}],"is_trial":false,"path_per_floor":["M","?","M","M","M","R","?","R","T","M","E"],"character_chosen":"IRONCLAD","items_purchased":[],"campfire_rested":0,"item_purchase_floors":[],"current_hp_per_floor":[66,66,71,69,42,42,42,42,42,20,6,6],"gold":167,"neow_bonus":"REMOVE_TWO","is_daily":false,"chose_seed":false,"campfire_upgraded":2,"win_rate":0.0,"timestamp":1612877295,"path_taken":["M","?","M","M","?","R","?","R","T","M","E"],"items_purchased_type":[],"build_version":"2020-12-22","purchased_purges":0,"victory":false,"max_hp_per_floor":[72,72,72,72,72,72,72,72,72,72,72,72],"card_choices":[{"not_picked":["True Grit","Havoc"],"picked":"Dropkick","floor":1.0},{"not_picked":["Iron Wave","Twin Strike"],"picked":"Disarm","floor":3.0},{"not_picked":["Sever Soul","Headbutt"],"picked":"True Grit","floor":4.0},{"not_picked":["Havoc","Entrench"],"picked":"Armaments","floor":5.0},{"not_picked":["Clash","Bloodletting"],"picked":"Thunderclap","floor":10.0}],"player_experience":206278,"relics_obtained":[{"floor":9.0,"key":"Regal Pillow"}],"event_choices":[{"damage_healed":0.0,"max_hp_gain":0.0,"max_hp_loss":0.0,"gold_gain":0.0,"event_name":"Match and Keep!","player_choice":"1 cards matched","floor":2.0,"gold_loss":0.0,"damage_taken":0.0,"cards_obtained":["Bash"]},{"damage_healed":0.0,"max_hp_gain":0.0,"max_hp_loss":0.0,"gold_gain":0.0,"event_name":"Upgrade Shrine","player_choice":"Upgraded","floor":7.0,"gold_loss":0.0,"damage_taken":0.0,"cards_upgraded":["Disarm"]}],"is_beta":false,"boss_relics":[],"items_purged_floors":[],"is_endless":false,"potions_floor_spawned":[4,10],"killed_by":"Gremlin Nob","ascension_level":13}}