{"host":"d8cz15m779bv9isj","time":1612890470,"event":{"mods":["Aspiration","BaseMod","Colored Map","Colored Powertips","DeckTracker","Downfall","Hermit","Highlight Path","Hubris","Infinite Spire","Minty Spire (QoL Compilation)","Quick Restart","Random Character Button","Relic Sorter","Replay The Spire","StSLib","SuperFastMode","Synergy Search","The Cursed","The Disciple","The Jungle","The Runesmith"],"gold_per_floor":[115,40,215,215,230,257,45,70,70,70,70,70,81,97,132,148,148,244,244,258,270,270,286,298,298,327,327,327,327,327,327],"floor_reached":30,"language":"ENG","playtime":1028,"items_purged":["Strike_G"],"score":381,"play_id":"38923b61-400a-4e69-b2e0-1cbc3d45f2ad","local_time":"20210209180750","is_ascension_mode":true,"campfire_choices":[{"floor":17,"key":"REST"},{"data":"1","floor":25,"key":"LIFT"},{"data":"2","floor":27,"key":"LIFT"},{"data":"3","floor":29,"key":"LIFT"}],"circlet_count":0,"master_deck":["Strike_G","Strike_G","Strike_G","Strike_G","Defend_G","Defend_G","Defend_G","Defend_G","Defend_G","Survivor","Neutralize","Flying Knee","Doubt","Injury","Blur","Dash","Dash","Bullet Time","Infinite Blades+1","Backflip","Infinite Blades+1","Backflip","Flying Knee","Flying Knee+1","ReplayTheSpireMod:Shiv Toss","Prepared","Riddle With Holes+1"],"relics":["TheCursedMod:BlackMagic101","Frozen Egg 2","aspiration:ChemicalBlood","Girya","Potion Belt","Bag of Marbles","Replay:Bottled Steam","infinitespire:Cubic Diamond","NeowsBlessing","WristBlade","Pen Nib","hubris:Metronome"],"acts_visited":["Exordium","Exordium"],"potions_floor_usage":[8,8,8,15,15,16,21,21,21,24,24,24,24,26,26],"damage_taken":[{"damage":0,"enemies":"2 Louse","floor":1,"turns":1},{"damage":0,"enemies":"Small Slimes","floor":5,"turns":2},{"damage":0,"enemies":"Lagavulin","floor":6,"turns":1},{"damage":41,"enemies":"Gremlin Nob","floor":8,"turns":6},{"damage":0,"enemies":"Jaw Worm","floor":13,"turns":4},{"damage":0,"enemies":"Large Slime","floor":14,"turns":5},{"damage":1,"enemies":"3 Sentries","floor":15,"turns":9},{"damage":20,"enemies":"Lots of Slimes","floor":16,"turns":6},{"damage":20,"enemies":"Fading Forest","floor":18,"turns":11},{"damage":19,"enemies":"theJungle:5_Spyders","floor":20,"turns":4},{"damage":8,"enemies":"theJungle:Flameango_and_Byrd","floor":21,"turns":5},{"damage":11,"enemies":"Snake Plant","floor":23,"turns":5},{"damage":40,"enemies":"theJungle:Snecko_Cultist_And_Trap","floor":24,"turns":5},{"damage":16,"enemies":"theJungle:Cassacara","floor":26,"turns":8},{"damage":15,"enemies":"theJungle:JungleHuntersEncounter","floor":30,"turns":2}],"seed_played":"-8983210890365226521","potions_obtained":[{"floor":5,"key":"LiquidBronze"},{"floor":8,"key":"EssenceOfSteel"},{"floor":14,"key":"SkillPotion"},{"floor":18,"key":"PowerPotion"},{"floor":21,"key":"Explosive Potion"},{"floor":23,"key":"Venom Potion"}],"is_trial":false,"path_per_floor":["M","$","?","?","M","E","$","E","T","PTL","PTL","?","M","M","E","M","R","B",null,"M","M","?","M","M","R","E","R","T","R","M"],"character_chosen":"THE_SILENT","items_purchased":["Potion Belt","Dash"],"campfire_rested":1,"item_purchase_floors":[7,7],"current_hp_per_floor":[63,63,63,63,63,63,63,22,22,22,22,22,22,22,21,1,22,10,55,36,28,80,69,29,29,13,13,13,13,0,0],"gold":327,"neow_bonus":"THREE_ENEMY_KILL","is_daily":false,"chose_seed":false,"campfire_upgraded":0,"win_rate":0.0,"timestamp":1612890470,"path_taken":["M","$","?","?","M","E","$","E","T","PTL","PTL","?","?","M","E","M","R","BOSS","M","M","?","?","M","R","E","R","T","R","M"],"items_purchased_type":["Relic","Card"],"build_version":"2020-12-22","purchased_purges":1,"victory":false,"max_hp_per_floor":[70,70,70,70,70,70,70,70,70,70,70,70,70,70,70,70,70,70,70,70,70,80,80,80,80,80,80,80,80,80,80],"card_choices":[{"not_picked":["Acrobatics","ReplayTheSpireMod:Tripwire"],"picked":"Flying Knee","floor":1},{"not_picked":["Heel Hook","Deadly Poison","Dagger Spray"],"picked":"SKIP","floor":5},{"not_picked":["Predator","hubris:SlightOfHand"],"picked":"Blur","floor":6},{"not_picked":["Eviscerate","Dagger Spray"],"picked":"Bullet Time","floor":8},{"not_picked":["Hidden Blade","Slice"],"picked":"Infinite Blades+1","floor":13},{"not_picked":["Poisoned Stab","Cloak And Dagger"],"picked":"Backflip","floor":14},{"not_picked":["Underhanded Strike","Choke"],"picked":"Infinite Blades+1","floor":15},{"not_picked":["Flying Knee","Bane"],"picked":"Backflip","floor":16},{"not_picked":["aspiration:Lunge","Grand Finale"],"picked":"Replay:Bag of Tricks","floor":18},{"not_picked":["Quick Slash","Deflect"],"picked":"Flying Knee","floor":20},{"not_picked":["Dodge and Roll","Quick Slash"],"picked":"Flying Knee+1","floor":21},{"not_picked":["Bane+1","Replay:Bag of Tricks"],"picked":"ReplayTheSpireMod:Shiv Toss","floor":23},{"not_picked":["Flying Knee","Outmaneuver"],"picked":"Prepared","floor":24},{"not_picked":["Poisoned Stab","Cloak And Dagger+1"],"picked":"Riddle With Holes+1","floor":26}],"player_experience":242334,"relics_obtained":[{"floor":6,"key":"aspiration:ChemicalBlood"},{"floor":8,"key":"Replay:Bottled Steam"},{"floor":9,"key":"Girya"},{"floor":15,"key":"Bag of Marbles"},{"floor":26,"key":"Pen Nib"},{"floor":28,"key":"hubris:Metronome"}],"event_choices":[{"damage_healed":0,"gold_gain":175,"player_choice":"AGREE","damage_taken":0,"max_hp_gain":0,"max_hp_loss":0,"event_name":"Liars Game","floor":3,"gold_loss":0,"cards_obtained":["Doubt"]},{"cards_removed":["Replay:Bag of Tricks"],"damage_healed":42,"gold_gain":0,"player_choice":"Offered Rare","damage_taken":0,"max_hp_gain":10,"max_hp_loss":0,"event_name":"Bonfire Elementals","floor":22,"gold_loss":0}],"is_beta":false,"boss_relics":[{"not_picked":["hubris:CrackedHourglass","Replay:Bronze Core"],"picked":"WristBlade"}],"items_purged_floors":[2],"is_endless":false,"potions_floor_spawned":[5,8,14,18,21,23],"killed_by":"theJungle:JungleHuntersEncounter","ascension_level":6}}