{"host":"88hg6ocvqrqxrx5h","time":1612849116,"event":{"mods":["2.2 Compatiblity","BaseMod","Bestiary","Block Reminder","Colored Map","DeckTracker","Highlight Path","Minty Spire (QoL Compilation)","Relic Stats","Unceasing Turn Reminder","slay the spire mod where everything is the same but ironclad has a cowboy hat"],"gold_per_floor":[117,19,33,44,119,119,146,146,146,180,200,211,211,231,231,333,333,345,119,119,136,163,163,163,163,163,163,178,178,188,203,203,306,306,319,364,237,237,257,284,297,323,323,341,373,373,373,373],"floor_reached":47,"language":"ENG","playtime":1900,"items_purged":["Strike_R","Anger+1"],"score":785,"play_id":"c135c0f0-7693-492d-ad71-44a95b151c7f","local_time":"20210208213836","is_ascension_mode":true,"campfire_choices":[{"data":"Searing Blow","floor":6.0,"key":"SMITH"},{"floor":8.0,"key":"REST"},{"data":"Feed","floor":13.0,"key":"SMITH"},{"data":"Clothesline","floor":15.0,"key":"SMITH"},{"data":"Shrug It Off","floor":23.0,"key":"SMITH"},{"data":"Searing Blow+1","floor":25.0,"key":"SMITH"},{"data":"Searing Blow+2","floor":27.0,"key":"SMITH"},{"data":"Searing Blow+3","floor":29.0,"key":"SMITH"},{"data":"Metallicize","floor":32.0,"key":"SMITH"},{"floor":46,"key":"RECALL"}],"circlet_count":0,"master_deck":["Defend_R","Defend_R","Defend_R","Defend_R+1","Bash","Sentinel","Clothesline+1","Shrug It Off+1","Searing Blow+4","Thunderclap","Feed+1","Warcry","Iron Wave+1","Pommel Strike+1","Fiend Fire+1","Battle Trance+1","Anger+1","Power Through","Whirlwind+1","Metallicize+1","True Grit","Exhume+1","Dual Wield+1","Armaments","Decay","Body Slam+1","Armaments"],"relics":["Burning Blood","Thread and Needle","Molten Egg 2","Vajra","Coffee Dripper","Brimstone","Red Mask","HornCleat","Empty Cage","Champion Belt","War Paint","Regal Pillow","Mummified Hand"],"acts_visited":["Exordium","TheCity","TheBeyond"],"potions_floor_usage":[47],"damage_taken":[{"damage":10.0,"enemies":"Cultist","floor":1.0,"turns":5.0},{"damage":0.0,"enemies":"2 Louse","floor":3.0,"turns":3.0},{"damage":12.0,"enemies":"Jaw Worm","floor":4.0,"turns":3.0},{"damage":54.0,"enemies":"Gremlin Nob","floor":7.0,"turns":6.0},{"damage":20.0,"enemies":"3 Sentries","floor":10.0,"turns":8.0},{"damage":0.0,"enemies":"Looter","floor":11.0,"turns":3.0},{"damage":2.0,"enemies":"Exordium Wildlife","floor":12.0,"turns":2.0},{"damage":5.0,"enemies":"Gremlin Gang","floor":14.0,"turns":3.0},{"damage":23.0,"enemies":"Hexaghost","floor":16.0,"turns":9.0},{"damage":1.0,"enemies":"Chosen","floor":18.0,"turns":3.0},{"damage":1.0,"enemies":"Shell Parasite","floor":21.0,"turns":2.0},{"damage":30.0,"enemies":"Masked Bandits","floor":22.0,"turns":4.0},{"damage":0.0,"enemies":"Sentry and Sphere","floor":28.0,"turns":3.0},{"damage":0.0,"enemies":"3 Cultists","floor":30.0,"turns":3.0},{"damage":0.0,"enemies":"Cultist and Chosen","floor":31.0,"turns":3.0},{"damage":6.0,"enemies":"Automaton","floor":33.0,"turns":6.0},{"damage":2.0,"enemies":"Orb Walker","floor":35.0,"turns":4.0},{"damage":7.0,"enemies":"2 Orb Walkers","floor":36.0,"turns":4.0},{"damage":13.0,"enemies":"3 Darklings","floor":39.0,"turns":3.0},{"damage":38.0,"enemies":"Nemesis","floor":40.0,"turns":7.0},{"damage":7.0,"enemies":"Maw","floor":41.0,"turns":7.0},{"damage":36.0,"enemies":"Giant Head","floor":42.0,"turns":7.0},{"damage":0,"enemies":"Sphere and 2 Shapes","floor":44,"turns":3},{"damage":61,"enemies":"Reptomancer","floor":45,"turns":7},{"damage":18,"enemies":"Spire Growth","floor":47,"turns":3}],"seed_played":"-5206219682671278119","potions_obtained":[{"floor":7.0,"key":"DuplicationPotion"},{"floor":11.0,"key":"BlessingOfTheForge"},{"floor":12.0,"key":"BloodPotion"},{"floor":14.0,"key":"Strength Potion"},{"floor":22.0,"key":"Fire Potion"},{"floor":41.0,"key":"Strength Potion"},{"floor":44,"key":"BlessingOfTheForge"},{"floor":45,"key":"Strength Potion"}],"is_trial":false,"path_per_floor":["M","$","M","M","?","R","E","R","T","E","M","M","R","M","R","B",null,"M","$","?","M","?","R","?","R","T","R","M","R","M","M","R","B",null,"M","?","$","?","M","E","M","E","T","M","E","R","M"],"character_chosen":"IRONCLAD","items_purchased":["Clothesline","Shrug It Off","Brimstone","Armaments"],"campfire_rested":1,"item_purchase_floors":[2,2,19,37],"current_hp_per_floor":[68,68,74,68,57,57,9,33,33,22,28,35,35,40,40,27,77,82,82,63,68,48,48,48,48,48,48,54,54,60,70,70,74,102,106,105,105,105,102,70,69,62,62,68,13,13,0,0],"gold":373,"neow_bonus":"TRANSFORM_CARD","is_daily":false,"chose_seed":false,"campfire_upgraded":8,"win_rate":0.0,"timestamp":1612849116,"path_taken":["M","?","M","M","?","R","E","R","T","E","M","M","R","M","R","BOSS","M","$","?","M","?","R","?","R","T","R","?","R","M","?","R","BOSS","M","?","$","?","?","E","M","E","T","M","E","R","M"],"items_purchased_type":["Card","Card","Relic","Card"],"build_version":"2020-12-22","purchased_purges":2,"victory":false,"max_hp_per_floor":[80,80,80,80,80,80,80,80,80,83,83,86,86,90,90,94,94,94,94,99,99,103,103,103,103,103,103,103,103,103,107,107,111,111,111,111,111,111,115,115,115,115,115,115,115,115,115,115],"relic_stats":{"Regal Pillow":0,"counters":[25,111],"Mummified Hand":[2],"Champion Belt":[15],"War Paint":["Exhume","Defend_R"],"obtain_stats":[{"Regal Pillow":42,"Vajra":10,"Thread and Needle":7,"War Paint":40,"Empty Cage":34,"Burning Blood":0,"HornCleat":26,"Brimstone":19,"Mummified Hand":45,"Molten Egg 2":9,"Coffee Dripper":17,"Red Mask":22,"Champion Belt":36},{"Regal Pillow":22,"Vajra":5,"Thread and Needle":4,"War Paint":20,"Empty Cage":16,"Burning Blood":0,"HornCleat":12,"Brimstone":10,"Mummified Hand":24,"Molten Egg 2":4,"Coffee Dripper":9,"Red Mask":12,"Champion Belt":18},{"Regal Pillow":98,"Vajra":25,"Thread and Needle":17,"War Paint":84,"Empty Cage":66,"Burning Blood":0,"HornCleat":51,"Brimstone":45,"Mummified Hand":108,"Molten Egg 2":17,"Coffee Dripper":42,"Red Mask":51,"Champion Belt":74}],"Burning Blood":144},"card_choices":[{"not_picked":["Dropkick","Rage"],"picked":"Anger","floor":1.0},{"not_picked":["Pommel Strike","Body Slam"],"picked":"Searing Blow","floor":3.0},{"not_picked":["Entrench","Cleave"],"picked":"Thunderclap","floor":4.0},{"not_picked":["Anger","Twin Strike"],"picked":"Feed","floor":7.0},{"not_picked":["Havoc","Sword Boomerang+1"],"picked":"Warcry","floor":10.0},{"not_picked":["Cleave+1","Twin Strike+1"],"picked":"Anger+1","floor":11.0},{"not_picked":["Wild Strike+1","Whirlwind+1"],"picked":"Iron Wave+1","floor":12.0},{"not_picked":["Anger+1","Hemokinesis+1"],"picked":"Pommel Strike+1","floor":14.0},{"not_picked":["Offering","Bludgeon+1"],"picked":"Fiend Fire+1","floor":16.0},{"not_picked":["Headbutt+1","Twin Strike+1"],"picked":"Battle Trance+1","floor":18.0},{"not_picked":["Heavy Blade+1","Pummel+1"],"picked":"Anger+1","floor":21.0},{"not_picked":["Clothesline+1","Entrench","Battle Trance"],"picked":"SKIP","floor":28.0},{"not_picked":["Spot Weakness","Heavy Blade+1"],"picked":"Metallicize","floor":30.0},{"not_picked":["Perfected Strike+1","Rampage+1"],"picked":"True Grit","floor":31.0},{"not_picked":["Fiend Fire+1","Brutality"],"picked":"Exhume","floor":33.0},{"not_picked":["Flex","Twin Strike+1"],"picked":"Dual Wield+1","floor":35.0},{"not_picked":["Rampage+1","Twin Strike+1","Clash+1"],"picked":"SKIP","floor":39.0},{"not_picked":["Infernal Blade","Shrug It Off"],"picked":"Body Slam+1","floor":40.0},{"not_picked":["Cleave+1","Carnage+1"],"picked":"Armaments","floor":41.0},{"not_picked":["Clothesline+1","Pommel Strike+1","Dual Wield+1"],"picked":"SKIP","floor":42.0},{"not_picked":["Searing Blow+1","Hemokinesis+1","Dark Embrace+1"],"picked":"SKIP","floor":44},{"not_picked":["Evolve+1","Whirlwind+1","Anger+1"],"picked":"SKIP","floor":45}],"player_experience":171656,"relics_obtained":[{"floor":7.0,"key":"Thread and Needle"},{"floor":9.0,"key":"Molten Egg 2"},{"floor":10.0,"key":"Vajra"},{"floor":22.0,"key":"Red Mask"},{"floor":26.0,"key":"HornCleat"},{"floor":36.0,"key":"Champion Belt"},{"floor":40.0,"key":"War Paint"},{"floor":42.0,"key":"Regal Pillow"},{"floor":45,"key":"Mummified Hand"}],"event_choices":[{"damage_healed":0.0,"max_hp_gain":0.0,"max_hp_loss":0.0,"gold_gain":75.0,"event_name":"World of Goop","player_choice":"Gather Gold","floor":5.0,"gold_loss":0.0,"damage_taken":11.0},{"damage_healed":0.0,"max_hp_gain":5.0,"max_hp_loss":0.0,"gold_gain":0.0,"event_name":"Forgotten Altar","player_choice":"Shed Blood","floor":20.0,"gold_loss":0.0,"damage_taken":24.0},{"damage_healed":0.0,"max_hp_gain":0.0,"max_hp_loss":0.0,"gold_gain":0.0,"event_name":"Masked Bandits","player_choice":"Fought Bandits","floor":22.0,"gold_loss":0.0,"damage_taken":0.0},{"damage_healed":0.0,"max_hp_gain":0.0,"max_hp_loss":0.0,"gold_gain":0.0,"cards_transformed":["Strike_R","Strike_R"],"event_name":"Drug Dealer","player_choice":"Became Test Subject","floor":24.0,"gold_loss":0.0,"damage_taken":0.0,"cards_obtained":["Power Through","Whirlwind"]},{"damage_healed":0.0,"max_hp_gain":0.0,"max_hp_loss":0.0,"gold_gain":0.0,"event_name":"Mysterious Sphere","player_choice":"Fight","floor":36.0,"gold_loss":0.0,"damage_taken":0.0},{"damage_healed":0.0,"max_hp_gain":0.0,"max_hp_loss":0.0,"gold_gain":0.0,"event_name":"Wheel of Change","player_choice":"Cursed","floor":38.0,"gold_loss":0.0,"damage_taken":0.0,"cards_obtained":["Decay"]}],"is_beta":false,"boss_relics":[{"not_picked":["SlaversCollar","Runic Cube"],"picked":"Coffee Dripper"},{"not_picked":["SacredBark","Astrolabe"],"picked":"Empty Cage"}],"items_purged_floors":[19,37],"is_endless":false,"potions_floor_spawned":[7,11,12,14,22,30,41,44,45],"killed_by":"Spire Growth","ascension_level":8}}