{"host":"mi0eibewekhugwl1","time":1612856260,"event":{"mods":["AchievementEnabler","BaseMod","Colored Map","Colored Powertips","DeckTracker","Keyboard Shortcuts","Minty Spire (QoL Compilation)","Quick Restart","Rare Cards Sparkle","Relic Stats","StSLib","SuperFastMode","everything is the same but u backflip on backflip"],"gold_per_floor":[19,36,52,68,68,68,102,112,139,53,73,73,73,88,88,88,88],"floor_reached":16,"language":"KOR","playtime":419,"items_purged":[],"score":208,"play_id":"378b3b26-ace8-4093-9c63-17d2768f22e0","local_time":"20210209163740","is_ascension_mode":true,"campfire_choices":[{"data":"Apotheosis","floor":6,"key":"SMITH"},{"floor":13,"key":"REST"},{"data":"Acrobatics","floor":15,"key":"SMITH"}],"circlet_count":0,"master_deck":["AscendersBane","Strike_G","Strike_G","Strike_G","Strike_G","Strike_G","Defend_G","Defend_G","Defend_G","Defend_G","Defend_G+1","Survivor","Neutralize","Apotheosis+1","Well Laid Plans","Blade Dance+1","Choke","Noxious Fumes","Phantasmal Killer","Dash","Acrobatics+1","Reflex"],"relics":["Ring of the Snake","War Paint","Strawberry"],"acts_visited":["Exordium"],"potions_floor_usage":[4,7,11,16,16],"damage_taken":[{"damage":4,"enemies":"Small Slimes","floor":1,"turns":4},{"damage":1,"enemies":"Jaw Worm","floor":2,"turns":6},{"damage":6,"enemies":"Cultist","floor":3,"turns":4},{"damage":7,"enemies":"Large Slime","floor":4,"turns":5},{"damage":17,"enemies":"3 Sentries","floor":7,"turns":6},{"damage":24,"enemies":"Exordium Wildlife","floor":8,"turns":6},{"damage":0,"enemies":"3 Louse","floor":11,"turns":4},{"damage":6,"enemies":"Looter","floor":14,"turns":3},{"damage":30,"enemies":"Slime Boss","floor":16,"turns":8}],"seed_played":"-3521087678590852174","potions_obtained":[{"floor":1,"key":"Explosive Potion"},{"floor":4,"key":"ColorlessPotion"},{"floor":8,"key":"Poison Potion"},{"floor":11,"key":"Fire Potion"}],"is_trial":false,"path_per_floor":["M","M","M","M","?","R","E","M","T","$","M","?","R","M","R","B"],"character_chosen":"THE_SILENT","items_purchased":["DistilledChaos"],"campfire_rested":1,"item_purchase_floors":[10],"current_hp_per_floor":[55,54,48,41,46,46,29,5,12,12,12,12,35,29,29,0,0],"gold":88,"neow_bonus":"RANDOM_COLORLESS_2","is_daily":false,"chose_seed":false,"campfire_upgraded":2,"win_rate":0.0,"timestamp":1612856260,"path_taken":["M","M","M","M","?","R","E","M","T","$","M","?","R","?","R","BOSS"],"items_purchased_type":["Potion"],"build_version":"2020-12-22","purchased_purges":0,"victory":false,"max_hp_per_floor":[66,66,66,66,71,71,71,71,78,78,78,78,78,78,78,78,78],"relic_stats":{"counters":[9,46],"War Paint":["Defend_G","Blade Dance"],"obtain_stats":[{"Strawberry":9,"War Paint":7,"Ring of the Snake":0},{"Strawberry":6,"War Paint":5,"Ring of the Snake":0},{"Strawberry":31,"War Paint":25,"Ring of the Snake":0}],"Ring of the Snake":[18]},"card_choices":[{"not_picked":["HandOfGreed","Thinking Ahead"],"picked":"Apotheosis","floor":0},{"not_picked":["Slice","Blur"],"picked":"Well Laid Plans","floor":1},{"not_picked":["Flying Knee","Cloak And Dagger"],"picked":"Blade Dance","floor":2},{"not_picked":["Poisoned Stab","Deflect","Underhanded Strike"],"picked":"SKIP","floor":3},{"not_picked":["Prepared","Deadly Poison"],"picked":"Choke","floor":4},{"not_picked":["Riddle With Holes","Blade Dance"],"picked":"Noxious Fumes","floor":7},{"not_picked":["Blade Dance","Skewer"],"picked":"Phantasmal Killer","floor":8},{"not_picked":["Underhanded Strike","Quick Slash"],"picked":"Dash","floor":11},{"not_picked":["Endless Agony","Acrobatics"],"picked":"Reflex","floor":14}],"player_experience":1787408,"relics_obtained":[{"floor":7,"key":"War Paint"},{"floor":9,"key":"Strawberry"}],"event_choices":[{"damage_healed":0,"gold_gain":0,"player_choice":"Donut","damage_taken":0,"max_hp_gain":5,"max_hp_loss":0,"event_name":"Big Fish","floor":5,"gold_loss":0},{"damage_healed":0,"gold_gain":0,"player_choice":"1 cards matched","damage_taken":0,"max_hp_gain":0,"max_hp_loss":0,"event_name":"Match and Keep!","floor":12,"gold_loss":0,"cards_obtained":["Acrobatics"]}],"is_beta":false,"boss_relics":[],"items_purged_floors":[],"is_endless":false,"potions_floor_spawned":[1,4,8,11,14],"killed_by":"Slime Boss","ascension_level":20}}