{"host":"5jyeqch4fosnsiz2","time":1612908800,"event":{"mods":["BaseMod","Bestiary","Colored Map","Colored Powertips","Filter the Spire","Minty Spire (QoL Compilation)","Relic Stats","StSLib","The Bug Knight","Waifu the Spire","ojb\u0027s Better Paths Mod","ojb\u0027s Info Mod"],"gold_per_floor":[117,117,43,43,53,53,65,85,111,111,181,231,231,256,256,379,379,395,445,536,243,268,307,272,307,330,65,108,9,43,66,66,66,66],"floor_reached":33,"language":"ENG","playtime":1658,"items_purged":["HollowMod:NailStrikeStart","HollowMod:QuickDashStart","HollowMod:NailStrikeStart"],"score":338,"play_id":"9e053275-587e-4e45-b37d-1424449337c3","local_time":"20210209171320","is_ascension_mode":false,"campfire_choices":[{"data":"HollowMod:FastStrike","floor":6,"key":"SMITH"},{"data":"HollowMod:DashSlash","floor":13,"key":"SMITH"},{"data":"1","floor":15,"key":"LIFT"},{"data":"Apotheosis","floor":32,"key":"SMITH"}],"circlet_count":0,"master_deck":["HollowMod:NailStrikeStart","HollowMod:NailStrikeStart","HollowMod:QuickDashStart","HollowMod:QuickDashStart","HollowMod:QuickDashStart","HollowMod:FocusHealStart","HollowMod:PogoStrike","HollowMod:CrystalDash","HollowMod:FastStrike+1","HollowMod:DoubleDash","HollowMod:HeavyBlow","HollowMod:DashSlash+1","HollowMod:CloakDash","HollowMod:AwokenDreamNail","HollowMod:CoiledNail","HollowMod:SoulSplash","HollowMod:ChannelNail","Apotheosis+1","HollowMod:DesolateDive","HollowMod:MonarchWings","HollowMod:VengefulSpirit","HollowMod:PureNailStrike"],"relics":["HollowMod:VesselMask","Girya","Boot","SsserpentHead","Golden Idol","Coffee Dripper","MutagenicStrength","HollowMod:GreatKnightMask","Singing Bowl","Anchor","Smiling Mask","Bag of Marbles","Toy Ornithopter","Juzu Bracelet"],"acts_visited":["Exordium","TheCity"],"potions_floor_usage":[8,14,23,25,30,30],"damage_taken":[{"damage":9,"enemies":"Jaw Worm","floor":1,"turns":5},{"damage":6,"enemies":"2 Louse","floor":5,"turns":3},{"damage":0,"enemies":"Cultist","floor":7,"turns":2},{"damage":1,"enemies":"2 Fungi Beasts","floor":8,"turns":3},{"damage":1,"enemies":"Exordium Wildlife","floor":11,"turns":3},{"damage":9,"enemies":"Large Slime","floor":14,"turns":5},{"damage":28,"enemies":"Hexaghost","floor":16,"turns":10},{"damage":15,"enemies":"Shell Parasite","floor":18,"turns":4},{"damage":0,"enemies":"HollowMod:Zote","floor":20,"turns":2},{"damage":0,"enemies":"2 Thieves","floor":22,"turns":2},{"damage":25,"enemies":"Slavers","floor":23,"turns":8},{"damage":28,"enemies":"Book of Stabbing","floor":25,"turns":3},{"damage":10,"enemies":"Slavers","floor":28,"turns":4},{"damage":5,"enemies":"Book of Stabbing","floor":30,"turns":4},{"damage":0,"enemies":"Centurion and Healer","floor":31,"turns":4},{"damage":33,"enemies":"Automaton","floor":33,"turns":6}],"seed_played":"-9216394827661812017","potions_obtained":[{"floor":5,"key":"Fire Potion"},{"floor":8,"key":"GamblersBrew"},{"floor":20,"key":"SteroidPotion"},{"floor":22,"key":"Weak Potion"}],"is_trial":false,"path_per_floor":["M","?","$","?","M","R","M","M","T","?","M","?","R","M","R","B",null,"M","?","?","$","M","E","?","E","T","$","E","$","E","M","R","B"],"character_chosen":"THE_BUGKNIGHT","items_purchased":["HollowMod:FastStrike","HollowMod:ChannelNail","Apotheosis","HollowMod:DesolateDive","Bag of Marbles","HollowMod:VengefulSpirit","PowerPotion","FearPotion"],"campfire_rested":0,"item_purchase_floors":[3,21,21,21,27,27,29,29],"current_hp_per_floor":[55,52,52,52,52,52,52,57,57,57,56,56,56,53,53,37,69,54,54,54,54,54,39,39,13,13,13,5,5,18,18,18,0,0],"gold":66,"neow_bonus":"ONE_RARE_RELIC","is_daily":false,"chose_seed":false,"campfire_upgraded":3,"win_rate":0.0,"timestamp":1612908800,"path_taken":["M","?","$","?","M","R","M","M","T","?","?","?","R","M","R","BOSS","M","?","?","?","M","E","?","E","T","$","E","?","E","M","R","BOSS"],"items_purchased_type":["Card","Card","Card","Card","Relic","Card","Potion","Potion"],"build_version":"2020-12-22","purchased_purges":3,"victory":false,"max_hp_per_floor":[75,75,75,75,75,75,75,75,75,75,75,69,69,69,69,69,69,69,69,69,69,69,69,69,71,71,71,73,73,75,75,75,75,75],"relic_stats":{"SsserpentHead":350,"Singing Bowl":6,"counters":[16,68],"Golden Idol":82,"Juzu Bracelet":0,"Boot":[45],"Smiling Mask":125,"obtain_stats":[{"Girya":0,"Singing Bowl":24,"Golden Idol":12,"HollowMod:VesselMask":0,"HollowMod:GreatKnightMask":20,"Juzu Bracelet":30,"Boot":2,"Smiling Mask":26,"SsserpentHead":10,"Anchor":25,"MutagenicStrength":19,"Coffee Dripper":17,"Bag of Marbles":27,"Toy Ornithopter":28},{"Girya":0,"Singing Bowl":11,"Golden Idol":5,"HollowMod:VesselMask":0,"HollowMod:GreatKnightMask":9,"Juzu Bracelet":14,"Boot":1,"Smiling Mask":12,"SsserpentHead":4,"Anchor":12,"MutagenicStrength":8,"Coffee Dripper":7,"Bag of Marbles":12,"Toy Ornithopter":13},{"Girya":0,"Singing Bowl":47,"Golden Idol":16,"HollowMod:VesselMask":0,"HollowMod:GreatKnightMask":37,"Juzu Bracelet":58,"Boot":5,"Smiling Mask":50,"SsserpentHead":13,"Anchor":50,"MutagenicStrength":35,"Coffee Dripper":31,"Bag of Marbles":50,"Toy Ornithopter":54}],"Toy Ornithopter":10},"card_choices":[{"not_picked":["HollowMod:DescendingDark","HollowMod:Grubsong"],"picked":"HollowMod:CrystalDash","floor":1},{"not_picked":["HollowMod:NewJinnsSoul","HollowMod:SoulStrike"],"picked":"HollowMod:DoubleDash","floor":5},{"not_picked":["HollowMod:SharpenedNail","HollowMod:InfectedCysts"],"picked":"HollowMod:HeavyBlow","floor":7},{"not_picked":["HollowMod:WraithStrike","HollowMod:DreamGate"],"picked":"HollowMod:DashSlash","floor":8},{"not_picked":["HollowMod:DashSlash","HollowMod:InfectedCysts"],"picked":"HollowMod:CloakDash","floor":11},{"not_picked":["HollowMod:MothsMistake","HollowMod:SoulEater","HollowMod:SharpenedNail"],"picked":"SKIP","floor":14},{"not_picked":["HollowMod:PureVessel","HollowMod:NewInfectedGuardian"],"picked":"HollowMod:AwokenDreamNail","floor":16},{"not_picked":["HollowMod:LifebloodCocoon","HollowMod:ShapeofUnn+1"],"picked":"HollowMod:CoiledNail","floor":18},{"not_picked":["HollowMod:VengefulVoid+1","HollowMod:BaldurShell"],"picked":"HollowMod:SoulSplash","floor":20},{"not_picked":["HollowMod:HowlingWraiths+1","HollowMod:PerfectDash"],"picked":"HollowMod:MonarchWings","floor":22},{"not_picked":["HollowMod:VengefulVoid+1","HollowMod:BrokenVessel","HollowMod:ShadowDash+1"],"picked":"SKIP","floor":23},{"not_picked":["HollowMod:CornifersMapStart","HollowMod:RecoilStrike","HollowMod:TaintedHusks"],"picked":"Singing Bowl","floor":25},{"not_picked":["HollowMod:MawleksShell","HollowMod:ShadowDash+1","HollowMod:BrokenVessel"],"picked":"Singing Bowl","floor":28},{"not_picked":["HollowMod:SoulMaster","HollowMod:PerfectDash","HollowMod:SiblingsSouls+1"],"picked":"Singing Bowl","floor":30},{"not_picked":["HollowMod:BaldurShell","HollowMod:SharpenedNail"],"picked":"HollowMod:PureNailStrike","floor":31}],"player_experience":399821,"relics_obtained":[{"floor":20,"key":"HollowMod:GreatKnightMask"},{"floor":25,"key":"Anchor"},{"floor":26,"key":"Smiling Mask"},{"floor":28,"key":"Toy Ornithopter"},{"floor":30,"key":"Juzu Bracelet"}],"event_choices":[{"damage_healed":0,"gold_gain":0,"player_choice":"Success","damage_taken":3,"relics_obtained":["Boot"],"max_hp_gain":0,"max_hp_loss":0,"event_name":"Scrap Ooze","floor":2,"gold_loss":0},{"damage_healed":0,"gold_gain":0,"player_choice":"Trade","damage_taken":0,"relics_obtained":["SsserpentHead"],"max_hp_gain":0,"max_hp_loss":0,"event_name":"FaceTrader","floor":10,"gold_loss":0},{"damage_healed":0,"gold_gain":0,"player_choice":"Lose Max HP","damage_taken":0,"relics_obtained":["Golden Idol"],"max_hp_gain":0,"max_hp_loss":6,"event_name":"Golden Idol","floor":12,"gold_loss":0},{"damage_healed":0,"gold_gain":0,"player_choice":"Inject Mutagens","damage_taken":0,"relics_obtained":["MutagenicStrength"],"max_hp_gain":0,"max_hp_loss":0,"event_name":"Drug Dealer","floor":19,"gold_loss":0},{"damage_healed":0,"gold_gain":0,"player_choice":"Obtained Relic","damage_taken":0,"relics_obtained":["Singing Bowl"],"max_hp_gain":0,"max_hp_loss":0,"event_name":"Addict","floor":24,"gold_loss":85}],"is_beta":false,"boss_relics":[{"not_picked":["Ectoplasm","Tiny House"],"picked":"Coffee Dripper"}],"items_purged_floors":[21,27,29],"is_endless":false,"potions_floor_spawned":[5,8,20,22],"killed_by":"Automaton","ascension_level":0}}