{"host":"c6u7e77myxvw4d0m","time":1612879869,"event":{"mods":["AchievementEnabler","BaseMod","Bestiary","Colored Map","Colored Powertips","Minty Spire (QoL Compilation)","Rare Cards Sparkle","Relic Stats","everything is the same but u backflip on backflip"],"gold_per_floor":[368,384,403,415,415,415,3,17,17,35,35,99,99,30,30,103,103,43,43,43,43,43,43,43,43,43,43,43,43,43,43,43,43,43,43,43,43,43,43,43,43,43,43,43,43],"floor_reached":44,"language":"ENG","playtime":5209,"items_purged":["Strike_G"],"score":960,"play_id":"b38b0e54-e9c3-4f40-8ba7-e60a91054c84","local_time":"20210209161109","is_ascension_mode":true,"campfire_choices":[{"data":"Dagger Spray","floor":6,"key":"SMITH"},{"data":"Adrenaline","floor":11,"key":"SMITH"},{"data":"1","floor":13,"key":"LIFT"},{"data":"2","floor":15,"key":"LIFT"},{"floor":23,"key":"REST"},{"floor":28,"key":"REST"},{"data":"3","floor":32,"key":"LIFT"}],"circlet_count":0,"master_deck":["AscendersBane","Defend_G+1","Defend_G+1","Defend_G+1","Defend_G+1","Defend_G+1","Neutralize","Dagger Throw","Endless Agony","Dagger Spray+1","Dagger Spray","Bouncing Flask","Footwork","Dodge and Roll","Adrenaline+1","Deadly Poison","Doppelganger","Poisoned Stab","Backflip","Deflect","Poisoned Stab+1","Well Laid Plans+1","Catalyst+1","Bite","Bite","Bite","Bite","Bite","PiercingWail","Acrobatics","Corpse Explosion","Catalyst","Sucker Punch","Calculated Gamble","Deadly Poison"],"relics":["Ring of the Snake","TwistedFunnel","Pantograph","Girya","Ectoplasm","Shuriken","Busted Crown","Dream Catcher"],"acts_visited":["Exordium","TheCity","TheBeyond"],"potions_floor_usage":[10,10,16,31,33,33,37,41,41,44],"damage_taken":[{"damage":1,"enemies":"Cultist","floor":1,"turns":4},{"damage":1,"enemies":"Small Slimes","floor":2,"turns":3},{"damage":0,"enemies":"Jaw Worm","floor":3,"turns":3},{"damage":11,"enemies":"Looter","floor":4,"turns":3},{"damage":0,"enemies":"2 Fungi Beasts","floor":8,"turns":2},{"damage":6,"enemies":"Large Slime","floor":10,"turns":4},{"damage":2,"enemies":"Gremlin Nob","floor":12,"turns":3},{"damage":24,"enemies":"Hexaghost","floor":16,"turns":8},{"damage":12,"enemies":"2 Thieves","floor":18,"turns":3},{"damage":1,"enemies":"Spheric Guardian","floor":20,"turns":3},{"damage":29,"enemies":"Shelled Parasite and Fungi","floor":22,"turns":4},{"damage":9,"enemies":"Sentry and Sphere","floor":24,"turns":5},{"damage":16,"enemies":"Book of Stabbing","floor":25,"turns":5},{"damage":0,"enemies":"3 Cultists","floor":27,"turns":4},{"damage":2,"enemies":"Snecko","floor":30,"turns":3},{"damage":0,"enemies":"Snake Plant","floor":31,"turns":2},{"damage":14,"enemies":"Champ","floor":33,"turns":10},{"damage":13,"enemies":"3 Shapes","floor":35,"turns":4},{"damage":10,"enemies":"Orb Walker","floor":36,"turns":3},{"damage":0,"enemies":"Transient","floor":37,"turns":6},{"damage":55,"enemies":"Writhing Mass","floor":38,"turns":6},{"damage":13,"enemies":"Sphere and 2 Shapes","floor":40,"turns":5},{"damage":4,"enemies":"Jaw Worm Horde","floor":41,"turns":2},{"damage":0,"enemies":"Transient","floor":42,"turns":6},{"damage":38,"enemies":"Reptomancer","floor":44,"turns":2}],"seed_played":"-2725626843166248497","potions_obtained":[{"floor":4,"key":"Weak Potion"},{"floor":8,"key":"Swift Potion"},{"floor":12,"key":"AttackPotion"},{"floor":22,"key":"BlessingOfTheForge"},{"floor":30,"key":"SneckoOil"},{"floor":31,"key":"SneckoOil"},{"floor":33,"key":"FearPotion"},{"floor":36,"key":"Explosive Potion"},{"floor":38,"key":"CunningPotion"},{"floor":42,"key":"Regen Potion"}],"is_trial":false,"path_per_floor":["M","M","M","M","?","R","$","M","T","M","R","?","R","?","R","B",null,"M","?","M","?","M","R","M","E","T","M","R","?","M","M","R","B",null,"M","M","M","M","?","M","M","M","T","E"],"character_chosen":"THE_SILENT","items_purchased":["Bouncing Flask","Footwork","TwistedFunnel"],"campfire_rested":2,"item_purchase_floors":[7,7,7],"current_hp_per_floor":[43,42,42,31,31,31,31,31,31,25,25,23,23,23,23,24,56,44,44,43,43,14,33,24,8,8,10,29,29,33,39,39,66,66,55,49,65,14,14,7,7,21,21,0,0],"gold":43,"neow_bonus":"TWO_FIFTY_GOLD","is_daily":false,"chose_seed":false,"campfire_upgraded":2,"win_rate":0.0,"timestamp":1612879869,"path_taken":["M","M","?","M","?","R","$","M","T","M","R","?","R","?","R","BOSS","M","?","M","?","?","R","M","E","T","M","R","?","M","M","R","BOSS","M","M","M","M","?","M","M","?","T","E"],"items_purchased_type":["Card","Card","Relic"],"build_version":"2020-12-22","purchased_purges":1,"victory":false,"max_hp_per_floor":[66,66,66,66,66,66,66,66,66,66,66,66,66,66,66,66,66,66,66,66,66,66,66,66,66,66,66,66,66,66,66,66,66,66,66,66,66,66,66,66,66,66,66,66,66],"relic_stats":{"Dream Catcher":0,"Busted Crown":14,"counters":[25,103],"Shuriken":[25],"Pantograph":50,"Ectoplasm":380,"obtain_stats":[{"TwistedFunnel":7,"Blood Vial":26,"Girya":12,"Dream Catcher":43,"Busted Crown":34,"Shuriken":25,"Pantograph":9,"Ectoplasm":17,"Ring of the Snake":0},{"TwistedFunnel":4,"Blood Vial":13,"Girya":7,"Dream Catcher":24,"Busted Crown":17,"Shuriken":13,"Pantograph":5,"Ectoplasm":8,"Ring of the Snake":0},{"TwistedFunnel":13,"Blood Vial":50,"Girya":22,"Dream Catcher":101,"Busted Crown":69,"Shuriken":50,"Pantograph":15,"Ectoplasm":30,"Ring of the Snake":0}],"Ring of the Snake":[50]},"card_choices":[{"not_picked":["Dagger Spray","Acrobatics"],"picked":"Dagger Throw","floor":1},{"not_picked":["Finisher","Escape Plan"],"picked":"Endless Agony","floor":2},{"not_picked":["Calculated Gamble","Outmaneuver"],"picked":"Dagger Spray","floor":3},{"not_picked":["Dodge and Roll","Slice"],"picked":"Dagger Spray","floor":4},{"not_picked":["Flechettes","Acrobatics"],"picked":"Dodge and Roll","floor":8},{"not_picked":["Deadly Poison","Tactician"],"picked":"Adrenaline","floor":10},{"not_picked":["Terror","Flying Knee"],"picked":"Deadly Poison","floor":12},{"not_picked":["A Thousand Cuts","Storm of Steel"],"picked":"Doppelganger","floor":16},{"not_picked":["Concentrate","Finisher"],"picked":"Poisoned Stab","floor":18},{"not_picked":["Calculated Gamble","Deflect"],"picked":"Backflip","floor":20},{"not_picked":["Quick Slash","Flying Knee"],"picked":"Deflect","floor":22},{"not_picked":["Prepared","Dodge and Roll"],"picked":"Poisoned Stab+1","floor":24},{"not_picked":["Slice","Acrobatics"],"picked":"Well Laid Plans+1","floor":25},{"not_picked":["Crippling Poison","Dagger Throw"],"picked":"Catalyst+1","floor":27},{"not_picked":["Blur","Underhanded Strike"],"picked":"PiercingWail","floor":30},{"not_picked":["Quick Slash+1","Tactician"],"picked":"Acrobatics","floor":31},{"not_picked":["Bullet Time","Grand Finale"],"picked":"Corpse Explosion","floor":33},{"not_picked":["Blade Dance"],"picked":"SKIP","floor":35},{"not_picked":["Eviscerate"],"picked":"SKIP","floor":36},{"not_picked":["Poisoned Stab"],"picked":"SKIP","floor":37},{"not_picked":[],"picked":"Catalyst","floor":38},{"not_picked":[],"picked":"Calculated Gamble","floor":40},{"not_picked":[],"picked":"Deadly Poison","floor":41},{"not_picked":["Blade Dance+1"],"picked":"SKIP","floor":42}],"player_experience":749565,"relics_obtained":[{"floor":9,"key":"Pantograph"},{"floor":12,"key":"Girya"},{"floor":25,"key":"Shuriken"},{"floor":26,"key":"Blood Vial"},{"floor":43,"key":"Dream Catcher"}],"event_choices":[{"damage_healed":0,"gold_gain":0,"player_choice":"Fled","damage_taken":0,"max_hp_gain":0,"max_hp_loss":0,"event_name":"Scrap Ooze","floor":5,"gold_loss":0},{"damage_healed":0,"gold_gain":0,"player_choice":"Searched \u00271\u0027 times","damage_taken":0,"max_hp_gain":0,"max_hp_loss":0,"event_name":"Dead Adventurer","floor":12,"gold_loss":0},{"damage_healed":0,"gold_gain":0,"player_choice":"Left Gold","damage_taken":0,"max_hp_gain":0,"max_hp_loss":0,"event_name":"World of Goop","floor":14,"gold_loss":69},{"damage_healed":0,"gold_gain":0,"player_choice":"Simplicity","damage_taken":0,"max_hp_gain":0,"max_hp_loss":0,"event_name":"Back to Basics","floor":19,"gold_loss":0,"cards_upgraded":["Strike_G","Strike_G","Strike_G","Strike_G","Defend_G","Defend_G","Defend_G","Defend_G","Defend_G"]},{"cards_removed":["Strike_G"],"damage_healed":0,"gold_gain":0,"player_choice":"Offered Basic","damage_taken":0,"max_hp_gain":0,"max_hp_loss":0,"event_name":"Bonfire Elementals","floor":21,"gold_loss":0},{"damage_healed":0,"gold_gain":0,"player_choice":"Became a vampire (Vial)","damage_taken":0,"max_hp_gain":0,"max_hp_loss":0,"event_name":"Vampires","floor":29,"relics_lost":["Blood Vial"],"gold_loss":0,"cards_obtained":["Bite","Bite","Bite","Bite","Bite"]},{"damage_healed":0,"gold_gain":0,"cards_transformed":["Survivor"],"player_choice":"Transformed","damage_taken":0,"max_hp_gain":0,"max_hp_loss":0,"event_name":"Transmorgrifier","floor":39,"gold_loss":0,"cards_obtained":["Sucker Punch"]}],"is_beta":false,"boss_relics":[{"not_picked":["Velvet Choker","Coffee Dripper"],"picked":"Ectoplasm"},{"not_picked":["Pandora\u0027s Box","Runic Pyramid"],"picked":"Busted Crown"}],"items_purged_floors":[7],"is_endless":false,"potions_floor_spawned":[4,8,12,22,30,31,33,36,38,42],"killed_by":"Reptomancer","ascension_level":20}}