{"host":"qjy62f5erwny7xxh","time":1612902313,"event":{"mods":["2.2 Compatiblity","AchievementEnabler","BaseMod","Colored Powertips","Curses Come First","Downfall","Minty Spire (QoL Compilation)","StSLib"],"gold_per_floor":[119,134,134,209,228,228,288,288,288],"floor_reached":8,"language":"ENG","playtime":343,"items_purged":[],"score":76,"play_id":"dd1d3dc6-bda3-487b-a2aa-9ded5f443a31","local_time":"20210209202513","is_ascension_mode":true,"campfire_choices":[{"floor":6,"key":"REST"}],"circlet_count":0,"master_deck":["AscendersBane","Strike_R","Strike_R","Strike_R","Strike_R","Strike_R","Defend_R","Defend_R","Defend_R","Defend_R","Bash","Evolve","Sword Boomerang","Disarm","Heavy Blade","Anger"],"relics":["Burning Blood","Omamori","Bottled Tornado"],"acts_visited":["Exordium"],"potions_floor_usage":[7,8],"damage_taken":[{"damage":11,"enemies":"Small Slimes","floor":1,"turns":4},{"damage":7,"enemies":"2 Louse","floor":2,"turns":2},{"damage":5,"enemies":"Jaw Worm","floor":5,"turns":5},{"damage":50,"enemies":"Gremlin Nob","floor":7,"turns":5},{"damage":30,"enemies":"Gremlin Nob","floor":8,"turns":3}],"seed_played":"-2529667945906655922","potions_obtained":[{"floor":2,"key":"bronze:BurnAndBuffPotion"},{"floor":7,"key":"Guardian:BlockOnCardUsePotion"}],"is_trial":false,"path_per_floor":["M","M","?","?","M","R","?","E"],"character_chosen":"IRONCLAD","items_purchased":[],"campfire_rested":1,"item_purchase_floors":[],"current_hp_per_floor":[67,66,54,43,44,68,24,0,0],"gold":288,"neow_bonus":"THREE_CARDS","is_daily":false,"chose_seed":false,"campfire_upgraded":0,"win_rate":0.0,"timestamp":1612902313,"path_taken":["M","M","?","?","M","R","?","E"],"items_purchased_type":[],"build_version":"2020-12-22","purchased_purges":0,"victory":false,"max_hp_per_floor":[80,80,80,80,80,80,80,80,80],"card_choices":[{"not_picked":["Body Slam","Flex"],"picked":"Evolve","floor":0},{"not_picked":["Warcry","Body Slam"],"picked":"Sword Boomerang","floor":1},{"not_picked":["Twin Strike","Anger"],"picked":"Disarm","floor":2},{"not_picked":["Feel No Pain","Reckless Charge"],"picked":"Heavy Blade","floor":5},{"not_picked":["Sever Soul","Armaments"],"picked":"Anger","floor":7}],"player_experience":1195129,"relics_obtained":[{"floor":7,"key":"Bottled Tornado"}],"event_choices":[{"damage_healed":0,"gold_gain":0,"player_choice":"Success","damage_taken":12,"relics_obtained":["Omamori"],"max_hp_gain":0,"max_hp_loss":0,"event_name":"Scrap Ooze","floor":3,"gold_loss":0},{"damage_healed":0,"gold_gain":75,"player_choice":"Gather Gold","damage_taken":11,"max_hp_gain":0,"max_hp_loss":0,"event_name":"World of Goop","floor":4,"gold_loss":0},{"damage_healed":0,"gold_gain":30,"player_choice":"Searched \u00273\u0027 times","damage_taken":0,"max_hp_gain":0,"max_hp_loss":0,"event_name":"Dead Adventurer","floor":7,"gold_loss":0}],"is_beta":false,"boss_relics":[],"items_purged_floors":[],"is_endless":false,"potions_floor_spawned":[2,7],"killed_by":"Gremlin Nob","ascension_level":13}}