{"host":"3c8x8j1h2jyrixpf","time":1612904798,"event":{"mods":["BaseMod","Colored Powertips","Highlight Path","Minty Spire (QoL Compilation)","StSLib"],"gold_per_floor":[114,114,16,30,47,74,74,74,74,108,133,133,165,65,65,163,163,183,183,183,183,46,46,66,66,66],"floor_reached":25,"language":"ENG","playtime":761,"items_purged":["Defend_R","Strike_R"],"score":358,"play_id":"3a6c9abd-8976-4a34-acff-ac268dcbf283","local_time":"20210209150638","is_ascension_mode":true,"campfire_choices":[{"data":"Armaments","floor":7,"key":"SMITH"},{"floor":15,"key":"REST"},{"data":"Demon Form","floor":23,"key":"SMITH"}],"circlet_count":0,"master_deck":["AscendersBane","Strike_R","Strike_R","Strike_R","Strike_R","Defend_R","Defend_R","Defend_R","Bash","Armaments+1","Perfected Strike","Battle Trance","Cleave","Combust","Feed","Corruption","CurseOfTheBell","Writhe","Flame Barrier","Demon Form+1"],"relics":["Runic Pyramid","Dead Branch","Letter Opener","Orichalcum","Boot","Bag of Preparation","Toy Ornithopter","Calling Bell","Juzu Bracelet","Blue Candle","Pocketwatch","Regal Pillow","MutagenicStrength"],"acts_visited":["Exordium","TheCity"],"potions_floor_usage":[13],"damage_taken":[{"damage":10,"enemies":"Cultist","floor":1,"turns":5},{"damage":0,"enemies":"Jaw Worm","floor":4,"turns":5},{"damage":0,"enemies":"2 Louse","floor":5,"turns":2},{"damage":32,"enemies":"Gremlin Nob","floor":6,"turns":4},{"damage":12,"enemies":"Lagavulin","floor":10,"turns":7},{"damage":5,"enemies":"3 Sentries","floor":13,"turns":4},{"damage":7,"enemies":"Slime Boss","floor":16,"turns":7},{"damage":22,"enemies":"Shell Parasite","floor":18,"turns":5},{"damage":2,"enemies":"3 Byrds","floor":24,"turns":4},{"damage":65,"enemies":"3 Cultists","floor":25,"turns":5}],"seed_played":"6923795231143620126","potions_obtained":[{"floor":4,"key":"LiquidBronze"},{"floor":10,"key":"Explosive Potion"},{"floor":13,"key":"GamblersBrew"}],"is_trial":false,"path_per_floor":["M","?","$","M","M","E","R","$","T","E","T","?","E","$","R","B",null,"M","?","?","?","$","R","M","M"],"character_chosen":"IRONCLAD","items_purchased":["Perfected Strike","Demon Form"],"campfire_rested":1,"item_purchase_floors":[3,22],"current_hp_per_floor":[62,67,67,67,67,35,35,35,35,23,23,5,4,4,30,27,77,55,55,55,55,55,55,56,0,0],"gold":66,"neow_bonus":"BOSS_RELIC","is_daily":false,"chose_seed":false,"campfire_upgraded":2,"win_rate":0.0,"timestamp":1612904798,"path_taken":["M","?","?","M","?","E","R","$","T","E","?","?","E","$","R","BOSS","M","?","?","?","?","R","M","M"],"items_purchased_type":["Card","Card"],"build_version":"2020-12-22","purchased_purges":2,"victory":false,"max_hp_per_floor":[80,85,85,85,85,85,85,85,85,85,85,85,89,89,89,93,93,93,93,93,93,93,93,96,96,96],"card_choices":[{"not_picked":["Iron Wave","Flex"],"picked":"Armaments","floor":1},{"not_picked":["Wild Strike","Metallicize"],"picked":"Battle Trance","floor":4},{"not_picked":["Flex","Thunderclap"],"picked":"Cleave","floor":5},{"not_picked":["Thunderclap","Wild Strike"],"picked":"Combust","floor":6},{"not_picked":["True Grit","Heavy Blade"],"picked":"Feed","floor":10},{"not_picked":["Fire Breathing","Body Slam","Combust"],"picked":"SKIP","floor":13},{"not_picked":["Berserk","Exhume"],"picked":"Corruption","floor":16},{"not_picked":["Pummel+1","Sword Boomerang+1","Headbutt+1"],"picked":"SKIP","floor":18},{"not_picked":["Double Tap","Armaments","Body Slam+1"],"picked":"SKIP","floor":24}],"player_experience":218074,"relics_obtained":[{"floor":6,"key":"Dead Branch"},{"floor":9,"key":"Letter Opener"},{"floor":10,"key":"Orichalcum"},{"floor":11,"key":"Boot"},{"floor":13,"key":"Toy Ornithopter"},{"floor":17,"key":"Juzu Bracelet"},{"floor":17,"key":"Blue Candle"},{"floor":17,"key":"Pocketwatch"}],"event_choices":[{"damage_healed":0,"gold_gain":0,"player_choice":"Donut","damage_taken":0,"max_hp_gain":5,"max_hp_loss":0,"event_name":"Big Fish","floor":2,"gold_loss":0},{"damage_healed":0,"gold_gain":0,"player_choice":"Success","damage_taken":18,"relics_obtained":["Bag of Preparation"],"max_hp_gain":0,"max_hp_loss":0,"event_name":"Scrap Ooze","floor":12,"gold_loss":0},{"damage_healed":0,"gold_gain":0,"player_choice":"Opened","damage_taken":0,"relics_obtained":["Regal Pillow"],"max_hp_gain":0,"max_hp_loss":0,"event_name":"The Mausoleum","floor":19,"gold_loss":0,"cards_obtained":["Writhe"]},{"damage_healed":0,"gold_gain":0,"player_choice":"Inject Mutagens","damage_taken":0,"relics_obtained":["MutagenicStrength"],"max_hp_gain":0,"max_hp_loss":0,"event_name":"Drug Dealer","floor":20,"gold_loss":0},{"damage_healed":0,"gold_gain":0,"player_choice":"Read","damage_taken":0,"max_hp_gain":0,"max_hp_loss":0,"event_name":"The Library","floor":21,"gold_loss":0,"cards_obtained":["Flame Barrier"]}],"is_beta":false,"boss_relics":[{"not_picked":["Black Star","Velvet Choker"],"picked":"Calling Bell"}],"items_purged_floors":[3,14],"is_endless":false,"potions_floor_spawned":[4,10,13],"killed_by":"3 Cultists","ascension_level":11}}