{"host":"b96hyfeqj1peltkw","time":1612849427,"event":{"mods":["AchievementEnabler","Act Like it!","BaseMod","Block Reminder","Gensokyo","Minty Spire (QoL Compilation)","Practice Mode","StSLib"],"gold_per_floor":[114,143,143,157,157,157,176,176,223,59,59,76,101,147,147,224,274,287,287,287,287,287,320,320,95,119,119,119],"floor_reached":27,"language":"ZHS","playtime":726,"items_purged":["Injury","Writhe"],"score":428,"play_id":"78c1823a-90b8-469a-96dd-52877ad6fdc3","local_time":"20210209134347","is_ascension_mode":true,"campfire_choices":[{"data":"Eruption","floor":6,"key":"SMITH"},{"data":"Tantrum","floor":8,"key":"SMITH"},{"data":"JustLucky","floor":11,"key":"SMITH"},{"floor":15,"key":"REST"},{"data":"Gensokyo:FourOfAKind","floor":24,"key":"SMITH"}],"circlet_count":0,"master_deck":["AscendersBane","Strike_P","Strike_P","Defend_P","Defend_P","Defend_P","Defend_P","Eruption+1","Vigilance","JustLucky+1","Tantrum+1","CutThroughFate","ThirdEye+1","MentalFortress","SashWhip+1","Brilliance","CutThroughFate","LessonLearned","ClearTheMind","Gensokyo:FourOfAKind+1","Gensokyo:FourOfAKind","Gensokyo:FourOfAKind","Gensokyo:FourOfAKind","SignatureMove","Adaptation"],"relics":["PureWater","NeowsBlessing","Potion Belt","Boot","Centennial Puzzle","Pen Nib","Oddly Smooth Stone","Tiny House","Gensokyo:RedStar","Bottled Flame","CeramicFish","Vajra"],"acts_visited":["Gensokyo:Gensokyo","Gensokyo:Gensokyoer"],"potions_floor_usage":[13],"damage_taken":[{"damage":0,"enemies":"Gensokyo:Python","floor":1,"turns":1},{"damage":0,"enemies":"Gensokyo:Cirno","floor":2,"turns":2},{"damage":0,"enemies":"Gensokyo:2_Kodama","floor":4,"turns":1},{"damage":0,"enemies":"Gensokyo:3_Fairies","floor":7,"turns":2},{"damage":5,"enemies":"Gensokyo:Gryphon_and_Rabbit","floor":12,"turns":3},{"damage":47,"enemies":"Gensokyo:Cirno","floor":13,"turns":6},{"damage":4,"enemies":"Gensokyo:Reimu","floor":16,"turns":4},{"damage":0,"enemies":"Gensokyo:2_Gloops","floor":18,"turns":3},{"damage":32,"enemies":"Gensokyo:Koishi","floor":23,"turns":3},{"damage":30,"enemies":"Gensokyo:Tenshi","floor":27,"turns":3}],"seed_played":"-5422471682009463434","potions_obtained":[{"floor":1,"key":"ColorlessPotion"},{"floor":7,"key":"BottledMiracle"},{"floor":13,"key":"Explosive Potion"},{"floor":17,"key":"LiquidMemories"}],"is_trial":false,"path_per_floor":["M","?","?","M","?","R","M","R","T","$","R","M","E","T","R","B",null,"M","?","?","T","?","E","R","$","T","E"],"character_chosen":"WATCHER","items_purchased":["MentalFortress","SashWhip","SignatureMove","Adaptation"],"campfire_rested":1,"item_purchase_floors":[10,10,25,25],"current_hp_per_floor":[65,65,65,65,65,65,65,65,65,65,65,60,13,13,34,30,67,67,67,67,67,54,22,22,22,22,0,0],"gold":119,"neow_bonus":"THREE_ENEMY_KILL","is_daily":false,"chose_seed":false,"campfire_upgraded":4,"win_rate":0.0,"timestamp":1612849427,"path_taken":["M","?","?","M","?","R","?","R","T","?","R","M","E","?","R","BOSS","M","?","?","?","?","E","R","$","T","E"],"items_purchased_type":["Card","Card","Card","Card"],"build_version":"2020-12-22","purchased_purges":2,"victory":false,"max_hp_per_floor":[72,72,72,72,72,72,72,72,72,72,72,72,72,72,72,72,77,77,77,77,77,54,54,54,54,54,54,54],"card_choices":[{"not_picked":["Consecrate","Crescendo"],"picked":"JustLucky","floor":1},{"not_picked":["FlurryOfBlows","Evaluate"],"picked":"Tantrum","floor":2},{"not_picked":["Worship","DevaForm"],"picked":"CutThroughFate","floor":4},{"not_picked":["CarveReality","Evaluate"],"picked":"ThirdEye","floor":7},{"not_picked":["Prostrate","Wireheading"],"picked":"Brilliance","floor":12},{"not_picked":["Indignation","Protect"],"picked":"CutThroughFate","floor":13},{"not_picked":["Vault","Blasphemy"],"picked":"LessonLearned","floor":16},{"not_picked":["Crescendo","Halt"],"picked":"ClearTheMind","floor":17},{"not_picked":["Crescendo","ClearTheMind","FollowUp"],"picked":"SKIP","floor":18},{"not_picked":["CarveReality","WaveOfTheHand","DeceiveReality"],"picked":"SKIP","floor":23}],"player_experience":1374561,"relics_obtained":[{"floor":2,"key":"Potion Belt"},{"floor":9,"key":"Centennial Puzzle"},{"floor":13,"key":"Pen Nib"},{"floor":14,"key":"Oddly Smooth Stone"},{"floor":21,"key":"Bottled Flame"},{"floor":23,"key":"CeramicFish"},{"floor":26,"key":"Vajra"}],"event_choices":[],"is_beta":false,"boss_relics":[{"not_picked":["Empty Cage","Snecko Eye"],"picked":"Tiny House"}],"items_purged_floors":[10,25],"is_endless":false,"potions_floor_spawned":[1,7,13],"killed_by":"Gensokyo:Tenshi","ascension_level":13}}