{"host":"o3n4et6u1y1w2h5j","time":1612836736,"event":{"mods":["AchievementEnabler","BaseMod","Block Reminder","Minty Spire (QoL Compilation)","Rare Cards Sparkle","Relic Stats","StSLib"],"gold_per_floor":[114,114,114,124,134,162,162,16,39,69,84,97,172,16,16,113,113,131,150,6,17,17,17,34,48,48,58,71,106,125,137,137,235,235,255,255,164,1163,1163,1163,1163,1181,1181,881,896,925,925,940,940,940,940,940,91,116,116],"floor_reached":56,"language":"ENG","playtime":3927,"items_purged":["Strike_G","Strike_G","Defend_G"],"score":1361,"play_id":"817911be-fdd4-432f-a08e-071f7d6852dc","local_time":"20210208181216","is_ascension_mode":false,"campfire_choices":[{"data":"Blade Dance","floor":7,"key":"SMITH"},{"data":"Infinite Blades","floor":15,"key":"SMITH"},{"data":"Adrenaline","floor":23,"key":"SMITH"},{"data":"After Image","floor":32,"key":"SMITH"},{"data":"Accuracy","floor":40,"key":"SMITH"},{"floor":49,"key":"RECALL"},{"data":"Phantasmal Killer","floor":52,"key":"SMITH"}],"circlet_count":0,"master_deck":["Defend_G","Defend_G","Defend_G","Defend_G","Survivor","Neutralize","All Out Attack+1","Blade Dance+1","Sucker Punch","Adrenaline+1","Cloak And Dagger","Blade Dance","Infinite Blades+1","Night Terror","Flying Knee","PiercingWail","Leg Sweep+1","After Image+1","Accuracy+1","Blur","Phantasmal Killer+1","Blade Dance","Escape Plan","Doppelganger","Adrenaline+1","A Thousand Cuts+1","Flying Knee+1","Blade Dance+1","Impatience","Discovery","Cloak And Dagger","Backflip","Accuracy+1","Escape Plan","Caltrops","Prepared+1","Blur+1","Caltrops+1","PiercingWail+1"],"relics":["Ring of the Snake","Omamori","Ancient Tea Set","Kunai","Lantern","Tiny Chest","WristBlade","Nunchaku","Ninja Scroll","InkBottle","Blood Vial","Astrolabe","Centennial Puzzle","Pear","PreservedInsect","The Courier","Mummified Hand","Orrery","Letter Opener","Bag of Marbles","FossilizedHelix"],"acts_visited":["Exordium","TheCity","TheBeyond","TheEnding"],"potions_floor_usage":[6,6,55,55],"damage_taken":[{"damage":11,"enemies":"Jaw Worm","floor":1,"turns":4},{"damage":0,"enemies":"2 Louse","floor":4,"turns":2},{"damage":0,"enemies":"Cultist","floor":5,"turns":3},{"damage":16,"enemies":"Gremlin Nob","floor":6,"turns":3},{"damage":0,"enemies":"3 Sentries","floor":10,"turns":4},{"damage":3,"enemies":"Blue Slaver","floor":11,"turns":3},{"damage":1,"enemies":"Gremlin Gang","floor":12,"turns":3},{"damage":10,"enemies":"Hexaghost","floor":16,"turns":11},{"damage":0,"enemies":"Spheric Guardian","floor":18,"turns":2},{"damage":5,"enemies":"Shell Parasite","floor":19,"turns":3},{"damage":11,"enemies":"Snecko","floor":21,"turns":3},{"damage":0,"enemies":"Centurion and Healer","floor":24,"turns":3},{"damage":0,"enemies":"Snake Plant","floor":25,"turns":4},{"damage":0,"enemies":"Snecko","floor":27,"turns":2},{"damage":0,"enemies":"Cultist and Chosen","floor":28,"turns":4},{"damage":0,"enemies":"Gremlin Leader","floor":29,"turns":3},{"damage":9,"enemies":"Shelled Parasite and Fungi","floor":30,"turns":3},{"damage":0,"enemies":"Sentry and Sphere","floor":31,"turns":1},{"damage":3,"enemies":"Collector","floor":33,"turns":8},{"damage":0,"enemies":"3 Darklings","floor":35,"turns":4},{"damage":1,"enemies":"3 Shapes","floor":42,"turns":2},{"damage":0,"enemies":"Sphere and 2 Shapes","floor":45,"turns":3},{"damage":1,"enemies":"Giant Head","floor":46,"turns":3},{"damage":2,"enemies":"Writhing Mass","floor":48,"turns":3},{"damage":0,"enemies":"Donu and Deca","floor":50,"turns":3},{"damage":0,"enemies":"Shield and Spear","floor":54,"turns":3},{"damage":31,"enemies":"The Heart","floor":55,"turns":5}],"seed_played":"-3717249545102875484","potions_obtained":[{"floor":1,"key":"PowerPotion"},{"floor":5,"key":"DistilledChaos"},{"floor":10,"key":"CultistPotion"},{"floor":18,"key":"PowerPotion"},{"floor":21,"key":"CunningPotion"},{"floor":31,"key":"DuplicationPotion"},{"floor":35,"key":"Energy Potion"}],"is_trial":false,"path_per_floor":["M","?","?","M","M","E","R","$","T","E","M","M","?","$","R","B",null,"M","M","$","M","T","R","M","M","T","M","M","E","M","M","R","B",null,"M","?","$","?","T","R","?","M","T","$","M","E","?","M","R","B",null,"R","$","E","B",null],"character_chosen":"THE_SILENT","items_purchased":["Lantern","Infinite Blades","Nunchaku","Impatience","PreservedInsect","Backflip","Mummified Hand","Caltrops","Orrery","Letter Opener","Bag of Marbles","CultistPotion"],"campfire_rested":0,"item_purchase_floors":[8,14,20,37,44,44,53,53,53,53,53,53],"current_hp_per_floor":[59,47,47,47,47,31,31,31,31,31,28,27,20,20,20,10,70,70,65,65,54,54,54,54,54,54,54,54,54,47,49,49,48,70,70,70,70,70,70,70,65,66,76,76,78,79,79,78,78,80,80,80,80,80,49],"gold":116,"neow_bonus":"RANDOM_COMMON_RELIC","is_daily":false,"chose_seed":false,"campfire_upgraded":6,"win_rate":0.0,"timestamp":1612836736,"path_taken":["M","?","?","M","M","E","R","$","T","E","M","?","?","$","R","BOSS","M","M","$","?","?","R","M","?","T","M","M","E","M","M","R","BOSS","M","?","$","?","?","R","?","M","T","$","?","E","?","M","R","BOSS","R","$","E","BOSS"],"items_purchased_type":["Relic","Card","Relic","Card","Relic","Card","Relic","Card","Relic","Relic","Relic","Potion"],"build_version":"2020-12-22","purchased_purges":3,"victory":true,"max_hp_per_floor":[70,70,70,70,70,70,70,70,70,70,70,70,70,70,70,70,70,70,70,70,70,70,70,70,70,70,70,70,70,70,70,70,70,70,70,70,70,70,70,70,70,70,80,80,80,80,80,80,80,80,80,80,80,80,80],"relic_stats":{"counters":[27,95],"Astrolabe":["Adrenaline","A Thousand Cuts","Flying Knee"],"PreservedInsect":193,"Letter Opener":[55],"Blood Vial":15,"Nunchaku":[32],"Centennial Puzzle":[12],"Mummified Hand":[17],"Tiny Chest":2,"Kunai":[124],"obtain_stats":[{"Lantern":8,"Pear":43,"Astrolabe":34,"PreservedInsect":44,"The Courier":46,"Omamori":0,"Letter Opener":53,"Ancient Tea Set":2,"Blood Vial":29,"Nunchaku":20,"Centennial Puzzle":39,"WristBlade":17,"Ninja Scroll":22,"Mummified Hand":53,"Orrery":53,"Tiny Chest":10,"Bag of Marbles":53,"Kunai":6,"InkBottle":26,"FossilizedHelix":54,"Ring of the Snake":0},{"Lantern":4,"Pear":21,"Astrolabe":19,"PreservedInsect":21,"The Courier":23,"Omamori":0,"Letter Opener":25,"Ancient Tea Set":1,"Blood Vial":16,"Nunchaku":10,"Centennial Puzzle":20,"WristBlade":8,"Ninja Scroll":11,"Mummified Hand":25,"Orrery":25,"Tiny Chest":5,"Bag of Marbles":25,"Kunai":4,"InkBottle":13,"FossilizedHelix":26,"Ring of the Snake":0},{"Lantern":12,"Pear":75,"Astrolabe":69,"PreservedInsect":75,"The Courier":81,"Omamori":0,"Letter Opener":87,"Ancient Tea Set":4,"Blood Vial":57,"Nunchaku":38,"Centennial Puzzle":73,"WristBlade":33,"Ninja Scroll":41,"Mummified Hand":87,"Orrery":87,"Tiny Chest":16,"Bag of Marbles":87,"Kunai":12,"InkBottle":48,"FossilizedHelix":90,"Ring of the Snake":0}],"InkBottle":[44],"Ring of the Snake":[54]},"card_choices":[{"not_picked":["Caltrops","Outmaneuver"],"picked":"All Out Attack","floor":1},{"not_picked":["Poisoned Stab","Flying Knee"],"picked":"Blade Dance","floor":4},{"not_picked":["Underhanded Strike","Outmaneuver"],"picked":"Sucker Punch","floor":5},{"not_picked":["Flechettes","Blur"],"picked":"Adrenaline","floor":6},{"not_picked":["Noxious Fumes","Riddle With Holes"],"picked":"Cloak And Dagger","floor":10},{"not_picked":["All Out Attack","Bane"],"picked":"Blade Dance","floor":11},{"not_picked":["Deflect","Underhanded Strike","Prepared"],"picked":"SKIP","floor":12},{"not_picked":["Die Die Die","Storm of Steel"],"picked":"Night Terror","floor":16},{"not_picked":["Backflip","Prepared","Riddle With Holes"],"picked":"SKIP","floor":18},{"not_picked":["Quick Slash","Deadly Poison"],"picked":"Flying Knee","floor":19},{"not_picked":["Deflect","Prepared"],"picked":"PiercingWail","floor":21},{"not_picked":["Deflect","Acrobatics"],"picked":"Leg Sweep+1","floor":24},{"not_picked":["Underhanded Strike","Terror"],"picked":"After Image","floor":25},{"not_picked":["Skewer","Masterful Stab"],"picked":"Accuracy","floor":27},{"not_picked":["All Out Attack","Prepared"],"picked":"Blur","floor":28},{"not_picked":["Dagger Spray","Backflip"],"picked":"Phantasmal Killer","floor":29},{"not_picked":["Poisoned Stab","Deflect"],"picked":"Blade Dance","floor":30},{"not_picked":["Heel Hook","Slice"],"picked":"Escape Plan","floor":31},{"not_picked":["Die Die Die","Night Terror"],"picked":"Doppelganger","floor":33},{"not_picked":["Dagger Spray+1","Prepared+1"],"picked":"Blade Dance+1","floor":35},{"not_picked":["Madness","Blind"],"picked":"Discovery","floor":41},{"not_picked":["Underhanded Strike+1","Catalyst+1"],"picked":"Cloak And Dagger","floor":42},{"not_picked":["PiercingWail+1","Acrobatics+1"],"picked":"Accuracy","floor":45},{"not_picked":["Bane+1","Flechettes+1","Deflect"],"picked":"SKIP","floor":46},{"not_picked":["Slice+1","Choke+1"],"picked":"Escape Plan","floor":48},{"not_picked":["Acrobatics","Dagger Throw"],"picked":"Prepared+1","floor":53},{"not_picked":["Poisoned Stab+1","Distraction"],"picked":"Blur+1","floor":53},{"not_picked":["Dash+1","Deflect+1"],"picked":"Caltrops+1","floor":53},{"not_picked":["Dagger Throw+1","Noxious Fumes+1"],"picked":"PiercingWail+1","floor":53},{"not_picked":["Acrobatics","Underhanded Strike","Catalyst+1"],"picked":"SKIP","floor":54}],"player_experience":49188,"relics_obtained":[{"floor":6,"key":"Kunai"},{"floor":10,"key":"Tiny Chest"},{"floor":22,"key":"Ninja Scroll"},{"floor":26,"key":"InkBottle"},{"floor":29,"key":"Blood Vial"},{"floor":39,"key":"Centennial Puzzle"},{"floor":43,"key":"Pear"},{"floor":46,"key":"The Courier"},{"floor":54,"key":"FossilizedHelix"}],"event_choices":[{"damage_healed":0,"gold_gain":0,"player_choice":"Success","damage_taken":12,"relics_obtained":["Ancient Tea Set"],"max_hp_gain":0,"max_hp_loss":0,"event_name":"Scrap Ooze","floor":2,"gold_loss":0},{"damage_healed":0,"gold_gain":0,"player_choice":"Upgraded","damage_taken":0,"max_hp_gain":0,"max_hp_loss":0,"event_name":"Upgrade Shrine","floor":3,"gold_loss":0,"cards_upgraded":["All Out Attack"]},{"damage_healed":0,"gold_gain":75,"player_choice":"Touch","damage_taken":7,"max_hp_gain":0,"max_hp_loss":0,"event_name":"FaceTrader","floor":13,"gold_loss":0},{"damage_healed":0,"gold_gain":0,"player_choice":"Ignored","damage_taken":0,"max_hp_gain":0,"max_hp_loss":0,"event_name":"Tomb of Lord Red Mask","floor":36,"gold_loss":0},{"damage_healed":0,"gold_gain":999,"player_choice":"Gold","damage_taken":0,"max_hp_gain":0,"max_hp_loss":0,"event_name":"MindBloom","floor":38,"gold_loss":0,"cards_obtained":["Normality","Normality"]},{"damage_healed":0,"gold_gain":0,"player_choice":"Memory 2","damage_taken":5,"max_hp_gain":0,"max_hp_loss":0,"event_name":"SensoryStone","floor":41,"gold_loss":0},{"damage_healed":0,"gold_gain":0,"player_choice":"Upgraded","damage_taken":0,"max_hp_gain":0,"max_hp_loss":0,"event_name":"Upgrade Shrine","floor":47,"gold_loss":0,"cards_upgraded":["Accuracy"]}],"is_beta":false,"boss_relics":[{"not_picked":["Calling Bell","Empty Cage"],"picked":"WristBlade"},{"not_picked":["Philosopher\u0027s Stone","HoveringKite"],"picked":"Astrolabe"}],"items_purged_floors":[14,44,53],"is_endless":false,"potions_floor_spawned":[1,5,10,18,21,29,30,31,35,42,54],"ascension_level":0}}