{"host":"0kwl2uefibxd2nsv","time":1612883560,"event":{"mods":["Act Like it!","Aspiration","BaseMod","Better Note","BetterRewards","DeckTracker","Googly Eyes","Minty Spire (QoL Compilation)","Reliquary","Shop Mod","StS++","StSLib"],"gold_per_floor":[116,133,149,169,183,218,218,252,252,252,270,270,296,311,311,416,416,434,453,453,86,86,86,119,119,119,119,148,148,160,178,178,274,274,289,289,33,83,83,83,101,134,157,174,174,187,216,91,91,91],"floor_reached":51,"language":"ENG","playtime":2248,"items_purged":["Strike_G","Writhe","Injury"],"score":1545,"play_id":"fd28a4c7-30d3-4052-98c1-d3fccb44136f","local_time":"20210209161240","is_ascension_mode":true,"campfire_choices":[{"floor":7,"key":"REST"},{"floor":15,"key":"REST"},{"data":"Neutralize","floor":23,"key":"SMITH"},{"data":"Blade Dance","floor":27,"key":"SMITH"},{"data":"Blade Dance","floor":29,"key":"SMITH"},{"floor":32,"key":"REST"},{"data":"After Image","floor":40,"key":"SMITH"},{"data":"Leg Sweep","floor":45,"key":"SMITH"},{"floor":49,"key":"REST"}],"circlet_count":0,"master_deck":["AscendersBane","Strike_G+1","Strike_G","Strike_G+1","Defend_G","Defend_G","Defend_G","Defend_G","Defend_G","Survivor","Neutralize+1","Blade Dance+1","Finesse","Blade Dance+1","Deflect","Dodge and Roll","Backflip","Leg Sweep","Leg Sweep+1","Injury","Glass Knife","PiercingWail+1","Blur+1","Storm of Steel+1","Endless Agony+1","Cloak And Dagger+1","Cloak And Dagger+1","PiercingWail+1","After Image+1","CurseOfTheBell","After Image","Blade Dance+1","Dodge and Roll+1","Deflect+1","Finisher","Dodge and Roll+1","Dodge and Roll+1"],"relics":["Ring of the Snake","Tiny Chest","Shuriken","Gremlin Horn","Lizard Tail","Oddly Smooth Stone","Toxic Egg 2","Anchor","Cursed Key","Boot","Omamori","Strawberry","Mummified Hand","WingedGreaves","Whetstone","Calling Bell","Bag of Preparation","StSpp:SailingBoat","StSpp:GiftCard","Question Card","DollysMirror","aspiration:AnachronicSnailShell","StSpp:BoiledEgg","Vajra","reliquary:WeakTea"],"acts_visited":["Exordium","TheCity","TheBeyond"],"potions_floor_usage":[4,5,33,33,44,47,50,50],"damage_taken":[{"damage":0,"enemies":"Cultist","floor":1,"turns":3},{"damage":0,"enemies":"Jaw Worm","floor":2,"turns":2},{"damage":0,"enemies":"2 Louse","floor":3,"turns":3},{"damage":5,"enemies":"Blue Slaver","floor":4,"turns":2},{"damage":2,"enemies":"Large Slime","floor":5,"turns":8},{"damage":23,"enemies":"Lagavulin","floor":6,"turns":6},{"damage":19,"enemies":"Gremlin Nob","floor":8,"turns":4},{"damage":0,"enemies":"Looter","floor":11,"turns":4},{"damage":0,"enemies":"2 Fungi Beasts","floor":14,"turns":4},{"damage":7,"enemies":"Hexaghost","floor":16,"turns":14},{"damage":0,"enemies":"Shell Parasite","floor":18,"turns":5},{"damage":0,"enemies":"3 Byrds","floor":19,"turns":5},{"damage":17,"enemies":"Book of Stabbing","floor":24,"turns":8},{"damage":19,"enemies":"Gremlin Leader","floor":28,"turns":6},{"damage":0,"enemies":"Centurion and Healer","floor":30,"turns":5},{"damage":4,"enemies":"3 Cultists","floor":31,"turns":4},{"damage":49,"enemies":"Collector","floor":33,"turns":12},{"damage":0,"enemies":"Orb Walker","floor":35,"turns":3},{"damage":0,"enemies":"Mind Bloom Boss Battle","floor":38,"turns":7},{"damage":1,"enemies":"3 Darklings","floor":41,"turns":4},{"damage":17,"enemies":"Giant Head","floor":42,"turns":10},{"damage":4,"enemies":"Maw","floor":44,"turns":8},{"damage":0,"enemies":"Jaw Worm Horde","floor":46,"turns":5},{"damage":0,"enemies":"Nemesis","floor":47,"turns":3},{"damage":3,"enemies":"Awakened One","floor":50,"turns":15}],"seed_played":"-8532157161854970430","potions_obtained":[{"floor":1,"key":"SkillPotion"},{"floor":2,"key":"StSpp:SecondWindPotion"},{"floor":3,"key":"Swift Potion"},{"floor":8,"key":"Poison Potion"},{"floor":24,"key":"FairyPotion"},{"floor":28,"key":"Poison Potion"},{"floor":31,"key":"Regen Potion"},{"floor":38,"key":"SteroidPotion"},{"floor":42,"key":"BlessingOfTheForge"},{"floor":44,"key":"DuplicationPotion"},{"floor":47,"key":"SteroidPotion"}],"is_trial":false,"path_per_floor":["M","M","M","M","M","E","R","E","T","?","M","?","T","M","R","B",null,"M","M","?","$","?","R","E","T","T","R","E","R","M","M","R","B",null,"M","T","$","?","$","R","M","E","T","M","R","M","E","$","R","B",null],"character_chosen":"THE_SILENT","items_purchased":["Tiny Chest","Shuriken","Blade Dance","Finesse","Blade Dance","Storm of Steel+1","Omamori","DollysMirror","Dodge and Roll+1"],"campfire_rested":4,"item_purchase_floors":[0,0,0,0,0,21,21,37,39],"current_hp_per_floor":[35,35,35,30,28,5,26,7,7,7,7,7,7,7,28,21,58,58,58,58,58,58,58,48,48,48,48,29,29,29,25,48,14,61,61,61,61,61,61,61,60,43,43,39,39,39,39,39,62,59],"gold":91,"neow_bonus":"","is_daily":false,"chose_seed":false,"campfire_upgraded":5,"win_rate":0.0,"timestamp":1612883560,"path_taken":["M","?","M","M","M","E","R","E","T","?","M","?","?","M","R","BOSS","M","M","?","$","?","R","E","?","T","R","E","R","M","M","R","BOSS","M","?","$","?","?","R","M","E","T","M","R","M","E","$","R","BOSS"],"items_purchased_type":["Relic","Relic","Card","Card","Card","Card","Relic","Relic","Card"],"build_version":"2020-12-22","purchased_purges":3,"victory":true,"max_hp_per_floor":[70,70,70,70,70,70,70,70,70,70,70,70,70,70,70,70,70,70,70,70,70,70,70,77,77,77,77,77,77,77,77,77,77,77,77,77,77,77,77,77,77,77,77,77,77,77,77,77,77,77],"card_choices":[{"not_picked":["Flechettes","Riddle With Holes"],"picked":"Deflect","floor":1},{"not_picked":["Outmaneuver","Skewer"],"picked":"Dodge and Roll","floor":2},{"not_picked":["Slice","Dagger Spray","Bouncing Flask"],"picked":"SKIP","floor":3},{"not_picked":["Leg Sweep","Acrobatics"],"picked":"Backflip","floor":4},{"not_picked":["StSpp:PoisonousPunch","StSpp:CorrosivePoison","Flying Knee"],"picked":"SKIP","floor":5},{"not_picked":["Slice","Dodge and Roll"],"picked":"Leg Sweep","floor":6},{"not_picked":["Noxious Fumes","Dodge and Roll"],"picked":"Leg Sweep","floor":8},{"not_picked":["Burst+1","Poisoned Stab","Deadly Poison+1"],"picked":"SKIP","floor":11},{"not_picked":["Setup+1","Outmaneuver+1"],"picked":"Glass Knife","floor":14},{"not_picked":["Dagger Spray","Flying Knee"],"picked":"PiercingWail+1","floor":18},{"not_picked":["Deadly Poison+1","Bouncing Flask+1"],"picked":"Blur+1","floor":19},{"not_picked":["Storm of Steel+1","Bouncing Flask+1"],"picked":"Endless Agony+1","floor":24},{"not_picked":["Deadly Poison+1","Predator+1"],"picked":"Cloak And Dagger+1","floor":28},{"not_picked":["Deadly Poison+1","Poisoned Stab+1"],"picked":"Cloak And Dagger+1","floor":30},{"not_picked":["Slice","Underhanded Strike"],"picked":"PiercingWail+1","floor":31},{"not_picked":["Malaise+1","StSpp:SwitchWeapon"],"picked":"After Image","floor":33},{"not_picked":["Masterful Stab+1","Prepared+1","Underhanded Strike"],"picked":"SKIP","floor":35},{"not_picked":["Terror+1","Dodge and Roll+1","Flying Knee+1"],"picked":"Blade Dance+1","floor":38},{"not_picked":["Backflip+1","Quick Slash+1","Dagger Throw+1"],"picked":"Deflect+1","floor":41},{"not_picked":["Storm of Steel+1","Expertise+1","Quick Slash"],"picked":"Finisher","floor":42},{"not_picked":["Outmaneuver+1","Slice","Bouncing Flask+1"],"picked":"Dodge and Roll+1","floor":44},{"not_picked":["Choke+1","Reflex+1","Setup+1","StSpp:CorrosivePoison+1"],"picked":"SKIP","floor":46},{"not_picked":["Sucker Punch+1","Expertise+1","Bane+1"],"picked":"Dodge and Roll+1","floor":47}],"player_experience":2023514,"relics_obtained":[{"floor":6,"key":"Gremlin Horn"},{"floor":8,"key":"Lizard Tail"},{"floor":9,"key":"Oddly Smooth Stone"},{"floor":13,"key":"Anchor"},{"floor":24,"key":"Strawberry"},{"floor":25,"key":"Mummified Hand"},{"floor":26,"key":"WingedGreaves"},{"floor":28,"key":"Whetstone"},{"floor":34,"key":"Bag of Preparation"},{"floor":34,"key":"StSpp:SailingBoat"},{"floor":34,"key":"StSpp:GiftCard"},{"floor":36,"key":"Question Card"},{"floor":38,"key":"aspiration:AnachronicSnailShell"},{"floor":42,"key":"StSpp:BoiledEgg"},{"floor":43,"key":"Vajra"},{"floor":47,"key":"reliquary:WeakTea"}],"event_choices":[{"damage_healed":0,"gold_gain":0,"player_choice":"Ignored","damage_taken":0,"max_hp_gain":0,"max_hp_loss":0,"event_name":"Golden Wing","floor":12,"gold_loss":0},{"damage_healed":0,"gold_gain":0,"player_choice":"Gave Potion","damage_taken":0,"relics_obtained":["Boot"],"max_hp_gain":0,"max_hp_loss":0,"event_name":"WeMeetAgain","floor":20,"gold_loss":0},{"cards_removed":["Strike_G"],"damage_healed":0,"gold_gain":0,"player_choice":"Offered Basic","damage_taken":0,"max_hp_gain":0,"max_hp_loss":0,"event_name":"Bonfire Elementals","floor":22,"gold_loss":0},{"damage_healed":0,"gold_gain":0,"player_choice":"Fight","damage_taken":0,"max_hp_gain":0,"max_hp_loss":0,"event_name":"MindBloom","floor":38,"gold_loss":0}],"is_beta":false,"boss_relics":[{"not_picked":["aspiration:FutureDiary","Runic Dome"],"picked":"Cursed Key"},{"not_picked":["Sozu","SacredBark"],"picked":"Calling Bell"}],"items_purged_floors":[21,37,48],"is_endless":false,"potions_floor_spawned":[1,2,3,8,24,28,31,38,42,44,47],"ascension_level":10}}