{"host":"zsnmfqgcm92hlreo","time":1612849438,"event":{"mods":["AchievementEnabler","BaseMod","Bestiary","Block Reminder","Colored Map","Colored Powertips","Minty Spire (QoL Compilation)","Permanent Neow","Quick Restart","Relic Stats","StSLib","Weighted Paths"],"gold_per_floor":[119,119,41,91,104,104,129,147,147,173,186,220,220,250,250,327,327,338,352,402,402,327,327,362,362,389,422,422,178,207,222,222,294,294,311,311,97,112,122,155,155,206,206,206,206,234,36,51,51,51,51,51],"floor_reached":51,"language":"ENG","playtime":1816,"items_purged":[],"score":1524,"play_id":"01e74509-5b24-4feb-bf73-a1e8fdb49158","local_time":"20210208234358","is_ascension_mode":true,"campfire_choices":[{"floor":6.0,"key":"REST"},{"floor":13.0,"key":"REST"},{"data":"1","floor":15.0,"key":"LIFT"},{"data":"2","floor":23.0,"key":"LIFT"},{"data":"3","floor":28.0,"key":"LIFT"},{"floor":32.0,"key":"REST"},{"floor":41.0,"key":"REST"},{"floor":49.0,"key":"RECALL"}],"circlet_count":0,"master_deck":["AscendersBane","Strike_R","Strike_R","Strike_R","Strike_R","Strike_R","Defend_R","Defend_R","Defend_R","Bash","Clothesline","Inflame","Armaments","Immolate","Pummel","Twin Strike","Pommel Strike","Shrug It Off","Impervious","CurseOfTheBell","Perfected Strike+1","Whirlwind","Fire Breathing","Second Wind+1","Pummel","Sword Boomerang","Fiend Fire","Spot Weakness","Violence","Twin Strike","Spot Weakness"],"relics":["Mark of Pain","Incense Burner","Anchor","Girya","Happy Flower","Darkstone Periapt","CaptainsWheel","Calling Bell","Lantern","Self Forming Clay","Peace Pipe","Singing Bowl","Strawberry","Orichalcum","Bag of Marbles","Medical Kit","Regal Pillow","Runic Dome","Lee\u0027s Waffle","Pocketwatch","Bird Faced Urn","Eternal Feather"],"acts_visited":["Exordium","TheCity","TheBeyond"],"potions_floor_usage":[50,50,50,51],"damage_taken":[{"damage":1.0,"enemies":"2 Louse","floor":1.0,"turns":3.0},{"damage":3.0,"enemies":"Small Slimes","floor":5.0,"turns":3.0},{"damage":35.0,"enemies":"3 Sentries","floor":7.0,"turns":7.0},{"damage":0.0,"enemies":"Cultist","floor":8.0,"turns":2.0},{"damage":33.0,"enemies":"Lagavulin","floor":10.0,"turns":8.0},{"damage":0.0,"enemies":"Large Slime","floor":11.0,"turns":4.0},{"damage":6.0,"enemies":"Gremlin Nob","floor":12.0,"turns":3.0},{"damage":5.0,"enemies":"3 Sentries","floor":14.0,"turns":4.0},{"damage":29.0,"enemies":"The Guardian","floor":16.0,"turns":10.0},{"damage":0.0,"enemies":"Shell Parasite","floor":18.0,"turns":4.0},{"damage":4.0,"enemies":"2 Thieves","floor":19.0,"turns":2.0},{"damage":11.0,"enemies":"Book of Stabbing","floor":24.0,"turns":4.0},{"damage":8.0,"enemies":"Gremlin Leader","floor":27.0,"turns":4.0},{"damage":14.0,"enemies":"Book of Stabbing","floor":30.0,"turns":5.0},{"damage":3.0,"enemies":"Shelled Parasite and Fungi","floor":31.0,"turns":4.0},{"damage":50.0,"enemies":"Collector","floor":33.0,"turns":7.0},{"damage":50.0,"enemies":"3 Darklings","floor":35.0,"turns":5.0},{"damage":2.0,"enemies":"3 Shapes","floor":38.0,"turns":3.0},{"damage":11.0,"enemies":"Jaw Worm Horde","floor":39.0,"turns":2.0},{"damage":82.0,"enemies":"Nemesis","floor":40.0,"turns":5.0},{"damage":10.0,"enemies":"2 Orb Walkers","floor":42.0,"turns":3.0},{"damage":7.0,"enemies":"Reptomancer","floor":46.0,"turns":4.0},{"damage":32.0,"enemies":"Spire Growth","floor":48.0,"turns":3.0},{"damage":40,"enemies":"Donu and Deca","floor":50,"turns":7},{"damage":37,"enemies":"Time Eater","floor":51,"turns":6}],"seed_played":"-5469202836248013186","potions_obtained":[{"floor":1.0,"key":"Strength Potion"},{"floor":5.0,"key":"FairyPotion"},{"floor":8.0,"key":"Fire Potion"},{"floor":14.0,"key":"Ancient Potion"},{"floor":24.0,"key":"BloodPotion"},{"floor":40.0,"key":"GamblersBrew"},{"floor":46.0,"key":"SkillPotion"}],"is_trial":false,"path_per_floor":["M","?","$","?","M","R","E","M","T","E","M","E","R","E","R","B",null,"M","M","?","T","$","R","E","?","T","E","R","$","E","M","R","B",null,"M","?","$","M","M","E","R","?","T","?","?","E","$","M","R","B","B"],"character_chosen":"IRONCLAD","items_purchased":["Inflame","Fire Breathing","Pummel","Medical Kit","Lee\u0027s Waffle","BloodPotion","Spot Weakness","EntropicBrew"],"campfire_rested":4,"item_purchase_floors":[3,22,29,29,37,37,47,47],"current_hp_per_floor":[67,49,49,42,39,61,26,26,26,22,22,16,38,33,33,4,63,63,59,59,59,59,59,55,55,55,49,49,49,37,34,76,26,76,26,26,99,99,90,50,96,88,88,82,82,77,77,49,67,31,0,0],"gold":51,"neow_bonus":"BOSS_RELIC","is_daily":false,"chose_seed":false,"campfire_upgraded":0,"win_rate":0.0,"timestamp":1612849438,"path_taken":["M","?","$","?","M","R","E","?","T","E","M","E","R","E","R","BOSS","M","M","?","?","$","R","E","?","T","E","R","$","E","M","R","BOSS","M","?","$","M","M","E","R","?","T","?","?","E","$","M","R","BOSS","BOSS"],"items_purchased_type":["Card","Card","Card","Relic","Relic","Potion","Card","Potion"],"build_version":"2020-12-22","purchased_purges":0,"victory":false,"max_hp_per_floor":[75,75,75,75,75,75,75,75,75,75,75,75,75,75,75,75,81,81,81,81,81,81,81,88,88,88,90,90,90,92,92,92,92,92,92,92,99,101,103,105,105,107,107,111,111,111,111,113,113,113,113,113],"relic_stats":{"Darkstone Periapt":6,"Regal Pillow":30,"Lee\u0027s Waffle":73,"Happy Flower":[29],"Singing Bowl":18,"counters":[25,112],"Self Forming Clay":[111],"Eternal Feather":18,"Orichalcum":[24],"Medical Kit":[6],"Peace Pipe":0,"Bird Faced Urn":[10],"obtain_stats":[{"Darkstone Periapt":12,"Girya":9,"Lantern":17,"Regal Pillow":30,"Lee\u0027s Waffle":37,"Happy Flower":10,"Singing Bowl":21,"Self Forming Clay":17,"Eternal Feather":46,"Incense Burner":2,"Orichalcum":26,"Medical Kit":29,"Burning Blood":0,"Calling Bell":17,"Peace Pipe":17,"Runic Dome":34,"Anchor":7,"CaptainsWheel":14,"Strawberry":24,"Bird Faced Urn":42,"Mark of Pain":0,"Bag of Marbles":27,"Pocketwatch":40},{"Darkstone Periapt":7,"Girya":4,"Lantern":9,"Regal Pillow":14,"Lee\u0027s Waffle":17,"Happy Flower":5,"Singing Bowl":11,"Self Forming Clay":9,"Eternal Feather":22,"Incense Burner":1,"Orichalcum":12,"Medical Kit":13,"Burning Blood":0,"Calling Bell":9,"Peace Pipe":9,"Runic Dome":16,"Anchor":3,"CaptainsWheel":8,"Strawberry":12,"Bird Faced Urn":21,"Mark of Pain":0,"Bag of Marbles":13,"Pocketwatch":20},{"Darkstone Periapt":30,"Girya":15,"Lantern":44,"Regal Pillow":63,"Lee\u0027s Waffle":79,"Happy Flower":23,"Singing Bowl":50,"Self Forming Clay":44,"Eternal Feather":96,"Incense Burner":3,"Orichalcum":54,"Medical Kit":58,"Burning Blood":0,"Calling Bell":44,"Peace Pipe":44,"Runic Dome":74,"Anchor":13,"CaptainsWheel":34,"Strawberry":54,"Bird Faced Urn":92,"Mark of Pain":0,"Bag of Marbles":58,"Pocketwatch":89}],"Pocketwatch":[18]},"card_choices":[{"not_picked":["Sever Soul","Flex"],"picked":"Clothesline","floor":1.0},{"not_picked":["Iron Wave","Anger"],"picked":"Armaments","floor":5.0},{"not_picked":["Spot Weakness","Seeing Red"],"picked":"Immolate","floor":7.0},{"not_picked":["Havoc","Burning Pact","Thunderclap"],"picked":"SKIP","floor":8.0},{"not_picked":["Perfected Strike","Wild Strike"],"picked":"Pummel","floor":10.0},{"not_picked":["Sentinel","Dropkick"],"picked":"Twin Strike","floor":11.0},{"not_picked":["Iron Wave","Headbutt"],"picked":"Pommel Strike","floor":12.0},{"not_picked":["Perfected Strike","Seeing Red"],"picked":"Shrug It Off","floor":14.0},{"not_picked":["Immolate","Feed"],"picked":"Impervious","floor":16.0},{"not_picked":["Second Wind","True Grit"],"picked":"Perfected Strike+1","floor":18.0},{"not_picked":["Clothesline","Body Slam"],"picked":"Whirlwind","floor":19.0},{"not_picked":["Clothesline","Sword Boomerang"],"picked":"Second Wind+1","floor":24.0},{"not_picked":["Searing Blow","Bludgeon","Flex"],"picked":"Singing Bowl","floor":27.0},{"not_picked":["Headbutt","Sword Boomerang","Second Wind"],"picked":"Singing Bowl","floor":30.0},{"not_picked":["Havoc","Body Slam"],"picked":"Sword Boomerang","floor":31.0},{"not_picked":["Immolate","Offering"],"picked":"Fiend Fire","floor":33.0},{"not_picked":["Twin Strike","Warcry"],"picked":"Spot Weakness","floor":35.0},{"not_picked":["Clash+1","Armaments+1","Cleave"],"picked":"Singing Bowl","floor":38.0},{"not_picked":["Wild Strike+1","True Grit","Flex+1"],"picked":"Singing Bowl","floor":39.0},{"not_picked":["Entrench","Whirlwind","Havoc"],"picked":"Singing Bowl","floor":40.0},{"not_picked":["Havoc","Bloodletting+1","True Grit"],"picked":"Singing Bowl","floor":42.0},{"not_picked":["The Bomb","Violence","Forethought"],"picked":"Singing Bowl","floor":44.0},{"not_picked":["Good Instincts","PanicButton","Deep Breath"],"picked":"Singing Bowl","floor":44.0},{"not_picked":["Secret Technique","Swift Strike"],"picked":"Violence","floor":44.0},{"not_picked":["Dark Embrace","Intimidate"],"picked":"Twin Strike","floor":46.0},{"not_picked":["True Grit","Wild Strike","Armaments"],"picked":"Singing Bowl","floor":48.0}],"player_experience":1054628,"relics_obtained":[{"floor":7.0,"key":"Anchor"},{"floor":9.0,"key":"Girya"},{"floor":10.0,"key":"Happy Flower"},{"floor":12.0,"key":"Darkstone Periapt"},{"floor":14.0,"key":"CaptainsWheel"},{"floor":17.0,"key":"Lantern"},{"floor":17.0,"key":"Self Forming Clay"},{"floor":17.0,"key":"Peace Pipe"},{"floor":21.0,"key":"Singing Bowl"},{"floor":24.0,"key":"Strawberry"},{"floor":26.0,"key":"Orichalcum"},{"floor":27.0,"key":"Bag of Marbles"},{"floor":30.0,"key":"Regal Pillow"},{"floor":40.0,"key":"Pocketwatch"},{"floor":42.0,"key":"Bird Faced Urn"},{"floor":46.0,"key":"Eternal Feather"}],"event_choices":[{"damage_healed":0.0,"max_hp_gain":0.0,"max_hp_loss":0.0,"gold_gain":0.0,"event_name":"Scrap Ooze","player_choice":"Success","floor":2.0,"gold_loss":0.0,"damage_taken":18.0,"relics_obtained":["Incense Burner"]},{"damage_healed":0.0,"max_hp_gain":0.0,"max_hp_loss":0.0,"gold_gain":50.0,"event_name":"FaceTrader","player_choice":"Touch","floor":4.0,"gold_loss":0.0,"damage_taken":7.0},{"damage_healed":0.0,"max_hp_gain":0.0,"max_hp_loss":0.0,"gold_gain":50.0,"event_name":"Nest","player_choice":"Stole From Cult","floor":20.0,"gold_loss":0.0,"damage_taken":0.0},{"damage_healed":0.0,"max_hp_gain":0.0,"max_hp_loss":0.0,"gold_gain":0.0,"event_name":"Cursed Tome","player_choice":"Ignored","floor":25.0,"gold_loss":0.0,"damage_taken":0.0},{"damage_healed":0.0,"max_hp_gain":0.0,"max_hp_loss":0.0,"gold_gain":0.0,"event_name":"Tomb of Lord Red Mask","player_choice":"Ignored","floor":36.0,"gold_loss":0.0,"damage_taken":0.0},{"damage_healed":0.0,"max_hp_gain":0.0,"max_hp_loss":0.0,"gold_gain":0.0,"event_name":"Mysterious Sphere","player_choice":"Fight","floor":42.0,"gold_loss":0.0,"damage_taken":0.0},{"damage_healed":0.0,"max_hp_gain":0.0,"max_hp_loss":0.0,"gold_gain":0.0,"event_name":"SensoryStone","player_choice":"Memory 3","floor":44.0,"gold_loss":0.0,"damage_taken":10.0},{"cards_removed":["Defend_R"],"damage_healed":0.0,"max_hp_gain":0.0,"max_hp_loss":0.0,"gold_gain":0.0,"event_name":"Falling","player_choice":"Removed Skill","floor":45.0,"gold_loss":0.0,"damage_taken":0.0}],"is_beta":false,"boss_relics":[{"not_picked":["Busted Crown","Coffee Dripper"],"picked":"Calling Bell"},{"not_picked":["Runic Cube","Empty Cage"],"picked":"Runic Dome"}],"items_purged_floors":[],"is_endless":false,"potions_floor_spawned":[1,5,8,14,24,30,33,35,40,46],"killed_by":"Time Eater","ascension_level":20}}