{"host":"aelxjre69umlx7r4","time":1612857675,"event":{"mods":["AchievementEnabler","BaseMod","Colored Map","DeckTracker","Highlight Path","Keyboard Shortcuts","Minty Spire (QoL Compilation)","Permanent Neow","SuperFastMode"],"gold_per_floor":[115,126,126,146,165,165,194,204,255,266,48,65,97,97,97,195,195,209,225,81,81,96,128,28,58,58,91,111,137,137,137,137,234,234,247,122,138,153,203,203,233,233,233,268,110,110,31,31,31,31,31,31,31,61,61,61],"floor_reached":55,"language":"KOR","playtime":1531,"items_purged":["Strike_R","Strike_R","Strike_R"],"score":854,"play_id":"c964b7c0-45f0-46e8-af1e-123da89d5063","local_time":"20210209170115","is_ascension_mode":true,"campfire_choices":[{"data":"Armaments","floor":6.0,"key":"SMITH"},{"data":"Pummel","floor":15.0,"key":"SMITH"},{"data":"Double Tap","floor":30.0,"key":"SMITH"},{"data":"Spot Weakness","floor":32.0,"key":"SMITH"},{"data":"Exhume","floor":40.0,"key":"SMITH"},{"floor":42.0,"key":"RECALL"},{"data":"Limit Break","floor":46.0,"key":"SMITH"},{"data":"Double Tap","floor":49.0,"key":"SMITH"},{"data":"Pummel","floor":52.0,"key":"SMITH"}],"circlet_count":0,"master_deck":["Defend_R","Defend_R","Defend_R","Defend_R","Bash","Heavy Blade+1","Sword Boomerang","Armaments+1","Pummel+1","Pummel+1","Headbutt+1","Second Wind","Reaper","CurseOfTheBell","Flex+1","Double Tap+1","Sword Boomerang+1","Spot Weakness+1","Exhume+1","Heavy Blade+1","Shrug It Off+1","Limit Break+1","Double Tap+1"],"relics":["Burning Blood","Magic Flower","Red Skull","Brimstone","Bottled Flame","Calling Bell","Potion Belt","Self Forming Clay","Bag of Marbles","Boot","WingedGreaves","Omamori","Champion Belt","MutagenicStrength","Velvet Choker","Bird Faced Urn","Whetstone","FossilizedHelix","White Beast Statue"],"acts_visited":["Exordium","TheCity","TheBeyond","TheEnding"],"potions_floor_usage":[55,55,55,55,55],"damage_taken":[{"damage":13.0,"enemies":"Jaw Worm","floor":1.0,"turns":3.0},{"damage":1.0,"enemies":"Cultist","floor":2.0,"turns":3.0},{"damage":9.0,"enemies":"Small Slimes","floor":4.0,"turns":5.0},{"damage":12.0,"enemies":"Exordium Wildlife","floor":5.0,"turns":4.0},{"damage":18.0,"enemies":"3 Sentries","floor":7.0,"turns":7.0},{"damage":2.0,"enemies":"Large Slime","floor":8.0,"turns":6.0},{"damage":0.0,"enemies":"Looter","floor":10.0,"turns":4.0},{"damage":0.0,"enemies":"Exordium Wildlife","floor":12.0,"turns":3.0},{"damage":0.0,"enemies":"Gremlin Nob","floor":13.0,"turns":3.0},{"damage":63.0,"enemies":"Hexaghost","floor":16.0,"turns":4.0},{"damage":0.0,"enemies":"Spheric Guardian","floor":18.0,"turns":3.0},{"damage":7.0,"enemies":"Chosen","floor":19.0,"turns":3.0},{"damage":22.0,"enemies":"Centurion and Healer","floor":22.0,"turns":4.0},{"damage":44.0,"enemies":"Gremlin Leader","floor":23.0,"turns":4.0},{"damage":35.0,"enemies":"Book of Stabbing","floor":25.0,"turns":4.0},{"damage":8.0,"enemies":"Slavers","floor":27.0,"turns":2.0},{"damage":0.0,"enemies":"Snake Plant","floor":28.0,"turns":1.0},{"damage":10.0,"enemies":"Gremlin Leader","floor":29.0,"turns":4.0},{"damage":31.0,"enemies":"Collector","floor":33.0,"turns":4.0},{"damage":0.0,"enemies":"Orb Walker","floor":35.0,"turns":1.0},{"damage":3.0,"enemies":"3 Darklings","floor":37.0,"turns":3.0},{"damage":0.0,"enemies":"Jaw Worm Horde","floor":38.0,"turns":2.0},{"damage":0.0,"enemies":"Mind Bloom Boss Battle","floor":39.0,"turns":1.0},{"damage":9.0,"enemies":"Reptomancer","floor":41.0,"turns":2.0},{"damage":12.0,"enemies":"Giant Head","floor":44.0,"turns":3.0},{"damage":61.0,"enemies":"Time Eater","floor":50.0,"turns":5.0},{"damage":12.0,"enemies":"Shield and Spear","floor":54.0,"turns":3.0},{"damage":90,"enemies":"The Heart","floor":55,"turns":3}],"seed_played":"-1828190269073516358","potions_obtained":[{"floor":1.0,"key":"Dexterity Potion"},{"floor":5.0,"key":"Fire Potion"},{"floor":7.0,"key":"Ancient Potion"},{"floor":13.0,"key":"SteroidPotion"},{"floor":19.0,"key":"FearPotion"},{"floor":27.0,"key":"ElixirPotion"},{"floor":29.0,"key":"Swift Potion"},{"floor":44.0,"key":"EssenceOfSteel"}],"is_trial":false,"path_per_floor":["M","M","?","M","M","R","E","M","T","M","$","M","E","?","R","B",null,"M","M","$","?","M","E","$","E","T","E","M","E","R","?","R","B",null,"M","$","M","M","?","R","E","R","T","E","$","R","$","?","R","B",null,"R","$","E","B"],"character_chosen":"IRONCLAD","items_purchased":["Brimstone","Double Tap","Limit Break","Double Tap"],"campfire_rested":0,"item_purchase_floors":[11,20,45,47],"current_hp_per_floor":[65,70,70,67,61,61,49,56,56,65,65,74,83,83,83,29,96,96,96,96,96,96,61,61,35,35,36,45,95,95,95,95,73,96,96,96,96,96,96,96,96,96,96,93,93,93,93,91,91,73,91,91,91,88,0,0],"gold":61,"neow_bonus":"TWENTY_PERCENT_HP_BONUS","is_daily":false,"chose_seed":false,"campfire_upgraded":8,"win_rate":0.0,"timestamp":1612857675,"path_taken":["M","M","?","M","M","R","E","M","T","M","$","M","E","?","R","BOSS","M","?","$","?","M","E","$","E","T","E","M","E","R","?","R","BOSS","M","$","M","M","?","R","E","R","T","E","$","R","$","?","R","BOSS","R","$","E","BOSS"],"items_purchased_type":["Relic","Card","Card","Card"],"build_version":"2020-12-22","purchased_purges":3,"victory":false,"max_hp_per_floor":[96,96,96,96,96,96,96,96,96,96,96,96,96,96,96,96,96,96,96,96,96,96,96,96,96,96,96,96,96,96,96,96,96,96,96,96,96,96,96,96,96,96,96,96,96,96,96,91,91,91,91,91,91,91,91,91],"card_choices":[{"not_picked":["Burning Pact","Anger"],"picked":"Heavy Blade","floor":1.0},{"not_picked":["Wild Strike","Cleave"],"picked":"Sword Boomerang","floor":2.0},{"not_picked":["Uppercut","Burning Pact"],"picked":"Armaments","floor":4.0},{"not_picked":["Body Slam","Rampage"],"picked":"Pummel","floor":5.0},{"not_picked":["Havoc","Shrug It Off"],"picked":"Pummel","floor":7.0},{"not_picked":["Pommel Strike","Searing Blow"],"picked":"Headbutt","floor":8.0},{"not_picked":["Anger","Headbutt","Second Wind"],"picked":"SKIP","floor":10.0},{"not_picked":["Anger","Headbutt"],"picked":"Second Wind","floor":10.0},{"not_picked":["Iron Wave","Thunderclap","Perfected Strike"],"picked":"SKIP","floor":12.0},{"not_picked":["Fiend Fire","True Grit","Sword Boomerang"],"picked":"SKIP","floor":13.0},{"not_picked":["Corruption","Brutality"],"picked":"Reaper","floor":16.0},{"not_picked":["Twin Strike+1","Sword Boomerang"],"picked":"Flex+1","floor":18.0},{"not_picked":["Wild Strike","Body Slam","Evolve"],"picked":"SKIP","floor":19.0},{"not_picked":["Brutality","Sword Boomerang","Perfected Strike+1"],"picked":"SKIP","floor":22.0},{"not_picked":["Clash","Cleave+1","Burning Pact"],"picked":"SKIP","floor":23.0},{"not_picked":["Blood for Blood","Thunderclap","Cleave+1"],"picked":"SKIP","floor":25.0},{"not_picked":["Shrug It Off","Headbutt"],"picked":"Sword Boomerang+1","floor":27.0},{"not_picked":["Heavy Blade","Headbutt","Feed"],"picked":"SKIP","floor":28.0},{"not_picked":["Headbutt","Combust"],"picked":"Spot Weakness","floor":29.0},{"not_picked":["Corruption","Barricade"],"picked":"Exhume","floor":33.0},{"not_picked":["Clothesline+1","Burning Pact","Thunderclap"],"picked":"SKIP","floor":35.0},{"not_picked":["Burning Pact+1","Sword Boomerang","Armaments+1"],"picked":"SKIP","floor":37.0},{"not_picked":["Iron Wave+1","Rupture+1","Clothesline+1"],"picked":"SKIP","floor":38.0},{"not_picked":["Wild Strike","Pommel Strike"],"picked":"Heavy Blade","floor":39.0},{"not_picked":["Anger+1","Burning Pact","Headbutt+1"],"picked":"SKIP","floor":41.0},{"not_picked":["Anger+1","Burning Pact","Headbutt+1"],"picked":"SKIP","floor":41.0},{"not_picked":["Armaments+1","Reckless Charge+1"],"picked":"Shrug It Off+1","floor":44.0},{"not_picked":["Blood for Blood","Shrug It Off","Flame Barrier"],"picked":"SKIP","floor":54.0}],"player_experience":428742,"relics_obtained":[{"floor":7.0,"key":"Magic Flower"},{"floor":9.0,"key":"Red Skull"},{"floor":13.0,"key":"Bottled Flame"},{"floor":17.0,"key":"Potion Belt"},{"floor":17.0,"key":"Self Forming Clay"},{"floor":23.0,"key":"Bag of Marbles"},{"floor":25.0,"key":"Boot"},{"floor":26.0,"key":"WingedGreaves"},{"floor":27.0,"key":"Omamori"},{"floor":29.0,"key":"Champion Belt"},{"floor":39.0,"key":"Bird Faced Urn"},{"floor":41.0,"key":"Whetstone"},{"floor":44.0,"key":"FossilizedHelix"},{"floor":54.0,"key":"White Beast Statue"}],"event_choices":[{"cards_removed":["Strike_R"],"damage_healed":0.0,"max_hp_gain":0.0,"max_hp_loss":0.0,"gold_gain":0.0,"event_name":"Living Wall","player_choice":"Forget","floor":3.0,"gold_loss":0.0,"damage_taken":0.0},{"damage_healed":0.0,"max_hp_gain":0.0,"max_hp_loss":0.0,"gold_gain":0.0,"event_name":"Upgrade Shrine","player_choice":"Upgraded","floor":14.0,"gold_loss":0.0,"damage_taken":0.0,"cards_upgraded":["Heavy Blade"]},{"cards_removed":["Strike_R"],"damage_healed":0.0,"max_hp_gain":0.0,"max_hp_loss":0.0,"gold_gain":0.0,"event_name":"Back to Basics","player_choice":"Elegance","floor":21.0,"gold_loss":0.0,"damage_taken":0.0},{"damage_healed":0.0,"max_hp_gain":0.0,"max_hp_loss":0.0,"gold_gain":0.0,"event_name":"Drug Dealer","player_choice":"Inject Mutagens","floor":31.0,"gold_loss":0.0,"damage_taken":0.0,"relics_obtained":["MutagenicStrength"]},{"damage_healed":0.0,"max_hp_gain":0.0,"max_hp_loss":0.0,"gold_gain":0.0,"event_name":"MindBloom","player_choice":"Fight","floor":39.0,"gold_loss":0.0,"damage_taken":0.0},{"damage_healed":0.0,"max_hp_gain":0.0,"max_hp_loss":5.0,"gold_gain":0.0,"event_name":"Winding Halls","player_choice":"Max HP","floor":48.0,"gold_loss":0.0,"damage_taken":0.0}],"is_beta":false,"boss_relics":[{"not_picked":["Mark of Pain","Tiny House"],"picked":"Calling Bell"},{"not_picked":["Black Star","Sozu"],"picked":"Velvet Choker"}],"items_purged_floors":[11,24,36],"is_endless":false,"potions_floor_spawned":[1,5,7,13,19,27,29,33,35,37,44],"killed_by":"The Heart","ascension_level":1}}