{"host":"tner83jrcdd0m6a5","time":1612854123,"event":{"mods":["AchievementEnabler","BaseMod","Bestiary","Colored Map","Colored Powertips","DeckTracker","Highlight Path","Keyboard Shortcuts","Minty Spire (QoL Compilation)","Quick Restart","Rare Cards Sparkle","Relic Stats","Slay-I","SuperFastMode"],"gold_per_floor":[118,118,43,56,66,66,76,86,86,86,119,119,147,159,159,259,259,271,290,58,58,69,69,96,6,33,33,53,82,92,119,119,119,119],"floor_reached":33,"language":"ENG","playtime":1228,"items_purged":["Strike_G"],"score":422,"play_id":"9732ffcc-30d8-4640-a226-8b697aa12139","local_time":"20210209070203","is_ascension_mode":true,"campfire_choices":[{"data":"All Out Attack","floor":6.0,"key":"SMITH"},{"data":"Finisher","floor":10.0,"key":"SMITH"},{"data":"Glass Knife","floor":15.0,"key":"SMITH"},{"floor":23,"key":"REST"},{"data":"Metamorphosis","floor":27,"key":"SMITH"},{"data":"Venomology","floor":32,"key":"SMITH"}],"circlet_count":0,"master_deck":["Strike_G","Strike_G","Strike_G","Defend_G","Defend_G","Defend_G","Defend_G","Defend_G+1","Survivor+1","Neutralize","All Out Attack+1","Finisher+1","Infinite Blades","Neutralize","Glass Knife+1","Venomology+1","Backstab","Cloak And Dagger","Metamorphosis+1","Backstab"],"relics":["Ring of the Snake","StoneCalendar","Nunchaku","Bag of Preparation","White Beast Statue","WristBlade","Nilry\u0027s Codex","Centennial Puzzle","Vajra","Anchor","Toxic Egg 2"],"acts_visited":["Exordium","TheCity"],"potions_floor_usage":[16,18,19,22,24,28,29,31,31,33],"damage_taken":[{"damage":0.0,"enemies":"Small Slimes","floor":1.0,"turns":5.0},{"damage":0.0,"enemies":"Cultist","floor":4.0,"turns":3.0},{"damage":4.0,"enemies":"Jaw Worm","floor":5.0,"turns":5.0},{"damage":0.0,"enemies":"Gremlin Gang","floor":7.0,"turns":3.0},{"damage":0.0,"enemies":"Large Slime","floor":8.0,"turns":5.0},{"damage":10.0,"enemies":"Lagavulin","floor":11.0,"turns":7.0},{"damage":10.0,"enemies":"3 Sentries","floor":13.0,"turns":6.0},{"damage":0.0,"enemies":"Looter","floor":14.0,"turns":1.0},{"damage":30,"enemies":"Slime Boss","floor":16,"turns":6},{"damage":16,"enemies":"Shell Parasite","floor":18,"turns":6},{"damage":0,"enemies":"Spheric Guardian","floor":19,"turns":1},{"damage":12,"enemies":"Chosen and Byrds","floor":22,"turns":4},{"damage":0,"enemies":"Gremlin Leader","floor":24,"turns":4},{"damage":1,"enemies":"Cultist and Chosen","floor":28,"turns":3},{"damage":10,"enemies":"Slavers","floor":29,"turns":3},{"damage":3,"enemies":"Snecko","floor":30,"turns":3},{"damage":0,"enemies":"Gremlin Leader","floor":31,"turns":4},{"damage":69,"enemies":"Collector","floor":33,"turns":6}],"seed_played":"-4917026829302414986","potions_obtained":[{"floor":1.0,"key":"FearPotion"},{"floor":4.0,"key":"AttackPotion"},{"floor":5.0,"key":"Poison Potion"},{"floor":7.0,"key":"PowerPotion"},{"floor":14.0,"key":"Block Potion"},{"floor":16,"key":"Energy Potion"},{"floor":19,"key":"Weak Potion"},{"floor":22,"key":"Regen Potion"},{"floor":31,"key":"Fruit Juice"}],"is_trial":false,"path_per_floor":["M","?","$","M","M","R","M","M","T","R","E","?","E","M","R","B",null,"M","M","$","?","M","R","E","?","T","R","M","E","M","E","R","B"],"character_chosen":"THE_SILENT","items_purchased":["Metamorphosis","Backstab"],"campfire_rested":1,"item_purchase_floors":[20,20],"current_hp_per_floor":[63,63,63,63,59,59,59,59,59,59,49,49,39,39,39,9,63,47,47,47,31,19,37,37,37,37,37,45,35,32,37,37,0,0],"gold":119,"neow_bonus":"ONE_RARE_RELIC","is_daily":false,"chose_seed":false,"campfire_upgraded":5,"win_rate":0.0,"timestamp":1612854123,"path_taken":["M","?","$","M","M","R","?","M","T","R","E","?","E","M","R","BOSS","M","?","$","?","M","R","E","?","T","R","M","E","?","E","R","BOSS"],"items_purchased_type":["Card","Card"],"build_version":"2020-12-22","purchased_purges":1,"victory":false,"max_hp_per_floor":[63,63,63,63,63,63,63,63,63,63,63,63,63,63,63,63,63,63,63,63,63,63,63,63,63,63,63,63,63,63,68,68,68,68],"relic_stats":{"Nunchaku":[16],"Centennial Puzzle":[12],"counters":[18,75],"StoneCalendar":[0],"Bag of Preparation":[24],"obtain_stats":[{"Nunchaku":9,"Centennial Puzzle":24,"Anchor":29,"WristBlade":17,"Nilry\u0027s Codex":21,"Vajra":26,"StoneCalendar":0,"Bag of Preparation":11,"Toxic Egg 2":31,"White Beast Statue":13,"Ring of the Snake":0},{"Nunchaku":5,"Centennial Puzzle":13,"Anchor":15,"WristBlade":9,"Nilry\u0027s Codex":11,"Vajra":13,"StoneCalendar":0,"Bag of Preparation":6,"Toxic Egg 2":17,"White Beast Statue":7,"Ring of the Snake":0},{"Nunchaku":21,"Centennial Puzzle":56,"Anchor":62,"WristBlade":41,"Nilry\u0027s Codex":48,"Vajra":56,"StoneCalendar":0,"Bag of Preparation":28,"Toxic Egg 2":69,"White Beast Statue":34,"Ring of the Snake":0}],"Ring of the Snake":[36]},"card_choices":[{"not_picked":["Deadly Poison","Skewer"],"picked":"All Out Attack","floor":1.0},{"not_picked":["Slice","Dagger Spray"],"picked":"Finisher","floor":4.0},{"not_picked":["Concentrate","Choke","Eviscerate"],"picked":"SKIP","floor":5.0},{"not_picked":["Bane","Prepared"],"picked":"Infinite Blades","floor":7.0},{"not_picked":["Tactician","Choke","Dagger Spray"],"picked":"SKIP","floor":8.0},{"not_picked":["Setup","Bane","Skewer"],"picked":"SKIP","floor":11.0},{"not_picked":["Infinite Blades","Deadly Poison"],"picked":"Glass Knife","floor":13.0},{"not_picked":["Riddle With Holes","Predator","Terror"],"picked":"SKIP","floor":14.0},{"not_picked":["A Thousand Cuts","Envenom"],"picked":"Venomology","floor":16},{"not_picked":["Slice+1","Calculated Gamble+1"],"picked":"Backstab","floor":18},{"not_picked":["Underhanded Strike","Expertise"],"picked":"Cloak And Dagger","floor":19},{"not_picked":["Terror","Bane+1","Calculated Gamble"],"picked":"SKIP","floor":22},{"not_picked":["Quick Slash","Blur","Expertise"],"picked":"SKIP","floor":24},{"not_picked":["Backflip","Footwork","Choke+1"],"picked":"SKIP","floor":28},{"not_picked":["Dagger Spray+1","All Out Attack","Predator"],"picked":"SKIP","floor":29},{"not_picked":["Poisoned Stab","Riddle With Holes","Corpse Explosion"],"picked":"SKIP","floor":30},{"not_picked":["Deflect+1","All Out Attack","Dagger Throw"],"picked":"SKIP","floor":31}],"player_experience":367168,"relics_obtained":[{"floor":9.0,"key":"Nunchaku"},{"floor":11.0,"key":"Bag of Preparation"},{"floor":13.0,"key":"White Beast Statue"},{"floor":21,"key":"Nilry\u0027s Codex"},{"floor":24,"key":"Centennial Puzzle"},{"floor":26,"key":"Vajra"},{"floor":29,"key":"Anchor"},{"floor":31,"key":"Toxic Egg 2"}],"event_choices":[{"damage_healed":0.0,"max_hp_gain":0.0,"max_hp_loss":0.0,"gold_gain":0.0,"event_name":"Upgrade Shrine","player_choice":"Upgraded","floor":2.0,"gold_loss":0.0,"damage_taken":0.0,"cards_upgraded":["Survivor"]},{"damage_healed":0.0,"max_hp_gain":0.0,"max_hp_loss":0.0,"gold_gain":0.0,"event_name":"Match and Keep!","player_choice":"1 cards matched","floor":12.0,"gold_loss":0.0,"damage_taken":0.0,"cards_obtained":["Neutralize"]},{"damage_healed":0,"gold_gain":0,"player_choice":"Obtained Book","damage_taken":16,"max_hp_gain":0,"max_hp_loss":0,"event_name":"Cursed Tome","floor":21,"gold_loss":0},{"cards_removed":["Strike_G"],"damage_healed":0,"gold_gain":0,"player_choice":"Upgrade and Remove","damage_taken":0,"max_hp_gain":0,"max_hp_loss":0,"event_name":"Designer","floor":25,"gold_loss":90,"cards_upgraded":["Defend_G"]}],"is_beta":false,"boss_relics":[{"not_picked":["Snecko Eye","Fusion Hammer"],"picked":"WristBlade"}],"items_purged_floors":[3],"is_endless":false,"potions_floor_spawned":[1,4,5,7,14,16,18,19,22,24,28,29,30,31],"killed_by":"Collector","ascension_level":3}}