{"host":"uv5ws9rdk87e8i5k","time":1612848127,"event":{"mods":["AchievementEnabler","BaseMod","Colored Map","Minty Spire (QoL Compilation)","Permanent Neow","Quick Restart","StSLib","SuperFastMode","The Necromancer"],"gold_per_floor":[109,126,145,157,122,154,154,189,214,240,250,325,356,65,65,169,169,183,183,201,227,239,264,264,299,326,355,35,110,129,129,129],"floor_reached":31,"language":"ENG","playtime":936,"items_purged":["Strike_R","Regret"],"score":487,"play_id":"d4e3647e-e27f-40fa-b09d-a0df7c6f47cc","local_time":"20210208232207","is_ascension_mode":true,"campfire_choices":[{"data":"Demon Form","floor":7.0,"key":"SMITH"},{"floor":15.0,"key":"REST"},{"data":"Fiend Fire","floor":24.0,"key":"SMITH"}],"circlet_count":0,"master_deck":["Strike_R","Strike_R","Strike_R","Strike_R","Defend_R+1","Defend_R","Defend_R","Defend_R","Bash","Demon Form+1","Havoc","Rage","Shrug It Off","Shrug It Off","Burning Pact","Anger","Bloodletting","Headbutt","Ghostly Armor+1","Fiend Fire+1","Heavy Blade","Dark Embrace+1","Inflame","Burning Pact","Juggernaut","Heavy Blade+1","Burning Pact","Fire Breathing","Warcry"],"relics":["Burning Blood","Centennial Puzzle","Bag of Preparation","Ancient Tea Set","Anchor","Dead Branch","Oddly Smooth Stone","Cursed Key","Red Mask","Pocketwatch","Bag of Marbles","War Paint","Dream Catcher","Regal Pillow"],"acts_visited":["Exordium","TheCity"],"potions_floor_usage":[31],"damage_taken":[{"damage":8.0,"enemies":"2 Louse","floor":1.0,"turns":5.0},{"damage":4.0,"enemies":"Small Slimes","floor":2.0,"turns":4.0},{"damage":1.0,"enemies":"Cultist","floor":3.0,"turns":3.0},{"damage":2.0,"enemies":"2 Fungi Beasts","floor":4.0,"turns":4.0},{"damage":37.0,"enemies":"3 Sentries","floor":6.0,"turns":8.0},{"damage":13.0,"enemies":"Lagavulin","floor":8.0,"turns":7.0},{"damage":12.0,"enemies":"Gremlin Nob","floor":10.0,"turns":5.0},{"damage":9.0,"enemies":"Lots of Slimes","floor":11.0,"turns":6.0},{"damage":17.0,"enemies":"3 Sentries","floor":13.0,"turns":6.0},{"damage":19.0,"enemies":"Hexaghost","floor":16.0,"turns":6.0},{"damage":1.0,"enemies":"2 Thieves","floor":18.0,"turns":2.0},{"damage":3.0,"enemies":"3 Byrds","floor":20.0,"turns":5.0},{"damage":8.0,"enemies":"Masked Bandits","floor":21.0,"turns":3.0},{"damage":9.0,"enemies":"3 Cultists","floor":22.0,"turns":3.0},{"damage":33.0,"enemies":"Gremlin Leader","floor":23.0,"turns":4.0},{"damage":0.0,"enemies":"Slavers","floor":25.0,"turns":4.0},{"damage":19.0,"enemies":"Book of Stabbing","floor":27.0,"turns":4.0},{"damage":3,"enemies":"Snecko","floor":30,"turns":3},{"damage":13,"enemies":"Slavers","floor":31,"turns":2}],"seed_played":"-754856578175986973","potions_obtained":[{"floor":2.0,"key":"Regen Potion"},{"floor":3.0,"key":"Fruit Juice"},{"floor":4.0,"key":"DistilledChaos"},{"floor":8.0,"key":"Weak Potion"},{"floor":16.0,"key":"Weak Potion"},{"floor":19.0,"key":"LiquidMemories"},{"floor":19.0,"key":"AttackPotion"},{"floor":21.0,"key":"Explosive Potion"},{"floor":23.0,"key":"Weak Potion"},{"floor":30,"key":"Weak Potion"}],"is_trial":false,"path_per_floor":["M","M","M","M","?","E","R","E","T","E","M","?","E","$","R","B",null,"M","?","M","?","M","E","R","E","T","E","$","?","M","E"],"character_chosen":"IRONCLAD","items_purchased":["Ghostly Armor","Oddly Smooth Stone","Fire Breathing","Regal Pillow"],"campfire_rested":1,"item_purchase_floors":[14,14,28,28],"current_hp_per_floor":[49,51,56,60,80,49,49,57,57,51,48,37,26,26,50,37,69,74,79,82,80,77,50,50,56,56,43,43,35,38,25,25],"gold":129,"neow_bonus":"THREE_RARE_CARDS","is_daily":false,"chose_seed":false,"campfire_upgraded":2,"win_rate":0.0,"timestamp":1612848127,"path_taken":["M","M","M","M","?","E","R","E","T","E","M","?","E","$","R","BOSS","M","?","?","?","M","E","R","E","T","E","$","?","?","E"],"items_purchased_type":["Card","Relic","Card","Relic"],"build_version":"2020-12-22","purchased_purges":2,"victory":false,"max_hp_per_floor":[80,80,80,80,80,80,80,80,80,80,80,80,80,80,80,80,80,80,85,85,85,85,85,85,85,85,85,85,85,85,85,85],"card_choices":[{"not_picked":["Offering","Brutality"],"picked":"Demon Form","floor":0.0},{"not_picked":["Heavy Blade","Iron Wave"],"picked":"Havoc","floor":1.0},{"not_picked":["Infernal Blade","Twin Strike"],"picked":"Rage","floor":2.0},{"not_picked":["Disarm","Armaments"],"picked":"Shrug It Off","floor":3.0},{"not_picked":["Thunderclap","Anger"],"picked":"Shrug It Off","floor":4.0},{"not_picked":["Rampage","Headbutt"],"picked":"Burning Pact","floor":6.0},{"not_picked":["Dropkick","Berserk"],"picked":"Anger","floor":8.0},{"not_picked":["Warcry","Clash"],"picked":"Bloodletting","floor":10.0},{"not_picked":["Dropkick","Second Wind"],"picked":"Headbutt","floor":11.0},{"not_picked":["Entrench","Clash","Reckless Charge"],"picked":"SKIP","floor":13.0},{"not_picked":["Berserk","Brutality"],"picked":"Fiend Fire","floor":16.0},{"not_picked":["Ghostly Armor","Carnage"],"picked":"Heavy Blade","floor":18.0},{"not_picked":["Sentinel","Thunderclap"],"picked":"Dark Embrace+1","floor":20.0},{"not_picked":["Wild Strike","Perfected Strike"],"picked":"Inflame","floor":21.0},{"not_picked":["Sword Boomerang+1","Bloodletting"],"picked":"Burning Pact","floor":22.0},{"not_picked":["Clothesline+1","Armaments"],"picked":"Juggernaut","floor":23.0},{"not_picked":["Wild Strike+1","Clash+1"],"picked":"Heavy Blade+1","floor":25.0},{"not_picked":["Sword Boomerang+1","Disarm"],"picked":"Burning Pact","floor":27.0},{"not_picked":["Uppercut","Body Slam"],"picked":"Warcry","floor":30}],"player_experience":278571,"relics_obtained":[{"floor":6.0,"key":"Centennial Puzzle"},{"floor":8.0,"key":"Bag of Preparation"},{"floor":9.0,"key":"Ancient Tea Set"},{"floor":10.0,"key":"Anchor"},{"floor":13.0,"key":"Dead Branch"},{"floor":21.0,"key":"Red Mask"},{"floor":23.0,"key":"Pocketwatch"},{"floor":25.0,"key":"Bag of Marbles"},{"floor":26.0,"key":"War Paint"},{"floor":27.0,"key":"Dream Catcher"}],"event_choices":[{"damage_healed":20.0,"max_hp_gain":0.0,"max_hp_loss":0.0,"gold_gain":0.0,"event_name":"The Cleric","player_choice":"Healed","floor":5.0,"gold_loss":35.0,"damage_taken":0.0},{"damage_healed":0.0,"max_hp_gain":0.0,"max_hp_loss":0.0,"gold_gain":75.0,"event_name":"World of Goop","player_choice":"Gather Gold","floor":12.0,"gold_loss":0.0,"damage_taken":11.0},{"damage_healed":0.0,"max_hp_gain":0.0,"max_hp_loss":0.0,"gold_gain":0.0,"event_name":"Lab","player_choice":"Got Potions","floor":19.0,"gold_loss":0.0,"damage_taken":0.0},{"damage_healed":0.0,"max_hp_gain":0.0,"max_hp_loss":0.0,"gold_gain":0.0,"event_name":"Masked Bandits","player_choice":"Fought Bandits","floor":21.0,"gold_loss":0.0,"damage_taken":0.0},{"damage_healed":0,"gold_gain":75,"player_choice":"Touch","damage_taken":8,"max_hp_gain":0,"max_hp_loss":0,"event_name":"FaceTrader","floor":29,"gold_loss":0}],"is_beta":false,"boss_relics":[{"not_picked":["Mark of Pain","Runic Dome"],"picked":"Cursed Key"}],"items_purged_floors":[14,28],"is_endless":false,"potions_floor_spawned":[2,3,4,8,16,21,23,30],"killed_by":"Slavers","ascension_level":8}}