{"host":"w4b7hmige5bnqipq","time":1612868330,"event":{"mods":["2.2 Compatiblity","BaseMod","Colored Map","DeckTracker","Keyboard Shortcuts","Minty Spire (QoL Compilation)","Permanent Neow","Rare Cards Sparkle","SuperFastMode","everything is the same but u backflip on backflip","slay the spire mod where everything is the same but ironclad has a cowboy hat"],"gold_per_floor":[119,130,142,142,153,153,169,199,199,199,9,21,21,35,35,109,109,121,137,137,147,166,166,166],"floor_reached":23,"language":"KOR","playtime":753,"items_purged":["Strike_G"],"score":494,"play_id":"0428b53e-476d-48cf-9dec-e28517ffdf95","local_time":"20210209195850","is_ascension_mode":true,"campfire_choices":[{"data":"A Thousand Cuts","floor":6.0,"key":"SMITH"},{"data":"Cloak And Dagger","floor":13.0,"key":"SMITH"},{"data":"Noxious Fumes","floor":15.0,"key":"SMITH"}],"circlet_count":0,"master_deck":["AscendersBane","Strike_G","Strike_G","Strike_G","Strike_G+1","Defend_G","Defend_G","Defend_G","Defend_G","Defend_G","Survivor","Neutralize","A Thousand Cuts+1","Cloak And Dagger+1","Predator+1","Crippling Poison","Bane","Blade Dance","Leg Sweep","Noxious Fumes+1","Phantasmal Killer","Acrobatics","Accuracy"],"relics":["Ring of the Snake","Potion Belt","Eternal Feather","The Courier","Bronze Scales","Cursed Key"],"acts_visited":["Exordium","TheCity"],"potions_floor_usage":[23],"damage_taken":[{"damage":1.0,"enemies":"Small Slimes","floor":1.0,"turns":4.0},{"damage":3.0,"enemies":"2 Louse","floor":2.0,"turns":3.0},{"damage":1.0,"enemies":"Cultist","floor":3.0,"turns":4.0},{"damage":5.0,"enemies":"3 Louse","floor":5.0,"turns":4.0},{"damage":11.0,"enemies":"Blue Slaver","floor":7.0,"turns":4.0},{"damage":14.0,"enemies":"3 Sentries","floor":8.0,"turns":7.0},{"damage":0.0,"enemies":"Looter","floor":12.0,"turns":4.0},{"damage":8.0,"enemies":"3 Louse","floor":14.0,"turns":2.0},{"damage":0.0,"enemies":"The Guardian","floor":16.0,"turns":11.0},{"damage":13.0,"enemies":"Chosen","floor":18.0,"turns":4.0},{"damage":0.0,"enemies":"3 Byrds","floor":19.0,"turns":3.0},{"damage":29.0,"enemies":"Snecko","floor":21.0,"turns":5.0},{"damage":1.0,"enemies":"Chosen and Byrds","floor":22.0,"turns":4.0},{"damage":30,"enemies":"Slavers","floor":23,"turns":2}],"seed_played":"3636013306601648218","potions_obtained":[{"floor":2.0,"key":"AttackPotion"},{"floor":5.0,"key":"DuplicationPotion"},{"floor":12.0,"key":"Dexterity Potion"},{"floor":14.0,"key":"CunningPotion"},{"floor":21.0,"key":"GamblersBrew"},{"floor":22.0,"key":"CultistPotion"}],"is_trial":false,"path_per_floor":["M","M","M","?","M","R","M","E","T","?","$","M","R","M","R","B",null,"M","M","?","M","M","E"],"character_chosen":"THE_SILENT","items_purchased":["Bronze Scales"],"campfire_rested":0,"item_purchase_floors":[11],"current_hp_per_floor":[58,55,54,36,31,31,20,6,6,1,1,1,10,2,14,14,49,36,36,60,31,30,0,0],"gold":166,"neow_bonus":"THREE_RARE_CARDS","is_daily":false,"chose_seed":false,"campfire_upgraded":3,"win_rate":0.0,"timestamp":1612868330,"path_taken":["M","M","M","?","M","R","M","E","T","?","$","M","R","M","R","BOSS","M","M","?","M","?","E"],"items_purchased_type":["Relic"],"build_version":"2020-12-22","purchased_purges":1,"victory":false,"max_hp_per_floor":[60,60,60,60,60,60,60,60,60,60,60,60,60,60,60,60,60,60,60,60,60,60,60,60],"card_choices":[{"not_picked":["Unload","Burst"],"picked":"A Thousand Cuts","floor":0.0},{"not_picked":["Calculated Gamble","Deflect"],"picked":"Cloak And Dagger","floor":1.0},{"not_picked":["Heel Hook","Dodge and Roll"],"picked":"Predator","floor":2.0},{"not_picked":["Dodge and Roll","Dagger Throw"],"picked":"Crippling Poison","floor":3.0},{"not_picked":["Deadly Poison","Dagger Throw"],"picked":"Bane","floor":5.0},{"not_picked":["Bane","Deflect","Outmaneuver"],"picked":"SKIP","floor":7.0},{"not_picked":["Footwork","Bullet Time"],"picked":"Blade Dance","floor":8.0},{"not_picked":["Slice","Sucker Punch"],"picked":"Leg Sweep","floor":12.0},{"not_picked":["Deadly Poison","Dagger Throw"],"picked":"Noxious Fumes","floor":14.0},{"not_picked":["Tools of the Trade","Adrenaline"],"picked":"Phantasmal Killer","floor":16.0},{"not_picked":["Dagger Throw","Choke","Masterful Stab"],"picked":"SKIP","floor":18.0},{"not_picked":["Slice","Setup"],"picked":"Acrobatics","floor":19.0},{"not_picked":["Underhanded Strike","Setup"],"picked":"Accuracy","floor":21.0},{"not_picked":["Dash","Predator","Skewer"],"picked":"SKIP","floor":22.0}],"player_experience":725534,"relics_obtained":[{"floor":8.0,"key":"Potion Belt"},{"floor":9.0,"key":"Eternal Feather"}],"event_choices":[{"damage_healed":0.0,"max_hp_gain":0.0,"max_hp_loss":0.0,"gold_gain":0.0,"event_name":"Shining Light","player_choice":"Entered Light","floor":4.0,"gold_loss":0.0,"damage_taken":18.0,"cards_upgraded":["Predator","Strike_G"]},{"damage_healed":0.0,"max_hp_gain":0.0,"max_hp_loss":0.0,"gold_gain":0.0,"event_name":"Scrap Ooze","player_choice":"Success","floor":10.0,"gold_loss":0.0,"damage_taken":5.0,"relics_obtained":["The Courier"]},{"damage_healed":24.0,"max_hp_gain":0.0,"max_hp_loss":0.0,"gold_gain":0.0,"event_name":"Wheel of Change","player_choice":"Full Heal","floor":20.0,"gold_loss":0.0,"damage_taken":0.0}],"is_beta":false,"boss_relics":[{"not_picked":["Busted Crown","Velvet Choker"],"picked":"Cursed Key"}],"items_purged_floors":[11],"is_endless":false,"potions_floor_spawned":[2,5,7,12,14,21,22],"killed_by":"Slavers","ascension_level":20}}