{"host":"neeznpvpgo0qgfkd","time":1612903629,"event":{"mods":["AchievementEnabler","BaseMod","BetterRewards","Colored Map","Colored Powertips","Exacting","Minty Spire (QoL Compilation)","Permanent Neow","Quick Restart","Shop Mod"],"gold_per_floor":[130,130,143,173,222,222,256,256,280,306,318,346,392,432,444,559,571,601,631,669,681,304,331,359,359,359,389,422,422,432,450,450,450,450],"floor_reached":33,"language":"ENG","playtime":1700,"items_purged":[],"score":435,"play_id":"537118dd-2b75-492b-a6e5-b47f73a63864","local_time":"20210209154709","is_ascension_mode":true,"campfire_choices":[{"floor":6,"key":"REST"},{"data":"Accuracy","floor":8,"key":"SMITH"},{"floor":11,"key":"REST"},{"floor":15,"key":"REST"},{"floor":25,"key":"REST"},{"floor":29,"key":"REST"},{"floor":32,"key":"RECALL"}],"circlet_count":0,"master_deck":["Strike_G","Strike_G","Strike_G","Strike_G","Strike_G","Defend_G","Defend_G","Defend_G","Defend_G","Defend_G","Survivor","Neutralize","Panache","Blade Dance","Terror","Dagger Spray","Accuracy+1","Riddle With Holes","Blade Dance","Tools of the Trade","Cloak And Dagger","Reflex","A Thousand Cuts","Slice","Poisoned Stab","Slice","Dramatic Entrance","Underhanded Strike+1","Slice","Dodge and Roll+1","Tactician"],"relics":["Ring of the Snake","TwistedFunnel","StoneCalendar","Lantern","Smiling Mask","Bag of Marbles","MawBank","The Specimen","HoveringKite","Omamori","Sling","Gambling Chip","Eternal Feather"],"acts_visited":["Exordium","TheCity"],"potions_floor_usage":[10,12,16,27,30,30,30,30,31,33,33,33],"damage_taken":[{"damage":0,"enemies":"Small Slimes","floor":1,"turns":3},{"damage":0,"enemies":"Cultist","floor":3,"turns":3},{"damage":0,"enemies":"2 Louse","floor":4,"turns":2},{"damage":12,"enemies":"Gremlin Gang","floor":5,"turns":4},{"damage":5,"enemies":"3 Sentries","floor":7,"turns":7},{"damage":23,"enemies":"Lagavulin","floor":10,"turns":4},{"damage":0,"enemies":"Large Slime","floor":12,"turns":4},{"damage":3,"enemies":"Exordium Thugs","floor":13,"turns":2},{"damage":10,"enemies":"Gremlin Nob","floor":14,"turns":3},{"damage":42,"enemies":"Hexaghost","floor":16,"turns":6},{"damage":12,"enemies":"Chosen","floor":18,"turns":3},{"damage":9,"enemies":"Shell Parasite","floor":19,"turns":3},{"damage":16,"enemies":"Shelled Parasite and Fungi","floor":20,"turns":3},{"damage":30,"enemies":"Book of Stabbing","floor":23,"turns":4},{"damage":5,"enemies":"Centurion and Healer","floor":24,"turns":3},{"damage":7,"enemies":"Slavers","floor":27,"turns":2},{"damage":12,"enemies":"Snake Plant","floor":28,"turns":3},{"damage":0,"enemies":"Sentry and Sphere","floor":30,"turns":1},{"damage":2,"enemies":"Shelled Parasite and Fungi","floor":31,"turns":2},{"damage":72,"enemies":"Champ","floor":33,"turns":7}],"seed_played":"-3272474160493668561","potions_obtained":[{"floor":3,"key":"Swift Potion"},{"floor":5,"key":"Explosive Potion"},{"floor":5,"key":"Block Potion"},{"floor":10,"key":"LiquidBronze"},{"floor":12,"key":"SkillPotion"},{"floor":16,"key":"Fruit Juice"},{"floor":20,"key":"Poison Potion"},{"floor":23,"key":"EntropicBrew"},{"floor":28,"key":"CunningPotion"},{"floor":31,"key":"SpeedPotion"},{"floor":31,"key":"PowerPotion"}],"is_trial":false,"path_per_floor":["M","?","M","M","M","R","E","R","T","E","R","M","M","E","R","B",null,"M","M","M","?","$","E","M","R","T","E","M","R","M","M","R","B"],"character_chosen":"THE_SILENT","items_purchased":["TwistedFunnel","Panache","Lantern","Blade Dance","Terror","Omamori","Sling","Dramatic Entrance"],"campfire_rested":5,"item_purchase_floors":[0,0,0,0,0,22,22,22],"current_hp_per_floor":[63,70,70,70,58,70,65,65,65,42,63,63,60,50,70,33,65,64,55,39,39,39,9,4,26,26,19,7,47,47,45,63,0,0],"gold":450,"neow_bonus":"","is_daily":false,"chose_seed":false,"campfire_upgraded":1,"win_rate":0.0,"timestamp":1612903629,"path_taken":["M","?","M","M","M","R","E","R","T","E","R","M","M","E","R","BOSS","M","?","M","?","$","E","M","R","T","E","M","R","M","?","R","BOSS"],"items_purchased_type":["Relic","Card","Relic","Card","Card","Relic","Relic","Card"],"build_version":"2020-12-22","purchased_purges":0,"victory":false,"max_hp_per_floor":[70,70,70,70,70,70,70,70,70,70,70,70,70,70,70,75,75,75,75,75,75,75,75,75,75,75,75,75,75,75,75,75,75,75],"card_choices":[{"not_picked":["Crippling Poison","Expertise","Bouncing Flask"],"picked":"SKIP","floor":1},{"not_picked":["Dodge and Roll","Sucker Punch"],"picked":"Dagger Spray","floor":3},{"not_picked":["Concentrate","Setup"],"picked":"Accuracy","floor":4},{"not_picked":["Underhanded Strike","Prepared","Bane"],"picked":"SKIP","floor":5},{"not_picked":["Endless Agony","All Out Attack"],"picked":"Riddle With Holes","floor":7},{"not_picked":["Dagger Throw","Deflect"],"picked":"Blade Dance","floor":10},{"not_picked":["Distraction","Backflip"],"picked":"Tools of the Trade","floor":12},{"not_picked":["Bouncing Flask","Dodge and Roll"],"picked":"Cloak And Dagger","floor":13},{"not_picked":["Grand Finale","Backflip"],"picked":"Reflex","floor":14},{"not_picked":["Wraith Form v2","Storm of Steel"],"picked":"A Thousand Cuts","floor":16},{"not_picked":["Cloak And Dagger","Acrobatics+1"],"picked":"Slice","floor":18},{"not_picked":["Blur","Underhanded Strike+1"],"picked":"Poisoned Stab","floor":19},{"not_picked":["Quick Slash","Well Laid Plans+1"],"picked":"Slice","floor":20},{"not_picked":["Deflect","Bane"],"picked":"Underhanded Strike+1","floor":23},{"not_picked":["Backflip","Heel Hook+1","Catalyst"],"picked":"SKIP","floor":23},{"not_picked":["Doppelganger","Catalyst"],"picked":"Slice","floor":24},{"not_picked":["Bouncing Flask+1","Skewer"],"picked":"Dodge and Roll+1","floor":27},{"not_picked":["Slice","Deadly Poison","Setup+1"],"picked":"SKIP","floor":28},{"not_picked":["Dagger Throw","Poisoned Stab+1"],"picked":"Tactician","floor":30},{"not_picked":["Blade Dance","Poisoned Stab","Leg Sweep"],"picked":"SKIP","floor":31}],"player_experience":1347900,"relics_obtained":[{"floor":7,"key":"Smiling Mask"},{"floor":9,"key":"Bag of Marbles"},{"floor":10,"key":"MawBank"},{"floor":14,"key":"The Specimen"},{"floor":23,"key":"Gambling Chip"},{"floor":27,"key":"Eternal Feather"}],"event_choices":[{"damage_healed":7,"gold_gain":0,"player_choice":"Full Heal","damage_taken":0,"max_hp_gain":0,"max_hp_loss":0,"event_name":"Wheel of Change","floor":2,"gold_loss":0},{"damage_healed":0,"gold_gain":0,"player_choice":"Ignored","damage_taken":0,"max_hp_gain":0,"max_hp_loss":0,"event_name":"Purifier","floor":21,"gold_loss":0}],"is_beta":false,"boss_relics":[{"not_picked":["Runic Pyramid","Empty Cage"],"picked":"HoveringKite"}],"items_purged_floors":[],"is_endless":false,"potions_floor_spawned":[5,10,12,16,20,23,28,31],"killed_by":"Champ","ascension_level":8}}