{"host":"630px4nyj50z5id8","time":1612853253,"event":{"mods":["BaseMod","Better Note","Colored Powertips","Good Game Mod","Minty Spire (QoL Compilation)","Quick Restart","Rare Cards Sparkle","Relic Filter Mod","Replay The Spire","StSLib","Waifu the Spire"],"gold_per_floor":[117,130,130,144,69,69,82,115,115,141,41,59,77,114,114,114,114],"floor_reached":16,"language":"ZHS","playtime":634,"items_purged":["Strike_B","Strike_B"],"score":176,"play_id":"d78d9c7d-1afa-4d77-b3b3-ebc272be99a9","local_time":"20210209144733","is_ascension_mode":true,"campfire_choices":[{"data":"Sunder","floor":6.0,"key":"SMITH"},{"floor":15,"key":"REST"}],"circlet_count":0,"master_deck":["Defend_B","Defend_B","Defend_B","Defend_B","Zap","Dualcast","Sunder+1","Thunder Strike","Apotheosis+1","Hologram","ReplayTheSpireMod:System Scan","Ball Lightning","Panic Button","Buffer","Melter","White Noise"],"relics":["Cracked Core","REME:ComplimentaryCards","Centennial Puzzle","Carrot","CeramicFish","BranchBurnRelic"],"acts_visited":["Exordium"],"potions_floor_usage":[14,14],"damage_taken":[{"damage":2.0,"enemies":"Jaw Worm","floor":1.0,"turns":3.0},{"damage":0.0,"enemies":"Small Slimes","floor":2.0,"turns":2.0},{"damage":0.0,"enemies":"2 Louse","floor":4.0,"turns":3.0},{"damage":10.0,"enemies":"2 Fungi Beasts","floor":7.0,"turns":4.0},{"damage":16.0,"enemies":"Lagavulin","floor":8.0,"turns":5.0},{"damage":13.0,"enemies":"3 Sentries","floor":10.0,"turns":5.0},{"damage":4.0,"enemies":"3 Louse","floor":12.0,"turns":2.0},{"damage":0.0,"enemies":"Large Slime","floor":13.0,"turns":4.0},{"damage":0,"enemies":"Lagavulin","floor":14,"turns":4},{"damage":0,"enemies":"Slime Boss","floor":16,"turns":5}],"seed_played":"7440726796940728159","potions_obtained":[{"floor":1.0,"key":"SkillPotion"},{"floor":7.0,"key":"Swift Potion"},{"floor":8.0,"key":"Ancient Potion"},{"floor":13.0,"key":"Block Potion"}],"is_trial":false,"path_per_floor":["M","M","?","M","$","R","M","E","T","E","$","M","M","E","R","B"],"character_chosen":"DEFECT","items_purchased":[],"campfire_rested":1,"item_purchase_floors":[],"current_hp_per_floor":[52,52,52,52,52,52,42,26,26,13,13,9,9,9,31,45,45],"gold":114,"neow_bonus":"TRANSFORM_TWO_CARDS","is_daily":false,"chose_seed":false,"campfire_upgraded":1,"win_rate":0.0,"timestamp":1612853253,"path_taken":["M","M","?","M","$","R","M","E","T","E","$","M","M","E","R","BOSS"],"items_purchased_type":[],"build_version":"2020-12-22","purchased_purges":2,"victory":false,"max_hp_per_floor":[75,75,75,75,75,75,75,75,75,75,75,75,75,75,75,75,75],"card_choices":[{"not_picked":["Go for the Eyes","Steam"],"picked":"Hologram","floor":1.0},{"not_picked":["Fusion","Leap"],"picked":"ReplayTheSpireMod:System Scan","floor":2.0},{"not_picked":["Blizzard","Lockon"],"picked":"Ball Lightning","floor":4.0},{"not_picked":["Gash","Rebound","Streamline"],"picked":"SKIP","floor":7.0},{"not_picked":["BasicCrystalCard","Ball Lightning"],"picked":"Panic Button","floor":8.0},{"not_picked":["Stack","Undo"],"picked":"Buffer","floor":10.0},{"not_picked":["Redo","Beam Cell","Stack"],"picked":"SKIP","floor":12.0},{"not_picked":["Reprogram","Panic Button"],"picked":"Melter","floor":13.0},{"not_picked":["ReplayTheSpireMod:Reroute Power","Undo"],"picked":"White Noise","floor":14}],"player_experience":438159,"relics_obtained":[{"floor":8.0,"key":"Centennial Puzzle"},{"floor":9.0,"key":"Carrot"},{"floor":10.0,"key":"Dead Branch"},{"floor":14,"key":"CeramicFish"}],"event_choices":[],"is_beta":false,"boss_relics":[],"items_purged_floors":[5,11],"is_endless":false,"potions_floor_spawned":[1,7,8,13],"killed_by":"Slime Boss","ascension_level":4}}