{"host":"j4g6ia6asvpyu2b0","time":1612888171,"event":{"mods":["BaseMod","Colored Map","Infinite Spire","Minty Spire (QoL Compilation)","Permanent Neow","Quick Restart","Relic Stats","StSLib","Unceasing Turn Reminder"],"gold_per_floor":[15,27,27,27,37,64,64,75,75,105,105,130,130,148,148,246,246,261,261,272,289,305,332,343,372,372,372,407,407,417,417,417,513,513,525,298,298,298,298,332,332,347,399,430,447,482,591,615,615,615,615,615,77,114,114],"floor_reached":56,"language":"ENG","playtime":2827,"items_purged":["Strike_G","Strike_G"],"score":1751,"play_id":"9e7b4359-a665-4b0d-b1a0-9bfafd79083d","local_time":"20210209092931","is_ascension_mode":true,"campfire_choices":[{"data":"After Image","floor":7.0,"key":"SMITH"},{"data":"Catalyst","floor":11.0,"key":"SMITH"},{"data":"Malaise","floor":15.0,"key":"SMITH"},{"data":"infinitespire:Neurotoxin","floor":29.0,"key":"SMITH"},{"data":"Burst","floor":32.0,"key":"SMITH"},{"data":"Envenom","floor":41.0,"key":"SMITH"},{"floor":49,"key":"RECALL"},{"data":"infinitespire:UltimateForm","floor":52,"key":"SMITH"}],"circlet_count":0,"master_deck":["Strike_G","Strike_G","Strike_G","Defend_G","Defend_G","Defend_G","Defend_G","Defend_G","Survivor","Neutralize","After Image+1","Poisoned Stab","Backflip","Deadly Poison","Poisoned Stab","Catalyst+1","Burst+1","Quick Slash","Malaise+1","Flechettes","Cloak And Dagger","Envenom+1","Blade Dance","Blur","Deadly Poison","Backflip","Die Die Die","PiercingWail","infinitespire:Neurotoxin+1","Catalyst+1","Flying Knee","Bouncing Flask+1","Corpse Explosion+1","Cloak And Dagger+1","infinitespire:NeuralNetwork","Predator+1","Outmaneuver+1","Deadly Poison+1","Calculated Gamble+1","infinitespire:UltimateForm+1","Quick Slash+1","Dodge and Roll+1","Footwork+1"],"relics":["Ring of the Snake","Oddly Smooth Stone","FossilizedHelix","White Beast Statue","Omamori","Bottled Flame","Philosopher\u0027s Stone","Pen Nib","infinitespire:Eraser","Toxic Egg 2","Runic Pyramid","Mercury Hourglass","Coffee Dripper","Bronze Scales","Tough Bandages","infinitespire:ShieldingShard","CeramicFish","Ginger","TungstenRod","Happy Flower","Bottled Lightning","infinitespire:BottledMercury"],"acts_visited":["Exordium","TheCity","TheBeyond","TheEnding"],"potions_floor_usage":[55,55,55],"damage_taken":[{"damage":0.0,"enemies":"Small Slimes","floor":1.0,"turns":4.0},{"damage":0.0,"enemies":"2 Louse","floor":2.0,"turns":3.0},{"damage":0.0,"enemies":"Jaw Worm","floor":5.0,"turns":8.0},{"damage":10.0,"enemies":"Lagavulin","floor":6.0,"turns":7.0},{"damage":0.0,"enemies":"2 Fungi Beasts","floor":8.0,"turns":4.0},{"damage":0.0,"enemies":"3 Sentries","floor":10.0,"turns":8.0},{"damage":0.0,"enemies":"Lagavulin","floor":12.0,"turns":6.0},{"damage":0.0,"enemies":"Red Slaver","floor":14.0,"turns":4.0},{"damage":33.0,"enemies":"Slime Boss","floor":16.0,"turns":13.0},{"damage":0.0,"enemies":"3 Byrds","floor":18.0,"turns":6.0},{"damage":5.0,"enemies":"2 Thieves","floor":20.0,"turns":4.0},{"damage":0.0,"enemies":"Snecko","floor":21.0,"turns":5.0},{"damage":0.0,"enemies":"Snake Plant","floor":22.0,"turns":6.0},{"damage":18.0,"enemies":"Slavers","floor":23.0,"turns":6.0},{"damage":0.0,"enemies":"Chosen and Byrds","floor":24.0,"turns":5.0},{"damage":0.0,"enemies":"Book of Stabbing","floor":25.0,"turns":6.0},{"damage":8.0,"enemies":"Nightmare","floor":28.0,"turns":9.0},{"damage":0.0,"enemies":"Snecko","floor":30.0,"turns":3.0},{"damage":18.0,"enemies":"Automaton","floor":33.0,"turns":10.0},{"damage":0.0,"enemies":"Orb Walker","floor":35.0,"turns":2.0},{"damage":0.0,"enemies":"Nemesis","floor":40.0,"turns":5.0},{"damage":0.0,"enemies":"3 Shapes","floor":42.0,"turns":4.0},{"damage":0.0,"enemies":"Giant Head","floor":44.0,"turns":5.0},{"damage":0.0,"enemies":"Transient","floor":45.0,"turns":5.0},{"damage":0.0,"enemies":"Reptomancer","floor":46.0,"turns":5.0},{"damage":0.0,"enemies":"infinitespire:Three Voidlings","floor":47.0,"turns":3.0},{"damage":16.0,"enemies":"Nightmare_Alpha","floor":47.0,"turns":5.0},{"damage":0,"enemies":"Jaw Worm Horde","floor":48,"turns":3},{"damage":0,"enemies":"infinitespire:MassOfShapes","floor":50,"turns":3},{"damage":0,"enemies":"Shield and Spear","floor":54,"turns":5},{"damage":62,"enemies":"The Heart","floor":55,"turns":5}],"seed_played":"-8985451741121662862","potions_obtained":[{"floor":2.0,"key":"Fire Potion"},{"floor":5.0,"key":"FairyPotion"},{"floor":6.0,"key":"EssenceOfSteel"},{"floor":10.0,"key":"DistilledChaos"},{"floor":12.0,"key":"Ancient Potion"},{"floor":16.0,"key":"SmokeBomb"},{"floor":18.0,"key":"PowerPotion"},{"floor":20.0,"key":"ColorlessPotion"},{"floor":21.0,"key":"Strength Potion"},{"floor":22.0,"key":"Strength Potion"},{"floor":23.0,"key":"AttackPotion"},{"floor":24.0,"key":"Strength Potion"},{"floor":25.0,"key":"SpeedPotion"},{"floor":28.0,"key":"AttackPotion"},{"floor":30.0,"key":"FearPotion"},{"floor":35.0,"key":"LiquidMemories"},{"floor":42.0,"key":"DistilledChaos"},{"floor":44.0,"key":"DuplicationPotion"},{"floor":47,"key":"Weak Potion"},{"floor":48,"key":"Fire Potion"},{"floor":54,"key":"DistilledChaos"}],"is_trial":false,"path_per_floor":["M","M","?","?","M","E","R","M","T","E","R","E","?","M","R","B",null,"M","?","M","M","M","E","M","E","T","AVR","NM","R","M","?","R","B",null,"M","$","?","AVR","?","E","R","M","T","E","M","E","?","M","R","B",null,"R","$","E","B",null],"character_chosen":"THE_SILENT","items_purchased":["Bronze Scales","Happy Flower","Bottled Lightning","Dodge and Roll+1"],"campfire_rested":0,"item_purchase_floors":[36,53,53,53],"current_hp_per_floor":[70,70,75,57,57,47,47,47,47,47,47,47,47,47,47,14,75,75,85,80,80,80,62,62,62,62,62,54,54,54,54,54,36,85,85,85,64,64,64,64,64,64,64,64,64,64,48,48,48,48,85,85,85,85,23],"gold":114,"neow_bonus":"THREE_RARE_CARDS","is_daily":false,"chose_seed":false,"campfire_upgraded":7,"win_rate":0.0,"timestamp":1612888171,"path_taken":["M","M","?","?","M","E","R","?","T","E","R","E","?","M","R","BOSS","M","?","M","M","?","E","M","E","T","AVR","NM","R","M","?","R","BOSS","M","$","?","AVR","?","E","R","M","T","E","?","E","?","M","R","BOSS","R","$","E","BOSS"],"items_purchased_type":["Relic","Relic","Relic","Card"],"build_version":"2020-12-22","purchased_purges":2,"victory":true,"max_hp_per_floor":[70,70,75,75,75,75,75,75,75,75,75,75,75,75,75,75,75,75,85,85,85,85,85,85,85,85,85,85,85,85,85,85,85,85,85,85,85,85,85,85,85,85,85,85,85,85,85,85,85,85,85,85,85,85,85],"relic_stats":{"Tough Bandages":[51],"Happy Flower":[3],"counters":[31,167],"Bronze Scales":[127],"CeramicFish":45,"Pen Nib":[16],"Ginger":[2],"obtain_stats":[{"infinitespire:BottledMercury":54,"Happy Flower":53,"CeramicFish":46,"Oddly Smooth Stone":4,"Pen Nib":23,"Omamori":10,"Ginger":47,"White Beast Statue":9,"Mercury Hourglass":28,"Bottled Flame":12,"Tough Bandages":40,"infinitespire:ShieldingShard":44,"Bronze Scales":36,"Philosopher\u0027s Stone":17,"Coffee Dripper":34,"Bottled Lightning":53,"infinitespire:Eraser":25,"Toxic Egg 2":26,"FossilizedHelix":6,"TungstenRod":47,"Ring of the Snake":0,"Runic Pyramid":27},{"infinitespire:BottledMercury":30,"Happy Flower":29,"CeramicFish":25,"Oddly Smooth Stone":2,"Pen Nib":14,"Omamori":6,"Ginger":27,"White Beast Statue":5,"Mercury Hourglass":17,"Bottled Flame":7,"Tough Bandages":21,"infinitespire:ShieldingShard":23,"Bronze Scales":20,"Philosopher\u0027s Stone":9,"Coffee Dripper":19,"Bottled Lightning":29,"infinitespire:Eraser":16,"Toxic Egg 2":16,"FossilizedHelix":4,"TungstenRod":27,"Ring of the Snake":0,"Runic Pyramid":16},{"infinitespire:BottledMercury":162,"Happy Flower":157,"CeramicFish":143,"Oddly Smooth Stone":7,"Pen Nib":84,"Omamori":34,"Ginger":151,"White Beast Statue":26,"Mercury Hourglass":104,"Bottled Flame":40,"Tough Bandages":124,"infinitespire:ShieldingShard":133,"Bronze Scales":119,"Philosopher\u0027s Stone":57,"Coffee Dripper":117,"Bottled Lightning":157,"infinitespire:Eraser":95,"Toxic Egg 2":95,"FossilizedHelix":22,"TungstenRod":151,"Ring of the Snake":0,"Runic Pyramid":95}],"TungstenRod":8,"Ring of the Snake":[62],"Mercury Hourglass":[219]},"card_choices":[{"not_picked":["Doppelganger","Envenom"],"picked":"After Image","floor":0.0},{"not_picked":["Choke","Dodge and Roll"],"picked":"Poisoned Stab","floor":1.0},{"not_picked":["Sucker Punch","Outmaneuver"],"picked":"Backflip","floor":2.0},{"not_picked":["Backflip","Acrobatics"],"picked":"Deadly Poison","floor":5.0},{"not_picked":["Skewer","Deflect"],"picked":"Doppelganger","floor":6.0},{"not_picked":["Reflex","Dodge and Roll"],"picked":"Poisoned Stab","floor":8.0},{"not_picked":["Dagger Throw","Deadly Poison"],"picked":"Catalyst","floor":10.0},{"not_picked":["Cloak And Dagger","Bane"],"picked":"Burst","floor":12.0},{"not_picked":["Dagger Spray","Backflip"],"picked":"Cloak And Dagger","floor":14.0},{"not_picked":["Storm of Steel","Malaise"],"picked":"Envenom","floor":16.0},{"not_picked":["Blur","Deadly Poison"],"picked":"Blade Dance","floor":18.0},{"not_picked":["Expertise","Outmaneuver"],"picked":"Blur","floor":20.0},{"not_picked":["Deflect","Sucker Punch"],"picked":"Deadly Poison","floor":21.0},{"not_picked":["Finisher+1","Riddle With Holes+1"],"picked":"Backflip","floor":22.0},{"not_picked":["Expertise","Riddle With Holes"],"picked":"Die Die Die","floor":23.0},{"not_picked":["Dodge and Roll","Flying Knee+1"],"picked":"PiercingWail","floor":24.0},{"not_picked":["Reflex+1","Expertise"],"picked":"infinitespire:Neurotoxin","floor":25.0},{"not_picked":["Riddle With Holes+1","Distraction+1"],"picked":"Catalyst+1","floor":28.0},{"not_picked":["Bane+1","Finisher"],"picked":"Flying Knee","floor":30.0},{"not_picked":["Wraith Form v2","Doppelganger+1"],"picked":"Corpse Explosion+1","floor":33.0},{"not_picked":["Flying Knee","Quick Slash+1"],"picked":"Cloak And Dagger+1","floor":35.0},{"not_picked":["infinitespire:Menacing","infinitespire:Collect"],"picked":"infinitespire:NeuralNetwork","floor":37.0},{"not_picked":["Dash","Flechettes+1"],"picked":"Predator+1","floor":40.0},{"not_picked":["Prepared+1","Riddle With Holes"],"picked":"Outmaneuver+1","floor":42.0},{"not_picked":["Endless Agony+1","Backstab+1","Deflect+1"],"picked":"SKIP","floor":44.0},{"not_picked":["Deflect+1","Dagger Throw"],"picked":"Deadly Poison+1","floor":45.0},{"not_picked":["Bane+1","Prepared+1"],"picked":"Calculated Gamble+1","floor":46.0},{"not_picked":["infinitespire:Gouge","infinitespire:TheBestDefense"],"picked":"infinitespire:UltimateForm","floor":47},{"not_picked":["Endless Agony+1","Dagger Throw+1"],"picked":"Quick Slash+1","floor":48},{"not_picked":["Dagger Spray+1","Finisher+1"],"picked":"Footwork+1","floor":54}],"player_experience":1203686,"relics_obtained":[{"floor":6.0,"key":"FossilizedHelix"},{"floor":9.0,"key":"White Beast Statue"},{"floor":10.0,"key":"Omamori"},{"floor":12.0,"key":"Bottled Flame"},{"floor":23.0,"key":"Pen Nib"},{"floor":25.0,"key":"infinitespire:Eraser"},{"floor":26.0,"key":"Toxic Egg 2"},{"floor":28.0,"key":"Mercury Hourglass"},{"floor":40.0,"key":"Tough Bandages"},{"floor":44.0,"key":"infinitespire:ShieldingShard"},{"floor":46.0,"key":"CeramicFish"},{"floor":47,"key":"Ginger"},{"floor":47,"key":"TungstenRod"},{"floor":54,"key":"infinitespire:BottledMercury"}],"event_choices":[{"damage_healed":0.0,"max_hp_gain":5.0,"max_hp_loss":0.0,"gold_gain":0.0,"event_name":"Big Fish","player_choice":"Donut","floor":3.0,"gold_loss":0.0,"damage_taken":0.0},{"damage_healed":0.0,"max_hp_gain":0.0,"max_hp_loss":0.0,"gold_gain":0.0,"event_name":"Scrap Ooze","player_choice":"Success","floor":4.0,"gold_loss":0.0,"damage_taken":18.0,"relics_obtained":["Oddly Smooth Stone"]},{"damage_healed":0.0,"max_hp_gain":0.0,"max_hp_loss":0.0,"gold_gain":0.0,"event_name":"Match and Keep!","player_choice":"3 cards matched","floor":13.0,"gold_loss":0.0,"damage_taken":0.0,"cards_obtained":["Quick Slash","Malaise","Flechettes"]},{"cards_removed":["Doppelganger"],"damage_healed":0.0,"max_hp_gain":10.0,"max_hp_loss":0.0,"gold_gain":0.0,"event_name":"Bonfire Elementals","player_choice":"Offered Rare","floor":19.0,"gold_loss":0.0,"damage_taken":0.0},{"damage_healed":0.0,"max_hp_gain":0.0,"max_hp_loss":0.0,"gold_gain":0.0,"event_name":"The Library","player_choice":"Read","floor":31.0,"gold_loss":0.0,"damage_taken":0.0,"cards_obtained":["Bouncing Flask"]},{"damage_healed":0.0,"max_hp_gain":0.0,"max_hp_loss":0.0,"gold_gain":0.0,"event_name":"Wheel of Change","player_choice":"Cursed","floor":39.0,"gold_loss":0.0,"damage_taken":0.0,"cards_obtained":["Decay"]},{"damage_healed":0,"gold_gain":0,"player_choice":"Relic","damage_taken":0,"max_hp_gain":0,"max_hp_loss":0,"event_name":"Wheel of Change","floor":47,"gold_loss":0}],"is_beta":false,"boss_relics":[{"not_picked":["Tiny House","Black Star"],"picked":"Philosopher\u0027s Stone"},{"not_picked":["Busted Crown","Pandora\u0027s Box"],"picked":"Coffee Dripper"}],"items_purged_floors":[36,53],"is_endless":false,"potions_floor_spawned":[2,5,6,10,12,14,16,18,20,21,22,23,24,25,28,30,33,35,40,42,44,45,46,47,47,48,54],"ascension_level":3}}