{"host":"ydg0vn0pu4pubmdt","time":1612865001,"event":{"mods":["AchievementEnabler","BaseMod","Colored Map","Gold Saver","Minty Spire (QoL Compilation)","Quick Restart","SuperFastMode"],"gold_per_floor":[731,438,438,455,455,455,473,485,509,523,316,316,394,429,429,528,528,548,463,479,270,282,316,316,316,316,326,326,356,356,388,388,483,483,500,510,334,383,383,383,412,99,99,99,111,125,138,155,155,155],"floor_reached":51,"language":"KOR","playtime":1570,"items_purged":["Strike_P","Defend_P","Strike_P","LessonLearned+1","Strike_P+1"],"score":1447,"play_id":"ca513c73-387e-40ad-b39a-90079abea7a5","local_time":"20210209190321","is_ascension_mode":true,"campfire_choices":[{"data":"Eruption","floor":6.0,"key":"SMITH"},{"data":"Adaptation","floor":12.0,"key":"SMITH"},{"data":"MentalFortress","floor":15.0,"key":"SMITH"},{"data":"Scrawl","floor":25.0,"key":"SMITH"},{"data":"InnerPeace","floor":28.0,"key":"SMITH"},{"floor":30.0,"key":"RECALL"},{"floor":32.0,"key":"REST"},{"floor":40,"key":"REST"},{"floor":49,"key":"REST"}],"circlet_count":0,"master_deck":["Defend_P+1","Eruption+1","Vigilance+1","MentalFortress+1","InnerPeace+1","WheelKick+1","TalkToTheHand+1","EmptyFist+1","FlurryOfBlows+1","Adaptation+1","Scrawl+1","Adaptation+1","EmptyMind+1","Ragnarok+1","FollowUp+1","Pray+1"],"relics":["PureWater","Membership Card","Blood Vial","Akabeko","Gremlin Horn","White Beast Statue","Mummified Hand","VioletLotus","PreservedInsect","TheAbacus","Bag of Marbles","StoneCalendar","MutagenicStrength","Meat on the Bone","Potion Belt","Omamori","Astrolabe","Ancient Tea Set","Turnip","Bronze Scales","Calipers","Medical Kit","Ice Cream"],"acts_visited":["Exordium","TheCity","TheBeyond"],"potions_floor_usage":[38,47,50],"damage_taken":[{"damage":0.0,"enemies":"2 Louse","floor":1.0,"turns":2.0},{"damage":9.0,"enemies":"Jaw Worm","floor":4.0,"turns":5.0},{"damage":3.0,"enemies":"Small Slimes","floor":7.0,"turns":3.0},{"damage":8.0,"enemies":"2 Fungi Beasts","floor":8.0,"turns":3.0},{"damage":0.0,"enemies":"Exordium Wildlife","floor":10.0,"turns":3.0},{"damage":0.0,"enemies":"Gremlin Nob","floor":14.0,"turns":2.0},{"damage":0.0,"enemies":"Slime Boss","floor":16.0,"turns":6.0},{"damage":0.0,"enemies":"Spheric Guardian","floor":18.0,"turns":2.0},{"damage":0.0,"enemies":"Shell Parasite","floor":20.0,"turns":3.0},{"damage":0.0,"enemies":"Centurion and Healer","floor":22.0,"turns":5.0},{"damage":0.0,"enemies":"Book of Stabbing","floor":23.0,"turns":1.0},{"damage":0.0,"enemies":"Snecko","floor":27.0,"turns":1.0},{"damage":0.0,"enemies":"Slavers","floor":29.0,"turns":2.0},{"damage":0.0,"enemies":"Gremlin Leader","floor":31.0,"turns":1.0},{"damage":0.0,"enemies":"Collector","floor":33.0,"turns":3.0},{"damage":8.0,"enemies":"3 Shapes","floor":35.0,"turns":1.0},{"damage":0.0,"enemies":"Orb Walker","floor":36.0,"turns":1.0},{"damage":0,"enemies":"2 Orb Walkers","floor":38,"turns":2},{"damage":0,"enemies":"Reptomancer","floor":41,"turns":1},{"damage":0,"enemies":"Transient","floor":45,"turns":5},{"damage":0,"enemies":"Maw","floor":46,"turns":1},{"damage":0,"enemies":"Jaw Worm Horde","floor":47,"turns":1},{"damage":0,"enemies":"Transient","floor":48,"turns":5},{"damage":0,"enemies":"Donu and Deca","floor":50,"turns":1}],"seed_played":"-5231020057785089293","potions_obtained":[{"floor":4.0,"key":"Weak Potion"},{"floor":8.0,"key":"PowerPotion"},{"floor":16.0,"key":"FairyPotion"},{"floor":18.0,"key":"StancePotion"},{"floor":22.0,"key":"DistilledChaos"},{"floor":23.0,"key":"LiquidBronze"},{"floor":29.0,"key":"AttackPotion"},{"floor":31.0,"key":"Swift Potion"},{"floor":33.0,"key":"BottledMiracle"},{"floor":35.0,"key":"SkillPotion"},{"floor":38,"key":"FearPotion"},{"floor":46,"key":"GamblersBrew"},{"floor":47,"key":"CultistPotion"},{"floor":48,"key":"PowerPotion"}],"is_trial":false,"path_per_floor":["M","$","?","M","?","R","M","M","T","M","$","R","T","E","R","B",null,"M","?","M","$","M","E","?","R","T","M","R","E","R","E","R","B",null,"M","M","$","?","?","R","E","$","T","$","M","M","M","M","R","B",null],"character_chosen":"WATCHER","items_purchased":["Membership Card","InnerPeace","WheelKick","PowerPotion","Adaptation","Gremlin Horn","TheAbacus","Bag of Marbles","Ancient Tea Set","Swift Potion","Calipers","Medical Kit"],"campfire_rested":3,"item_purchase_floors":[2,2,2,2,11,11,21,21,37,37,42,42],"current_hp_per_floor":[47,47,40,33,38,38,37,31,31,33,33,33,33,35,35,37,67,69,69,71,71,73,75,75,75,75,77,77,77,77,77,77,77,77,69,71,71,73,73,73,73,73,73,73,73,73,73,73,73,73],"gold":155,"neow_bonus":"THREE_RARE_CARDS","is_daily":false,"chose_seed":false,"campfire_upgraded":5,"win_rate":0.0,"timestamp":1612865001,"path_taken":["M","$","?","M","?","R","M","M","T","M","$","R","?","E","R","BOSS","M","?","M","$","M","E","?","R","T","M","R","E","R","E","R","BOSS","M","M","$","?","?","R","E","?","T","$","M","?","M","M","R","BOSS"],"items_purchased_type":["Relic","Card","Card","Potion","Card","Relic","Relic","Relic","Relic","Potion","Relic","Relic"],"build_version":"2020-12-22","purchased_purges":5,"victory":true,"max_hp_per_floor":[72,72,72,72,77,77,77,77,77,77,77,77,77,77,77,77,77,77,77,77,77,77,77,77,77,77,77,77,77,77,77,77,77,77,77,77,77,77,73,73,73,73,73,73,73,73,73,73,73,73],"card_choices":[{"not_picked":["DeusExMachina","MasterReality"],"picked":"LessonLearned","floor":0.0},{"not_picked":["EmptyBody","EmptyMind"],"picked":"MentalFortress","floor":1.0},{"not_picked":["Protect","Prostrate"],"picked":"TalkToTheHand","floor":4.0},{"not_picked":["BowlingBash","Halt","EmptyFist"],"picked":"SKIP","floor":7.0},{"not_picked":["BowlingBash","Halt"],"picked":"EmptyFist","floor":7.0},{"not_picked":["BowlingBash","Worship","ClearTheMind"],"picked":"SKIP","floor":8.0},{"not_picked":["EmptyFist","Wallop"],"picked":"FlurryOfBlows","floor":10.0},{"not_picked":["Crescendo","FlyingSleeves","Pray"],"picked":"SKIP","floor":14.0},{"not_picked":["SpiritShield","ConjureBlade"],"picked":"Scrawl","floor":16.0},{"not_picked":["ForeignInfluence","Crescendo+1","EmptyFist"],"picked":"SKIP","floor":18.0},{"not_picked":["EmptyFist+1","SashWhip+1"],"picked":"Adaptation+1","floor":20.0},{"not_picked":["FlyingSleeves","EmptyBody+1"],"picked":"EmptyMind","floor":22.0},{"not_picked":["Establishment","InnerPeace","CutThroughFate"],"picked":"SKIP","floor":23.0},{"not_picked":["Conclude","ClearTheMind","Prostrate"],"picked":"SKIP","floor":27.0},{"not_picked":["Study","CutThroughFate+1","Meditate"],"picked":"SKIP","floor":29.0},{"not_picked":["WheelKick","CutThroughFate","WindmillStrike"],"picked":"SKIP","floor":31.0},{"not_picked":["Perseverance","SashWhip","FlyingSleeves+1"],"picked":"SKIP","floor":35.0},{"not_picked":["InnerPeace","FlurryOfBlows+1","Indignation"],"picked":"SKIP","floor":36.0},{"not_picked":["ClearTheMind+1","Prostrate+1","Crescendo"],"picked":"SKIP","floor":41},{"not_picked":["EmptyBody+1","Crescendo+1","Weave"],"picked":"SKIP","floor":45},{"not_picked":["Protect","CutThroughFate","BowlingBash+1"],"picked":"SKIP","floor":46},{"not_picked":["InnerPeace","SandsOfTime","FollowUp+1"],"picked":"SKIP","floor":47},{"not_picked":["FlyingSleeves","Evaluate","FlurryOfBlows"],"picked":"SKIP","floor":48}],"player_experience":510847,"relics_obtained":[{"floor":9.0,"key":"Akabeko"},{"floor":13.0,"key":"White Beast Statue"},{"floor":14.0,"key":"Mummified Hand"},{"floor":23.0,"key":"StoneCalendar"},{"floor":26.0,"key":"Meat on the Bone"},{"floor":29.0,"key":"Potion Belt"},{"floor":31.0,"key":"Omamori"},{"floor":38,"key":"Turnip"},{"floor":41,"key":"Bronze Scales"},{"floor":43,"key":"Ice Cream"}],"event_choices":[{"damage_healed":0.0,"max_hp_gain":0.0,"max_hp_loss":0.0,"gold_gain":0.0,"event_name":"Scrap Ooze","player_choice":"Success","floor":3.0,"gold_loss":0.0,"damage_taken":7.0,"relics_obtained":["Blood Vial"]},{"damage_healed":0.0,"max_hp_gain":5.0,"max_hp_loss":0.0,"gold_gain":0.0,"event_name":"Big Fish","player_choice":"Donut","floor":5.0,"gold_loss":0.0,"damage_taken":0.0},{"damage_healed":0.0,"max_hp_gain":0.0,"max_hp_loss":0.0,"gold_gain":0.0,"event_name":"Addict","player_choice":"Obtained Relic","floor":19.0,"gold_loss":85.0,"damage_taken":0.0,"relics_obtained":["PreservedInsect"]},{"damage_healed":0.0,"max_hp_gain":0.0,"max_hp_loss":0.0,"gold_gain":0.0,"event_name":"Drug Dealer","player_choice":"Inject Mutagens","floor":24.0,"gold_loss":0.0,"damage_taken":0.0,"relics_obtained":["MutagenicStrength"]},{"damage_healed":0,"gold_gain":0,"player_choice":"Fight","damage_taken":0,"max_hp_gain":0,"max_hp_loss":0,"event_name":"Mysterious Sphere","floor":38,"gold_loss":0},{"damage_healed":0,"gold_gain":0,"player_choice":"Max HP","damage_taken":0,"max_hp_gain":0,"max_hp_loss":4,"event_name":"Winding Halls","floor":39,"gold_loss":0}],"is_beta":false,"boss_relics":[{"not_picked":["Coffee Dripper","HolyWater"],"picked":"VioletLotus"},{"not_picked":["SlaversCollar","Tiny House"],"picked":"Astrolabe"}],"items_purged_floors":[2,11,21,37,42],"is_endless":false,"potions_floor_spawned":[4,8,14,16,18,20,22,23,27,29,31,33,35,36,38,41,45,46,47,48],"ascension_level":7}}