{"host":"3qkmyeoym75lj4wn","time":1612907603,"event":{"mods":["2.2 Compatiblity","BaseMod","Block Reminder","Colored Powertips","Highlight Path","Minty Spire (QoL Compilation)","Permanent Neow","Potion Indicator Mod","Rare Cards Sparkle","Relic Stats","StSLib","Unceasing Turn Reminder"],"gold_per_floor":[113,128,93,54,65,98,98,128,198,214,241,291,323,336,336,412,412,428,428,438,457,457,490,490,509,509,509,509,509],"floor_reached":28,"language":"ENG","playtime":1140,"items_purged":[],"score":536,"play_id":"e0b59beb-da67-4ac2-91cc-f76e434a693a","local_time":"20210209215323","is_ascension_mode":true,"campfire_choices":[{"data":"Mayhem","floor":7,"key":"SMITH"},{"floor":15,"key":"REST"},{"floor":24,"key":"REST"},{"floor":27,"key":"REST"}],"circlet_count":0,"master_deck":["AscendersBane","Strike_R","Strike_R","Strike_R","Strike_R","Strike_R","Defend_R","Defend_R","Defend_R","Defend_R","Bash","Mayhem+1","Carnage","Seeing Red","Seeing Red","Carnage","Bludgeon","Armaments","Demon Form+1","CurseOfTheBell","Cleave+1","Decay","Seeing Red+1","Shrug It Off"],"relics":["Burning Blood","StoneCalendar","Orichalcum","Lantern","Dream Catcher","Calling Bell","Bag of Preparation","Matryoshka","FossilizedHelix","Tiny Chest","Charon\u0027s Ashes","Bottled Tornado"],"acts_visited":["Exordium","TheCity"],"potions_floor_usage":[6,6,10,11,11,18,23,23,25],"damage_taken":[{"damage":8,"enemies":"Cultist","floor":1,"turns":5},{"damage":6,"enemies":"Small Slimes","floor":2,"turns":4},{"damage":2,"enemies":"2 Louse","floor":5,"turns":4},{"damage":30,"enemies":"3 Sentries","floor":6,"turns":8},{"damage":30,"enemies":"Lagavulin","floor":8,"turns":4},{"damage":2,"enemies":"Lots of Slimes","floor":10,"turns":4},{"damage":4,"enemies":"3 Sentries","floor":11,"turns":6},{"damage":2,"enemies":"Gremlin Nob","floor":13,"turns":3},{"damage":14,"enemies":"Exordium Wildlife","floor":14,"turns":3},{"damage":24,"enemies":"The Guardian","floor":16,"turns":8},{"damage":11,"enemies":"Spheric Guardian","floor":18,"turns":4},{"damage":5,"enemies":"2 Thieves","floor":20,"turns":4},{"damage":0,"enemies":"Centurion and Healer","floor":21,"turns":5},{"damage":51,"enemies":"Gremlin Leader","floor":23,"turns":7},{"damage":28,"enemies":"3 Cultists","floor":25,"turns":5},{"damage":45,"enemies":"Book of Stabbing","floor":28,"turns":4}],"seed_played":"-6554731877576566956","potions_obtained":[{"floor":2,"key":"SteroidPotion"},{"floor":5,"key":"SneckoOil"},{"floor":8,"key":"EntropicBrew"},{"floor":11,"key":"SpeedPotion"},{"floor":16,"key":"AttackPotion"},{"floor":21,"key":"AttackPotion"},{"floor":23,"key":"Strength Potion"}],"is_trial":false,"path_per_floor":["M","M","?","$","M","E","R","E","T","M","E","?","E","M","R","B",null,"M","?","M","M","?","E","R","M","T","R","E"],"character_chosen":"IRONCLAD","items_purchased":["Seeing Red"],"campfire_rested":3,"item_purchase_floors":[4],"current_hp_per_floor":[48,48,66,66,70,46,46,22,22,26,28,28,32,24,46,28,63,58,58,59,65,65,20,42,20,20,42,0,0],"gold":509,"neow_bonus":"RANDOM_COLORLESS_2","is_daily":false,"chose_seed":false,"campfire_upgraded":1,"win_rate":0.0,"timestamp":1612907603,"path_taken":["M","M","?","$","M","E","R","E","T","M","E","?","E","M","R","BOSS","M","?","?","M","?","E","R","?","T","R","E"],"items_purchased_type":["Card"],"build_version":"2020-12-22","purchased_purges":0,"victory":false,"max_hp_per_floor":[75,75,75,75,75,75,75,75,75,75,75,75,75,75,75,75,75,75,75,75,75,75,75,75,75,75,75,75,75],"relic_stats":{"Dream Catcher":3,"counters":[16,78],"StoneCalendar":[52],"Tiny Chest":0,"Charon\u0027s Ashes":[15],"Bag of Preparation":[12],"Orichalcum":[144],"obtain_stats":[{"Calling Bell":17,"Lantern":11,"Dream Catcher":13,"Matryoshka":17,"StoneCalendar":6,"Tiny Chest":23,"Charon\u0027s Ashes":26,"Bag of Preparation":17,"Orichalcum":8,"Bottled Tornado":26,"Burning Blood":0,"FossilizedHelix":17},{"Calling Bell":10,"Lantern":7,"Dream Catcher":8,"Matryoshka":10,"StoneCalendar":4,"Tiny Chest":14,"Charon\u0027s Ashes":15,"Bag of Preparation":10,"Orichalcum":5,"Bottled Tornado":15,"Burning Blood":0,"FossilizedHelix":10},{"Calling Bell":49,"Lantern":35,"Dream Catcher":38,"Matryoshka":49,"StoneCalendar":21,"Tiny Chest":69,"Charon\u0027s Ashes":74,"Bag of Preparation":49,"Orichalcum":25,"Bottled Tornado":74,"Burning Blood":0,"FossilizedHelix":49}],"Burning Blood":90},"card_choices":[{"not_picked":["Panache","Transmutation"],"picked":"Mayhem","floor":0},{"not_picked":["Bloodletting","Evolve"],"picked":"Carnage","floor":1},{"not_picked":["Sword Boomerang","Dropkick","Warcry"],"picked":"SKIP","floor":2},{"not_picked":["Infernal Blade","Wild Strike"],"picked":"Seeing Red","floor":5},{"not_picked":["Clash","Warcry"],"picked":"Carnage","floor":6},{"not_picked":["Hemokinesis","Anger","Sword Boomerang"],"picked":"SKIP","floor":8},{"not_picked":["Twin Strike","Perfected Strike"],"picked":"Bludgeon","floor":10},{"not_picked":["Shrug It Off","Havoc"],"picked":"Armaments","floor":11},{"not_picked":["Searing Blow","Combust","Infernal Blade"],"picked":"SKIP","floor":13},{"not_picked":["Rupture","Infernal Blade","Sever Soul"],"picked":"SKIP","floor":14},{"not_picked":["Limit Break","Exhume"],"picked":"Demon Form","floor":16},{"not_picked":["Sword Boomerang","Sentinel"],"picked":"Cleave+1","floor":18},{"not_picked":["Whirlwind","Carnage","Searing Blow"],"picked":"SKIP","floor":20},{"not_picked":["Havoc","Armaments","Heavy Blade"],"picked":"SKIP","floor":21},{"not_picked":["Thunderclap","Pummel"],"picked":"Seeing Red+1","floor":23},{"not_picked":["Reckless Charge","Bloodletting","Armaments"],"picked":"SKIP","floor":25},{"not_picked":["Warcry","Sword Boomerang"],"picked":"Shrug It Off","floor":27}],"player_experience":1742201,"relics_obtained":[{"floor":6,"key":"StoneCalendar"},{"floor":8,"key":"Orichalcum"},{"floor":11,"key":"Lantern"},{"floor":13,"key":"Dream Catcher"},{"floor":17,"key":"Bag of Preparation"},{"floor":17,"key":"Matryoshka"},{"floor":17,"key":"FossilizedHelix"},{"floor":23,"key":"Tiny Chest"},{"floor":26,"key":"Charon\u0027s Ashes"},{"floor":26,"key":"Bottled Tornado"}],"event_choices":[{"damage_healed":18,"gold_gain":0,"player_choice":"Healed","damage_taken":0,"max_hp_gain":0,"max_hp_loss":0,"event_name":"The Cleric","floor":3,"gold_loss":35},{"damage_healed":0,"gold_gain":50,"player_choice":"Pray","damage_taken":0,"max_hp_gain":0,"max_hp_loss":0,"event_name":"Golden Shrine","floor":12,"gold_loss":0},{"damage_healed":0,"gold_gain":0,"player_choice":"Cursed","damage_taken":0,"max_hp_gain":0,"max_hp_loss":0,"event_name":"Wheel of Change","floor":19,"gold_loss":0,"cards_obtained":["Decay"]},{"damage_healed":0,"gold_gain":0,"player_choice":"Upgraded","damage_taken":0,"max_hp_gain":0,"max_hp_loss":0,"event_name":"Upgrade Shrine","floor":22,"gold_loss":0,"cards_upgraded":["Demon Form"]}],"is_beta":false,"boss_relics":[{"not_picked":["Coffee Dripper","Tiny House"],"picked":"Calling Bell"}],"items_purged_floors":[],"is_endless":false,"potions_floor_spawned":[2,5,8,11,16,21,23],"killed_by":"Book of Stabbing","ascension_level":20}}