{"host":"ydh61a5ftgdajrbo","time":1612862178,"event":{"mods":["100% Spire Juice","BaseMod","Colored Map","DeckTracker","Downfall","HololiveMod","Minty Spire (QoL Compilation)","Prisma Mod","Spire Arcade","StSLib","The Alterego","The Cursed","The Gatherer","The Jungle","The Mystic","The Servant 0.9.4","WarShipGirlsR/??¤Ö¤kR mod"],"gold_per_floor":[110,110,60,60,79,79,97,97,122,152,177,201,213,245,257,269,269],"floor_reached":16,"language":"ZHS","playtime":641,"items_purged":[],"score":94,"play_id":"10e8784e-3ee6-4057-9c84-4e31b09136c6","local_time":"20210209171618","is_ascension_mode":false,"campfire_choices":[{"data":"PrismaMod:ChloeCheapDefend","floor":6.0,"key":"SMITH"},{"data":"PrismaMod:ChloeCheapAttack","floor":8.0,"key":"SMITH"},{"data":"PrismaMod:ChloeExhaustThree","floor":13,"key":"SMITH"},{"data":"PrismaMod:ChloeRhongomyniad","floor":15,"key":"SMITH"}],"circlet_count":0,"master_deck":["PrismaMod:ChloeCommonAttack","PrismaMod:ChloeCommonAttack","PrismaMod:ChloeCommonAttack","PrismaMod:ChloeCommonAttack","PrismaMod:ChloeCommonAttack","PrismaMod:ChloeCommonDefend","PrismaMod:ChloeCommonDefend","PrismaMod:ChloeCommonDefend","PrismaMod:ChloeCommonDefend","PrismaMod:ChloeCheapAttack+1","PrismaMod:ChloeCheapDefend+1","PrismaMod:ChloeExhaustOne","PrismaMod:ChloeRuleBreaker","PrismaMod:ChloeRhongomyniad+1","PrismaMod:ChloeExhaustThree+1","PrismaMod:ChloeCheapDefendTwo"],"relics":["PrismaMod:PrismaTraceOn","MawBank"],"acts_visited":["Exordium"],"potions_floor_usage":[],"damage_taken":[{"damage":0.0,"enemies":"Small Slimes","floor":1.0,"turns":5.0},{"damage":0.0,"enemies":"Jaw Worm","floor":5.0,"turns":4.0},{"damage":0.0,"enemies":"Cultist","floor":7.0,"turns":3.0},{"damage":4,"enemies":"Looter","floor":10,"turns":3},{"damage":0,"enemies":"Blue Slaver","floor":11,"turns":2},{"damage":7,"enemies":"3 Louse","floor":12,"turns":3},{"damage":0,"enemies":"2 Fungi Beasts","floor":14,"turns":3},{"damage":56,"enemies":"Hexaghost","floor":16,"turns":8}],"seed_played":"1213130779578632380","potions_obtained":[{"floor":1.0,"key":"Fire Potion"},{"floor":10,"key":"Block Potion"},{"floor":11,"key":"LiquidMemories"}],"is_trial":false,"path_per_floor":["M","?","?","$","M","R","M","R","T","M","M","M","R","M","R","B"],"character_chosen":"CHLOE","items_purchased":[],"campfire_rested":0,"item_purchase_floors":[],"current_hp_per_floor":[82,87,87,87,87,87,87,87,87,83,83,76,76,76,76,20,20],"gold":269,"neow_bonus":"TEN_PERCENT_HP_BONUS","is_daily":false,"chose_seed":false,"campfire_upgraded":4,"win_rate":0.0,"timestamp":1612862178,"path_taken":["M","?","?","?","M","R","M","R","T","M","M","M","R","M","R","BOSS"],"items_purchased_type":[],"build_version":"2020-12-22","purchased_purges":0,"victory":false,"max_hp_per_floor":[82,87,87,87,87,87,87,87,87,87,87,87,87,87,87,87,87],"card_choices":[{"not_picked":["PrismaMod:ChloeMaid","PrismaMod:ChloeCheapDefendTwo","PrismaMod:ChloeDiscardRecovery"],"picked":"SKIP","floor":1.0},{"not_picked":["PrismaMod:ChloeCheapDefend","PrismaMod:ChloeCheapAttackTwo"],"picked":"PrismaMod:ChloeExhaustOne","floor":5.0},{"not_picked":["PrismaMod:ChloeCheapAttackTwo","PrismaMod:ChloeExhaustOne","PrismaMod:ChloeCheapDefend"],"picked":"SKIP","floor":7.0},{"not_picked":["PrismaMod:ChloeUncommonDefend","PrismaMod:ChloeDemonicTutor"],"picked":"PrismaMod:ChloeRuleBreaker","floor":10},{"not_picked":["PrismaMod:ChloeCheapDefend","PrismaMod:ChloeCheapAttackTwo"],"picked":"PrismaMod:ChloeRhongomyniad","floor":11},{"not_picked":["PrismaMod:ChloeExhaustTwo","PrismaMod:ChloeCheapDefendTwo"],"picked":"PrismaMod:ChloeExhaustThree","floor":12},{"not_picked":["PrismaMod:ChloeBetterTracePools","PrismaMod:ChloeCheapDefend"],"picked":"PrismaMod:ChloeCheapDefendTwo","floor":14}],"player_experience":374721,"relics_obtained":[{"floor":9.0,"key":"MawBank"}],"event_choices":[{"damage_healed":0.0,"max_hp_gain":5.0,"max_hp_loss":0.0,"gold_gain":0.0,"event_name":"Big Fish","player_choice":"Donut","floor":2.0,"gold_loss":0.0,"damage_taken":0.0},{"cards_removed":["PrismaMod:ChloeCommonDefend"],"damage_healed":0.0,"max_hp_gain":0.0,"max_hp_loss":0.0,"gold_gain":0.0,"event_name":"The Cleric","player_choice":"Card Removal","floor":3.0,"gold_loss":50.0,"damage_taken":0.0}],"is_beta":false,"boss_relics":[],"items_purged_floors":[],"is_endless":false,"potions_floor_spawned":[1,10,11,12],"killed_by":"Hexaghost","ascension_level":0}}