{"host":"uv5ws9rdk87e8i5k","time":1612849770,"event":{"mods":["AchievementEnabler","BaseMod","Colored Map","Minty Spire (QoL Compilation)","Permanent Neow","Quick Restart","StSLib","SuperFastMode","The Necromancer"],"gold_per_floor":[109,125,300,15,35,64,64,90,117,137,151,151,186,16,16,115,115,128,403,423,443,139,166,177,204,286,286,315,20,20,50,50,150,150,167,1166,1220,1220,320,320,352,33,58,58,86,98,139,163,175,187],"floor_reached":51,"language":"ENG","playtime":978,"items_purged":["Doubt","Regret","Parasite","Normality","Normality"],"score":1238,"play_id":"bb74bc28-5454-4c22-89ee-90a424202a55","local_time":"20210208234930","is_ascension_mode":true,"campfire_choices":[{"data":"Searing Blow","floor":12.0,"key":"SMITH"},{"data":"Searing Blow+1","floor":15.0,"key":"SMITH"},{"data":"Demon Form","floor":27.0,"key":"SMITH"},{"data":"Immolate","floor":32.0,"key":"SMITH"},{"data":"Immolate","floor":40,"key":"SMITH"},{"floor":46,"key":"REST"},{"floor":49,"key":"REST"}],"circlet_count":0,"master_deck":["Strike_R","Strike_R+1","Strike_R","Strike_R","Strike_R","Defend_R","Defend_R","Defend_R","Defend_R+1","Bash","Immolate+1","Searing Blow+2","Battle Trance","Rampage","Flame Barrier+1","Feed","Uppercut","Headbutt","Pommel Strike","Demon Form+1","Immolate+1","Clothesline","Blood for Blood","Mayhem","Sever Soul+1","Immolate+1","Demon Form+1","Thinking Ahead","Carnage+1"],"relics":["Burning Blood","Whetstone","Happy Flower","Lantern","Thread and Needle","War Paint","Snecko Eye","MealTicket","Matryoshka","Oddly Smooth Stone","Art of War","Shuriken","Juzu Bracelet","Pantograph","Runic Dome","Unceasing Top","DollysMirror","Turnip","Letter Opener","Orichalcum","Anchor","PreservedInsect","Blood Vial","MawBank","Boot"],"acts_visited":["Exordium","TheCity","TheBeyond"],"potions_floor_usage":[33,41,45,47,50],"damage_taken":[{"damage":0.0,"enemies":"2 Louse","floor":1.0,"turns":1.0},{"damage":14.0,"enemies":"Jaw Worm","floor":2.0,"turns":3.0},{"damage":6.0,"enemies":"Cultist","floor":5.0,"turns":3.0},{"damage":45.0,"enemies":"Lagavulin","floor":6.0,"turns":8.0},{"damage":1.0,"enemies":"3 Sentries","floor":8.0,"turns":3.0},{"damage":0.0,"enemies":"2 Fungi Beasts","floor":10.0,"turns":2.0},{"damage":0.0,"enemies":"Large Slime","floor":11.0,"turns":4.0},{"damage":15.0,"enemies":"Lagavulin","floor":13.0,"turns":4.0},{"damage":31.0,"enemies":"Slime Boss","floor":16.0,"turns":8.0},{"damage":2.0,"enemies":"2 Thieves","floor":18.0,"turns":3.0},{"damage":2.0,"enemies":"3 Byrds","floor":20.0,"turns":1.0},{"damage":18.0,"enemies":"Centurion and Healer","floor":21.0,"turns":4.0},{"damage":22.0,"enemies":"Book of Stabbing","floor":23.0,"turns":3.0},{"damage":9.0,"enemies":"Snake Plant","floor":24.0,"turns":2.0},{"damage":1.0,"enemies":"Gremlin Leader","floor":25.0,"turns":5.0},{"damage":20.0,"enemies":"Book of Stabbing","floor":28.0,"turns":4.0},{"damage":27.0,"enemies":"Slavers","floor":31.0,"turns":4.0},{"damage":34,"enemies":"Automaton","floor":33,"turns":6},{"damage":0,"enemies":"3 Darklings","floor":35,"turns":2},{"damage":51,"enemies":"2 Orb Walkers","floor":37,"turns":4},{"damage":79,"enemies":"Nemesis","floor":41,"turns":5},{"damage":14,"enemies":"Reptomancer","floor":45,"turns":3},{"damage":35,"enemies":"Nemesis","floor":47,"turns":3},{"damage":0,"enemies":"3 Shapes","floor":48,"turns":1},{"damage":79,"enemies":"Awakened One","floor":50,"turns":7}],"seed_played":"1354947784976869000","potions_obtained":[{"floor":2.0,"key":"Dexterity Potion"},{"floor":5.0,"key":"CultistPotion"},{"floor":6.0,"key":"Dexterity Potion"},{"floor":10.0,"key":"AttackPotion"},{"floor":13.0,"key":"GamblersBrew"},{"floor":21.0,"key":"LiquidBronze"},{"floor":24.0,"key":"Regen Potion"},{"floor":33,"key":"CultistPotion"},{"floor":41,"key":"Fire Potion"},{"floor":45,"key":"FearPotion"}],"is_trial":false,"path_per_floor":["M","M","?","$","M","E","?","E","T","M","M","R","E","$","R","B",null,"M","?","M","M","$","E","M","E","T","R","E","$","?","E","R","B",null,"M","?","?","?","$","R","E","$","T","?","E","R","E","M","R","B",null],"character_chosen":"IRONCLAD","items_purchased":["Battle Trance","Rampage","EntropicBrew","War Paint","Pommel Strike","MealTicket","Energy Potion","Mayhem","DollysMirror","Turnip","Letter Opener","BloodPotion","Anchor"],"campfire_rested":2,"item_purchase_floors":[4,4,4,14,14,22,22,29,39,39,39,39,42],"current_hp_per_floor":[78,70,70,70,70,31,51,59,59,69,75,75,66,66,66,44,79,86,86,90,78,78,62,59,78,78,78,64,79,61,40,40,37,81,90,90,45,86,86,86,30,45,45,45,39,64,40,48,74,16],"gold":199,"neow_bonus":"ONE_RANDOM_RARE_CARD","is_daily":false,"chose_seed":false,"campfire_upgraded":5,"win_rate":0.0,"timestamp":1612849770,"path_taken":["M","M","?","$","M","E","?","E","T","M","M","R","E","?","R","BOSS","M","?","M","M","$","E","M","E","T","R","E","$","?","E","R","BOSS","M","?","?","?","$","R","E","$","T","?","E","R","E","M","R","BOSS"],"items_purchased_type":["Card","Card","Potion","Relic","Card","Relic","Potion","Card","Relic","Relic","Relic","Potion","Relic"],"build_version":"2020-12-22","purchased_purges":5,"victory":true,"max_hp_per_floor":[80,80,80,80,80,80,80,83,83,87,87,87,87,87,87,90,90,93,93,93,93,93,93,93,93,93,93,93,90,95,95,95,95,95,98,98,98,86,86,86,86,86,86,86,86,86,89,89,89,89],"card_choices":[{"not_picked":["True Grit","Rupture","Body Slam"],"picked":"SKIP","floor":1.0},{"not_picked":["Reckless Charge","Feel No Pain"],"picked":"Searing Blow","floor":2.0},{"not_picked":["Wild Strike","Cleave"],"picked":"Flame Barrier","floor":5.0},{"not_picked":["Bloodletting","Intimidate"],"picked":"Feed","floor":6.0},{"not_picked":["Twin Strike","Sword Boomerang"],"picked":"Uppercut","floor":8.0},{"not_picked":["Shockwave","Body Slam"],"picked":"Headbutt","floor":10.0},{"not_picked":["Cleave","Perfected Strike","Anger"],"picked":"SKIP","floor":11.0},{"not_picked":["Twin Strike","Wild Strike","Combust"],"picked":"SKIP","floor":13.0},{"not_picked":["Double Tap","Juggernaut"],"picked":"Demon Form","floor":16.0},{"not_picked":["Warcry","Iron Wave+1","Twin Strike"],"picked":"SKIP","floor":18.0},{"not_picked":["Body Slam","Pommel Strike"],"picked":"Immolate","floor":20.0},{"not_picked":["Wild Strike+1","Dropkick"],"picked":"Clothesline","floor":21.0},{"not_picked":["Clash","Anger","Entrench+1"],"picked":"SKIP","floor":23.0},{"not_picked":["Shrug It Off","Sword Boomerang","Spot Weakness"],"picked":"SKIP","floor":24.0},{"not_picked":["Dark Embrace","Havoc","Iron Wave+1"],"picked":"SKIP","floor":25.0},{"not_picked":["Combust+1","Corruption"],"picked":"Blood for Blood","floor":28.0},{"not_picked":["Exhume","Entrench"],"picked":"Sever Soul+1","floor":31.0},{"not_picked":["Juggernaut","Berserk"],"picked":"Immolate","floor":33},{"not_picked":["Disarm+1","Cleave","Body Slam"],"picked":"SKIP","floor":35},{"not_picked":["Twin Strike+1","Shrug It Off","Body Slam+1"],"picked":"SKIP","floor":41},{"not_picked":["Purity","Impatience"],"picked":"Thinking Ahead","floor":44},{"not_picked":["Combust","Iron Wave"],"picked":"Carnage+1","floor":45},{"not_picked":["Power Through","Wild Strike+1","Anger"],"picked":"SKIP","floor":47},{"not_picked":["Body Slam","True Grit+1","Searing Blow"],"picked":"SKIP","floor":48}],"player_experience":280046,"relics_obtained":[{"floor":6.0,"key":"Whetstone"},{"floor":8.0,"key":"Happy Flower"},{"floor":9.0,"key":"Lantern"},{"floor":13.0,"key":"Thread and Needle"},{"floor":23.0,"key":"Matryoshka"},{"floor":25.0,"key":"Oddly Smooth Stone"},{"floor":26.0,"key":"Art of War"},{"floor":26.0,"key":"Shuriken"},{"floor":28.0,"key":"Juzu Bracelet"},{"floor":31.0,"key":"Pantograph"},{"floor":37,"key":"Unceasing Top"},{"floor":41,"key":"Orichalcum"},{"floor":43,"key":"PreservedInsect"},{"floor":43,"key":"Blood Vial"},{"floor":45,"key":"MawBank"},{"floor":47,"key":"Boot"}],"event_choices":[{"damage_healed":0.0,"max_hp_gain":0.0,"max_hp_loss":0.0,"gold_gain":175.0,"event_name":"Liars Game","player_choice":"AGREE","floor":3.0,"gold_loss":0.0,"damage_taken":0.0,"cards_obtained":["Doubt"]},{"damage_healed":20.0,"max_hp_gain":0.0,"max_hp_loss":0.0,"gold_gain":0.0,"event_name":"Mushrooms","player_choice":"Healed and dodged fight","floor":7.0,"gold_loss":0.0,"damage_taken":0.0,"cards_obtained":["Parasite"]},{"damage_healed":0.0,"max_hp_gain":0.0,"max_hp_loss":0.0,"gold_gain":275.0,"event_name":"Golden Shrine","player_choice":"Desecrate","floor":19.0,"gold_loss":0.0,"damage_taken":0.0,"cards_obtained":["Regret"]},{"damage_healed":0.0,"max_hp_gain":5.0,"max_hp_loss":0.0,"gold_gain":0.0,"event_name":"Forgotten Altar","player_choice":"Shed Blood","floor":30.0,"gold_loss":0.0,"damage_taken":23.0},{"damage_healed":0,"gold_gain":999,"player_choice":"Gold","damage_taken":0,"max_hp_gain":0,"max_hp_loss":0,"event_name":"MindBloom","floor":36,"gold_loss":0,"cards_obtained":["Normality","Normality"]},{"damage_healed":0,"gold_gain":0,"player_choice":"Fight","damage_taken":0,"max_hp_gain":0,"max_hp_loss":0,"event_name":"Mysterious Sphere","floor":37,"gold_loss":0},{"damage_healed":86,"gold_gain":0,"player_choice":"Heal","damage_taken":0,"max_hp_gain":0,"max_hp_loss":12,"event_name":"The Moai Head","floor":38,"gold_loss":0},{"damage_healed":0,"gold_gain":0,"player_choice":"Memory 1","damage_taken":0,"max_hp_gain":0,"max_hp_loss":0,"event_name":"SensoryStone","floor":44,"gold_loss":0}],"is_beta":false,"boss_relics":[{"not_picked":["Astrolabe","Pandora\u0027s Box"],"picked":"Snecko Eye"},{"not_picked":["Tiny House","Empty Cage"],"picked":"Runic Dome"}],"items_purged_floors":[4,22,29,39,42],"is_endless":false,"potions_floor_spawned":[2,5,6,10,13,21,24,33,41,45],"ascension_level":8}}