{"host":"85rg8sallz0lemh6","time":1612853588,"event":{"mods":["BaseMod","Bestiary","Colored Powertips","Highlight Path","Minty Spire (QoL Compilation)","Quick Restart"],"gold_per_floor":[114,114,127,302,323,358,358,373,373,373,299,374,414,434,434,562,562,583,498,538,559,559,590,590,615,615,659,659,680,721,820,820,820,820],"floor_reached":33,"language":"ENG","playtime":1230,"items_purged":[],"score":399,"play_id":"86f03464-f626-4fad-a3c6-717aa0f2872e","local_time":"20210209005308","is_ascension_mode":true,"campfire_choices":[{"data":"Zap","floor":7,"key":"SMITH"},{"data":"Defragment","floor":15,"key":"SMITH"},{"data":"Self Repair","floor":24,"key":"SMITH"},{"floor":28,"key":"DIG"},{"floor":32,"key":"DIG"}],"circlet_count":0,"master_deck":["Strike_B","Strike_B","Strike_B","Strike_B","Defend_B","Defend_B","Defend_B","Defend_B","Zap+1","Dualcast+1","Machine Learning","Ball Lightning","Leap+1","Doubt","Cold Snap","Self Repair+1","Sweeping Beam","Defragment+1","Core Surge","Glacier"],"relics":["Cracked Core","Golden Idol","War Paint","Mercury Hourglass","Thread and Needle","SlaversCollar","Turnip","Red Mask","Orichalcum","Dream Catcher","White Beast Statue","Shovel","Kunai","Pear","Frozen Egg 2"],"acts_visited":["Exordium","TheCity"],"potions_floor_usage":[16,20,29,30,30,33],"damage_taken":[{"damage":0,"enemies":"Cultist","floor":1,"turns":4},{"damage":12,"enemies":"Jaw Worm","floor":3,"turns":3},{"damage":3,"enemies":"2 Louse","floor":5,"turns":2},{"damage":17,"enemies":"Lagavulin","floor":6,"turns":7},{"damage":11,"enemies":"Blue Slaver","floor":8,"turns":3},{"damage":26,"enemies":"Gremlin Nob","floor":13,"turns":4},{"damage":3,"enemies":"Large Slime","floor":14,"turns":4},{"damage":0,"enemies":"The Guardian","floor":16,"turns":11},{"damage":26,"enemies":"2 Thieves","floor":18,"turns":4},{"damage":50,"enemies":"Masked Bandits","floor":20,"turns":4},{"damage":5,"enemies":"Spheric Guardian","floor":21,"turns":4},{"damage":14,"enemies":"Gremlin Leader","floor":23,"turns":10},{"damage":0,"enemies":"Shelled Parasite and Fungi","floor":25,"turns":8},{"damage":12,"enemies":"Book of Stabbing","floor":27,"turns":6},{"damage":3,"enemies":"Centurion and Healer","floor":29,"turns":8},{"damage":12,"enemies":"Slavers","floor":30,"turns":6},{"damage":32,"enemies":"Collector","floor":33,"turns":5}],"seed_played":"-5328060668073449295","potions_obtained":[{"floor":3,"key":"LiquidBronze"},{"floor":5,"key":"Energy Potion"},{"floor":13,"key":"FairyPotion"},{"floor":14,"key":"Swift Potion"},{"floor":20,"key":"EssenceOfSteel"},{"floor":25,"key":"SneckoOil"},{"floor":27,"key":"SpeedPotion"},{"floor":29,"key":"Ancient Potion"},{"floor":30,"key":"Weak Potion"}],"is_trial":false,"path_per_floor":["M","?","M","?","M","E","R","M","T","?","$","?","E","M","R","B",null,"M","?","?","M","?","E","R","M","T","E","R","M","E","?","R","B"],"character_chosen":"DEFECT","items_purchased":["Self Repair"],"campfire_rested":0,"item_purchase_floors":[11],"current_hp_per_floor":[75,69,57,57,54,37,37,26,26,49,49,38,19,23,23,30,69,43,43,27,22,22,15,15,25,25,23,23,30,28,28,28,0,0],"gold":820,"neow_bonus":"ONE_RANDOM_RARE_CARD","is_daily":false,"chose_seed":false,"campfire_upgraded":3,"win_rate":0.0,"timestamp":1612853588,"path_taken":["M","?","M","?","?","E","R","M","T","?","$","?","E","M","R","BOSS","M","?","?","M","?","E","R","M","T","E","R","M","E","?","R","BOSS"],"items_purchased_type":["Card"],"build_version":"2020-12-22","purchased_purges":0,"victory":false,"max_hp_per_floor":[75,69,69,69,69,69,69,69,69,69,69,69,69,69,69,69,69,69,69,69,69,69,69,69,69,69,69,69,69,79,79,79,79,79],"card_choices":[{"not_picked":["Stack","Go for the Eyes"],"picked":"Ball Lightning","floor":1},{"not_picked":["Redo","Ball Lightning"],"picked":"Leap","floor":3},{"not_picked":["Gash","Turbo"],"picked":"Cold Snap","floor":5},{"not_picked":["Rip and Tear","Hologram","White Noise"],"picked":"SKIP","floor":6},{"not_picked":["Stack","Rebound","Coolheaded"],"picked":"SKIP","floor":8},{"not_picked":["Aggregate","Barrage"],"picked":"Sweeping Beam","floor":13},{"not_picked":["Steam Power","Melter"],"picked":"Defragment","floor":14},{"not_picked":["Machine Learning","Multi-Cast"],"picked":"Core Surge","floor":16},{"not_picked":["Conserve Battery","Melter"],"picked":"Glacier","floor":18},{"not_picked":["Go for the Eyes+1","Double Energy","Ball Lightning"],"picked":"SKIP","floor":21},{"not_picked":["Gash","Coolheaded","Recycle"],"picked":"SKIP","floor":23},{"not_picked":["Stack","Recycle","Reinforced Body"],"picked":"SKIP","floor":25},{"not_picked":["Hyperbeam","Streamline","Steam Power"],"picked":"SKIP","floor":27},{"not_picked":["Steam","Ball Lightning+1","Cold Snap+1"],"picked":"SKIP","floor":29},{"not_picked":["Rainbow","Aggregate","Chaos"],"picked":"SKIP","floor":30}],"player_experience":86024,"relics_obtained":[{"floor":6,"key":"War Paint"},{"floor":9,"key":"Mercury Hourglass"},{"floor":13,"key":"Thread and Needle"},{"floor":20,"key":"Red Mask"},{"floor":23,"key":"Dream Catcher"},{"floor":26,"key":"White Beast Statue"},{"floor":27,"key":"Shovel"},{"floor":28,"key":"Kunai"},{"floor":30,"key":"Pear"},{"floor":32,"key":"Frozen Egg 2"}],"event_choices":[{"damage_healed":0,"gold_gain":0,"player_choice":"Lose Max HP","damage_taken":0,"relics_obtained":["Golden Idol"],"max_hp_gain":0,"max_hp_loss":6,"event_name":"Golden Idol","floor":2,"gold_loss":0},{"damage_healed":0,"gold_gain":175,"player_choice":"AGREE","damage_taken":0,"max_hp_gain":0,"max_hp_loss":0,"event_name":"Liars Game","floor":4,"gold_loss":0,"cards_obtained":["Doubt"]},{"damage_healed":23,"gold_gain":0,"player_choice":"Banana","damage_taken":0,"max_hp_gain":0,"max_hp_loss":0,"event_name":"Big Fish","floor":10,"gold_loss":0},{"damage_healed":0,"gold_gain":75,"player_choice":"Gather Gold","damage_taken":11,"max_hp_gain":0,"max_hp_loss":0,"event_name":"World of Goop","floor":12,"gold_loss":0},{"damage_healed":0,"gold_gain":0,"player_choice":"Obtained Relic","damage_taken":0,"relics_obtained":["Turnip"],"max_hp_gain":0,"max_hp_loss":0,"event_name":"Addict","floor":19,"gold_loss":85},{"damage_healed":0,"gold_gain":0,"player_choice":"Fought Bandits","damage_taken":0,"max_hp_gain":0,"max_hp_loss":0,"event_name":"Masked Bandits","floor":20,"gold_loss":0},{"damage_healed":0,"gold_gain":0,"player_choice":"Opened","damage_taken":0,"relics_obtained":["Orichalcum"],"max_hp_gain":0,"max_hp_loss":0,"event_name":"The Mausoleum","floor":22,"gold_loss":0},{"damage_healed":0,"gold_gain":99,"player_choice":"Stole From Cult","damage_taken":0,"max_hp_gain":0,"max_hp_loss":0,"event_name":"Nest","floor":31,"gold_loss":0}],"is_beta":false,"boss_relics":[{"not_picked":["Cursed Key","FrozenCore"],"picked":"SlaversCollar"}],"items_purged_floors":[],"is_endless":false,"potions_floor_spawned":[3,5,13,14,20,25,27,29,30],"killed_by":"Collector","ascension_level":2}}