{"host":"vit9b6u76k1y61sh","time":1612841035,"event":{"mods":["BaseMod","Block Reminder","Colored Powertips","Highlight Path","Minty Spire (QoL Compilation)","Rare Cards Sparkle","Relic Sorter","Relic Stats","StSLib"],"gold_per_floor":[116,134,309,44,119,119,152,152,178,203,203,203,218,241,241,370,370,388,388,408,212,137,171,171,192,216,234,234],"floor_reached":27,"language":"ENG","playtime":903,"items_purged":["Strike_R","Strike_R"],"score":284,"play_id":"f041eddb-5e84-4596-b7e2-9c42e0fb7a7f","local_time":"20210208222355","is_ascension_mode":true,"campfire_choices":[{"data":"Flex","floor":6,"key":"SMITH"},{"data":"Pommel Strike","floor":11,"key":"SMITH"},{"data":"Pommel Strike","floor":15,"key":"SMITH"},{"data":"Anger","floor":24,"key":"SMITH"}],"circlet_count":0,"master_deck":["Strike_R","Strike_R","Strike_R","Defend_R+1","Defend_R","Defend_R+1","Bash","Anger+1","Doubt","Flex+1","Pommel Strike+1","Flash of Steel","Anger","Shrug It Off","Pommel Strike+1","Barricade","CurseOfTheBell","Twin Strike","Pommel Strike","Heavy Blade+1","Heavy Blade"],"relics":["Burning Blood","NeowsBlessing","Regal Pillow","Golden Idol","War Paint","Ginger","Calling Bell","Boot","Mummified Hand","Du-Vu Doll","Red Skull","Bronze Scales"],"acts_visited":["Exordium","TheCity"],"potions_floor_usage":[16,16,16,20,23,23,23],"damage_taken":[{"damage":0,"enemies":"Cultist","floor":1,"turns":1},{"damage":0,"enemies":"2 Louse","floor":2,"turns":1},{"damage":0,"enemies":"Lagavulin","floor":7,"turns":1},{"damage":0,"enemies":"Jaw Worm","floor":10,"turns":3},{"damage":0,"enemies":"Looter","floor":13,"turns":2},{"damage":12,"enemies":"3 Louse","floor":14,"turns":3},{"damage":45,"enemies":"Hexaghost","floor":16,"turns":9},{"damage":30,"enemies":"Shell Parasite","floor":18,"turns":5},{"damage":6,"enemies":"Spheric Guardian","floor":20,"turns":3},{"damage":28,"enemies":"Book of Stabbing","floor":23,"turns":3},{"damage":36,"enemies":"Snecko","floor":25,"turns":5},{"damage":6,"enemies":"Centurion and Healer","floor":27,"turns":3}],"seed_played":"29416","potions_obtained":[{"floor":2,"key":"SteroidPotion"},{"floor":10,"key":"EssenceOfSteel"},{"floor":14,"key":"GamblersBrew"},{"floor":18,"key":"DistilledChaos"},{"floor":19,"key":"SkillPotion"},{"floor":19,"key":"Weak Potion"},{"floor":19,"key":"Fire Potion"},{"floor":20,"key":"BloodPotion"}],"is_trial":false,"path_per_floor":["M","M","?","$","?","R","E","?","T","M","R","T","M","M","R","B",null,"M","?","M","$","?","E","R","M","T","M"],"character_chosen":"IRONCLAD","items_purchased":["Flex","Pommel Strike","Flash of Steel","BloodPotion","Pommel Strike"],"campfire_rested":0,"item_purchase_floors":[4,4,4,21,21],"current_hp_per_floor":[80,80,80,80,69,69,75,74,74,74,74,74,74,68,68,29,74,50,50,64,64,64,56,56,26,26,26,26],"gold":234,"neow_bonus":"THREE_ENEMY_KILL","is_daily":false,"chose_seed":true,"campfire_upgraded":4,"win_rate":0.0,"timestamp":1612841035,"path_taken":["M","?","?","?","?","R","E","?","T","M","R","?","?","M","R","BOSS","M","?","?","$","?","E","R","M","T","M"],"items_purchased_type":["Card","Card","Card","Potion","Card"],"build_version":"2020-12-22","purchased_purges":2,"victory":false,"max_hp_per_floor":[80,80,80,80,80,80,80,74,74,74,74,74,74,74,74,74,74,74,74,74,74,74,74,74,74,74,74,74],"relic_stats":{"Regal Pillow":0,"counters":[12,39],"Golden Idol":62,"Mummified Hand":[1],"Bronze Scales":[3],"Ginger":[11],"War Paint":["Defend_R","Defend_R"],"Boot":[6],"obtain_stats":[{"Calling Bell":17,"Du-Vu Doll":17,"Regal Pillow":7,"NeowsBlessing":0,"Golden Idol":8,"Mummified Hand":17,"Bronze Scales":26,"Ginger":12,"War Paint":9,"Boot":17,"Burning Blood":0,"Red Skull":23},{"Calling Bell":7,"Du-Vu Doll":7,"Regal Pillow":3,"NeowsBlessing":0,"Golden Idol":3,"Mummified Hand":7,"Bronze Scales":11,"Ginger":4,"War Paint":3,"Boot":7,"Burning Blood":0,"Red Skull":10},{"Calling Bell":20,"Du-Vu Doll":20,"Regal Pillow":3,"NeowsBlessing":0,"Golden Idol":3,"Mummified Hand":20,"Bronze Scales":36,"Ginger":6,"War Paint":3,"Boot":20,"Burning Blood":0,"Red Skull":31}],"Burning Blood":48},"card_choices":[{"not_picked":["Clash","Entrench"],"picked":"Anger","floor":1},{"not_picked":["Clash","Clothesline","Rupture"],"picked":"SKIP","floor":2},{"not_picked":["Clash","Flame Barrier"],"picked":"Anger","floor":7},{"not_picked":["Shockwave","Sword Boomerang"],"picked":"Shrug It Off","floor":10},{"not_picked":["Spot Weakness","Wild Strike","Iron Wave"],"picked":"SKIP","floor":13},{"not_picked":["Clothesline","Clash"],"picked":"Pommel Strike","floor":14},{"not_picked":["Fiend Fire","Bludgeon"],"picked":"Barricade","floor":16},{"not_picked":["Ghostly Armor","Warcry"],"picked":"Twin Strike","floor":18},{"not_picked":["Thunderclap","Iron Wave","Sword Boomerang"],"picked":"SKIP","floor":20},{"not_picked":["Havoc","Second Wind"],"picked":"Heavy Blade+1","floor":23},{"not_picked":["Clash","Second Wind"],"picked":"Heavy Blade","floor":25}],"player_experience":144137,"relics_obtained":[{"floor":7,"key":"Regal Pillow"},{"floor":9,"key":"War Paint"},{"floor":12,"key":"Ginger"},{"floor":17,"key":"Boot"},{"floor":17,"key":"Mummified Hand"},{"floor":17,"key":"Du-Vu Doll"},{"floor":23,"key":"Red Skull"},{"floor":26,"key":"Bronze Scales"}],"event_choices":[{"damage_healed":0,"gold_gain":175,"player_choice":"AGREE","damage_taken":0,"max_hp_gain":0,"max_hp_loss":0,"event_name":"Liars Game","floor":3,"gold_loss":0,"cards_obtained":["Doubt"]},{"damage_healed":0,"gold_gain":75,"player_choice":"Gather Gold","damage_taken":11,"max_hp_gain":0,"max_hp_loss":0,"event_name":"World of Goop","floor":5,"gold_loss":0},{"damage_healed":0,"gold_gain":0,"player_choice":"Lose Max HP","damage_taken":0,"relics_obtained":["Golden Idol"],"max_hp_gain":0,"max_hp_loss":6,"event_name":"Golden Idol","floor":8,"gold_loss":0},{"damage_healed":0,"gold_gain":0,"player_choice":"Got Potions","damage_taken":0,"max_hp_gain":0,"max_hp_loss":0,"event_name":"Lab","floor":19,"gold_loss":0},{"cards_removed":["Defend_R"],"damage_healed":0,"gold_gain":0,"player_choice":"Gave Gold","damage_taken":0,"max_hp_gain":0,"max_hp_loss":0,"event_name":"Beggar","floor":22,"gold_loss":75}],"is_beta":false,"boss_relics":[{"not_picked":["SacredBark","Velvet Choker"],"picked":"Calling Bell"}],"items_purged_floors":[4,21],"is_endless":false,"potions_floor_spawned":[2,10,14,18,20],"killed_by":"Centurion and Healer","ascension_level":2}}