{"host":"7cp3z5w0tcrrm8ys","time":1612838647,"event":{"mods":["AchievementEnabler","BaseMod","DeckTracker","Minty Spire (QoL Compilation)","StSLib","SuperFastMode"],"gold_per_floor":[111,129,54,104,118,130,143,218,244,261,411,411,411,411,411,411,411],"floor_reached":16,"language":"KOR","playtime":243,"items_purged":[],"score":184,"play_id":"7ce88a67-fbf2-4e9b-bb96-625e0e8d3b59","local_time":"20210209114407","is_ascension_mode":true,"campfire_choices":[{"floor":13,"key":"REST"},{"data":"Combust","floor":15,"key":"SMITH"}],"circlet_count":0,"master_deck":["AscendersBane","Strike_R","Strike_R","Strike_R","Strike_R","Defend_R","Defend_R","Defend_R","Defend_R","Bash","Wild Strike","Thunderclap","Combust+1","Blood for Blood","Reckless Charge","Wild Strike","Doubt"],"relics":["Burning Blood","Champion Belt","Boot","Kunai","Smiling Mask"],"acts_visited":["Exordium"],"potions_floor_usage":[16,16],"damage_taken":[{"damage":8,"enemies":"Cultist","floor":1,"turns":5},{"damage":0,"enemies":"2 Louse","floor":2,"turns":3},{"damage":8,"enemies":"Small Slimes","floor":5,"turns":3},{"damage":7,"enemies":"Looter","floor":6,"turns":4},{"damage":19,"enemies":"3 Louse","floor":7,"turns":3},{"damage":12,"enemies":"Exordium Thugs","floor":10,"turns":4},{"damage":36,"enemies":"Slime Boss","floor":16,"turns":5}],"seed_played":"2384833186280541608","potions_obtained":[{"floor":1,"key":"ElixirPotion"},{"floor":10,"key":"ColorlessPotion"}],"is_trial":false,"path_per_floor":["M","M","?","?","M","M","M","?","T","M","?","T","R","?","R","B"],"character_chosen":"IRONCLAD","items_purchased":[],"campfire_rested":1,"item_purchase_floors":[],"current_hp_per_floor":[48,54,54,47,45,44,31,20,20,14,14,14,36,36,36,0,0],"gold":411,"neow_bonus":"ONE_RARE_RELIC","is_daily":false,"chose_seed":false,"campfire_upgraded":1,"win_rate":0.0,"timestamp":1612838647,"path_taken":["M","M","?","?","?","M","M","?","T","M","?","?","R","?","R","BOSS"],"items_purchased_type":[],"build_version":"2020-12-22","purchased_purges":0,"victory":false,"max_hp_per_floor":[75,75,75,75,75,75,75,75,75,75,75,75,75,75,75,75,75],"card_choices":[{"not_picked":["Metallicize","Iron Wave"],"picked":"Wild Strike","floor":1},{"not_picked":["Pommel Strike","Sentinel"],"picked":"Thunderclap","floor":2},{"not_picked":["Havoc","Disarm"],"picked":"Combust","floor":5},{"not_picked":["Flex","Clash"],"picked":"Blood for Blood","floor":6},{"not_picked":["Headbutt","Heavy Blade"],"picked":"Reckless Charge","floor":7},{"not_picked":["Warcry","Perfected Strike"],"picked":"Wild Strike","floor":10}],"player_experience":809489,"relics_obtained":[{"floor":9,"key":"Boot"},{"floor":12,"key":"Kunai"}],"event_choices":[{"cards_removed":["Strike_R"],"damage_healed":0,"gold_gain":0,"player_choice":"Card Removal","damage_taken":0,"max_hp_gain":0,"max_hp_loss":0,"event_name":"The Cleric","floor":3,"gold_loss":75},{"damage_healed":0,"gold_gain":50,"player_choice":"Touch","damage_taken":7,"max_hp_gain":0,"max_hp_loss":0,"event_name":"FaceTrader","floor":4,"gold_loss":0},{"damage_healed":0,"gold_gain":75,"player_choice":"Gather Gold","damage_taken":11,"max_hp_gain":0,"max_hp_loss":0,"event_name":"World of Goop","floor":8,"gold_loss":0},{"damage_healed":0,"gold_gain":150,"player_choice":"AGREE","damage_taken":0,"max_hp_gain":0,"max_hp_loss":0,"event_name":"Liars Game","floor":11,"gold_loss":0,"cards_obtained":["Doubt"]},{"damage_healed":0,"gold_gain":0,"player_choice":"Searched \u00271\u0027 times","damage_taken":0,"relics_obtained":["Smiling Mask"],"max_hp_gain":0,"max_hp_loss":0,"event_name":"Dead Adventurer","floor":14,"gold_loss":0}],"is_beta":false,"boss_relics":[],"items_purged_floors":[],"is_endless":false,"potions_floor_spawned":[1,10],"killed_by":"Slime Boss","ascension_level":20}}