{"host":"kpyf5rnb72uwap8k","time":1612876366,"event":{"mods":["AchievementEnabler","BaseMod","Colored Map","Colored Powertips","DeckTracker","Minty Spire (QoL Compilation)","Permanent Neow","Quick Restart","StSLib","SuperFastMode"],"gold_per_floor":[116,136,61,72,27,27,59,74,74,84,49,67,67,96,96,196,246,215,233,66,86,102,102,102,102],"floor_reached":24,"language":"KOR","playtime":580,"items_purged":["Strike_B","Strike_B"],"score":231,"play_id":"f38efc71-eadb-4c4b-ab8e-f533786b1e30","local_time":"20210209221246","is_ascension_mode":true,"campfire_choices":[{"floor":6.0,"key":"REST"},{"floor":13.0,"key":"REST"},{"floor":15.0,"key":"REST"},{"floor":23,"key":"REST"}],"circlet_count":0,"master_deck":["Strike_B","Strike_B","Defend_B+1","Defend_B","Defend_B","Defend_B","Zap","Dualcast","Streamline","Streamline","Conserve Battery","Cold Snap","Conserve Battery","Cold Snap","Rebound","Streamline","Defragment","Coolheaded","Beam Cell","Defragment"],"relics":["Cracked Core","Tiny Chest","Letter Opener","Girya","Tiny House"],"acts_visited":["Exordium","TheCity"],"potions_floor_usage":[21],"damage_taken":[{"damage":7.0,"enemies":"Jaw Worm","floor":1.0,"turns":3.0},{"damage":10.0,"enemies":"Small Slimes","floor":2.0,"turns":3.0},{"damage":9.0,"enemies":"Cultist","floor":4.0,"turns":4.0},{"damage":18.0,"enemies":"Gremlin Nob","floor":7.0,"turns":4.0},{"damage":13.0,"enemies":"Large Slime","floor":8.0,"turns":6.0},{"damage":15.0,"enemies":"Exordium Thugs","floor":10.0,"turns":4.0},{"damage":12.0,"enemies":"3 Louse","floor":12.0,"turns":3.0},{"damage":27.0,"enemies":"Lagavulin","floor":14.0,"turns":6.0},{"damage":34.0,"enemies":"The Guardian","floor":16.0,"turns":10.0},{"damage":28.0,"enemies":"2 Thieves","floor":18.0,"turns":5.0},{"damage":14.0,"enemies":"Spheric Guardian","floor":19.0,"turns":5.0},{"damage":28,"enemies":"Snecko","floor":21,"turns":5},{"damage":22,"enemies":"Snake Plant","floor":22,"turns":5},{"damage":28,"enemies":"Shelled Parasite and Fungi","floor":24,"turns":3}],"seed_played":"7728253123868682489","potions_obtained":[{"floor":7.0,"key":"DistilledChaos"},{"floor":8.0,"key":"Dexterity Potion"},{"floor":10.0,"key":"SteroidPotion"},{"floor":14.0,"key":"Regen Potion"},{"floor":17.0,"key":"Ancient Potion"},{"floor":21,"key":"SneckoOil"}],"is_trial":false,"path_per_floor":["M","M","$","M","$","R","E","M","T","M","?","M","R","E","R","B",null,"M","M","$","M","M","R","M"],"character_chosen":"DEFECT","items_purchased":["Conserve Battery","Defragment"],"campfire_rested":4,"item_purchase_floors":[5,20],"current_hp_per_floor":[68,58,58,49,49,71,53,40,40,25,43,31,53,26,48,14,80,52,38,38,24,2,26,0,0],"gold":102,"neow_bonus":"THREE_CARDS","is_daily":false,"chose_seed":false,"campfire_upgraded":0,"win_rate":0.0,"timestamp":1612876366,"path_taken":["M","M","$","M","$","R","E","M","T","M","?","M","R","E","R","BOSS","M","M","$","M","M","R","M"],"items_purchased_type":["Card","Card"],"build_version":"2020-12-22","purchased_purges":2,"victory":false,"max_hp_per_floor":[75,75,75,75,75,75,75,75,75,75,75,75,75,75,75,75,80,80,80,80,80,80,80,80,80],"card_choices":[{"not_picked":["Sweeping Beam","Ball Lightning"],"picked":"Streamline","floor":0.0},{"not_picked":["Turbo","Gash"],"picked":"Streamline","floor":1.0},{"not_picked":["Ball Lightning","Gash"],"picked":"Conserve Battery","floor":2.0},{"not_picked":["Static Discharge","Steam"],"picked":"Cold Snap","floor":4.0},{"not_picked":["Darkness","Sweeping Beam"],"picked":"Cold Snap","floor":7.0},{"not_picked":["Turbo","Stack","Steam"],"picked":"SKIP","floor":8.0},{"not_picked":["Undo","Reprogram"],"picked":"Rebound","floor":10.0},{"not_picked":["Stack","Sweeping Beam"],"picked":"Streamline","floor":12.0},{"not_picked":["Coolheaded","Conserve Battery"],"picked":"Defragment","floor":14.0},{"not_picked":["Lockon","Steam"],"picked":"Coolheaded","floor":17.0},{"not_picked":["Aggregate+1","Undo"],"picked":"Beam Cell","floor":18.0},{"not_picked":["Compile Driver","Go for the Eyes","Sweeping Beam"],"picked":"SKIP","floor":19.0},{"not_picked":["Ball Lightning","Force Field","Compile Driver"],"picked":"SKIP","floor":21},{"not_picked":["Gash","Cold Snap","FTL"],"picked":"SKIP","floor":22}],"player_experience":263194,"relics_obtained":[{"floor":7.0,"key":"Tiny Chest"},{"floor":9.0,"key":"Letter Opener"},{"floor":14.0,"key":"Girya"}],"event_choices":[{"damage_healed":18.0,"max_hp_gain":0.0,"max_hp_loss":0.0,"gold_gain":0.0,"event_name":"The Cleric","player_choice":"Healed","floor":11.0,"gold_loss":35.0,"damage_taken":0.0}],"is_beta":false,"boss_relics":[{"not_picked":["Fusion Hammer","SlaversCollar"],"picked":"Tiny House"}],"items_purged_floors":[3,20],"is_endless":false,"potions_floor_spawned":[7,8,10,12,14,21],"killed_by":"Shelled Parasite and Fungi","ascension_level":2}}