{"host":"2eh6kef149pfh93v","time":1612898724,"event":{"mods":["2.2 Compatiblity","Act Like it!","Aspiration","BaseMod","Clockwork Mod","Conspire","Energized Spire","Gensokyo","GifTheSpireLib","Hero for Fun","Hubris","Infinite Spire","Marisa????????","Minty Spire (QoL Compilation)","Reliquary","Replay The Spire","Shop Mod","StSLib","Stuff the Spire","The Servant 0.9.4","Waifu the Spire","Yakumo Yukari mod"],"gold_per_floor":[117,117,117,131,151,151,177,177,253,253,253,73,73,90,90,192,192,210,100,40,40,40,40,40,65,78,98,111,111,111,111,213,213,233,284,557,570,584,584,632,648,648,648,648,648],"floor_reached":45,"language":"ENG","playtime":1503,"items_purged":[],"score":514,"play_id":"2f6dde61-e962-482f-b778-b6460ed163df","local_time":"20210209142524","is_ascension_mode":false,"campfire_choices":[{"data":"OortCloud","floor":6.0,"key":"SMITH"},{"data":"IllusionStar","floor":8.0,"key":"SMITH"},{"data":"StarlightTyphoon","floor":10.0,"key":"SMITH"},{"data":"DoubleSpark","floor":13.0,"key":"SMITH"},{"data":"MysteriousBeam","floor":15.0,"key":"SMITH"},{"data":"MysteriousBeam","floor":23.0,"key":"SMITH"},{"floor":32.0,"key":"REST"},{"floor":40,"key":"REST"},{"floor":44,"key":"REST"}],"circlet_count":0,"master_deck":["Strike_MRS","Strike_MRS","Strike_MRS","Strike_MRS","Defend_MRS","Defend_MRS","Defend_MRS+1","Defend_MRS+1","MasterSpark+1","UpSweep","UnstableBomb","MysteriousBeam+1","StarlightTyphoon+1","OortCloud+1","IllusionStar+1","DoubleSpark+1","MysteriousBeam+1","JA","MachineGunSpark+1","RefractionSpark","MysteriousBeam","GrandCross","StuffTheSpire:PestControl","ManaRampage","UnstableBomb","ShootingEcho+1","DC","PropBag","DarkSpark","ReplayTheSpireMod:Private Reserves","WitchOfGreed","Metamorphosis","Consecutive_Normal_Punch","GrandCross+1","WitchLeyline+1","DragonMeteor+1"],"relics":["MiniHakkero","NeowsBlessing","StuffTheSpire:EmeraldSignet","Membership Card","hubris:Teleporter","reliquary:KinkedSpring","War Paint","aspiration:PoetsPen","Replay:Rubber Ducky","Fusion Hammer","StuffTheSpire:Nightcore","hubris:NiceRug","hubris:BundleOfHerbs","hubris:DisguiseKit","hubris:EmptyBottle","reliquary:Firecrackers","Potion Belt","AmplifyWand"],"acts_visited":["Exordium","TheCity","TheBeyond"],"potions_floor_usage":[37,38],"damage_taken":[{"damage":0.0,"enemies":"2 Louse","floor":1.0,"turns":1.0},{"damage":0.0,"enemies":"Cultist","floor":4.0,"turns":1.0},{"damage":0.0,"enemies":"Jaw Worm","floor":5.0,"turns":1.0},{"damage":10.0,"enemies":"Lagavulin","floor":7.0,"turns":4.0},{"damage":6.0,"enemies":"Looter","floor":14.0,"turns":2.0},{"damage":34.0,"enemies":"Hexaghost","floor":16.0,"turns":8.0},{"damage":4.0,"enemies":"Spheric Guardian","floor":18.0,"turns":3.0},{"damage":0.0,"enemies":"2 Thieves","floor":27.0,"turns":2.0},{"damage":7.0,"enemies":"Chosen and Byrds","floor":28.0,"turns":3.0},{"damage":0.0,"enemies":"Centurion and Healer","floor":29.0,"turns":2.0},{"damage":22,"enemies":"hubris:MusketHawk","floor":33,"turns":5},{"damage":11,"enemies":"3 Darklings","floor":35,"turns":2},{"damage":17,"enemies":"2 Orb Walkers","floor":36,"turns":2},{"damage":45,"enemies":"hubris:Merchant","floor":37,"turns":5},{"damage":4,"enemies":"Orb Walker","floor":38,"turns":2},{"damage":0,"enemies":"Maw","floor":39,"turns":4},{"damage":0,"enemies":"Reptomancer","floor":41,"turns":2},{"damage":4,"enemies":"3 Darklings","floor":42,"turns":2},{"damage":0,"enemies":"Transient","floor":45,"turns":4}],"seed_played":"-6464534982747987719","potions_obtained":[{"floor":3.0,"key":"Strength Potion"},{"floor":3.0,"key":"Energy Potion"},{"floor":3.0,"key":"SmokeBomb"},{"floor":5.0,"key":"Strength Potion"},{"floor":7.0,"key":"PowerPotion"},{"floor":18.0,"key":"GamblersBrew"},{"floor":28.0,"key":"DuplicationPotion"},{"floor":36,"key":"SpeedPotion"},{"floor":37,"key":"PowerPotion"},{"floor":37,"key":"DuplicationPotion"},{"floor":41,"key":"DuplicationPotion"}],"is_trial":false,"path_per_floor":["M","?","?","M","M","R","E","R","T","R","?","$","R","M","R","B",null,"M","$","?","AVR","R","$","?","T","M","M","M","?","?","R","B",null,"M","?","$","M","M","R","E","M","T","R","M"],"character_chosen":"MARISA","items_purchased":["Membership Card","DoubleSpark","MachineGunSpark","War Paint","DC"],"campfire_rested":3,"item_purchase_floors":[12,12,19,19,37],"current_hp_per_floor":[75,75,75,75,75,75,65,65,65,65,65,65,65,59,59,25,75,71,71,71,71,71,71,71,71,73,68,70,50,50,72,56,75,64,49,6,7,11,33,35,33,33,55,57,57],"gold":648,"neow_bonus":"THREE_ENEMY_KILL","is_daily":false,"chose_seed":false,"campfire_upgraded":6,"win_rate":0.0,"timestamp":1612898724,"path_taken":["M","?","?","M","?","R","E","R","T","R","?","$","R","M","R","BOSS","M","?","?","AVR","R","$","?","T","M","?","M","?","?","R","BOSS","M","?","$","M","M","R","E","M","T","R","M"],"items_purchased_type":["Relic","Card","Card","Relic","Card"],"build_version":"2020-12-22","purchased_purges":0,"victory":false,"max_hp_per_floor":[75,75,75,75,75,75,75,75,75,75,75,75,75,75,75,75,75,75,75,75,75,75,75,75,75,75,75,75,75,75,75,75,75,75,75,75,75,75,75,75,75,75,75,75,75],"card_choices":[{"not_picked":["MilkyWay","ShootingEcho"],"picked":"UnstableBomb","floor":1.0},{"not_picked":["MagicAbsorber","MilkyWay"],"picked":"StarlightTyphoon","floor":4.0},{"not_picked":["Occultation","DoubleSpark"],"picked":"OortCloud","floor":5.0},{"not_picked":["MagicChant","ShootingEcho"],"picked":"IllusionStar","floor":7.0},{"not_picked":["RefractionSpark","DarkMatter"],"picked":"MysteriousBeam","floor":14.0},{"not_picked":["CasketOfStar","SatelliteIllusion"],"picked":"JA","floor":16.0},{"not_picked":["ShootTheMoon","FairyDestructionRay","Acceleration"],"picked":"SKIP","floor":18.0},{"not_picked":["UnstableBomb+1","WitchOfGreed"],"picked":"RefractionSpark","floor":27.0},{"not_picked":["Occultation","StarlightTyphoon"],"picked":"MysteriousBeam","floor":28.0},{"not_picked":["6A","EnergyRecoil+1"],"picked":"GrandCross","floor":29.0},{"not_picked":["AbsoluteMagnitude","EscapeVelocity"],"picked":"ManaRampage","floor":33},{"not_picked":["DC+1","SuperPerseids"],"picked":"UnstableBomb","floor":35},{"not_picked":["Acceleration","DarkSpark"],"picked":"ShootingEcho+1","floor":36},{"not_picked":[],"picked":"PropBag","floor":37},{"not_picked":[],"picked":"DarkSpark","floor":37},{"not_picked":[],"picked":"ReplayTheSpireMod:Private Reserves","floor":37},{"not_picked":[],"picked":"WitchOfGreed","floor":37},{"not_picked":[],"picked":"Metamorphosis","floor":37},{"not_picked":["ManaConvection"],"picked":"SKIP","floor":37},{"not_picked":["MilkyWay","Robbery","DC+1"],"picked":"Consecutive_Normal_Punch","floor":38},{"not_picked":["OpenUniverse","EnergyRecoil+1","Toss_Stone"],"picked":"GrandCross+1","floor":39},{"not_picked":["SporeBomb","StarlightTyphoon+1","Toss_Stone"],"picked":"WitchLeyline+1","floor":41},{"not_picked":["GravityBeat","UnstableBomb+1","Yawn"],"picked":"DragonMeteor+1","floor":42}],"player_experience":3007,"relics_obtained":[{"floor":7.0,"key":"reliquary:FerryPass"},{"floor":9.0,"key":"StuffTheSpire:EmeraldSignet"},{"floor":16.0,"key":"hubris:Teleporter"},{"floor":26.0,"key":"Replay:Rubber Ducky"},{"floor":36,"key":"StuffTheSpire:Nightcore"},{"floor":37,"key":"hubris:BundleOfHerbs"},{"floor":37,"key":"hubris:DisguiseKit"},{"floor":37,"key":"hubris:EmptyBottle"},{"floor":41,"key":"reliquary:Firecrackers"},{"floor":43,"key":"Potion Belt"}],"event_choices":[{"damage_healed":0.0,"max_hp_gain":0.0,"max_hp_loss":0.0,"gold_gain":0.0,"event_name":"Lab","player_choice":"Got Potions","floor":3.0,"gold_loss":0.0,"damage_taken":0.0},{"damage_healed":0.0,"max_hp_gain":0.0,"max_hp_loss":0.0,"gold_gain":0.0,"event_name":"Upgrade Shrine","player_choice":"Upgraded","floor":11.0,"gold_loss":0.0,"damage_taken":0.0,"cards_upgraded":["MasterSpark"]},{"damage_healed":0.0,"max_hp_gain":0.0,"max_hp_loss":0.0,"gold_gain":0.0,"event_name":"Accursed Blacksmith","player_choice":"Forge","floor":25.0,"gold_loss":0.0,"damage_taken":0.0,"cards_upgraded":["MachineGunSpark"]},{"damage_healed":0.0,"max_hp_gain":0.0,"max_hp_loss":0.0,"gold_gain":0.0,"event_name":"conspire:Investor","player_choice":"Leave","floor":31.0,"gold_loss":0.0,"damage_taken":0.0},{"damage_healed":0,"gold_gain":0,"player_choice":"Fight","damage_taken":0,"max_hp_gain":0,"max_hp_loss":0,"event_name":"Mysterious Sphere","floor":36,"gold_loss":0}],"is_beta":false,"boss_relics":[{"not_picked":["ReplayTheSpireMod:DimensionalGlitch","aspiration:RunicSpoon"],"picked":"reliquary:KinkedSpring"},{"not_picked":["conspire:RoyalGoblet","aspiration:FutureDiary"],"picked":"Fusion Hammer"}],"items_purged_floors":[],"is_endless":false,"potions_floor_spawned":[5,7,18,28,36,42],"killed_by":"Transient","ascension_level":0}}