{"host":"o3n4et6u1y1w2h5j","time":1612872797,"event":{"mods":["AchievementEnabler","BaseMod","Block Reminder","Minty Spire (QoL Compilation)","Rare Cards Sparkle","Relic Stats","StSLib"],"gold_per_floor":[109,109,123,97,116,116,116,116,143,174,174,187,212,245,245,370,370,391,391,407,432,432,432,456,494,520,560,584,584,600,148,148,276,276,289,214,214,234,79,113,113,113,113,157,178,511,511,527,527,527,527,527,135,161,161],"floor_reached":56,"language":"ENG","playtime":3807,"items_purged":["Writhe","Perfected Strike"],"score":1298,"play_id":"b3578e31-cf82-47c0-918d-f65aa83a070a","local_time":"20210209041317","is_ascension_mode":true,"campfire_choices":[{"data":"True Grit","floor":6,"key":"SMITH"},{"data":"Bash","floor":8,"key":"SMITH"},{"floor":11,"key":"REST"},{"data":"Offering","floor":15,"key":"SMITH"},{"data":"Entrench","floor":23,"key":"SMITH"},{"data":"Demon Form","floor":32,"key":"SMITH"},{"data":"Power Through","floor":41,"key":"SMITH"},{"floor":49,"key":"RECALL"},{"data":"1","floor":52,"key":"LIFT"}],"circlet_count":0,"master_deck":["Bash+1","Feel No Pain","Second Wind","True Grit+1","Shrug It Off","Reaper","Twin Strike","Offering+1","Demon Form+1","Sword Boomerang+1","Dual Wield+1","Entrench+1","Power Through","Flame Barrier+1","Barricade+1","Whirlwind","Sever Soul","Power Through+1","Anger","Pommel Strike","Feel No Pain+1","Shockwave","Pummel","Feel No Pain+1","True Grit+1","Offering+1","Second Wind","Evolve+1","Demon Form+1","Body Slam+1","Ghostly Armor+1","Berserk+1"],"relics":["Burning Blood","Red Skull","Ice Cream","Tiny Chest","Sundial","Ornamental Fan","Mark of Pain","Orichalcum","Boot","Charon\u0027s Ashes","Frozen Egg 2","Lee\u0027s Waffle","Gambling Chip","Pandora\u0027s Box","DollysMirror","Gremlin Horn","Eternal Feather","Girya","Centennial Puzzle","Bag of Marbles","Orrery"],"acts_visited":["Exordium","TheCity","TheBeyond","TheEnding"],"potions_floor_usage":[16,25,28,38,48,55,55],"damage_taken":[{"damage":8,"enemies":"Jaw Worm","floor":1,"turns":4},{"damage":4,"enemies":"2 Louse","floor":3,"turns":3},{"damage":0,"enemies":"Small Slimes","floor":5,"turns":4},{"damage":32,"enemies":"Gremlin Nob","floor":10,"turns":5},{"damage":14,"enemies":"Red Slaver","floor":12,"turns":3},{"damage":7,"enemies":"2 Fungi Beasts","floor":13,"turns":4},{"damage":19,"enemies":"3 Sentries","floor":14,"turns":9},{"damage":32,"enemies":"Hexaghost","floor":16,"turns":13},{"damage":20,"enemies":"Shell Parasite","floor":18,"turns":5},{"damage":25,"enemies":"Chosen","floor":20,"turns":5},{"damage":8,"enemies":"Snecko","floor":21,"turns":3},{"damage":17,"enemies":"Centurion and Healer","floor":24,"turns":7},{"damage":36,"enemies":"Book of Stabbing","floor":25,"turns":5},{"damage":18,"enemies":"Gremlin Leader","floor":27,"turns":6},{"damage":13,"enemies":"Snake Plant","floor":28,"turns":3},{"damage":29,"enemies":"Shelled Parasite and Fungi","floor":30,"turns":3},{"damage":26,"enemies":"Collector","floor":33,"turns":7},{"damage":36,"enemies":"3 Darklings","floor":35,"turns":4},{"damage":7,"enemies":"3 Shapes","floor":38,"turns":4},{"damage":17,"enemies":"Giant Head","floor":40,"turns":8},{"damage":24,"enemies":"Reptomancer","floor":44,"turns":4},{"damage":12,"enemies":"Maw","floor":45,"turns":7},{"damage":18,"enemies":"Sphere and 2 Shapes","floor":48,"turns":4},{"damage":59,"enemies":"Time Eater","floor":50,"turns":11},{"damage":65,"enemies":"Shield and Spear","floor":54,"turns":6},{"damage":51,"enemies":"The Heart","floor":55,"turns":11}],"seed_played":"-229046229781738815","potions_obtained":[{"floor":1,"key":"FearPotion"},{"floor":5,"key":"Ancient Potion"},{"floor":14,"key":"SneckoOil"},{"floor":18,"key":"Explosive Potion"},{"floor":19,"key":"SteroidPotion"},{"floor":25,"key":"SteroidPotion"},{"floor":28,"key":"Regen Potion"},{"floor":40,"key":"Fire Potion"},{"floor":45,"key":"SkillPotion"}],"is_trial":false,"path_per_floor":["M","?","M","$","M","R","?","R","T","E","R","M","M","E","R","B",null,"M","?","M","M","?","R","M","E","T","E","M","T","M","$","R","B",null,"M","$","?","M","$","E","R","T","T","E","M","?","?","M","R","B",null,"R","$","E","B",null],"character_chosen":"IRONCLAD","items_purchased":["True Grit","Lee\u0027s Waffle","Gambling Chip","DollysMirror","Bag of Marbles","Orrery"],"campfire_rested":1,"item_purchase_floors":[4,31,31,39,53,53],"current_hp_per_floor":[78,53,55,55,61,61,41,41,41,15,39,31,44,43,43,24,80,66,66,47,45,45,45,42,23,23,42,35,35,12,87,87,78,87,87,87,87,86,86,87,87,87,87,87,81,81,81,83,87,62,87,87,87,54,41],"gold":161,"neow_bonus":"RANDOM_COMMON_RELIC","is_daily":false,"chose_seed":false,"campfire_upgraded":6,"win_rate":0.0,"timestamp":1612872797,"path_taken":["M","?","M","$","M","R","?","R","T","E","R","M","M","E","R","BOSS","M","?","?","M","?","R","M","E","T","E","M","?","?","?","R","BOSS","M","$","?","M","$","E","R","?","T","E","?","?","?","M","R","BOSS","R","$","E","BOSS"],"items_purchased_type":["Card","Relic","Relic","Relic","Relic","Relic"],"build_version":"2020-12-22","purchased_purges":2,"victory":true,"max_hp_per_floor":[80,80,80,80,80,80,80,80,80,80,80,80,80,80,80,80,80,80,80,80,80,80,80,80,80,80,80,80,80,80,87,87,87,87,87,87,87,87,87,87,87,87,87,87,87,87,87,87,87,87,87,87,87,87,87],"relic_stats":{"Lee\u0027s Waffle":75,"Gremlin Horn":[5,6],"counters":[26,148],"Eternal Feather":4,"Charon\u0027s Ashes":[402],"Orichalcum":[84],"Boot":[26],"Burning Blood":138,"Centennial Puzzle":[15],"Sundial":[20],"Ornamental Fan":[76],"Gambling Chip":[41],"Tiny Chest":2,"Pandora\u0027s Box":["Whirlwind","Sever Soul","Power Through","Perfected Strike","Anger","Pommel Strike","Feel No Pain","Shockwave","Pummel"],"obtain_stats":[{"Ice Cream":2,"Girya":43,"Lee\u0027s Waffle":31,"Gremlin Horn":40,"Golden Idol":7,"Eternal Feather":42,"Charon\u0027s Ashes":27,"Orichalcum":22,"Frozen Egg 2":29,"Boot":25,"Burning Blood":0,"Centennial Puzzle":44,"Sundial":10,"Ornamental Fan":14,"DollysMirror":39,"Gambling Chip":31,"Orrery":53,"Tiny Chest":9,"Pandora\u0027s Box":34,"Mark of Pain":17,"Bag of Marbles":53,"Red Skull":0},{"Ice Cream":1,"Girya":20,"Lee\u0027s Waffle":16,"Gremlin Horn":20,"Golden Idol":3,"Eternal Feather":20,"Charon\u0027s Ashes":14,"Orichalcum":11,"Frozen Egg 2":15,"Boot":13,"Burning Blood":0,"Centennial Puzzle":21,"Sundial":4,"Ornamental Fan":7,"DollysMirror":19,"Gambling Chip":16,"Orrery":24,"Tiny Chest":3,"Pandora\u0027s Box":17,"Mark of Pain":8,"Bag of Marbles":24,"Red Skull":0},{"Ice Cream":4,"Girya":105,"Lee\u0027s Waffle":82,"Gremlin Horn":105,"Golden Idol":11,"Eternal Feather":105,"Charon\u0027s Ashes":76,"Orichalcum":58,"Frozen Egg 2":79,"Boot":70,"Burning Blood":0,"Centennial Puzzle":109,"Sundial":16,"Ornamental Fan":32,"DollysMirror":97,"Gambling Chip":82,"Orrery":131,"Tiny Chest":11,"Pandora\u0027s Box":89,"Mark of Pain":45,"Bag of Marbles":131,"Red Skull":0}]},"card_choices":[{"not_picked":["Dark Embrace","Blood for Blood"],"picked":"Feel No Pain","floor":1},{"not_picked":["Heavy Blade","Shrug It Off"],"picked":"Second Wind","floor":3},{"not_picked":["Pommel Strike","Flex"],"picked":"Shrug It Off","floor":5},{"not_picked":["Sword Boomerang","Warcry","Twin Strike"],"picked":"SKIP","floor":10},{"not_picked":["Heavy Blade","Second Wind"],"picked":"Reaper","floor":12},{"not_picked":["Heavy Blade","Clash"],"picked":"Twin Strike","floor":13},{"not_picked":["Reckless Charge","Pommel Strike"],"picked":"Offering","floor":14},{"not_picked":["Bludgeon","Immolate"],"picked":"Demon Form","floor":16},{"not_picked":["Shrug It Off","Clothesline+1"],"picked":"Sword Boomerang+1","floor":18},{"not_picked":["Carnage+1","Pummel+1"],"picked":"Dual Wield+1","floor":20},{"not_picked":["Sword Boomerang","Wild Strike"],"picked":"Entrench","floor":21},{"not_picked":["Perfected Strike+1","Anger+1","Warcry"],"picked":"SKIP","floor":24},{"not_picked":["Sever Soul","Headbutt","Armaments"],"picked":"SKIP","floor":25},{"not_picked":["Impervious","Anger"],"picked":"Power Through","floor":27},{"not_picked":["Anger","Warcry"],"picked":"Flame Barrier+1","floor":28},{"not_picked":["Headbutt","Cleave","Sword Boomerang"],"picked":"SKIP","floor":30},{"not_picked":["Brutality+1","Feed"],"picked":"Barricade+1","floor":33},{"not_picked":["Infernal Blade","Dual Wield+1"],"picked":"Feel No Pain+1","floor":35},{"not_picked":["Perfected Strike+1","Sword Boomerang"],"picked":"True Grit+1","floor":38},{"not_picked":["Carnage","Bloodletting"],"picked":"Second Wind","floor":40},{"not_picked":["True Grit","Blood for Blood"],"picked":"Evolve+1","floor":44},{"not_picked":["Heavy Blade+1","Headbutt+1","Sword Boomerang+1"],"picked":"SKIP","floor":45},{"not_picked":["Seeing Red","Wild Strike","Warcry"],"picked":"SKIP","floor":48},{"not_picked":["Shrug It Off+1","Anger"],"picked":"Body Slam+1","floor":53},{"not_picked":["Armaments","Warcry"],"picked":"Ghostly Armor+1","floor":53},{"not_picked":["Heavy Blade","Headbutt"],"picked":"Berserk+1","floor":53},{"not_picked":["Wild Strike","Armaments+1","Metallicize+1"],"picked":"SKIP","floor":54}],"player_experience":65865,"relics_obtained":[{"floor":9,"key":"Tiny Chest"},{"floor":10,"key":"Sundial"},{"floor":14,"key":"Ornamental Fan"},{"floor":25,"key":"Boot"},{"floor":27,"key":"Charon\u0027s Ashes"},{"floor":29,"key":"Frozen Egg 2"},{"floor":40,"key":"Gremlin Horn"},{"floor":42,"key":"Eternal Feather"},{"floor":43,"key":"Girya"},{"floor":44,"key":"Centennial Puzzle"}],"event_choices":[{"damage_healed":0,"gold_gain":0,"player_choice":"Success","damage_taken":25,"relics_obtained":["Ice Cream"],"max_hp_gain":0,"max_hp_loss":0,"event_name":"Scrap Ooze","floor":2,"gold_loss":0},{"damage_healed":0,"gold_gain":0,"player_choice":"Take Damage","damage_taken":20,"relics_obtained":["Golden Idol"],"max_hp_gain":0,"max_hp_loss":0,"event_name":"Golden Idol","floor":7,"gold_loss":0},{"damage_healed":0,"gold_gain":0,"player_choice":"Got Potions","damage_taken":0,"max_hp_gain":0,"max_hp_loss":0,"event_name":"Lab","floor":19,"gold_loss":0},{"damage_healed":0,"gold_gain":0,"player_choice":"Opened","damage_taken":0,"relics_obtained":["Orichalcum"],"max_hp_gain":0,"max_hp_loss":0,"event_name":"The Mausoleum","floor":22,"gold_loss":0,"cards_obtained":["Writhe"]},{"damage_healed":0,"gold_gain":0,"player_choice":"Ignored","damage_taken":0,"max_hp_gain":0,"max_hp_loss":0,"event_name":"Tomb of Lord Red Mask","floor":37,"gold_loss":0},{"damage_healed":0,"gold_gain":333,"player_choice":"Gave Idol","damage_taken":0,"max_hp_gain":0,"max_hp_loss":0,"event_name":"The Moai Head","floor":46,"relics_lost":["Golden Idol"],"gold_loss":0},{"damage_healed":0,"gold_gain":0,"player_choice":"Copied","damage_taken":0,"max_hp_gain":0,"max_hp_loss":0,"event_name":"Duplicator","floor":47,"gold_loss":0,"cards_obtained":["Demon Form"]}],"is_beta":false,"boss_relics":[{"not_picked":["Runic Pyramid","SlaversCollar"],"picked":"Mark of Pain"},{"not_picked":["Busted Crown","Sozu"],"picked":"Pandora\u0027s Box"}],"items_purged_floors":[36,53],"is_endless":false,"potions_floor_spawned":[1,5,14,18,20,25,28,40,45],"ascension_level":2}}