{"host":"7gewg82ormp6yt4e","time":1612879820,"event":{"mods":["BaseMod","Block Reminder","Colored Map","DeckTracker","Highlight Path","Minty Spire (QoL Compilation)","Relic Stats","StSLib","ojb\u0027s Info Mod"],"gold_per_floor":[116,134,59,59,84,124,124,5,5,36,123,171,236,266,278,379,391,421,433,243,111,125,125,160,160,209,222,240,280,280,280,280,357,357,370,383,383,1,51,51,51,51,51],"floor_reached":42,"language":"JPN","playtime":2269,"items_purged":["Defend_P"],"score":988,"play_id":"387a03f3-1881-49fe-833c-f07384ce68dc","local_time":"20210209231020","is_ascension_mode":true,"campfire_choices":[{"floor":7,"key":"REST"},{"floor":15,"key":"REST"},{"floor":23,"key":"RECALL"},{"floor":25,"key":"REST"},{"floor":30,"key":"REST"},{"floor":32,"key":"REST"},{"floor":40,"key":"REST"}],"circlet_count":0,"master_deck":["AscendersBane","Strike_P","Strike_P","Defend_P","Defend_P","Defend_P","Eruption","Vigilance","SpiritShield","FlyingSleeves","BowlingBash","ReachHeaven","BattleHymn","Establishment","SandsOfTime","DevaForm","ClearTheMind","Wireheading","Tantrum","ForeignInfluence+1","Protect","Study+1","SpiritShield","Evaluate+1","ThirdEye","Dark Shackles","Apotheosis","Dark Shackles","LikeWater+1"],"relics":["PureWater","Bloody Idol","Darkstone Periapt","MawBank","Thread and Needle","MealTicket","Fusion Hammer","OrangePellets","Lantern","Nunchaku","Frozen Egg 2","Runic Dome","TungstenRod"],"acts_visited":["Exordium","TheCity","TheBeyond"],"potions_floor_usage":[10,14,16,18,24,24,29,41],"damage_taken":[{"damage":0,"enemies":"Cultist","floor":1,"turns":3},{"damage":0,"enemies":"Jaw Worm","floor":2,"turns":2},{"damage":22,"enemies":"Small Slimes","floor":5,"turns":7},{"damage":32,"enemies":"3 Sentries","floor":6,"turns":5},{"damage":2,"enemies":"Looter","floor":10,"turns":5},{"damage":25,"enemies":"Lagavulin","floor":12,"turns":7},{"damage":4,"enemies":"Blue Slaver","floor":14,"turns":3},{"damage":0,"enemies":"Hexaghost","floor":16,"turns":8},{"damage":4,"enemies":"3 Byrds","floor":18,"turns":5},{"damage":0,"enemies":"Spheric Guardian","floor":22,"turns":4},{"damage":17,"enemies":"Slavers","floor":24,"turns":4},{"damage":0,"enemies":"Centurion and Healer","floor":27,"turns":5},{"damage":34,"enemies":"Shelled Parasite and Fungi","floor":28,"turns":5},{"damage":12,"enemies":"Gremlin Leader","floor":29,"turns":5},{"damage":39,"enemies":"Automaton","floor":33,"turns":10},{"damage":9,"enemies":"3 Shapes","floor":35,"turns":4},{"damage":27,"enemies":"Orb Walker","floor":36,"turns":5},{"damage":11,"enemies":"4 Shapes","floor":41,"turns":3},{"damage":40,"enemies":"Nemesis","floor":42,"turns":2}],"seed_played":"3100849583353323074","potions_obtained":[{"floor":10,"key":"Ancient Potion"},{"floor":12,"key":"Strength Potion"},{"floor":16,"key":"BottledMiracle"},{"floor":18,"key":"Ancient Potion"},{"floor":22,"key":"DuplicationPotion"},{"floor":24,"key":"Energy Potion"},{"floor":36,"key":"SmokeBomb"}],"is_trial":false,"path_per_floor":["M","M","?","?","M","E","R","$","T","M","?","E","T","M","R","B",null,"M","?","$","$","M","R","E","R","T","M","M","E","R","?","R","B",null,"M","M","?","$","?","R","M","E"],"character_chosen":"WATCHER","items_purchased":["BattleHymn","Regen Potion","OrangePellets","Wireheading","Swift Potion","TungstenRod","LikeWater+1"],"campfire_rested":6,"item_purchase_floors":[8,8,20,20,21,38,38],"current_hp_per_floor":[61,61,61,56,34,2,18,18,18,30,30,5,5,1,17,17,46,42,42,56,56,56,56,39,55,55,55,21,9,25,25,41,7,44,40,18,8,23,28,44,33,0,0],"gold":51,"neow_bonus":"THREE_RARE_CARDS","is_daily":false,"chose_seed":false,"campfire_upgraded":0,"win_rate":0.0,"timestamp":1612879820,"path_taken":["M","M","?","?","M","E","R","$","T","M","?","E","?","M","R","BOSS","M","?","?","$","M","R","E","R","T","M","M","E","R","?","R","BOSS","M","M","?","$","?","R","?","E"],"items_purchased_type":["Card","Potion","Relic","Card","Potion","Relic","Card"],"build_version":"2020-12-22","purchased_purges":1,"victory":false,"max_hp_per_floor":[62,62,62,56,56,56,56,56,56,56,56,56,56,56,56,56,56,56,56,56,56,56,56,56,56,56,56,56,56,56,56,56,56,56,56,56,56,56,56,56,56,56,56],"relic_stats":{"Darkstone Periapt":0,"OrangePellets":[4],"Nunchaku":[7],"counters":[19,92],"Bloody Idol":20,"MealTicket":29,"MawBank":132,"obtain_stats":[{"Darkstone Periapt":6,"Lantern":24,"Golden Idol":4,"Thread and Needle":12,"Frozen Egg 2":29,"MawBank":9,"OrangePellets":20,"Runic Dome":34,"Nunchaku":26,"Bloody Idol":31,"MealTicket":13,"Fusion Hammer":17,"PureWater":0,"TungstenRod":38},{"Darkstone Periapt":4,"Lantern":11,"Golden Idol":2,"Thread and Needle":6,"Frozen Egg 2":14,"MawBank":4,"OrangePellets":9,"Runic Dome":15,"Nunchaku":11,"Bloody Idol":14,"MealTicket":6,"Fusion Hammer":8,"PureWater":0,"TungstenRod":17},{"Darkstone Periapt":17,"Lantern":53,"Golden Idol":5,"Thread and Needle":29,"Frozen Egg 2":68,"MawBank":17,"OrangePellets":45,"Runic Dome":78,"Nunchaku":53,"Bloody Idol":68,"MealTicket":29,"Fusion Hammer":40,"PureWater":0,"TungstenRod":87}],"TungstenRod":3},"card_choices":[{"not_picked":["Omniscience","Vault"],"picked":"SpiritShield","floor":0},{"not_picked":["SashWhip","Study"],"picked":"FlyingSleeves","floor":1},{"not_picked":["WaveOfTheHand","CutThroughFate"],"picked":"BowlingBash","floor":2},{"not_picked":["Crescendo","Consecrate"],"picked":"ReachHeaven","floor":5},{"not_picked":["ThirdEye","Prostrate","FlurryOfBlows"],"picked":"SKIP","floor":6},{"not_picked":["SashWhip","Vengeance"],"picked":"Establishment","floor":10},{"not_picked":["FlurryOfBlows","Ragnarok","Alpha"],"picked":"SKIP","floor":12},{"not_picked":["Perseverance","DeceiveReality"],"picked":"SandsOfTime","floor":14},{"not_picked":["Scrawl","Devotion"],"picked":"DevaForm","floor":16},{"not_picked":["Prostrate","Perseverance"],"picked":"ClearTheMind","floor":18},{"not_picked":["ForeignInfluence","CrushJoints"],"picked":"Tantrum","floor":22},{"not_picked":["ForeignInfluence","Pray+1","FlyingSleeves+1"],"picked":"SKIP","floor":24},{"not_picked":["CrushJoints","DevaForm"],"picked":"ForeignInfluence+1","floor":27},{"not_picked":["CutThroughFate","Pray"],"picked":"Protect","floor":28},{"not_picked":["WindmillStrike","ReachHeaven"],"picked":"Study+1","floor":29},{"not_picked":["Wish","Judgement"],"picked":"SpiritShield","floor":33},{"not_picked":["FlyingSleeves","Crescendo"],"picked":"Evaluate+1","floor":35},{"not_picked":["JustLucky","Establishment+1"],"picked":"ThirdEye","floor":36},{"not_picked":["Enlightenment","Madness"],"picked":"Dark Shackles","floor":37},{"not_picked":["Transmutation","Discovery"],"picked":"Apotheosis","floor":37},{"not_picked":["Forethought","Swift Strike"],"picked":"Dark Shackles","floor":37}],"player_experience":2811618,"relics_obtained":[{"floor":6,"key":"Darkstone Periapt"},{"floor":9,"key":"MawBank"},{"floor":12,"key":"Thread and Needle"},{"floor":13,"key":"MealTicket"},{"floor":24,"key":"Lantern"},{"floor":26,"key":"Nunchaku"},{"floor":29,"key":"Frozen Egg 2"}],"event_choices":[{"cards_removed":["Strike_P"],"damage_healed":0,"gold_gain":0,"player_choice":"Card Removal","damage_taken":0,"max_hp_gain":0,"max_hp_loss":0,"event_name":"The Cleric","floor":3,"gold_loss":75},{"damage_healed":0,"gold_gain":0,"player_choice":"Lose Max HP","damage_taken":0,"relics_obtained":["Golden Idol"],"max_hp_gain":0,"max_hp_loss":6,"event_name":"Golden Idol","floor":4,"gold_loss":0},{"damage_healed":0,"gold_gain":75,"player_choice":"Gained Gold","damage_taken":0,"max_hp_gain":0,"max_hp_loss":0,"event_name":"Golden Wing","floor":11,"gold_loss":0},{"cards_removed":["Strike_P"],"damage_healed":0,"gold_gain":0,"player_choice":"Purged","damage_taken":0,"max_hp_gain":0,"max_hp_loss":0,"event_name":"Purifier","floor":19,"gold_loss":0},{"damage_healed":0,"gold_gain":0,"player_choice":"Gave Idol","damage_taken":0,"relics_obtained":["Bloody Idol"],"max_hp_gain":0,"max_hp_loss":0,"event_name":"Forgotten Altar","floor":31,"relics_lost":["Golden Idol"],"gold_loss":0},{"damage_healed":0,"gold_gain":0,"player_choice":"Memory 3","damage_taken":10,"max_hp_gain":0,"max_hp_loss":0,"event_name":"SensoryStone","floor":37,"gold_loss":0},{"damage_healed":0,"gold_gain":50,"player_choice":"Pray","damage_taken":0,"max_hp_gain":0,"max_hp_loss":0,"event_name":"Golden Shrine","floor":39,"gold_loss":0}],"is_beta":false,"boss_relics":[{"not_picked":["Busted Crown","Black Star"],"picked":"Fusion Hammer"},{"not_picked":["Velvet Choker","SacredBark"],"picked":"Runic Dome"}],"items_purged_floors":[21],"is_endless":false,"potions_floor_spawned":[10,12,16,18,22,24,36],"killed_by":"Nemesis","ascension_level":20}}