{"host":"94llj6gteolxpmtb","time":1612844267,"event":{"mods":["BaseMod","Better Match","Better Note","BetterRewards","Colored Powertips","Googly Eyes","Minty Spire (QoL Compilation)","Quick Restart","StSLib"],"gold_per_floor":[112,37,37,37,56,86,86,98,98,162,67,67,100,100,100,202,202,221,221,221,233,133,168,185,185,211,61,91,91,91,91,91,195,195,210,210,85,85,98,125,125,175,175,175,194,227,244,244,244,244],"floor_reached":51,"language":"ENG","playtime":2630,"items_purged":["Strike_B","Go for the Eyes","Blizzard"],"score":820,"play_id":"0eeed1a6-5969-47ff-a85a-529443819fa2","local_time":"20210208211747","is_ascension_mode":false,"campfire_choices":[{"data":"Self Repair","floor":7,"key":"SMITH"},{"floor":12,"key":"REST"},{"data":"Zap","floor":15,"key":"SMITH"},{"data":"Electrodynamics","floor":25,"key":"SMITH"},{"data":"Gash","floor":32,"key":"SMITH"},{"data":"Scrape","floor":41,"key":"SMITH"},{"floor":49,"key":"REST"}],"circlet_count":0,"master_deck":["Zap+1","Streamline","Machine Learning","Ball Lightning","Self Repair+1","Steam","Gash+1","Bandage Up","Electrodynamics+1","Scrape+1","Amplify+1","All For One","Buffer","BootSequence","Coolheaded","Beam Cell","Go for the Eyes","Streamline","Violence","Redo+1","Storm+1","Scrape+1","Electrodynamics","Madness","Madness","Ball Lightning+1"],"relics":["Cracked Core","NeowsBlessing","Tiny Chest","Mummified Hand","Bag of Marbles","Bottled Lightning","Orichalcum","Black Star","Oddly Smooth Stone","Bottled Tornado","Pen Nib","Toy Ornithopter","Nunchaku","Ancient Tea Set","Meat on the Bone","Mango","Pandora\u0027s Box","Centennial Puzzle","Boot","CaptainsWheel","Dream Catcher","Darkstone Periapt","Kunai","Juzu Bracelet"],"acts_visited":["Exordium","TheCity","TheBeyond"],"potions_floor_usage":[16,16,16,23,28,40,40,50,50],"damage_taken":[{"damage":0,"enemies":"Small Slimes","floor":1,"turns":1},{"damage":0,"enemies":"Jaw Worm","floor":5,"turns":1},{"damage":0,"enemies":"Lagavulin","floor":6,"turns":1},{"damage":6,"enemies":"Cultist","floor":8,"turns":3},{"damage":23,"enemies":"Lagavulin Event","floor":10,"turns":5},{"damage":17,"enemies":"3 Sentries","floor":13,"turns":6},{"damage":26,"enemies":"Hexaghost","floor":16,"turns":8},{"damage":0,"enemies":"3 Byrds","floor":18,"turns":3},{"damage":17,"enemies":"Spheric Guardian","floor":21,"turns":4},{"damage":33,"enemies":"Slavers","floor":23,"turns":4},{"damage":4,"enemies":"Centurion and Healer","floor":24,"turns":4},{"damage":5,"enemies":"Gremlin Leader","floor":28,"turns":4},{"damage":89,"enemies":"Collector","floor":33,"turns":9},{"damage":0,"enemies":"3 Darklings","floor":35,"turns":2},{"damage":0,"enemies":"Orb Walker","floor":39,"turns":2},{"damage":0,"enemies":"Giant Head","floor":40,"turns":6},{"damage":0,"enemies":"Mind Bloom Boss Battle","floor":42,"turns":2},{"damage":18,"enemies":"4 Shapes","floor":45,"turns":2},{"damage":32,"enemies":"Reptomancer","floor":46,"turns":4},{"damage":0,"enemies":"Transient","floor":47,"turns":5},{"damage":55,"enemies":"Time Eater","floor":50,"turns":8}],"seed_played":"-223820634366022732","potions_obtained":[{"floor":5,"key":"Energy Potion"},{"floor":10,"key":"SkillPotion"},{"floor":13,"key":"PowerPotion"},{"floor":18,"key":"Strength Potion"},{"floor":24,"key":"FocusPotion"},{"floor":33,"key":"AttackPotion"},{"floor":35,"key":"SteroidPotion"},{"floor":39,"key":"Dexterity Potion"},{"floor":46,"key":"Explosive Potion"}],"is_trial":false,"path_per_floor":["M","$","?","?","M","E","R","M","T","?","$","R","E","?","R","B",null,"M","?","T","M","$","E","M","R","T","$","E","$","?","T","R","B",null,"M","?","$","?","M","E","R","?","T","T","M","E","M","?","R","B",null],"character_chosen":"DEFECT","items_purchased":["Bandage Up","Nunchaku"],"campfire_rested":2,"item_purchase_floors":[11,27],"current_hp_per_floor":[75,75,75,75,75,75,75,75,75,62,62,75,72,65,65,53,75,75,75,75,68,68,49,59,59,59,59,73,73,73,87,87,24,89,89,89,89,89,89,89,89,89,89,89,81,63,77,66,89,58],"gold":244,"neow_bonus":"THREE_ENEMY_KILL","is_daily":false,"chose_seed":false,"campfire_upgraded":5,"win_rate":0.0,"timestamp":1612844267,"path_taken":["M","$","?","?","?","E","R","M","T","?","$","R","E","?","R","BOSS","M","?","?","?","$","E","M","R","T","$","E","?","?","?","R","BOSS","M","?","$","?","M","E","R","?","T","?","M","E","M","?","R","BOSS"],"items_purchased_type":["Card","Relic"],"build_version":"2020-12-22","purchased_purges":3,"victory":true,"max_hp_per_floor":[75,75,75,75,75,75,75,75,75,75,75,75,75,75,75,75,75,75,75,75,75,75,75,75,75,75,75,75,75,75,89,89,89,89,89,89,89,89,89,89,89,89,89,89,89,89,89,89,89,89],"card_choices":[{"not_picked":["Coolheaded","Cold Snap"],"picked":"Streamline","floor":1},{"not_picked":["White Noise","Redo"],"picked":"Ball Lightning","floor":5},{"not_picked":["Sunder","Creative AI"],"picked":"Self Repair","floor":6},{"not_picked":["Defragment","Barrage"],"picked":"Steam","floor":8},{"not_picked":["Coolheaded","Steam"],"picked":"Gash","floor":10},{"not_picked":["Tempest","Sweeping Beam","Echo Form"],"picked":"SKIP","floor":13},{"not_picked":["Amplify","Meteor Strike"],"picked":"Electrodynamics","floor":16},{"not_picked":["Defragment","Genetic Algorithm"],"picked":"Go for the Eyes","floor":18},{"not_picked":["Barrage","Compile Driver","Genetic Algorithm"],"picked":"SKIP","floor":21},{"not_picked":["FTL","Redo+1"],"picked":"Scrape","floor":23},{"not_picked":["Heatsinks","Glacier","Barrage+1"],"picked":"SKIP","floor":24},{"not_picked":["Echo Form","Conserve Battery"],"picked":"Amplify","floor":28},{"not_picked":["Fission","Buffer"],"picked":"All For One","floor":33},{"not_picked":["Heatsinks","Undo"],"picked":"Streamline","floor":35},{"not_picked":["Magnetism","Discovery"],"picked":"Violence","floor":38},{"not_picked":["Compile Driver","Barrage+1"],"picked":"Redo+1","floor":39},{"not_picked":["Consume+1","Static Discharge"],"picked":"Storm+1","floor":40},{"not_picked":["Streamline+1","Hologram+1","Go for the Eyes"],"picked":"SKIP","floor":45},{"not_picked":["Streamline","Beam Cell"],"picked":"Scrape+1","floor":46},{"not_picked":["Compile Driver","Turbo"],"picked":"Electrodynamics","floor":47},{"not_picked":["FTL+1","Double Energy+1"],"picked":"Ball Lightning+1","floor":49}],"player_experience":57460,"relics_obtained":[{"floor":6,"key":"Tiny Chest"},{"floor":9,"key":"Mummified Hand"},{"floor":10,"key":"Bag of Marbles"},{"floor":13,"key":"Bottled Lightning"},{"floor":20,"key":"Oddly Smooth Stone"},{"floor":23,"key":"Bottled Tornado"},{"floor":23,"key":"Pen Nib"},{"floor":26,"key":"Toy Ornithopter"},{"floor":28,"key":"Ancient Tea Set"},{"floor":28,"key":"Meat on the Bone"},{"floor":31,"key":"Mango"},{"floor":40,"key":"Centennial Puzzle"},{"floor":40,"key":"Boot"},{"floor":42,"key":"CaptainsWheel"},{"floor":43,"key":"Dream Catcher"},{"floor":44,"key":"Darkstone Periapt"},{"floor":46,"key":"Kunai"},{"floor":46,"key":"Juzu Bracelet"}],"event_choices":[{"damage_healed":0,"gold_gain":0,"cards_transformed":["Strike_B"],"player_choice":"Change","damage_taken":0,"max_hp_gain":0,"max_hp_loss":0,"event_name":"Living Wall","floor":3,"gold_loss":0,"cards_obtained":["Machine Learning"]},{"cards_removed":["Dualcast"],"damage_healed":0,"gold_gain":0,"player_choice":"Purged","damage_taken":0,"max_hp_gain":0,"max_hp_loss":0,"event_name":"Purifier","floor":4,"gold_loss":0},{"damage_healed":0,"gold_gain":30,"player_choice":"Searched \u00272\u0027 times","damage_taken":0,"max_hp_gain":0,"max_hp_loss":0,"event_name":"Dead Adventurer","floor":10,"gold_loss":0},{"damage_healed":0,"gold_gain":0,"player_choice":"Success","damage_taken":7,"relics_obtained":["Orichalcum"],"max_hp_gain":0,"max_hp_loss":0,"event_name":"Scrap Ooze","floor":14,"gold_loss":0},{"cards_removed":["Go for the Eyes"],"damage_healed":0,"gold_gain":0,"player_choice":"Give","damage_taken":0,"max_hp_gain":0,"max_hp_loss":0,"event_name":"betterNote:BetterNote","floor":19,"gold_loss":0,"cards_obtained":["Strike_B"]},{"damage_healed":0,"gold_gain":0,"player_choice":"Forge","damage_taken":0,"max_hp_gain":0,"max_hp_loss":0,"event_name":"Accursed Blacksmith","floor":30,"gold_loss":0,"cards_upgraded":["Amplify"]},{"damage_healed":0,"gold_gain":0,"player_choice":"Ignored","damage_taken":0,"max_hp_gain":0,"max_hp_loss":0,"event_name":"Tomb of Lord Red Mask","floor":36,"gold_loss":0},{"damage_healed":0,"gold_gain":0,"player_choice":"Memory 1","damage_taken":0,"max_hp_gain":0,"max_hp_loss":0,"event_name":"SensoryStone","floor":38,"gold_loss":0},{"damage_healed":0,"gold_gain":0,"player_choice":"Fight","damage_taken":0,"max_hp_gain":0,"max_hp_loss":0,"event_name":"MindBloom","floor":42,"gold_loss":0},{"damage_healed":0,"gold_gain":0,"player_choice":"Embrace Madness","damage_taken":11,"max_hp_gain":0,"max_hp_loss":0,"event_name":"Winding Halls","floor":48,"gold_loss":0,"cards_obtained":["Madness","Madness"]}],"is_beta":false,"boss_relics":[{"not_picked":["SlaversCollar","Astrolabe"],"picked":"Black Star"},{"not_picked":["Coffee Dripper","Busted Crown"],"picked":"Pandora\u0027s Box"}],"items_purged_floors":[2,22,37],"is_endless":false,"potions_floor_spawned":[5,10,13,18,24,33,35,39,46],"ascension_level":0}}