{"host":"rl3s470f8onwqc1s","time":1612866536,"event":{"mods":["BaseMod","Gold Saver","Minty Spire (QoL Compilation)","MostiFishMod","RumiaBox-露米娅的神秘盒子","Shop Mod","Spicy Shops","StSLib","TestMod","【功能Mod】强力的原版药水"],"gold_per_floor":[116,128,178,11,23,54,54,80,105,105,118,144,144,170,170,246,246,258,1257,77,77,87,113,113,141,141,161,161,189,206,220,220,298,298,317,331,383,273,291,317,317,317,317,342,373,373,400,400,400,400,400,400,400,43,71,71],"floor_reached":57,"language":"ZHS","playtime":2094,"items_purged":["Strike_R"],"score":3748,"play_id":"ef5c6c4d-b6bb-4528-9982-3b510d8251e9","local_time":"20210209182856","is_ascension_mode":true,"campfire_choices":[{"floor":7.0,"key":"REST"},{"floor":10.0,"key":"REST"},{"floor":13.0,"key":"REST"},{"data":"HalloweenModCandy","floor":15.0,"key":"SMITH"},{"data":"HalloweenModGhostCostume","floor":24,"key":"SMITH"},{"floor":28,"key":"RECALL"},{"data":"HalloweenModCandy","floor":32,"key":"SMITH"},{"data":"HalloweenModCandy","floor":42,"key":"SMITH"},{"data":"testmod-Collector","floor":49,"key":"SMITH"},{"data":"HalloweenModGhostCostume","floor":53,"key":"SMITH"}],"circlet_count":0,"master_deck":["AscendersBane","Strike_R","Strike_R","Strike_R","Defend_R","Defend_R","Defend_R+1","Defend_R","Bash","MostiFishMod:EE1D","MostiFishMod:EE1D","MostiFishMod:EE1D","HalloweenModCandy+1","HalloweenModTrick","HalloweenModGhostCostume+1","HalloweenModCandy","HalloweenModTrick","HalloweenModGhostCostume+1","HalloweenModTrick","HalloweenModGhostCostume","HalloweenModCandy+1","HalloweenModTrick+1","MostiFishMod:PerfectForm+1","HalloweenModCandy+1","HalloweenModTrick+1","HalloweenModCandy+1","HalloweenModTrick","HalloweenModTrick","HalloweenModGhostCostume+1","HalloweenModTrick+1","testmod-Collector+1","testmod-FightingIntention+1","testmod-TradeIn+1"],"relics":["testmod-TestBox","HalloweenModHalloween","Blue Candle","testmod-PortableAltar","SynthV:TestCard","Ying","testmod-TurbochargingSystem","Happy Flower","Regal Pillow","PreservedInsect","Sozu","BrkXgEgg","Lee\u0027s Waffle","GodSword4","Pen Nib","Nunchaku","Bottled Tornado","testmod-NegativeEmotionEnhancer","CaptainsWheel","Red Skull","Mummified Hand","Champion Belt","Gambling Chip","DaveBox","SynthV:C4","testmod-Nyarlathotep","GodSword1","Toy Ornithopter"],"acts_visited":["Exordium","TheCity","TheBeyond","TheEnding"],"potions_floor_usage":[56,56],"damage_taken":[{"damage":25.0,"enemies":"Jaw Worm","floor":1.0,"turns":6.0},{"damage":22.0,"enemies":"Cultist","floor":2.0,"turns":5.0},{"damage":12.0,"enemies":"Small Slimes","floor":5.0,"turns":5.0},{"damage":19.0,"enemies":"Lagavulin","floor":6.0,"turns":10.0},{"damage":33.0,"enemies":"Gremlin Nob","floor":8.0,"turns":5.0},{"damage":15.0,"enemies":"3 Louse","floor":11.0,"turns":5.0},{"damage":10.0,"enemies":"3 Sentries","floor":12.0,"turns":4.0},{"damage":4.0,"enemies":"Lagavulin","floor":14.0,"turns":6.0},{"damage":7.0,"enemies":"The Guardian","floor":16.0,"turns":9.0},{"damage":35.0,"enemies":"2 Thieves","floor":18.0,"turns":4.0},{"damage":8,"enemies":"3 Byrds","floor":22,"turns":2},{"damage":18,"enemies":"Slavers","floor":23,"turns":3},{"damage":0,"enemies":"Book of Stabbing","floor":25,"turns":2},{"damage":0,"enemies":"Snake Plant","floor":27,"turns":2},{"damage":2,"enemies":"Gremlin Leader","floor":29,"turns":1},{"damage":1,"enemies":"Shelled Parasite and Fungi","floor":30,"turns":2},{"damage":2,"enemies":"Cultist and Chosen","floor":31,"turns":1},{"damage":2,"enemies":"Automaton","floor":33,"turns":5},{"damage":0,"enemies":"Orb Walker","floor":35,"turns":2},{"damage":0,"enemies":"3 Shapes","floor":36,"turns":2},{"damage":0,"enemies":"2 Orb Walkers","floor":37,"turns":3},{"damage":0,"enemies":"Sphere and 2 Shapes","floor":39,"turns":3},{"damage":2,"enemies":"Giant Head","floor":40,"turns":2},{"damage":2,"enemies":"Mind Bloom Boss Battle","floor":44,"turns":2},{"damage":0,"enemies":"Reptomancer","floor":45,"turns":2},{"damage":2,"enemies":"Giant Head","floor":47,"turns":2},{"damage":1,"enemies":"Awakened One","floor":50,"turns":3},{"damage":0,"enemies":"Time Eater","floor":51,"turns":3},{"damage":1,"enemies":"Shield and Spear","floor":55,"turns":1},{"damage":3,"enemies":"The Heart","floor":56,"turns":5}],"seed_played":"3191483342451314714","potions_obtained":[{"floor":5.0,"key":"LiquidBronze"},{"floor":12.0,"key":"testmod-TestPotion"},{"floor":14.0,"key":"CultistPotion"}],"is_trial":false,"path_per_floor":["M","M","?","$","M","E","R","E","T","R","M","E","R","E","R","B",null,"M","?","$","?","M","E","R","E","T","M","R","E","M","M","R","B",null,"M","M","?","?","M","E","?","R","T","?","E","?","E","?","R","B","B",null,"R","$","E","B",null],"character_chosen":"IRONCLAD","items_purchased":["Ying","BrkXgEgg","Lee\u0027s Waffle","MostiFishMod:PerfectForm+1","GodSword4","GodSword1"],"campfire_rested":3,"item_purchase_floors":[4,20,20,20,20,54],"current_hp_per_floor":[43,25,18,18,10,14,34,5,5,24,17,11,44,52,52,59,58,34,34,62,61,60,57,57,57,56,55,54,53,52,51,50,49,48,48,48,48,47,47,47,46,45,44,44,44,43,43,32,32,41,41,40,39,38,38,38],"gold":71,"neow_bonus":"BOSS_RELIC","is_daily":false,"chose_seed":false,"campfire_upgraded":6,"win_rate":0.0,"timestamp":1612866536,"path_taken":["M","M","?","?","?","E","R","E","T","R","M","E","R","E","R","BOSS","M","?","$","?","M","E","R","E","T","M","R","E","?","M","R","BOSS","M","M","?","?","?","E","?","R","T","?","E","?","E","?","R","BOSS","BOSS","R","$","E","BOSS"],"items_purchased_type":["Relic","Relic","Relic","Card","Relic","Relic"],"build_version":"2020-12-22","purchased_purges":1,"victory":true,"max_hp_per_floor":[74,73,72,71,70,69,68,67,66,65,64,63,62,61,60,59,58,57,56,62,61,60,59,58,57,56,55,54,53,52,51,50,49,48,48,48,48,47,47,47,46,45,44,44,44,43,43,42,41,41,41,40,39,38,38,38],"card_choices":[{"not_picked":["HalloweenModGhostCostume","HalloweenModTrick"],"picked":"HalloweenModCandy","floor":1.0},{"not_picked":["HalloweenModGhostCostume","HalloweenModCandy","HalloweenModGhostCostume","HalloweenModGhostCostume"],"picked":"HalloweenModTrick","floor":2.0},{"not_picked":["HalloweenModTrick","HalloweenModCandy","HalloweenModCandy","HalloweenModTrick"],"picked":"HalloweenModGhostCostume","floor":5.0},{"not_picked":["HalloweenModGhostCostume","HalloweenModCandy","HalloweenModTrick","HalloweenModGhostCostume"],"picked":"HalloweenModCandy","floor":6.0},{"not_picked":["HalloweenModCandy","HalloweenModGhostCostume","HalloweenModTrick","HalloweenModTrick"],"picked":"HalloweenModTrick","floor":8.0},{"not_picked":["HalloweenModTrick","HalloweenModCandy","HalloweenModTrick","HalloweenModGhostCostume"],"picked":"HalloweenModGhostCostume","floor":11.0},{"not_picked":["HalloweenModGhostCostume","HalloweenModTrick","HalloweenModCandy","HalloweenModCandy"],"picked":"HalloweenModTrick","floor":12.0},{"not_picked":["HalloweenModGhostCostume","HalloweenModCandy","HalloweenModTrick","HalloweenModCandy"],"picked":"HalloweenModGhostCostume","floor":14.0},{"not_picked":["HalloweenModGhostCostume","HalloweenModTrick","HalloweenModGhostCostume","HalloweenModGhostCostume"],"picked":"HalloweenModCandy","floor":16.0},{"not_picked":["HalloweenModTrick","HalloweenModGhostCostume","HalloweenModCandy","HalloweenModTrick"],"picked":"HalloweenModTrick+1","floor":18.0},{"not_picked":["HalloweenModTrick","HalloweenModGhostCostume","HalloweenModCandy","HalloweenModGhostCostume","HalloweenModCandy"],"picked":"SKIP","floor":22},{"not_picked":["HalloweenModCandy","HalloweenModTrick","HalloweenModGhostCostume","HalloweenModTrick","HalloweenModTrick"],"picked":"SKIP","floor":23},{"not_picked":["HalloweenModTrick","HalloweenModGhostCostume","HalloweenModTrick","HalloweenModGhostCostume"],"picked":"HalloweenModCandy","floor":25},{"not_picked":["HalloweenModGhostCostume+1","HalloweenModCandy","HalloweenModCandy","HalloweenModTrick"],"picked":"HalloweenModTrick+1","floor":27},{"not_picked":["HalloweenModCandy+1","HalloweenModGhostCostume","HalloweenModTrick+1","HalloweenModTrick"],"picked":"HalloweenModCandy+1","floor":29},{"not_picked":["HalloweenModTrick","HalloweenModCandy","HalloweenModGhostCostume","HalloweenModTrick","HalloweenModCandy"],"picked":"SKIP","floor":30},{"not_picked":["HalloweenModGhostCostume","HalloweenModCandy+1","HalloweenModTrick","HalloweenModCandy"],"picked":"HalloweenModTrick","floor":31},{"not_picked":["HalloweenModGhostCostume","HalloweenModCandy","HalloweenModTrick","HalloweenModGhostCostume"],"picked":"HalloweenModTrick","floor":33},{"not_picked":["HalloweenModTrick+1","HalloweenModGhostCostume","HalloweenModCandy","HalloweenModCandy"],"picked":"HalloweenModGhostCostume+1","floor":35},{"not_picked":["HalloweenModGhostCostume","HalloweenModCandy","HalloweenModTrick+1","HalloweenModTrick","HalloweenModGhostCostume"],"picked":"SKIP","floor":36},{"not_picked":["HalloweenModTrick","HalloweenModCandy","HalloweenModGhostCostume","HalloweenModCandy+1"],"picked":"HalloweenModTrick+1","floor":39},{"not_picked":["HalloweenModTrick","HalloweenModCandy","HalloweenModGhostCostume","HalloweenModTrick","HalloweenModCandy"],"picked":"SKIP","floor":40},{"not_picked":["HalloweenModTrick","HalloweenModCandy","HalloweenModGhostCostume+1","HalloweenModGhostCostume","HalloweenModCandy+1"],"picked":"SKIP","floor":45},{"not_picked":["HalloweenModTrick","HalloweenModGhostCostume","HalloweenModCandy","HalloweenModGhostCostume","HalloweenModTrick"],"picked":"SKIP","floor":47},{"not_picked":["Metamorphosis+1","testmod-TreasureHunter+1","testmod-HandmadeProducts","Bandage Up"],"picked":"testmod-Collector","floor":48},{"not_picked":["MostiFishMod:TheLastGuard+1","Jack Of All Trades","Impatience","testmod-LimitFlipper"],"picked":"testmod-FightingIntention+1","floor":48},{"not_picked":["testmod-Bloodthirsty","Enlightenment","Chrysalis+1","Bandage Up"],"picked":"testmod-TradeIn+1","floor":48},{"not_picked":["HalloweenModGhostCostume+1","HalloweenModCandy+1","HalloweenModTrick","HalloweenModGhostCostume","HalloweenModCandy"],"picked":"SKIP","floor":55}],"player_experience":1352377,"relics_obtained":[{"floor":1.0,"key":"SynthV:TestCard"},{"floor":6.0,"key":"testmod-TurbochargingSystem"},{"floor":8.0,"key":"Happy Flower"},{"floor":12.0,"key":"Regal Pillow"},{"floor":14.0,"key":"PreservedInsect"},{"floor":23,"key":"Pen Nib"},{"floor":25,"key":"Nunchaku"},{"floor":26,"key":"Bottled Tornado"},{"floor":37,"key":"CaptainsWheel"},{"floor":40,"key":"Red Skull"},{"floor":43,"key":"Mummified Hand"},{"floor":44,"key":"Champion Belt"},{"floor":45,"key":"Gambling Chip"},{"floor":47,"key":"testmod-Nyarlathotep"},{"floor":55,"key":"Toy Ornithopter"}],"event_choices":[{"damage_healed":0.0,"max_hp_gain":0.0,"max_hp_loss":0.0,"gold_gain":50.0,"event_name":"FaceTrader","player_choice":"Touch","floor":3.0,"gold_loss":0.0,"damage_taken":7.0},{"damage_healed":0.0,"max_hp_gain":0.0,"max_hp_loss":0.0,"gold_gain":999.0,"event_name":"恩洛斯的盘子","player_choice":"Sell","floor":19.0,"relics_lost":["EE1DDrone"],"gold_loss":0.0,"damage_taken":0.0},{"damage_healed":0,"gold_gain":0,"player_choice":"Got Potions","damage_taken":0,"max_hp_gain":0,"max_hp_loss":0,"event_name":"Lab","floor":21,"gold_loss":0},{"damage_healed":0,"gold_gain":0,"player_choice":"Fight","damage_taken":0,"max_hp_gain":0,"max_hp_loss":0,"event_name":"Mysterious Sphere","floor":37,"gold_loss":0},{"cards_removed":["Strike_R"],"damage_healed":0,"gold_gain":0,"player_choice":"Upgrade and Remove","damage_taken":0,"max_hp_gain":0,"max_hp_loss":0,"event_name":"Designer","floor":38,"gold_loss":110,"cards_upgraded":["Defend_R"]},{"damage_healed":0,"gold_gain":0,"player_choice":"Ignored","damage_taken":0,"max_hp_gain":0,"max_hp_loss":0,"event_name":"Tomb of Lord Red Mask","floor":41,"gold_loss":0},{"damage_healed":0,"gold_gain":0,"player_choice":"Fight","damage_taken":0,"max_hp_gain":0,"max_hp_loss":0,"event_name":"MindBloom","floor":44,"gold_loss":0},{"damage_healed":0,"gold_gain":0,"player_choice":"Swap Relic","damage_taken":0,"relics_obtained":["DaveBox"],"max_hp_gain":0,"max_hp_loss":0,"event_name":"给自己的盒子","floor":46,"relics_lost":["DaveBox"],"gold_loss":0},{"damage_healed":0,"gold_gain":0,"player_choice":"Memory 3","damage_taken":10,"max_hp_gain":0,"max_hp_loss":0,"event_name":"SensoryStone","floor":48,"gold_loss":0}],"is_beta":false,"boss_relics":[{"not_picked":["Ectoplasm","testmod-BloodSacrificeSpiritualization"],"picked":"Sozu"},{"not_picked":["RhineCircuit","SacredBark"],"picked":"testmod-NegativeEmotionEnhancer"}],"items_purged_floors":[54],"is_endless":false,"potions_floor_spawned":[5,12,14,22,23,27,40,44,47,55],"ascension_level":20}}