{"host":"zdyzhdc6zlrb7vuj","time":1612883291,"event":{"mods":["BaseMod","Downfall","Hermit","Minty Spire (QoL Compilation)","StSLib","The Bug Knight","The Cursed","The Servant 0.9.4"],"gold_per_floor":[99,112,129,142,157,157,157,188,203,653,41,141,41,60,74,171,171,171,171,190,203,203,244,271,271,314,29,29,48,48,76,103,214,214,14,31,50,109,109,109,109,138,37,37,46,83,83,83,107,107,107,135,69,69,69,69,69],"floor_reached":56,"language":"ENG","playtime":5773,"items_purged":["downfall:Malfunctioning"],"score":842,"play_id":"703bfb02-3525-4f0f-bf2d-571a6c744085","local_time":"20210209150811","is_ascension_mode":false,"campfire_choices":[{"floor":1.0,"key":"RECALL"},{"data":"TheCursedMod:CleanUpWorkshop","floor":13.0,"key":"SMITH"},{"data":"TheCursedMod:ManaBullet","floor":18.0,"key":"SMITH"},{"data":"TheCursedMod:ManaCirculation","floor":28.0,"key":"SMITH"},{"data":"TheCursedMod:LuckyCharm","floor":30.0,"key":"SMITH"},{"data":"TheCursedMod:ForbiddenAlchemy","floor":35.0,"key":"SMITH"},{"floor":40.0,"key":"DIG"},{"floor":44.0,"key":"DIG"},{"floor":47.0,"key":"DIG"},{"floor":54.0,"key":"REST"}],"circlet_count":0,"master_deck":["TheCursedMod:Strike_TheCursed+1","TheCursedMod:Strike_TheCursed","TheCursedMod:Strike_TheCursed","TheCursedMod:Strike_TheCursed+1","TheCursedMod:Defend_TheCursed","TheCursedMod:Defend_TheCursed","TheCursedMod:Defend_TheCursed","TheCursedMod:Defend_TheCursed","TheCursedMod:CursedWand","TheCursedMod:CleanUpWorkshop+1","TheCursedMod:Dregs","TheCursedMod:SpitefulStrike+1","TheCursedMod:SoulCrush","TheCursedMod:VitalStrike","TheCursedMod:WearCloak","TheCursedMod:Hemoplague","TheCursedMod:RapidMovement","downfall:Icky","downfall:Icky","downfall:Icky","TheCursedMod:CollectTribute+1","TheCursedMod:LuckyCharm+1","TheCursedMod:Stigma+1","TheCursedMod:SpitefulPray","TheCursedMod:CursedAmulet","TheCursedMod:ManaBullet+1","TheCursedMod:DemonSword","TheCursedMod:CursedAmulet","TheCursedMod:CursedStaff","TheCursedMod:AshesToAshes+1","TheCursedMod:UltimatePain","TheCursedMod:ManaCirculation+1","TheCursedMod:LuckyCharm+1","TheCursedMod:CursedAmulet","TheCursedMod:DemonSword","TheCursedMod:ForbiddenAlchemy+1","TheCursedMod:Mangle+1","TheCursedMod:SpitefulPray","TheCursedMod:ReleasedStrength","TheCursedMod:SaltUponWound","expansioncontent:DashGenerateEvil","expansioncontent:AwakenDeath","TheCursedMod:SmokeScreen","expansioncontent:GuardianWhirl","TheCursedMod:SpitefulPlan+1","TheCursedMod:Wield+1","TheCursedMod:HellfireBreathing+1"],"relics":["TheCursedMod:BlackMagicAdvanced","Vajra","HollowMod:StagPassRelic","InkBottle","Happy Flower","StrikeDummy","Toy Ornithopter","downfall:HeartBlessingRed","TheCursedMod:FourLeafCloverCharm","CeramicFish","TheCursedMod:Tack","Nunchaku","Bottled Tornado","downfall:HeartBlessingBlue","downfall:HeartBlessingGreen","Shovel","PreservedInsect","Darkstone Periapt","Strange Spoon","Pen Nib","Potion Belt","Unceasing Top","Bag of Marbles"],"acts_visited":["Exordium","TheCity","TheBeyond","TheEnding"],"potions_floor_usage":[55,55,55,55,55,55,55,55,55,55,55,55,55,55,55,55,55,55,55],"damage_taken":[{"damage":1.0,"enemies":"Cultist","floor":2.0,"turns":3.0},{"damage":0.0,"enemies":"Small Slimes","floor":3.0,"turns":3.0},{"damage":2.0,"enemies":"Jaw Worm","floor":4.0,"turns":4.0},{"damage":6.0,"enemies":"3 Louse","floor":5.0,"turns":2.0},{"damage":11.0,"enemies":"3 Sentries","floor":8.0,"turns":6.0},{"damage":2.0,"enemies":"Blue Slaver","floor":9.0,"turns":3.0},{"damage":5.0,"enemies":"downfall:FleeingMerchant","floor":11.0,"turns":4.0},{"damage":1.0,"enemies":"downfall:LadyInBlue","floor":12.0,"turns":8.0},{"damage":4.0,"enemies":"Gremlin Gang","floor":14.0,"turns":3.0},{"damage":0.0,"enemies":"Large Slime","floor":15.0,"turns":4.0},{"damage":8.0,"enemies":"DF_ARCHETYPE_STREAMLINE","floor":16.0,"turns":6.0},{"damage":0.0,"enemies":"Spheric Guardian","floor":20.0,"turns":2.0},{"damage":1.0,"enemies":"Centurion and Healer","floor":21.0,"turns":4.0},{"damage":12.0,"enemies":"Slavers","floor":23.0,"turns":5.0},{"damage":23.0,"enemies":"Book of Stabbing","floor":26.0,"turns":3.0},{"damage":0.0,"enemies":"downfall:FleeingMerchant","floor":27.0,"turns":4.0},{"damage":0.0,"enemies":"3 Cultists","floor":29.0,"turns":5.0},{"damage":0.0,"enemies":"Snecko","floor":31.0,"turns":3.0},{"damage":0.0,"enemies":"Centurion and Healer","floor":32.0,"turns":4.0},{"damage":0.0,"enemies":"WA_ARCHETYPE_CALM","floor":33.0,"turns":7.0},{"damage":1.0,"enemies":"3 Shapes","floor":36.0,"turns":4.0},{"damage":16.0,"enemies":"3 Darklings","floor":37.0,"turns":4.0},{"damage":0.0,"floor":38.0,"turns":5.0},{"damage":0.0,"enemies":"Maw","floor":42.0,"turns":6.0},{"damage":0.0,"enemies":"downfall:FleeingMerchant","floor":43.0,"turns":3.0},{"damage":5.0,"enemies":"Giant Head","floor":46.0,"turns":6.0},{"damage":0.0,"enemies":"Jaw Worm Horde","floor":49.0,"turns":2.0},{"damage":28.0,"enemies":"SI_POISON_ARCHETYPE","floor":50.0,"turns":7.0},{"damage":60.0,"enemies":"downfall:CharBossMerchant","floor":52.0,"turns":8.0},{"damage":9,"enemies":"downfall:NeowBoss","floor":55,"turns":12},{"damage":117,"enemies":"downfall:NeowBossFinal","floor":56,"turns":8}],"seed_played":"3690472162079021264","potions_obtained":[{"floor":3.0,"key":"bronze:BurnAndBuffPotion"},{"floor":5.0,"key":"SteroidPotion"},{"floor":8.0,"key":"SteroidPotion"},{"floor":12.0,"key":"Energy Potion"},{"floor":12.0,"key":"Regen Potion"},{"floor":12.0,"key":"SneckoOil"},{"floor":16.0,"key":"SteroidPotion"},{"floor":21.0,"key":"Fire Potion"},{"floor":23.0,"key":"ColorlessPotion"},{"floor":31.0,"key":"DistilledChaos"},{"floor":32.0,"key":"Fire Potion"},{"floor":33.0,"key":"hexamod:SoulburnPotion"},{"floor":37.0,"key":"Weak Potion"},{"floor":38.0,"key":"Weak Potion"},{"floor":46.0,"key":"bronze:BurnAndBuffPotion"},{"floor":49.0,"key":"ColorlessPotion"},{"floor":52.0,"key":"champ:CounterPotion"}],"is_trial":false,"path_per_floor":["R","M","M","M","M","?","T","E","M","?","$","?","R","M","M","B",null,"R","?","M","M","?","E","T","?","E","$","R","M","R","M","M","B",null,"R","M","M","?","?","R","T","M","?","R","?","E","R","$","M","B",null,"E","$","R","B","B"],"character_chosen":"THE_CURSED","items_purchased":["Happy Flower","TheCursedMod:LuckyCharm","TheCursedMod:Stigma","StrikeDummy","Bottled Tornado","TheCursedMod:LuckyCharm","Strange Spoon","expansioncontent:DashGenerateEvil","expansioncontent:AwakenDeath","TheCursedMod:SmokeScreen","TheCursedMod:HellfireBreathing"],"campfire_rested":1,"item_purchase_floors":[11,11,11,11,27,27,43,43,43,43,53],"current_hp_per_floor":[75,74,74,72,66,66,66,55,53,53,48,47,47,43,43,45,75,75,75,75,74,74,67,67,67,49,54,54,54,54,54,54,59,75,85,84,68,85,85,85,85,85,85,85,85,85,85,85,85,72,85,49,49,74,85,0,0],"gold":69,"neow_bonus":"RANDOM_COMMON_RELIC","is_daily":false,"chose_seed":false,"campfire_upgraded":5,"win_rate":0.0,"timestamp":1612883291,"path_taken":["R","M","?","M","M","?","T","E","M","?","$","?","R","M","M","BOSS","R","?","M","M","?","E","T","?","E","?","R","?","R","M","M","BOSS","R","M","M","?","?","R","T","?","?","R","?","E","R","$","M","BOSS","E","$","R","BOSS","BOSS"],"items_purchased_type":["Relic","Card","Card","Relic","Relic","Card","Relic","Card","Card","Card","Card"],"build_version":"2020-12-22","purchased_purges":1,"victory":false,"max_hp_per_floor":[75,75,75,75,75,75,75,75,75,75,75,75,75,75,75,75,75,75,75,75,75,75,75,75,75,75,75,75,75,75,75,75,75,75,85,85,85,85,85,85,85,85,85,85,85,85,85,85,85,85,85,85,85,85,85,85,85],"card_choices":[{"not_picked":["TheCursedMod:TacticalStrike","TheCursedMod:SoulCrush"],"picked":"TheCursedMod:SpitefulStrike","floor":2.0},{"not_picked":["TheCursedMod:EmpowerCircles","TheCursedMod:CircleOfFocus"],"picked":"TheCursedMod:SoulCrush","floor":3.0},{"not_picked":["TheCursedMod:CircleOfFlame","TheCursedMod:WearCloak"],"picked":"TheCursedMod:VitalStrike","floor":4.0},{"not_picked":["TheCursedMod:CursedStaff","TheCursedMod:HellfireBreathing"],"picked":"TheCursedMod:WearCloak","floor":5.0},{"not_picked":["TheCursedMod:RapidMovement","TheCursedMod:ManaCirculation"],"picked":"TheCursedMod:Hemoplague","floor":8.0},{"not_picked":["TheCursedMod:Obscuration","TheCursedMod:ReleasedKnowledge"],"picked":"TheCursedMod:RapidMovement","floor":9.0},{"not_picked":["TheCursedMod:DoubleShield","TheCursedMod:CursedBlade"],"picked":"TheCursedMod:CollectTribute","floor":11.0},{"not_picked":["TheCursedMod:DoubleShield","TheCursedMod:Stretching"],"picked":"TheCursedMod:SpitefulPray","floor":12.0},{"not_picked":["TheCursedMod:RapidMovement","TheCursedMod:SpreadPlague"],"picked":"TheCursedMod:CursedAmulet","floor":14.0},{"not_picked":["TheCursedMod:DoubleShield","TheCursedMod:CursedArmor"],"picked":"TheCursedMod:ManaBullet","floor":15.0},{"not_picked":["TheCursedMod:StunningStrike","TheCursedMod:ParallelWorld"],"picked":"TheCursedMod:DemonSword","floor":16.0},{"not_picked":["TheCursedMod:CircleOfWindfury+1","TheCursedMod:FleshFromBone+1"],"picked":"TheCursedMod:CursedAmulet","floor":20.0},{"not_picked":["TheCursedMod:HellsGateOpen","TheCursedMod:TacticalStrike"],"picked":"TheCursedMod:CursedStaff","floor":21.0},{"not_picked":["TheCursedMod:DoubleShield+1","TheCursedMod:Obscuration"],"picked":"TheCursedMod:AshesToAshes+1","floor":23.0},{"not_picked":["TheCursedMod:CircleOfWindfury+1","TheCursedMod:CircleOfBlood"],"picked":"TheCursedMod:UltimatePain","floor":26.0},{"not_picked":["TheCursedMod:Obscuration+1","TheCursedMod:Wield"],"picked":"TheCursedMod:ManaCirculation","floor":27.0},{"not_picked":["TheCursedMod:FuryStrike","TheCursedMod:FleshFromBone","TheCursedMod:CircleOfWindfury"],"picked":"SKIP","floor":29.0},{"not_picked":["TheCursedMod:CursedShiv","TheCursedMod:CircleOfFocus"],"picked":"TheCursedMod:CursedAmulet","floor":31.0},{"not_picked":["TheCursedMod:BloodBarrier","TheCursedMod:Wield+1"],"picked":"TheCursedMod:DemonSword","floor":32.0},{"not_picked":["TheCursedMod:DarkBarrier","TheCursedMod:UltimatePain"],"picked":"TheCursedMod:ForbiddenAlchemy","floor":33.0},{"not_picked":["TheCursedMod:Stretching+1","TheCursedMod:WearCloak+1","TheCursedMod:TacticalStrike"],"picked":"SKIP","floor":36.0},{"not_picked":["TheCursedMod:CursedArmor","TheCursedMod:PrepareRite"],"picked":"TheCursedMod:Mangle+1","floor":37.0},{"not_picked":["TheCursedMod:CircleOfCorruption+1","TheCursedMod:DarkBarrier"],"picked":"TheCursedMod:SpitefulPray","floor":38.0},{"not_picked":["TheCursedMod:RavingStaff+1","TheCursedMod:SpitefulPlan+1"],"picked":"TheCursedMod:ReleasedStrength","floor":42.0},{"not_picked":["TheCursedMod:SurpriseAttack+1","TheCursedMod:Stigma"],"picked":"TheCursedMod:SaltUponWound","floor":43.0},{"not_picked":["expansioncontent:AwakenDeath","expansioncontent:LastStand"],"picked":"expansioncontent:GuardianWhirl","floor":45.0},{"not_picked":["TheCursedMod:Obscuration+1","TheCursedMod:BlessingInDisguise+1"],"picked":"TheCursedMod:SpitefulPlan+1","floor":46.0},{"not_picked":["TheCursedMod:FleshFromBone+1","TheCursedMod:SurpriseAttack"],"picked":"TheCursedMod:Wield+1","floor":49.0},{"not_picked":["TheCursedMod:SoulCrush","TheCursedMod:TroublousMinions+1","TheCursedMod:RapidMovement+1"],"picked":"SKIP","floor":52.0}],"player_experience":438327,"relics_obtained":[{"floor":7.0,"key":"HollowMod:StagPassRelic"},{"floor":8.0,"key":"InkBottle"},{"floor":12.0,"key":"Toy Ornithopter"},{"floor":23.0,"key":"CeramicFish"},{"floor":26.0,"key":"Nunchaku"},{"floor":38.0,"key":"Shovel"},{"floor":40.0,"key":"PreservedInsect"},{"floor":41.0,"key":"Darkstone Periapt"},{"floor":44.0,"key":"Pen Nib"},{"floor":46.0,"key":"Potion Belt"},{"floor":47.0,"key":"Unceasing Top"},{"floor":52.0,"key":"Bag of Marbles"}],"event_choices":[{"damage_healed":0.0,"max_hp_gain":0.0,"max_hp_loss":0.0,"gold_gain":0.0,"event_name":"Vampires","player_choice":"Ignored","floor":19.0,"gold_loss":0.0,"damage_taken":0.0},{"damage_healed":0.0,"max_hp_gain":0.0,"max_hp_loss":0.0,"gold_gain":0.0,"event_name":"Ghosts","player_choice":"Ignored","floor":22.0,"gold_loss":0.0,"damage_taken":0.0}],"is_beta":false,"boss_relics":[{"not_picked":["SlaversCollar","bronze:MakeshiftBattery"],"picked":"TheCursedMod:FourLeafCloverCharm"},{"not_picked":["Fusion Hammer","Astrolabe"],"picked":"TheCursedMod:BlackMagicAdvanced"}],"items_purged_floors":[11],"is_endless":false,"potions_floor_spawned":[3,5,8,12,14,16,21,23,31,32,33,37,38,46,49,52],"killed_by":"downfall:NeowBossFinal","ascension_level":0}}