{"host":"tj6tjcyqgbd0xj5u","time":1612839160,"event":{"mods":["Aspiration","BaseMod","Better Match","BetterRewards","Challenge The Spire","Conspire","Defuse TimeMaze Blight","Dota2Spire","Downfall","Energized Spire","Evolution","GifTheSpireLib","Good Game Mod","Halation","Hubris","Hyrulean Relics","Infinite Spire","Minty Spire (QoL Compilation)","Reliquary","Replay The Spire","Reworked Bosses","Spikes Relics","StS++","StSLib","Stuff the Spire"],"gold_per_floor":[113,188,201,126,126,151,161,190,190,190,54,65,92,108,108,207,207,221,221,221,221,234,234,234],"floor_reached":23,"language":"ENG","playtime":822,"items_purged":["StuffTheSpire:RockThrow","Pain","StSpp:BladeOfBlood"],"score":379,"play_id":"6993d8a6-2ee7-4106-98a7-b885a82a9810","local_time":"20210208225240","is_ascension_mode":true,"campfire_choices":[{"data":"Dropkick","floor":10,"key":"SMITH"},{"data":"StuffTheSpire:RockThrow","floor":15,"key":"SMITH"}],"circlet_count":0,"master_deck":["StuffTheSpire:RockThrow+1","StuffTheSpire:RockThrow","StuffTheSpire:RockThrow","StuffTheSpire:RockThrow","Shrug It Off","Shrug It Off","Shrug It Off","Shrug It Off","Bash","Dropkick+1","Cleave","Thunderclap","Seeing Red","Iron Wave","Iron Wave","Clash","Dropkick","conspire:HitWhereItHurts","Offering","Hemogenesis","Eclipse","Barricade","Fiend Fire","Demon Form","conspire:HitWhereItHurts","Juggernaut","StuffTheSpire:TitanForm","conspire:Purge","Double Tap","Demonic Infusion","Impervious","StSpp:Betrayal","Immolate","Limit Break","Replay:Many Hands","hubris:StunningStrike","Brutality","Corruption","Bludgeon","Reaper","Berserk","Exhume","Feed","StSpp:IntoTheAbyss","Whirlwind"],"relics":["Burning Blood","EVO:Axolotl","REME:ComplimentaryCards","WarpedTongs","halation:LettersToHer","reliquary:QuartzCube","Quantum Egg","aspiration:ChemicalBlood","StSpp:CrystalBall","Chemical X","Nloth\u0027s Gift"],"acts_visited":["Exordium","TheCity"],"potions_floor_usage":[16,16,16,16,18,18,22,22,23,23,23],"damage_taken":[{"damage":0,"enemies":"2 Louse","floor":1,"turns":1},{"damage":0,"enemies":"Cultist","floor":3,"turns":1},{"damage":0,"enemies":"Lagavulin","floor":6,"turns":1},{"damage":10,"enemies":"Jaw Worm","floor":7,"turns":3},{"damage":22,"enemies":"Gremlin Nob","floor":8,"turns":4},{"damage":16,"enemies":"Exordium Thugs","floor":12,"turns":3},{"damage":1,"enemies":"3 Sentries","floor":13,"turns":7},{"damage":1,"enemies":"2 Fungi Beasts","floor":14,"turns":2},{"damage":25,"enemies":"Hexaghost","floor":16,"turns":9},{"damage":44,"enemies":"Shell Parasite","floor":18,"turns":7},{"damage":6,"enemies":"Chosen","floor":22,"turns":5},{"damage":39,"enemies":"Gremlin Leader","floor":23,"turns":4}],"seed_played":"4867315767188360204","potions_obtained":[{"floor":1,"key":"FearPotion"},{"floor":8,"key":"ElixirPotion"},{"floor":13,"key":"bronze:BurnAndBuffPotion"},{"floor":14,"key":"Block Potion"},{"floor":16,"key":"Strength Potion"},{"floor":18,"key":"Flashbang"}],"is_trial":false,"path_per_floor":["M","?","M","$","?","E","M","E","T","R","$","M","E","M","R","B",null,"M","AVR","?","?","M","E"],"character_chosen":"IRONCLAD","items_purchased":["Iron Wave"],"campfire_rested":0,"item_purchase_floors":[11],"current_hp_per_floor":[78,67,73,73,73,79,75,59,59,59,59,49,54,59,59,40,70,39,39,24,24,28,0,0],"gold":234,"neow_bonus":"THREE_ENEMY_KILL","is_daily":false,"chose_seed":false,"campfire_upgraded":2,"win_rate":0.0,"timestamp":1612839160,"path_taken":["M","?","M","$","?","E","M","E","T","R","$","M","E","M","R","BOSS","M","AVR","?","?","?","E"],"items_purchased_type":["Card"],"build_version":"2020-12-22","purchased_purges":3,"victory":false,"max_hp_per_floor":[80,80,80,80,80,80,80,80,80,80,80,80,80,80,80,80,80,80,80,85,85,85,85,85],"card_choices":[{"not_picked":["StuffTheSpire:BloodClot","Sever Soul"],"picked":"Cleave","floor":1},{"not_picked":["Massacre","Blood for Blood"],"picked":"Thunderclap","floor":3},{"not_picked":["Clash","hubris:ReadiedAction"],"picked":"Seeing Red","floor":6},{"not_picked":["conspire:ExplosiveBarrier","Carnage","Wild Strike"],"picked":"SKIP","floor":7},{"not_picked":["StSpp:BladeOfBlood","ReplayTheSpireMod:Strike From Hell","Heavy Blade"],"picked":"SKIP","floor":8},{"not_picked":["StuffTheSpire:Pyroclast","Pommel Strike","StSpp:Sprint"],"picked":"SKIP","floor":12},{"not_picked":["StSpp:Sprint","Perfected Strike"],"picked":"Clash","floor":13},{"not_picked":["Heavy Blade","Headbutt"],"picked":"Dropkick","floor":14},{"not_picked":["StSpp:IntoTheAbyss","Brutality"],"picked":"conspire:HitWhereItHurts","floor":16},{"not_picked":["Wild Strike","Clash","Clothesline+1"],"picked":"SKIP","floor":18},{"not_picked":["Battle Trance","Infernal Blade"],"picked":"Whirlwind","floor":22}],"player_experience":141052,"relics_obtained":[{"floor":6,"key":"halation:LettersToHer"},{"floor":8,"key":"reliquary:QuartzCube"},{"floor":9,"key":"halation:LettersToHer"},{"floor":9,"key":"Quantum Egg"},{"floor":13,"key":"aspiration:ChemicalBlood"}],"event_choices":[{"damage_healed":0,"gold_gain":75,"player_choice":"Gather Gold","damage_taken":11,"max_hp_gain":0,"max_hp_loss":0,"event_name":"World of Goop","floor":2,"gold_loss":0},{"damage_healed":0,"gold_gain":0,"player_choice":"Rummage","damage_taken":0,"relics_obtained":["WarpedTongs"],"max_hp_gain":0,"max_hp_loss":0,"event_name":"Accursed Blacksmith","floor":5,"gold_loss":0,"cards_obtained":["Pain"]},{"damage_healed":0,"gold_gain":0,"player_choice":"Shed Blood","damage_taken":20,"max_hp_gain":5,"max_hp_loss":0,"event_name":"Forgotten Altar","floor":20,"gold_loss":0},{"damage_healed":0,"gold_gain":0,"player_choice":"Traded Relic","damage_taken":0,"relics_obtained":["Nloth\u0027s Gift"],"max_hp_gain":0,"max_hp_loss":0,"event_name":"N\u0027loth","floor":21,"relics_lost":["NeowsBlessing"],"gold_loss":0}],"is_beta":false,"boss_relics":[{"not_picked":["Replay:Drink Me","CosmicIsotope"],"picked":"StSpp:CrystalBall"}],"items_purged_floors":[4,11,19],"is_endless":false,"potions_floor_spawned":[1,8,13,14,16,18],"killed_by":"Gremlin Leader","ascension_level":6}}