{"host":"hpn0uxah5qjr7pa6","time":1612838595,"event":{"mods":["2.2 Compatiblity","Act Like it!","Aspiration","BaseMod","Better Third Choice","BetterRewards","Challenge The Spire","Colored Powertips","Conspire","DeckTracker","Downfall","Energized Spire","Hallownest","Hermit","Highlight Path","Hubris","Infinite Spire","Minty Spire (QoL Compilation)","Permanent Neow","Quick Restart","Rare Cards Sparkle","Replay The Spire","Spicy Shops","StSLib","The Bug Knight","The Jungle"],"gold_per_floor":[113,129,129,148,148,148,163,163,163,7,0,27,27,27,40,65,65,162,162,174,174,193,193,193,193,221,221,221,144,144,173,190,201,201,201,201,201],"floor_reached":35,"language":"ENG","playtime":1046,"items_purged":[],"score":378,"play_id":"d97b6e37-b824-4afb-af97-6e0e86a4d499","local_time":"20210208184315","daily_mods":["SealedDeck"],"is_ascension_mode":false,"campfire_choices":[{"data":"bronze:DigitalCarnage","floor":6,"key":"SMITH"},{"data":"bronze:OilSpill","floor":8,"key":"SMITH"},{"data":"bronze:OilSpill","floor":17,"key":"SMITH"},{"floor":25,"key":"REST"},{"floor":27,"key":"REST"},{"data":"bronze:ChosenStrike","floor":30,"key":"SMITH"},{"floor":34,"key":"REST"}],"circlet_count":0,"master_deck":["bronze:WhirlingStrike","bronze:WhirlingStrike","bronze:Branch","bronze:DigitalCarnage+1","bronze:DigitalCarnage","bronze:OilSpill","bronze:DelayedSlice","bronze:Branch","bronze:DigitalCarnage+1","bronze:DelayedSlice","bronze:OilSpill+1","bronze:AlphaBuild+1","bronze:OilSpill+1","Enlightenment","bronze:Branch","bronze:DigitalCarnage+1","bronze:ChosenStrike+1","bronze:Repair"],"relics":["bronze:BronzeCore","infinitespire:Satchel","Guide Book","Unceasing Top","Gremlin Horn","hubris:TerracottaHorce","hubris:64BitClover","aspiration:FrozenJewel","bronze:SilverBullet"],"acts_visited":["Exordium","TheCity"],"potions_floor_usage":[26,35],"damage_taken":[{"damage":0,"enemies":"Jaw Worm","floor":1,"turns":1},{"damage":0,"enemies":"Small Slimes","floor":2,"turns":1},{"damage":0,"enemies":"2 Louse","floor":4,"turns":1},{"damage":0,"enemies":"Exordium Wildlife","floor":7,"turns":1},{"damage":0,"enemies":"Lagavulin","floor":12,"turns":2},{"damage":0,"enemies":"3 Louse","floor":15,"turns":1},{"damage":0,"enemies":"3 Sentries","floor":16,"turns":3},{"damage":31,"enemies":"Hexaghost","floor":18,"turns":5},{"damage":11,"enemies":"2 Thieves","floor":20,"turns":2},{"damage":0,"enemies":"Spheric Guardian","floor":22,"turns":1},{"damage":11,"enemies":"conspire:Head Lice","floor":26,"turns":2},{"damage":17,"enemies":"Gremlin Leader","floor":31,"turns":3},{"damage":16,"enemies":"conspire:HollyBat","floor":32,"turns":7},{"damage":12,"enemies":"Centurion and Healer","floor":33,"turns":2},{"damage":91,"enemies":"Collector","floor":35,"turns":5}],"seed_played":"7133695727686132420","potions_obtained":[{"floor":2,"key":"Strength Potion"},{"floor":12,"key":"Venom Potion"},{"floor":20,"key":"Adrenaline Potion"},{"floor":32,"key":"LiquidBronze"}],"is_trial":true,"path_per_floor":["M","M","$","M","?","R","M","R","T","$","?","E","PTL","PTL","M","E","R","B",null,"M","?","M","?","$","R","E","R","T","$","R","E","M","M","R","B"],"character_chosen":"THE_AUTOMATON","items_purchased":["Guide Book","bronze:ChosenStrike"],"campfire_rested":3,"item_purchase_floors":[10,29],"current_hp_per_floor":[70,70,70,70,70,70,70,70,70,70,76,76,76,76,76,76,76,45,68,57,57,57,57,57,76,65,76,76,76,76,59,50,45,67,0,0,0],"gold":201,"neow_bonus":"","is_daily":false,"chose_seed":false,"campfire_upgraded":4,"win_rate":0.0,"timestamp":1612838595,"path_taken":["M","M","$","M","?","R","M","R","T","$","?","E","PTL","PTL","M","E","R","BOSS","M","?","M","?","$","R","E","R","T","$","R","E","M","M","R","BOSS"],"items_purchased_type":["Relic","Card"],"build_version":"2020-12-22","purchased_purges":0,"victory":false,"max_hp_per_floor":[70,70,70,70,70,70,70,70,70,70,76,76,76,76,76,76,76,76,76,76,76,76,76,76,76,76,76,76,76,76,76,76,76,76,76,76,76],"card_choices":[{"not_picked":["bronze:Shield","bronze:Fortify"],"picked":"bronze:DelayedSlice","floor":1},{"not_picked":["bronze:Deprecate","bronze:CutThrough"],"picked":"bronze:OilSpill","floor":2},{"not_picked":["bronze:Refactor","bronze:FineTuning","bronze:Overheat"],"picked":"SKIP","floor":4},{"not_picked":["bronze:CutThrough","bronze:DelayedSlice"],"picked":"bronze:OilSpill","floor":7},{"not_picked":["bronze:CutThrough","bronze:FineTuning","bronze:Allocate"],"picked":"SKIP","floor":12},{"not_picked":["bronze:Separator","bronze:Flail","bronze:Constructor"],"picked":"SKIP","floor":15},{"not_picked":["bronze:Optimize","bronze:WhirlingStrike"],"picked":"bronze:Branch","floor":16},{"not_picked":["bronze:Deprecate","bronze:DarkDash"],"picked":"bronze:DigitalCarnage+1","floor":20},{"not_picked":["bronze:Frontload","bronze:Turbo","bronze:Backtrace"],"picked":"SKIP","floor":22},{"not_picked":["bronze:BitShift+1","bronze:ClassDefault","bronze:Shield"],"picked":"SKIP","floor":26},{"not_picked":["bronze:HyperBeam","bronze:Deprecate"],"picked":"bronze:Repair","floor":31},{"not_picked":["bronze:WhirlingStrike","bronze:BugBarrage+1","bronze:FineTuning"],"picked":"SKIP","floor":32},{"not_picked":["bronze:Frontload","bronze:BronzeArmor","bronze:CutThrough"],"picked":"SKIP","floor":33}],"player_experience":207366,"relics_obtained":[{"floor":9,"key":"infinitespire:Satchel"},{"floor":12,"key":"Unceasing Top"},{"floor":16,"key":"Gremlin Horn"},{"floor":26,"key":"hubris:64BitClover"},{"floor":28,"key":"aspiration:FrozenJewel"},{"floor":31,"key":"bronze:SilverBullet"}],"event_choices":[{"damage_healed":0,"gold_gain":0,"player_choice":"RENOUNCE","damage_taken":7,"max_hp_gain":0,"max_hp_loss":0,"event_name":"betterThird:BetterSerpent","floor":11,"gold_loss":7,"cards_obtained":["Enlightenment"]},{"damage_healed":0,"gold_gain":0,"player_choice":"Ignored","damage_taken":0,"max_hp_gain":0,"max_hp_loss":0,"event_name":"Vampires","floor":23,"gold_loss":0}],"is_beta":false,"boss_relics":[{"not_picked":["Abe\u0027s Treasure","Honey Jar"],"picked":"hubris:TerracottaHorce"}],"items_purged_floors":[],"is_endless":false,"potions_floor_spawned":[2,12,20,32,33],"killed_by":"Collector","ascension_level":0}}