{"host":"hlz9nytggqnehs39","time":1612868894,"event":{"mods":["BaseMod","Highlight Path","Minty Spire (QoL Compilation)","Relic Stats"],"gold_per_floor":[116,136,136,146,30,56,56,86,86,97,97,97,108,121,121,221,221,235,251,4,4,0,0,32,32,32,32,32,48,63,63,63,63,63],"floor_reached":33,"language":"ENG","playtime":1483,"items_purged":["Strike_B"],"score":581,"play_id":"b7399291-9d3a-4430-af44-8f786ea2215d","local_time":"20210209120814","is_ascension_mode":true,"campfire_choices":[{"data":"Loop","floor":7,"key":"SMITH"},{"floor":12,"key":"REST"},{"data":"Go for the Eyes","floor":15,"key":"SMITH"},{"data":"Genetic Algorithm","floor":23,"key":"SMITH"},{"data":"Barrage","floor":27,"key":"SMITH"},{"floor":32,"key":"REST"}],"circlet_count":0,"master_deck":["AscendersBane","Defend_B","Defend_B","Defend_B","Defend_B","Zap","Dualcast","Compile Driver","Coolheaded","Loop+1","Doom and Gloom","Seek+1","Leap","Stack","Turbo","Go for the Eyes+1","Electrodynamics","Conserve Battery","Genetic Algorithm+1","Barrage+1","Streamline","Core Surge","Leap+1","Ball Lightning","Barrage+1"],"relics":["Cracked Core","Strawberry","Sundial","Ice Cream","Lizard Tail","Inserter","Bronze Scales","Bottled Lightning","CaptainsWheel"],"acts_visited":["Exordium","TheCity"],"potions_floor_usage":[4,16,18,18,19,24,33],"damage_taken":[{"damage":6,"enemies":"2 Louse","floor":1,"turns":3},{"damage":7,"enemies":"Small Slimes","floor":2,"turns":3},{"damage":1,"enemies":"Cultist","floor":4,"turns":4},{"damage":26,"enemies":"3 Sentries","floor":6,"turns":6},{"damage":21,"enemies":"Lagavulin","floor":8,"turns":6},{"damage":6,"enemies":"3 Louse","floor":10,"turns":2},{"damage":3,"enemies":"Looter","floor":13,"turns":4},{"damage":0,"enemies":"Exordium Wildlife","floor":14,"turns":4},{"damage":5,"enemies":"Hexaghost","floor":16,"turns":9},{"damage":15,"enemies":"3 Byrds","floor":18,"turns":4},{"damage":20,"enemies":"Spheric Guardian","floor":19,"turns":7},{"damage":47,"enemies":"Book of Stabbing","floor":24,"turns":10},{"damage":13,"enemies":"Shelled Parasite and Fungi","floor":29,"turns":5},{"damage":5,"enemies":"Snake Plant","floor":30,"turns":4},{"damage":58,"enemies":"Automaton","floor":33,"turns":6}],"seed_played":"-1162519797598441964","potions_obtained":[{"floor":2,"key":"Block Potion"},{"floor":8,"key":"DistilledChaos"},{"floor":10,"key":"LiquidBronze"},{"floor":16,"key":"Weak Potion"},{"floor":18,"key":"GamblersBrew"},{"floor":29,"key":"Regen Potion"}],"is_trial":false,"path_per_floor":["M","M","?","M","$","E","R","E","T","M","?","R","M","M","R","B",null,"M","M","$","?","?","R","E","$","T","R","T","M","M","?","R","B"],"character_chosen":"DEFECT","items_purchased":["Loop","Doom and Gloom","LiquidMemories","Genetic Algorithm","Barrage"],"campfire_rested":2,"item_purchase_floors":[5,5,20,20,20],"current_hp_per_floor":[69,62,67,66,66,40,40,19,19,13,13,39,36,36,36,31,73,58,38,38,38,38,38,35,35,35,35,35,22,17,17,43,0,0],"gold":63,"neow_bonus":"RANDOM_COMMON_RELIC","is_daily":false,"chose_seed":false,"campfire_upgraded":4,"win_rate":0.0,"timestamp":1612868894,"path_taken":["M","M","?","M","$","E","R","E","T","M","?","R","?","M","R","BOSS","M","M","$","?","?","R","E","?","T","R","?","M","M","?","R","BOSS"],"items_purchased_type":["Card","Card","Potion","Card","Card"],"build_version":"2020-12-22","purchased_purges":1,"victory":false,"max_hp_per_floor":[82,82,87,87,87,87,87,87,87,87,87,87,87,87,87,87,87,87,87,87,87,87,87,87,87,87,87,87,87,87,87,87,87,87],"relic_stats":{"Lizard Tail":43,"Inserter":[18],"counters":[15,76],"Sundial":[8],"Bronze Scales":[48],"obtain_stats":[{"Ice Cream":8,"Lizard Tail":9,"CaptainsWheel":28,"Inserter":17,"Sundial":6,"Strawberry":0,"Bronze Scales":24,"Bottled Lightning":26,"Cracked Core":0},{"Ice Cream":5,"Lizard Tail":5,"CaptainsWheel":12,"Inserter":9,"Sundial":4,"Strawberry":0,"Bronze Scales":12,"Bottled Lightning":12,"Cracked Core":0},{"Ice Cream":22,"Lizard Tail":22,"CaptainsWheel":61,"Inserter":40,"Sundial":16,"Strawberry":0,"Bronze Scales":61,"Bottled Lightning":61,"Cracked Core":0}]},"card_choices":[{"not_picked":["Cold Snap","Redo"],"picked":"Compile Driver","floor":1},{"not_picked":["Barrage","Rebound"],"picked":"Coolheaded","floor":2},{"not_picked":["Rebound","Gash","Conserve Battery"],"picked":"SKIP","floor":4},{"not_picked":["Beam Cell","Sweeping Beam"],"picked":"Seek","floor":6},{"not_picked":["FTL","Rebound"],"picked":"Leap","floor":8},{"not_picked":["Sweeping Beam","Blizzard"],"picked":"Stack","floor":10},{"not_picked":["Rainbow","Beam Cell"],"picked":"Turbo","floor":13},{"not_picked":["Cold Snap","BootSequence"],"picked":"Go for the Eyes","floor":14},{"not_picked":["Rainbow","Amplify"],"picked":"Electrodynamics","floor":16},{"not_picked":["Streamline","Steam"],"picked":"Conserve Battery","floor":18},{"not_picked":["Stack+1","BootSequence+1","Leap+1"],"picked":"SKIP","floor":19},{"not_picked":["Heatsinks","Hello World"],"picked":"Leap+1","floor":24},{"not_picked":["BootSequence","Capacitor+1"],"picked":"Ball Lightning","floor":29},{"not_picked":["Static Discharge","Sunder"],"picked":"Barrage+1","floor":30}],"player_experience":418853,"relics_obtained":[{"floor":6,"key":"Sundial"},{"floor":8,"key":"Ice Cream"},{"floor":9,"key":"Lizard Tail"},{"floor":24,"key":"Bronze Scales"},{"floor":26,"key":"Bottled Lightning"},{"floor":28,"key":"CaptainsWheel"}],"event_choices":[{"damage_healed":0,"gold_gain":0,"player_choice":"Donut","damage_taken":0,"max_hp_gain":5,"max_hp_loss":0,"event_name":"Big Fish","floor":3,"gold_loss":0},{"damage_healed":0,"gold_gain":0,"player_choice":"Upgraded","damage_taken":0,"max_hp_gain":0,"max_hp_loss":0,"event_name":"Upgrade Shrine","floor":11,"gold_loss":0,"cards_upgraded":["Seek"]},{"damage_healed":0,"gold_gain":0,"cards_transformed":["Strike_B","Strike_B"],"player_choice":"Became Test Subject","damage_taken":0,"max_hp_gain":0,"max_hp_loss":0,"event_name":"Drug Dealer","floor":21,"gold_loss":0,"cards_obtained":["Streamline","Core Surge"]},{"damage_healed":0,"gold_gain":0,"player_choice":"Paid Fearfully","damage_taken":0,"max_hp_gain":0,"max_hp_loss":0,"event_name":"Masked Bandits","floor":22,"gold_loss":4},{"cards_removed":["Strike_B"],"damage_healed":0,"gold_gain":0,"player_choice":"Purged","damage_taken":0,"max_hp_gain":0,"max_hp_loss":0,"event_name":"Purifier","floor":31,"gold_loss":0}],"is_beta":false,"boss_relics":[{"not_picked":["Nuclear Battery","Tiny House"],"picked":"Inserter"}],"items_purged_floors":[20],"is_endless":false,"potions_floor_spawned":[2,8,10,13,16,18,29],"killed_by":"Automaton","ascension_level":11}}