{"host":"8u1cu4kisw6g21am","time":1612842997,"event":{"mods":["AchievementEnabler","BaseMod","Bestiary","BetterRewards","Minty Spire (QoL Compilation)","Quick Restart","Shop Mod","StSLib"],"gold_per_floor":[119,134,145,161,172,204,204,214,241,241,258,268,218,229,229,331,331,345,98,112,112,130,149,149,181,181,191,191,220,76,96,96,200,200,215,225,151,151,225,225,252,266,291,326,341,341,341,358,358,358],"floor_reached":51,"language":"ENG","playtime":9048,"items_purged":["Strike_R"],"score":955,"play_id":"5347194e-4648-4463-8df0-9e808681d9cb","local_time":"20210208225637","is_ascension_mode":false,"campfire_choices":[{"data":"Seeing Red","floor":7.0,"key":"SMITH"},{"data":"Body Slam","floor":10.0,"key":"SMITH"},{"data":"Iron Wave","floor":15.0,"key":"SMITH"},{"data":"Juggernaut","floor":28.0,"key":"SMITH"},{"data":"Body Slam","floor":32.0,"key":"SMITH"},{"floor":40.0,"key":"REST"},{"floor":46.0,"key":"REST"},{"floor":49.0,"key":"REST"}],"circlet_count":0,"master_deck":["Defend_R+1","Defend_R","Defend_R","Defend_R","Bash","Iron Wave+1","Shrug It Off","Shrug It Off+1","Power Through","Bloodletting","Body Slam+1","Seeing Red+1","Fire Breathing","Juggernaut+1","Dark Embrace+1","Second Wind","Iron Wave+1","Shrug It Off","Body Slam+1","Iron Wave+1","Rage","Body Slam+1","Ghostly Armor+1","Ghostly Armor","Brutality","Body Slam+1","Power Through","Shrug It Off+1"],"relics":["Burning Blood","Pantograph","Lantern","MerchantsRug","Bronze Scales","Mummified Hand","Omamori","Medical Kit","Fusion Hammer","HornCleat","Shuriken","Whetstone","Potion Belt"],"acts_visited":["Exordium","TheCity","TheBeyond"],"potions_floor_usage":[50,50,50,50,50,50,50],"damage_taken":[{"damage":2.0,"enemies":"Small Slimes","floor":1.0,"turns":4.0},{"damage":0.0,"enemies":"Jaw Worm","floor":2.0,"turns":3.0},{"damage":2.0,"enemies":"Cultist","floor":3.0,"turns":6.0},{"damage":14.0,"enemies":"Large Slime","floor":4.0,"turns":14.0},{"damage":10.0,"enemies":"Looter","floor":5.0,"turns":4.0},{"damage":16.0,"enemies":"Lagavulin","floor":6.0,"turns":8.0},{"damage":5.0,"enemies":"Exordium Wildlife","floor":8.0,"turns":6.0},{"damage":6.0,"enemies":"Lots of Slimes","floor":11.0,"turns":5.0},{"damage":3.0,"enemies":"2 Fungi Beasts","floor":12.0,"turns":3.0},{"damage":0.0,"enemies":"Gremlin Gang","floor":14.0,"turns":6.0},{"damage":55.0,"enemies":"Hexaghost","floor":16.0,"turns":13.0},{"damage":3.0,"enemies":"Chosen","floor":18.0,"turns":4.0},{"damage":3.0,"enemies":"Shell Parasite","floor":20.0,"turns":4.0},{"damage":20.0,"enemies":"3 Cultists","floor":22.0,"turns":6.0},{"damage":20.0,"enemies":"Centurion and Healer","floor":23.0,"turns":6.0},{"damage":66.0,"enemies":"Book of Stabbing","floor":25.0,"turns":8.0},{"damage":10.0,"enemies":"Shelled Parasite and Fungi","floor":27.0,"turns":5.0},{"damage":27.0,"enemies":"Gremlin Leader","floor":29.0,"turns":6.0},{"damage":0.0,"enemies":"Cultist and Chosen","floor":31.0,"turns":5.0},{"damage":19.0,"enemies":"Collector","floor":33.0,"turns":6.0},{"damage":2.0,"enemies":"Orb Walker","floor":35.0,"turns":4.0},{"damage":2.0,"enemies":"3 Darklings","floor":36.0,"turns":3.0},{"damage":11.0,"enemies":"Nemesis","floor":41.0,"turns":5.0},{"damage":9.0,"enemies":"Sphere and 2 Shapes","floor":42.0,"turns":4.0},{"damage":49.0,"enemies":"Reptomancer","floor":44.0,"turns":3.0},{"damage":3.0,"enemies":"Transient","floor":45.0,"turns":5.0},{"damage":1.0,"enemies":"Writhing Mass","floor":48.0,"turns":3.0},{"damage":24,"enemies":"Donu and Deca","floor":50,"turns":7}],"seed_played":"-126114235554896133","potions_obtained":[{"floor":1.0,"key":"Fire Potion"},{"floor":3.0,"key":"FairyPotion"},{"floor":8.0,"key":"Dexterity Potion"},{"floor":12.0,"key":"BloodPotion"},{"floor":25.0,"key":"EntropicBrew"},{"floor":27.0,"key":"BloodPotion"},{"floor":31.0,"key":"Energy Potion"},{"floor":36.0,"key":"BlessingOfTheForge"},{"floor":41.0,"key":"Block Potion"},{"floor":44.0,"key":"LiquidBronze"},{"floor":45.0,"key":"ColorlessPotion"}],"is_trial":false,"path_per_floor":["M","M","M","M","M","E","R","M","T","R","M","M","?","M","R","B",null,"M","$","M","?","M","M","?","E","T","M","R","E","$","M","R","B",null,"M","M","$","?","T","R","E","M","T","E","M","R","?","M","R","B",null],"character_chosen":"IRONCLAD","items_purchased":["Iron Wave","Shrug It Off","MerchantsRug","Second Wind","Iron Wave","MerchantsRug","Shrug It Off","Medical Kit","Power Through"],"campfire_rested":3,"item_purchase_floors":[0,0,0,19,19,19,19,30,37],"current_hp_per_floor":[80,80,80,72,68,58,58,59,59,59,59,62,62,68,68,31,80,80,80,80,80,66,52,52,8,8,46,46,25,25,31,31,43,80,80,80,80,70,70,80,75,72,72,29,32,56,80,80,80,62],"gold":358,"neow_bonus":"","is_daily":false,"chose_seed":false,"campfire_upgraded":5,"win_rate":0.0,"timestamp":1612842997,"path_taken":["M","M","M","M","M","E","R","M","T","R","M","M","?","M","R","BOSS","M","$","M","?","?","M","?","E","T","M","R","E","$","M","R","BOSS","M","M","$","?","?","R","E","M","T","E","?","R","?","?","R","BOSS"],"items_purchased_type":["Card","Card","Relic","Card","Card","Relic","Card","Relic","Card"],"build_version":"2020-12-22","purchased_purges":1,"victory":true,"max_hp_per_floor":[80,80,80,80,80,80,80,80,80,80,80,80,80,80,80,80,80,80,80,80,80,80,80,80,80,80,80,80,80,80,80,80,80,80,80,80,80,80,80,80,80,80,80,80,80,80,80,80,80,80],"card_choices":[{"not_picked":["Headbutt","Thunderclap"],"picked":"Shrug It Off","floor":1.0},{"not_picked":["Twin Strike","Heavy Blade"],"picked":"Power Through","floor":2.0},{"not_picked":["Cleave","Clash"],"picked":"Bloodletting","floor":3.0},{"not_picked":["Armaments","Pommel Strike","Clash"],"picked":"SKIP","floor":4.0},{"not_picked":["Headbutt","Heavy Blade"],"picked":"Body Slam","floor":5.0},{"not_picked":["Metallicize","Warcry"],"picked":"Seeing Red","floor":6.0},{"not_picked":["Anger","Bludgeon"],"picked":"Fire Breathing","floor":8.0},{"not_picked":["Infernal Blade","Anger","Intimidate"],"picked":"SKIP","floor":11.0},{"not_picked":["Whirlwind","Uppercut","Heavy Blade"],"picked":"SKIP","floor":12.0},{"not_picked":["Heavy Blade","True Grit"],"picked":"Juggernaut","floor":14.0},{"not_picked":["Sword Boomerang","Carnage"],"picked":"Dark Embrace+1","floor":18.0},{"not_picked":["Thunderclap","Rupture"],"picked":"Body Slam","floor":20.0},{"not_picked":["Pummel","Anger","Fire Breathing"],"picked":"SKIP","floor":22.0},{"not_picked":["Shockwave","Flex"],"picked":"Rage","floor":23.0},{"not_picked":["Warcry","Combust","Pommel Strike"],"picked":"SKIP","floor":25.0},{"not_picked":["Offering","Cleave"],"picked":"Body Slam+1","floor":27.0},{"not_picked":["Intimidate+1","Body Slam"],"picked":"Ghostly Armor+1","floor":29.0},{"not_picked":["Thunderclap+1","Clash+1"],"picked":"Ghostly Armor","floor":31.0},{"not_picked":["Feed","Impervious"],"picked":"Brutality","floor":33.0},{"not_picked":["Anger","Rampage"],"picked":"Body Slam+1","floor":35.0},{"not_picked":["Twin Strike+1","Headbutt","Seeing Red"],"picked":"SKIP","floor":36.0},{"not_picked":["Sword Boomerang+1","Flex+1"],"picked":"Shrug It Off+1","floor":41.0},{"not_picked":["Headbutt+1","Carnage+1","Sword Boomerang"],"picked":"SKIP","floor":42.0},{"not_picked":["Rupture","Combust+1","Battle Trance"],"picked":"SKIP","floor":44.0},{"not_picked":["Body Slam","Carnage+1","Uppercut"],"picked":"SKIP","floor":45.0},{"not_picked":["Heavy Blade+1","Headbutt+1","Clash+1"],"picked":"SKIP","floor":48.0}],"player_experience":15630,"relics_obtained":[{"floor":6.0,"key":"War Paint"},{"floor":9.0,"key":"Lantern"},{"floor":25.0,"key":"Bronze Scales"},{"floor":26.0,"key":"Mummified Hand"},{"floor":29.0,"key":"Omamori"},{"floor":39.0,"key":"HornCleat"},{"floor":41.0,"key":"Shuriken"},{"floor":43.0,"key":"Whetstone"},{"floor":44.0,"key":"Potion Belt"}],"event_choices":[{"cards_removed":["Strike_R"],"damage_healed":0.0,"max_hp_gain":0.0,"max_hp_loss":0.0,"gold_gain":0.0,"event_name":"The Cleric","player_choice":"Card Removal","floor":13.0,"gold_loss":50.0,"damage_taken":0.0},{"cards_removed":["Strike_R"],"damage_healed":0.0,"max_hp_gain":0.0,"max_hp_loss":0.0,"gold_gain":0.0,"event_name":"NoteForYourself","player_choice":"Took Card","floor":21.0,"gold_loss":0.0,"damage_taken":0.0,"cards_obtained":["Iron Wave"]},{"damage_healed":0.0,"max_hp_gain":0.0,"max_hp_loss":0.0,"gold_gain":0.0,"event_name":"Beggar","player_choice":"Ignored","floor":24.0,"gold_loss":0.0,"damage_taken":0.0},{"damage_healed":0.0,"max_hp_gain":0.0,"max_hp_loss":0.0,"gold_gain":0.0,"event_name":"SensoryStone","player_choice":"Memory 3","floor":38.0,"gold_loss":0.0,"damage_taken":10.0},{"damage_healed":24.0,"max_hp_gain":0.0,"max_hp_loss":0.0,"gold_gain":0.0,"event_name":"Wheel of Change","player_choice":"Full Heal","floor":47.0,"gold_loss":0.0,"damage_taken":0.0}],"is_beta":false,"boss_relics":[{"not_picked":["Philosopher\u0027s Stone","Busted Crown"],"picked":"Empty Cage"},{"not_picked":["Sozu","SacredBark"],"picked":"Fusion Hammer"}],"items_purged_floors":[0],"is_endless":false,"potions_floor_spawned":[1,3,8,12,14,16,20,25,27,31,36,41,44,45],"ascension_level":0}}