{"host":"uv5ws9rdk87e8i5k","time":1612850625,"event":{"mods":["AchievementEnabler","BaseMod","Colored Map","Minty Spire (QoL Compilation)","Permanent Neow","Quick Restart","StSLib","SuperFastMode","The Necromancer"],"gold_per_floor":[110,124,141,151,171,197,197,223,301,321,321,41,41,69,69,69,69],"floor_reached":16,"language":"ENG","playtime":198,"items_purged":["Strike_R"],"score":206,"play_id":"8582e801-cc17-4296-81aa-af045de85d6e","local_time":"20210209000345","is_ascension_mode":true,"campfire_choices":[{"data":"Bludgeon","floor":7.0,"key":"SMITH"},{"data":"Dual Wield","floor":11,"key":"SMITH"},{"data":"Perfected Strike","floor":15,"key":"SMITH"}],"circlet_count":0,"master_deck":["Strike_R+1","Strike_R+1","Strike_R","Strike_R","Defend_R+1","Defend_R","Defend_R+1","Defend_R","Bash","Clothesline","Sword Boomerang","Bludgeon+1","Cleave","Shrug It Off","Perfected Strike+1","Perfected Strike+1","Dual Wield+1","Perfected Strike","Rampage"],"relics":["Velvet Choker","War Paint","Letter Opener","Ornamental Fan","Whetstone","Charon\u0027s Ashes"],"acts_visited":["Exordium"],"potions_floor_usage":[8,8,10,14],"damage_taken":[{"damage":2.0,"enemies":"Jaw Worm","floor":1.0,"turns":3.0},{"damage":7.0,"enemies":"Small Slimes","floor":2.0,"turns":3.0},{"damage":0.0,"enemies":"2 Louse","floor":3.0,"turns":2.0},{"damage":0.0,"enemies":"Exordium Wildlife","floor":4.0,"turns":2.0},{"damage":5.0,"enemies":"3 Louse","floor":5.0,"turns":3.0},{"damage":2.0,"enemies":"Gremlin Nob","floor":6.0,"turns":3.0},{"damage":0,"enemies":"Lagavulin","floor":8,"turns":3},{"damage":2,"enemies":"Lots of Slimes","floor":10,"turns":3},{"damage":5,"enemies":"Gremlin Nob","floor":14,"turns":3},{"damage":0,"enemies":"The Guardian","floor":16,"turns":1}],"seed_played":"-5591548668393389090","potions_obtained":[{"floor":2.0,"key":"EntropicBrew"},{"floor":5.0,"key":"HeartOfIron"},{"floor":10,"key":"Regen Potion"}],"is_trial":false,"path_per_floor":["M","M","M","M","M","E","R","E","T","M","R","$","?","E","R","B"],"character_chosen":"IRONCLAD","items_purchased":["Whetstone","Perfected Strike"],"campfire_rested":0,"item_purchase_floors":[12,12],"current_hp_per_floor":[70,63,63,63,58,56,56,56,56,54,54,54,54,58,58,58,58],"gold":69,"neow_bonus":"BOSS_RELIC","is_daily":false,"chose_seed":false,"campfire_upgraded":3,"win_rate":0.0,"timestamp":1612850625,"path_taken":["M","M","M","M","M","E","R","E","T","M","R","$","?","E","R","BOSS"],"items_purchased_type":["Relic","Card"],"build_version":"2020-12-22","purchased_purges":1,"victory":false,"max_hp_per_floor":[80,80,80,80,80,80,80,80,80,80,80,80,80,80,80,80,80],"card_choices":[{"not_picked":["Clash","Infernal Blade"],"picked":"Clothesline","floor":1.0},{"not_picked":["Anger","Warcry"],"picked":"Sword Boomerang","floor":2.0},{"not_picked":["Wild Strike","Disarm"],"picked":"Bludgeon","floor":3.0},{"not_picked":["Sword Boomerang","Clash"],"picked":"Cleave","floor":4.0},{"not_picked":["Twin Strike","Burning Pact"],"picked":"Shrug It Off","floor":5.0},{"not_picked":["Clash","Armaments"],"picked":"Perfected Strike","floor":6.0},{"not_picked":["Brutality","Flex"],"picked":"Perfected Strike","floor":8},{"not_picked":["Wild Strike","Exhume"],"picked":"Dual Wield","floor":10},{"not_picked":["Infernal Blade","True Grit"],"picked":"Rampage","floor":14}],"player_experience":280046,"relics_obtained":[{"floor":6.0,"key":"War Paint"},{"floor":8,"key":"Letter Opener"},{"floor":9,"key":"Ornamental Fan"},{"floor":14,"key":"Charon\u0027s Ashes"}],"event_choices":[{"damage_healed":0,"gold_gain":0,"player_choice":"Grow","damage_taken":0,"max_hp_gain":0,"max_hp_loss":0,"event_name":"Living Wall","floor":13,"gold_loss":0,"cards_upgraded":["Perfected Strike"]}],"is_beta":false,"boss_relics":[],"items_purged_floors":[12],"is_endless":false,"potions_floor_spawned":[2,5,10],"killed_by":"The Guardian","ascension_level":8}}