{"host":"0rxdudjy6rylha1k","time":1612890247,"event":{"mods":["Aspiration","BaseMod","Colored Map","Colored Powertips","Downfall","Highlight Path","Hubris","Minty Spire (QoL Compilation)","StSLib"],"gold_per_floor":[99,114,134,134,154,184,184,84,84,118,22,51,36,36,48,148,148,148,163,178,196,196,214,214,214,244,263,279,279,292,326,345,450,450,350,362,347,363,363,463,463,130,144,44,64,64,64,56,66,66,66,99,0,0,0,0],"floor_reached":57,"language":"ENG","playtime":8995,"items_purged":[],"score":1388,"play_id":"0f4ef5b7-c2d9-4001-ae9c-43d1097d81ce","local_time":"20210209100407","is_ascension_mode":true,"campfire_choices":[{"floor":1.0,"key":"RECALL"},{"floor":8.0,"key":"REST"},{"floor":18.0,"key":"DIG"},{"floor":25,"key":"DIG"},{"floor":35,"key":"DIG"},{"floor":44,"key":"DIG"},{"floor":46,"key":"DIG"},{"floor":54,"key":"REST"}],"circlet_count":0,"master_deck":["champ:Strike","champ:Strike","champ:Strike","champ:Strike","champ:Defend","champ:Defend","champ:Defend","champ:Defend","champ:Execute","champ:Taunt+1","champ:ShieldWall","champ:DefensiveShout","champ:FocusedDefense","champ:PerfectedStrike","champ:FlashCut","champ:DefensiveStyle","champ:TornadoPunch","champ:FlashCut","champ:VampiricStrike","champ:SkillfulDodge+1","champ:PreciseThrust+1","champ:TripleStrike","champ:ShieldWall+1","champ:ShieldWall+1","champ:PerfectedStrike","champ:Lariat","champ:HoldFirm","champ:FlashCut","champ:SkillfulDodge"],"relics":["Black Star","hubris:Icosahedron","Dead Branch","champ:SignatureFinisher","hubris:GlazedTorus","downfall:HeartBlessingRed","Shuriken","Pen Nib","sneckomod:BlankCard","Blue Candle","hubris:Backtick","Shovel","Oddly Smooth Stone","Nunchaku","StrikeDummy","Letter Opener","HornCleat","Strawberry","champ:GladiatorsBookOfMartialProwess","sneckomod:SneckoTalon","downfall:HeartBlessingGreen","Vajra","downfall:GremlinWheel","Juzu Bracelet","downfall:HeartBlessingBlue","hubris:SlimyHat","Happy Flower","hubris:Towel","Pantograph","Akabeko","aspiration:ChemicalBlood"],"acts_visited":["Exordium","TheCity","TheBeyond","TheEnding"],"potions_floor_usage":[23,31,31,31,33,38,50,52,52,55,55,56,56,56],"damage_taken":[{"damage":5.0,"enemies":"Jaw Worm","floor":2.0,"turns":5.0},{"damage":27.0,"enemies":"Small Slimes","floor":3.0,"turns":3.0},{"damage":1.0,"enemies":"2 Louse","floor":5.0,"turns":3.0},{"damage":37.0,"enemies":"3 Sentries","floor":6.0,"turns":7.0},{"damage":16.0,"enemies":"Lagavulin","floor":10.0,"turns":5.0},{"damage":10.0,"enemies":"downfall:FleeingMerchant","floor":11.0,"turns":4.0},{"damage":5.0,"enemies":"3 Sentries","floor":12.0,"turns":5.0},{"damage":0.0,"enemies":"downfall:FleeingMerchant","floor":13.0,"turns":4.0},{"damage":0.0,"enemies":"2 Fungi Beasts","floor":15.0,"turns":2.0},{"damage":6.0,"enemies":"IC_STATUS_ARCHETYPE","floor":16.0,"turns":4.0},{"damage":15.0,"enemies":"Spheric Guardian","floor":19.0,"turns":4.0},{"damage":3.0,"enemies":"Centurion and Healer","floor":20.0,"turns":7.0},{"damage":26.0,"enemies":"3 Cultists","floor":21.0,"turns":5.0},{"damage":0,"enemies":"Snake Plant","floor":23,"turns":3},{"damage":18,"enemies":"Gremlin Leader","floor":26,"turns":5},{"damage":0,"enemies":"Cultist and Chosen","floor":27,"turns":4},{"damage":0,"enemies":"Snecko","floor":28,"turns":3},{"damage":0,"enemies":"Centurion and Healer","floor":30,"turns":4},{"damage":10,"enemies":"Book of Stabbing","floor":31,"turns":3},{"damage":0,"enemies":"Chosen and Byrds","floor":32,"turns":3},{"damage":28,"enemies":"WA_ARCHETYPE_CALM","floor":33,"turns":7},{"damage":0,"enemies":"Orb Walker","floor":36,"turns":2},{"damage":10,"enemies":"downfall:FleeingMerchant","floor":37,"turns":4},{"damage":10,"enemies":"3 Darklings","floor":38,"turns":3},{"damage":10,"enemies":"3 Darklings","floor":40,"turns":2},{"damage":0,"enemies":"Spire Growth","floor":43,"turns":3},{"damage":10,"enemies":"Sphere and 2 Shapes","floor":45,"turns":2},{"damage":0,"enemies":"downfall:FleeingMerchant","floor":48,"turns":1},{"damage":10,"enemies":"Maw","floor":49,"turns":5},{"damage":10,"enemies":"DF_ARCHETYPE_ORBS","floor":50,"turns":8},{"damage":70,"enemies":"downfall:CharBossMerchant","floor":52,"turns":7},{"damage":39,"enemies":"downfall:NeowBoss","floor":55,"turns":12},{"damage":56,"enemies":"downfall:NeowBossFinal","floor":56,"turns":9}],"seed_played":"9097342210510763970","potions_obtained":[{"floor":3.0,"key":"Dexterity Potion"},{"floor":10.0,"key":"SkillPotion"},{"floor":15.0,"key":"Fire Potion"},{"floor":21.0,"key":"BlessingOfTheForge"},{"floor":27,"key":"LiquidMemories"},{"floor":28,"key":"Strength Potion"},{"floor":30,"key":"Explosive Potion"},{"floor":31,"key":"Energy Potion"},{"floor":33,"key":"SneckoOil"},{"floor":45,"key":"SteroidPotion"}],"is_trial":false,"path_per_floor":["R","M","M","?","M","E","T","R","?","E","$","E","$","?","M","B",null,"R","M","M","M","?","M","T","R","E","M","M","?","M","E","M","B",null,"R","M","$","M","?","?","T","?","M","R","M","R","?","$","M","B",null,"E","$","R","B","B",null],"character_chosen":"THE_CHAMP","items_purchased":["champ:DefensiveStyle","Pantograph","BlessingOfTheForge","Block Potion","Energy Potion","FearPotion"],"campfire_rested":2,"item_purchase_floors":[11,48,48,48,53,53],"current_hp_per_floor":[90,85,78,78,77,60,60,87,87,81,81,76,90,90,90,84,90,90,85,82,56,56,56,56,56,55,55,55,55,55,55,55,37,97,97,97,97,97,97,97,97,109,109,119,119,119,119,119,119,119,119,59,59,94,100,73],"gold":0,"neow_bonus":"BOSS_RELIC","is_daily":false,"chose_seed":false,"campfire_upgraded":0,"win_rate":0.0,"timestamp":1612890247,"path_taken":["R","M","M","?","M","E","T","R","?","E","?","E","$","?","M","BOSS","R","M","M","M","?","M","T","R","E","M","M","?","?","E","M","BOSS","R","M","$","?","?","?","T","?","M","R","M","R","?","$","M","BOSS","E","$","R","BOSS","BOSS"],"items_purchased_type":["Card","Relic","Potion","Potion","Potion","Potion"],"build_version":"2020-12-22","purchased_purges":0,"victory":true,"max_hp_per_floor":[90,90,90,90,90,90,90,90,90,90,90,90,90,90,90,90,90,90,90,90,90,90,90,90,90,97,97,97,97,97,97,97,97,97,97,97,97,97,97,97,97,109,109,119,119,119,119,119,119,119,119,119,119,119,119,119],"card_choices":[{"not_picked":["champ:IronFortress","champ:DefensiveShout"],"picked":"champ:ShieldWall","floor":2.0},{"not_picked":["champ:FanOfKnives","champ:PreemptiveStrike"],"picked":"champ:DefensiveShout","floor":3.0},{"not_picked":["champ:HeartStrike","champ:GutPunch"],"picked":"champ:FocusedDefense","floor":5.0},{"not_picked":["champ:ViciousMockery","champ:GutPunch"],"picked":"champ:PerfectedStrike","floor":6.0},{"not_picked":["champ:LastStand","champ:Parry","champ:BladeFlurry"],"picked":"SKIP","floor":10.0},{"not_picked":["champ:HeartStrike","champ:SetATrap"],"picked":"champ:FlashCut","floor":11.0},{"not_picked":["champ:SwordThrow","champ:Parry","champ:PerfectedStrike"],"picked":"SKIP","floor":12.0},{"not_picked":["champ:PreciseThrust","champ:SwordSigil"],"picked":"champ:TornadoPunch","floor":13.0},{"not_picked":["champ:CrownThrow","champ:Encircle"],"picked":"champ:FlashCut","floor":15.0},{"not_picked":["champ:SteelEdge","champ:ShieldThrow"],"picked":"champ:VampiricStrike","floor":16.0},{"not_picked":["champ:CrownThrow","champ:PerfectedStrike"],"picked":"champ:SkillfulDodge+1","floor":19.0},{"not_picked":["champ:Circumvent+1","champ:RecklessLeap"],"picked":"champ:PreciseThrust+1","floor":20.0},{"not_picked":["champ:ShieldSigil","champ:FanOfKnives","champ:Haymaker"],"picked":"SKIP","floor":21.0},{"not_picked":["champ:TornadoPunch","champ:Circumvent","champ:Haymaker"],"picked":"SKIP","floor":23},{"not_picked":["champ:AdrenalArmor","champ:RageSigil"],"picked":"champ:TripleStrike","floor":26},{"not_picked":["champ:FanOfKnives","champ:Haymaker"],"picked":"champ:ShieldWall+1","floor":27},{"not_picked":["champ:DefensiveStyle","champ:DefensiveShout"],"picked":"champ:ShieldWall+1","floor":28},{"not_picked":["champ:RecklessLeap+1","champ:GutPunch","champ:SetATrap"],"picked":"SKIP","floor":30},{"not_picked":["champ:SetATrap","champ:Circumvent"],"picked":"champ:Lariat","floor":31},{"not_picked":["champ:FocusedDefense","champ:CrookedStrike","champ:BringItOn+1"],"picked":"SKIP","floor":32},{"not_picked":["champ:DancingMaster","champ:UltimateStance"],"picked":"champ:HoldFirm","floor":33},{"not_picked":["champ:PerfectedStrike+1","champ:Backstep+1","champ:PreciseThrust"],"picked":"SKIP","floor":36},{"not_picked":["champ:CalledShot","champ:CrownThrow","champ:BerserkerStyle+1"],"picked":"SKIP","floor":37},{"not_picked":["champ:Haymaker+1","champ:ShieldSigil+1"],"picked":"champ:FlashCut","floor":38},{"not_picked":["champ:EnchantShield","champ:FanOfKnives","champ:Backstep"],"picked":"SKIP","floor":43},{"not_picked":["champ:AdrenalArmor","champ:Encircle","champ:RecklessLeap"],"picked":"SKIP","floor":45},{"not_picked":["champ:TornadoPunch","champ:Endure","champ:GutPunch"],"picked":"SKIP","floor":48},{"not_picked":["champ:DefensiveShout","champ:BerserkersShout","champ:BerserkerStyle"],"picked":"SKIP","floor":49},{"not_picked":["champ:Circumvent+1","champ:FlashCut"],"picked":"champ:SkillfulDodge","floor":52}],"player_experience":2867778,"relics_obtained":[{"floor":6.0,"key":"Dead Branch"},{"floor":6.0,"key":"champ:SignatureFinisher"},{"floor":7.0,"key":"hubris:GlazedTorus"},{"floor":10.0,"key":"Shuriken"},{"floor":10.0,"key":"Pen Nib"},{"floor":12.0,"key":"sneckomod:BlankCard"},{"floor":12.0,"key":"Blue Candle"},{"floor":18.0,"key":"Oddly Smooth Stone"},{"floor":24,"key":"StrikeDummy"},{"floor":25,"key":"Letter Opener"},{"floor":26,"key":"HornCleat"},{"floor":26,"key":"Strawberry"},{"floor":31,"key":"champ:GladiatorsBookOfMartialProwess"},{"floor":35,"key":"Vajra"},{"floor":40,"key":"downfall:GremlinWheel"},{"floor":41,"key":"Juzu Bracelet"},{"floor":44,"key":"hubris:SlimyHat"},{"floor":46,"key":"Happy Flower"},{"floor":52,"key":"Akabeko"},{"floor":52,"key":"aspiration:ChemicalBlood"}],"event_choices":[{"damage_healed":0.0,"max_hp_gain":0.0,"max_hp_loss":0.0,"gold_gain":0.0,"event_name":"Living Wall","player_choice":"Grow","floor":9.0,"gold_loss":0.0,"damage_taken":0.0,"cards_upgraded":["champ:Taunt"]}],"is_beta":false,"boss_relics":[{"not_picked":["Busted Crown","Velvet Choker"],"picked":"hubris:Backtick"},{"not_picked":["Empty Cage","bronze:MakeshiftBattery"],"picked":"sneckomod:SneckoTalon"}],"items_purged_floors":[],"is_endless":false,"potions_floor_spawned":[3,10,15,21,27,28,30,31,33,45,49],"ascension_level":1}}