{"host":"k5fgrtcqzqosfxt0","time":1612866234,"event":{"mods":["Act Like it!","Aspiration","BaseMod","Downfall","Gensokyo","Minty Spire (QoL Compilation)","MostiFishMod","StSLib","TestMod","UnlockEverythingMod"],"gold_per_floor":[116,130,30,48,48,78,91,91,91],"floor_reached":8,"language":"ZHS","playtime":642,"items_purged":[],"score":106,"play_id":"d1433591-b017-49de-8eb3-cddbaf7188cc","local_time":"20210209182354","is_ascension_mode":true,"campfire_choices":[],"circlet_count":0,"master_deck":["AscendersBane","Strike_G","Strike_G","Strike_G","Strike_G","Strike_G","Defend_G","Defend_G","Defend_G","Defend_G","Defend_G","Survivor","Neutralize","Backflip","Acrobatics","champ:CrownThrow","TalkToTheHand","MostiFishMod:PerfectParry"],"relics":["Ring of the Snake","testmod-TestBox","DaveBox","testmod-BatchProcessingSystem","aspiration:Nostalgia","sneckomod:SneckoSoul","MostiFishMod:AdaptiveDefenses","SynthV:TestCard","aspiration:SeaSaltIceCream","PrismaticShard","testmod-DragonStarHat"],"acts_visited":["Exordium"],"potions_floor_usage":[],"damage_taken":[{"damage":8,"enemies":"Gensokyo:Gryphon","floor":1,"turns":4},{"damage":2,"enemies":"Gensokyo:3_Fairies","floor":2,"turns":5},{"damage":1,"enemies":"Gensokyo:2_Kodama","floor":4,"turns":4},{"damage":42,"enemies":"Gensokyo:Cirno","floor":6,"turns":6},{"damage":14,"enemies":"Gensokyo:5_Fairies","floor":7,"turns":6},{"damage":144,"enemies":"Gensokyo:Mamizou","floor":8,"turns":12}],"seed_played":"5936267540375271897","potions_obtained":[{"floor":2,"key":"FairyPotion"}],"is_trial":false,"path_per_floor":["M","M","?","M","$","E","M","E"],"character_chosen":"THE_SILENT","items_purchased":[],"campfire_rested":0,"item_purchase_floors":[],"current_hp_per_floor":[58,56,56,55,55,26,25,0,0],"gold":91,"neow_bonus":"NOSTALGIA","is_daily":false,"chose_seed":false,"campfire_upgraded":0,"win_rate":0.0,"timestamp":1612866234,"path_taken":["M","M","?","M","$","E","M","E"],"items_purchased_type":[],"build_version":"2020-12-22","purchased_purges":0,"victory":false,"max_hp_per_floor":[66,66,66,66,66,66,66,66,66],"card_choices":[{"not_picked":["PiercingWail","MostiFishMod:PerfectParry"],"picked":"Backflip","floor":1},{"not_picked":["Cloak And Dagger","Blur","Underhanded Strike","Crippling Poison"],"picked":"Acrobatics","floor":2},{"not_picked":["Go for the Eyes","Guardian:VentSteam","Creative AI","Consume"],"picked":"champ:CrownThrow","floor":4},{"not_picked":["EmptyFist","Slimebound:SplitAcid","Dodge and Roll","Evaluate"],"picked":"TalkToTheHand","floor":6},{"not_picked":["Flex","Storm","sneckomod:DiceCrush","Accuracy"],"picked":"MostiFishMod:PerfectParry","floor":7}],"player_experience":633308,"relics_obtained":[{"floor":1,"key":"SynthV:TestCard"},{"floor":6,"key":"testmod-DragonStarHat"}],"event_choices":[],"is_beta":false,"boss_relics":[],"items_purged_floors":[],"is_endless":false,"potions_floor_spawned":[2],"killed_by":"Gensokyo:Mamizou","ascension_level":20}}