{"host":"995ppxxqmb2p2due","time":1612907860,"event":{"mods":["BaseMod","Downfall","Minty Spire (QoL Compilation)","StSLib"],"gold_per_floor":[114,114,163,163,183,28,28,0,0,27,46,61,61,92,92,190,190,208,221,238,513,32,32,32,32],"floor_reached":24,"language":"ENG","playtime":751,"items_purged":["Regret"],"score":204,"play_id":"ec870d50-8f04-40c5-8c09-42ef6a1ad109","local_time":"20210209165740","is_ascension_mode":false,"campfire_choices":[{"data":"Accuracy","floor":7,"key":"SMITH"},{"floor":13,"key":"DIG"},{"floor":15,"key":"DIG"},{"floor":23,"key":"REST"}],"circlet_count":0,"master_deck":["Strike_G","Strike_G","Strike_G+1","Strike_G","Strike_G+1","Defend_G","Defend_G","Defend_G","Defend_G","Survivor","Neutralize","Dagger Spray+1","Blade Dance","Accuracy+1","Blur","A Thousand Cuts","Quick Slash","Envenom","Quick Slash+1","Terror","A Thousand Cuts","Cloak And Dagger","Infinite Blades","Flash of Steel+1"],"relics":["Sozu","Juzu Bracelet","Shovel","Prayer Wheel","Molten Egg 2","Tiny Chest","Whetstone","Cursed Key","Matryoshka"],"acts_visited":["Exordium","TheCity"],"potions_floor_usage":[],"damage_taken":[{"damage":0,"enemies":"Cultist","floor":1,"turns":4},{"damage":1,"enemies":"Jaw Worm","floor":5,"turns":3},{"damage":13,"enemies":"Lagavulin","floor":10,"turns":7},{"damage":2,"enemies":"Small Slimes","floor":11,"turns":3},{"damage":0,"enemies":"Looter","floor":12,"turns":3},{"damage":9,"enemies":"3 Sentries","floor":14,"turns":5},{"damage":15,"enemies":"The Guardian","floor":16,"turns":12},{"damage":25,"enemies":"2 Thieves","floor":18,"turns":4},{"damage":5,"enemies":"Spheric Guardian","floor":19,"turns":3},{"damage":21,"enemies":"Centurion and Healer","floor":20,"turns":4},{"damage":43,"enemies":"Gremlin Leader","floor":24,"turns":4}],"seed_played":"6021131556906006880","potions_obtained":[],"is_trial":false,"path_per_floor":["M","?","T","?","M","$","R","?","T","E","M","M","R","E","R","B",null,"M","M","M","?","$","R","E"],"character_chosen":"THE_SILENT","items_purchased":["Accuracy","Blur","Infinite Blades","Matryoshka","Flash of Steel+1"],"campfire_rested":1,"item_purchase_floors":[6,6,22,22,22],"current_hp_per_floor":[70,70,70,63,62,62,62,62,62,49,47,47,47,38,38,23,70,45,40,19,19,19,40,0,0],"gold":32,"neow_bonus":"BOSS_RELIC","is_daily":false,"chose_seed":false,"campfire_upgraded":1,"win_rate":0.0,"timestamp":1612907860,"path_taken":["M","?","?","?","M","?","R","?","T","E","M","M","R","E","R","BOSS","M","M","M","?","$","R","E"],"items_purchased_type":["Card","Card","Card","Relic","Card"],"build_version":"2020-12-22","purchased_purges":1,"victory":false,"max_hp_per_floor":[70,70,70,70,70,70,70,70,70,70,70,70,70,70,70,70,70,70,70,70,70,70,70,70,70],"card_choices":[{"not_picked":["Calculated Gamble","Acrobatics"],"picked":"Dagger Spray","floor":1},{"not_picked":["Flying Knee","Backflip"],"picked":"Blade Dance","floor":5},{"not_picked":["Outmaneuver","Acrobatics","Eviscerate"],"picked":"SKIP","floor":10},{"not_picked":["Calculated Gamble","Slice"],"picked":"A Thousand Cuts","floor":11},{"not_picked":["Prepared","Reflex","Tactician"],"picked":"SKIP","floor":11},{"not_picked":["Flechettes","Dagger Throw"],"picked":"Quick Slash","floor":12},{"not_picked":["Choke","All Out Attack","Reflex"],"picked":"SKIP","floor":12},{"not_picked":["Flechettes+1","Bouncing Flask","Expertise"],"picked":"SKIP","floor":14},{"not_picked":["Phantasmal Killer","Tools of the Trade"],"picked":"Envenom","floor":16},{"not_picked":["Dagger Throw+1","Bouncing Flask"],"picked":"Quick Slash+1","floor":18},{"not_picked":["Dagger Throw+1","Leg Sweep","Well Laid Plans+1"],"picked":"SKIP","floor":18},{"not_picked":["Eviscerate+1","Sucker Punch+1"],"picked":"Terror","floor":19},{"not_picked":["Dagger Throw+1","Underhanded Strike+1","Noxious Fumes"],"picked":"SKIP","floor":19},{"not_picked":["Deadly Poison+1","Well Laid Plans+1"],"picked":"A Thousand Cuts","floor":20},{"not_picked":["Noxious Fumes+1","Prepared"],"picked":"Cloak And Dagger","floor":20}],"player_experience":129930,"relics_obtained":[{"floor":3,"key":"Juzu Bracelet"},{"floor":9,"key":"Shovel"},{"floor":10,"key":"Prayer Wheel"},{"floor":13,"key":"Molten Egg 2"},{"floor":14,"key":"Tiny Chest"},{"floor":15,"key":"Whetstone"}],"event_choices":[{"damage_healed":0,"gold_gain":0,"player_choice":"Grow","damage_taken":0,"max_hp_gain":0,"max_hp_loss":0,"event_name":"Living Wall","floor":2,"gold_loss":0,"cards_upgraded":["Dagger Spray"]},{"cards_removed":["Defend_G"],"damage_healed":0,"gold_gain":0,"player_choice":"Card Removal","damage_taken":7,"max_hp_gain":0,"max_hp_loss":0,"event_name":"Golden Wing","floor":4,"gold_loss":0},{"damage_healed":0,"gold_gain":0,"player_choice":"Left Gold","damage_taken":0,"max_hp_gain":0,"max_hp_loss":0,"event_name":"World of Goop","floor":8,"gold_loss":28},{"damage_healed":0,"gold_gain":275,"player_choice":"Desecrate","damage_taken":0,"max_hp_gain":0,"max_hp_loss":0,"event_name":"Golden Shrine","floor":21,"gold_loss":0,"cards_obtained":["Regret"]}],"is_beta":false,"boss_relics":[{"not_picked":["Pandora\u0027s Box","bronze:MakeshiftBattery"],"picked":"Cursed Key"}],"items_purged_floors":[22],"is_endless":false,"potions_floor_spawned":[10,11,12,16,18,20],"killed_by":"Gremlin Leader","ascension_level":0}}