{"host":"80x1ozqd5wpd4nvo","time":1612913002,"event":{"mods":["2.2 Compatiblity","Aspiration","BaseMod","Better Altar","Better Match","Better Note","Better Sensory Stone","Better Skull","Better Third Choice","BetterRewards","Card Forge","Custom Start","DNKmod","Defuse TimeMaze Blight","Dota2Spire","Energized Spire","Friendly Minions","GifTheSpireLib","Hubris","Infinite Spire","Jedi Mod","Minty Spire (QoL Compilation)","MostiFishMod","Permanent Neow","Poor People Problems","Shop Mod","Spicy Shops","StSLib","The Animator","The Blue Laboratory","??????REMEMod"],"gold_per_floor":[1249,637,653,248,248,248,300,300,300,300,332,9,59,59,59,190,190,207,261,293,218,262,310,345,394,394,450,515,538,538,613,613,750,750,761,843,927,778,794,859,869,913,940,979,1024,1035,1081,1097,1097,1135,1135,1135,874,939,973],"floor_reached":56,"language":"ENG","playtime":4683,"items_purged":["animator:Strike"],"score":1874,"play_id":"ccec29a0-e4b4-45dd-aa77-2b3c6a2704d3","local_time":"20210210002322","is_ascension_mode":false,"campfire_choices":[{"data":"animator:Arpeggio","floor":6,"key":"SMITH"},{"data":"animator:Entoma+1","floor":8,"key":"SMITH"},{"data":"animator:Benimaru","floor":10,"key":"SMITH"},{"data":"animator:Tyuule","floor":15,"key":"SMITH"},{"data":"animator:Greed","floor":30,"key":"SMITH"},{"data":"animator:NarberalGamma","floor":32,"key":"SMITH"},{"floor":49,"key":"RECALL"},{"data":"animator:ElricAlphonse","floor":52,"key":"SMITH"}],"circlet_count":0,"master_deck":["animator:Strike_FullmetalAlchemist+1","animator:Defend_FullmetalAlchemist+1","animator:Strike+1","animator:Strike","animator:Defend+1","animator:Defend","animator:Defend+1","animator:ElricEdward","animator:ElricAlphonse+1","animator:WinryRockbell+1","animator:Pride","animator:Benimaru+1","animator:Shion","animator:Kazuma+1","animator:Entoma+20","animator:Arpeggio+1","animator:Tyuule+1","animator:MaesHughes+1","animator:RoyMustang+1","animator:Albedo","animator:Sebas","animator:Verdia+1","animator:Greed+1","animator:Gluttony+1","animator:FielNirvalen","animator:GuildGirl","animator:PandorasActor+1","animator:NarberalGamma+1","animator:Megumin+12","animator:Souei+1","animator:Sloth+1","animator:Saitama+1","REME_FirmDetermination","animator:WinryRockbell","animator:ElricAlphonse+1","animator:Priestess+1","animator:Pride+1","animator:Shalltear+1","animator:ElricAlphonse+1","animator:Sonic","animator:Ainz","animator:Hakurou","animator:Witch","animator:Shuna+1","animator:LeleiLaLalena+1","animator:YachiyoNanami+1","animator:Vesta","animator:Greed"],"relics":["animator:LivingPicture","animator:TheMissingPiece","Hammer of Thor","Seething Fire","Anvil of the Gods","REME_ComplimentaryCards","DaveBox","animator:PurgingStone","infinitespire:ShieldingShard","hubris:TenFootPole","DianPoetry","Dota2Spire:HandOfMidas","Dota2Spire:MantaStyle","SynthV:TestCard","Frozen Eye","DataDisk","Letter Opener","hubris:SlimyHat","Dota2Spire:PowerTreads","Dota2Spire:Vanguard","hubris:Towel","infinitespire:Satchel","Dota2Spire:EchoSabre","White Beast Statue","animator:HolyGrailRelic","Mummified Hand","Ornamental Fan","Whetstone","DSteel32","aspiration:AnachronicSnailShell","jedi:gremlinknob","aspiration:Lifesprig","infinitespire:Beetle Shell","Singing Bowl","aspiration:ChemicalBlood"],"acts_visited":["Exordium","TheCity","TheBeyond","TheEnding"],"potions_floor_usage":[7,23,24,33,45,45,50,50,55,55],"damage_taken":[{"damage":0,"enemies":"Small Slimes","floor":1,"turns":3},{"damage":0,"enemies":"Cultist","floor":3,"turns":2},{"damage":0,"enemies":"2 Louse","floor":7,"turns":2},{"damage":0,"enemies":"Blue Slaver","floor":11,"turns":2},{"damage":3,"enemies":"Lots of Slimes","floor":13,"turns":2},{"damage":0,"enemies":"The Guardian","floor":16,"turns":5},{"damage":0,"enemies":"Shell Parasite","floor":18,"turns":2},{"damage":0,"enemies":"2 Thieves","floor":19,"turns":3},{"damage":4,"enemies":"Snake Plant","floor":20,"turns":3},{"damage":0,"enemies":"Centurion and Healer","floor":22,"turns":4},{"damage":4,"enemies":"Shelled Parasite and Fungi","floor":23,"turns":3},{"damage":1,"enemies":"REME_1_Revenger","floor":24,"turns":4},{"damage":0,"enemies":"Cultist and Chosen","floor":25,"turns":4},{"damage":0,"enemies":"Chosen and Byrds","floor":27,"turns":4},{"damage":0,"enemies":"Gremlin Leader","floor":28,"turns":5},{"damage":0,"enemies":"Snecko","floor":29,"turns":3},{"damage":0,"enemies":"Centurion and Healer","floor":31,"turns":3},{"damage":7,"enemies":"hubris:MusketHawk","floor":33,"turns":6},{"damage":0,"enemies":"3 Shapes","floor":35,"turns":4},{"damage":7,"enemies":"2 Orb Walkers","floor":36,"turns":4},{"damage":0,"enemies":"Mind Bloom Boss Battle","floor":37,"turns":5},{"damage":0,"enemies":"Orb Walker","floor":39,"turns":3},{"damage":0,"enemies":"Nemesis","floor":40,"turns":5},{"damage":0,"enemies":"3 Darklings","floor":41,"turns":2},{"damage":0,"enemies":"Maw","floor":42,"turns":5},{"damage":0,"enemies":"Reptomancer","floor":44,"turns":4},{"damage":0,"enemies":"Sphere and 2 Shapes","floor":45,"turns":4},{"damage":0,"enemies":"3 Darklings","floor":46,"turns":2},{"damage":0,"enemies":"Maw","floor":47,"turns":5},{"damage":0,"enemies":"Jaw Worm Horde","floor":48,"turns":2},{"damage":0,"enemies":"Donu and Deca","floor":50,"turns":5},{"damage":0,"enemies":"Shield and Spear","floor":54,"turns":5},{"damage":0,"enemies":"The Heart","floor":55,"turns":10}],"seed_played":"-5183192031896494445","potions_obtained":[{"floor":1,"key":"jedi:StrikingPotion"},{"floor":7,"key":"blueLaboratory:ForbiddenFruitJuice"},{"floor":13,"key":"SteroidPotion"},{"floor":16,"key":"blueLaboratory:HorrorPotion"},{"floor":18,"key":"Dota2Spire:HealingSalve"},{"floor":23,"key":"blueLaboratory:RememoryPotion"},{"floor":24,"key":"LiquidBronze"},{"floor":28,"key":"blueLaboratory:FruitPunch"},{"floor":29,"key":"blueLaboratory:FruitPunch"},{"floor":33,"key":"blueLaboratory:FrostheartPotion"},{"floor":40,"key":"blueLaboratory:FruitPunch"},{"floor":45,"key":"Fruit Juice"},{"floor":46,"key":"jedi:StrikingPotion"},{"floor":54,"key":"blueLaboratory:RecallPotion"}],"is_trial":false,"path_per_floor":["M","$","M","$","?","R","M","R","T","R","M","$","M","?","R","B",null,"M","M","M","?","M","M","E","M","T","M","E","M","R","M","R","B",null,"M","?","?","$","M","E","M","M","T","E","M","M","M","M","R","B",null,"R","$","E","B",null],"character_chosen":"THE_ANIMATOR","items_purchased":["infinitespire:ShieldingShard","animator:WinryRockbell","animator:Pride","hubris:TenFootPole","Dota2Spire:HandOfMidas","Frozen Eye","DataDisk","Letter Opener","animator:Kazuma","animator:Arpeggio","hubris:SlimyHat","Dota2Spire:PowerTreads","Dota2Spire:Vanguard","Dota2Spire:EchoSabre","White Beast Statue","aspiration:Lifesprig","animator:YachiyoNanami","animator:Vesta"],"campfire_rested":0,"item_purchase_floors":[0,0,0,0,0,2,2,2,2,4,4,4,4,12,12,38,53,53],"current_hp_per_floor":[100,100,100,100,100,100,102,102,102,102,104,104,104,104,104,104,115,117,121,121,121,126,130,137,142,142,146,151,155,155,159,159,158,163,165,160,162,162,166,168,174,178,178,182,191,193,195,200,200,206,206,206,206,208,210],"gold":973,"neow_bonus":"","is_daily":false,"chose_seed":false,"campfire_upgraded":7,"win_rate":0.0,"timestamp":1612913002,"path_taken":["M","$","M","$","?","R","M","R","T","R","M","?","M","?","R","BOSS","M","M","M","?","M","?","E","M","T","M","E","M","R","M","R","BOSS","M","?","?","?","M","E","M","M","T","E","M","?","?","?","R","BOSS","R","$","E","BOSS"],"items_purchased_type":["Relic","Card","Card","Relic","Relic","Relic","Relic","Relic","Card","Card","Relic","Relic","Relic","Relic","Relic","Relic","Card","Card"],"build_version":"2020-12-22","purchased_purges":1,"victory":true,"max_hp_per_floor":[100,100,100,100,100,100,102,102,102,102,104,104,107,107,107,107,115,117,121,125,125,130,134,138,142,142,146,151,155,155,159,159,163,163,165,167,166,166,170,172,174,178,178,182,191,193,195,200,200,206,206,206,206,208,210],"card_choices":[{"not_picked":["animator:SayakaMiki","animator:TukaLunaMarceau"],"picked":"animator:Shion","floor":1},{"not_picked":["animator:Priestess","animator:CowGirl","animator:YaoHaDucy","animator:ElricEdward"],"picked":"animator:Entoma","floor":3},{"not_picked":["animator:Benimaru","animator:GazelDwargon","animator:TukaLunaMarceau","animator:DolaCouronne"],"picked":"animator:Tyuule","floor":7},{"not_picked":["animator:Priestess","animator:ChlammyZell","animator:RoryMercury","animator:DolaCouronne"],"picked":"animator:MaesHughes","floor":11},{"not_picked":["animator:PandorasActor","animator:IrohaTamaki","animator:DwarfShaman","animator:GuildGirl"],"picked":"animator:RoyMustang","floor":13},{"not_picked":["animator:Father","animator:HomuraAkemi","animator:ChaikaTrabant","animator:Shiro"],"picked":"animator:Albedo","floor":16},{"not_picked":["animator:KyokoSakura","animator:Melzalgald","animator:DolaRiku","animator:Priestess+1"],"picked":"animator:Sebas","floor":18},{"not_picked":["animator:DolaCouronne+1","animator:Kuribayashi","animator:Priestess","animator:Bozes"],"picked":"animator:Verdia","floor":19},{"not_picked":["animator:Fredrika","animator:Shuna","animator:DolaCouronne","animator:Bozes"],"picked":"animator:Greed","floor":20},{"not_picked":["animator:Kaijin","animator:Hakurou","animator:Evileye+1","animator:HighElfArcher"],"picked":"animator:Gluttony","floor":22},{"not_picked":["animator:KyokoSakura","animator:Souei","animator:Kuribayashi","animator:Gillette"],"picked":"animator:FielNirvalen","floor":23},{"not_picked":["animator:YaoHaDucy+1","animator:Kazuma","animator:Genos","animator:MadokaKaname"],"picked":"animator:GuildGirl","floor":24},{"not_picked":["animator:Genos","animator:KyokoSakura","animator:DwarfShaman","animator:DolaCouronne+1"],"picked":"animator:PandorasActor+1","floor":25},{"not_picked":["animator:Vesta","animator:MaesHughes","animator:Viivi+1","animator:GazelDwargon"],"picked":"animator:NarberalGamma","floor":27},{"not_picked":["animator:AcuraTooru+1","animator:Chris+1","animator:Tatsumaki+1","animator:DolaSchwi"],"picked":"animator:Megumin","floor":28},{"not_picked":["animator:SayakaMiki+1","animator:Priestess","animator:Hakurou+1","animator:Shuna"],"picked":"animator:Souei","floor":29},{"not_picked":["animator:GuildGirl","animator:DolaCouronne","animator:Megumin","animator:SuzuneAmano+1"],"picked":"animator:Sloth+1","floor":31},{"not_picked":["animator:Eris","animator:Kyubey","animator:Rimuru","animator:AcuraShin"],"picked":"animator:Saitama","floor":33},{"not_picked":["animator:Mitsurugi","animator:MumenRider+1","animator:DwarfShaman","animator:Benimaru+1"],"picked":"animator:WinryRockbell","floor":35},{"not_picked":["animator:MadokaKaname","animator:LizardPriest+1","animator:SuzuneAmano+1","animator:NagisaMomoe+1"],"picked":"animator:ElricAlphonse","floor":36},{"not_picked":["animator:Bozes","animator:Spearman","animator:YunYun+1","animator:DolaCouronne"],"picked":"animator:Priestess","floor":37},{"not_picked":["animator:Chris+1","animator:Sloth+1","animator:SuzuneAmano","animator:IrohaTamaki+1"],"picked":"animator:Pride+1","floor":39},{"not_picked":["animator:GazelDwargon","animator:Tatsumaki","animator:WinryRockbell+1","animator:Layla"],"picked":"animator:Shalltear","floor":40},{"not_picked":["animator:Pride","animator:AcuraAkari+1","animator:Tatsumaki+1","animator:YaoHaDucy"],"picked":"animator:ElricAlphonse+1","floor":41},{"not_picked":["animator:LizardPriest","animator:Cocytus+1","animator:LeleiLaLalena","animator:MumenRider+1"],"picked":"animator:Sonic","floor":42},{"not_picked":["animator:Hakurou+1","animator:Benimaru+1","animator:Kazuma","animator:WinryRockbell"],"picked":"animator:Ainz","floor":44},{"not_picked":["animator:Entoma","animator:Millim+1","animator:Megumin+1","animator:TukaLunaMarceau+1"],"picked":"animator:Hakurou","floor":45},{"not_picked":["animator:TukaLunaMarceau+1","animator:Vesta","animator:Melzalgald","animator:Cocytus"],"picked":"animator:Witch","floor":46},{"not_picked":["animator:Benimaru+1","animator:Kaijin+1","animator:Millim+1","animator:Guy+1"],"picked":"animator:Shuna+1","floor":47},{"not_picked":["animator:Jibril","animator:Spearman","animator:Verdia","animator:DolaSchwi"],"picked":"animator:LeleiLaLalena+1","floor":48},{"not_picked":["animator:Millim","animator:Tet","animator:Kaijin","animator:PandorasActor+1"],"picked":"animator:Greed","floor":54}],"player_experience":334931,"relics_obtained":[{"floor":1,"key":"SynthV:TestCard"},{"floor":9,"key":"infinitespire:Satchel"},{"floor":24,"key":"Mummified Hand"},{"floor":26,"key":"Ornamental Fan"},{"floor":28,"key":"Whetstone"},{"floor":36,"key":"aspiration:AnachronicSnailShell"},{"floor":37,"key":"jedi:gremlinknob"},{"floor":40,"key":"infinitespire:Beetle Shell"},{"floor":44,"key":"Singing Bowl"},{"floor":54,"key":"aspiration:ChemicalBlood"}],"event_choices":[{"damage_healed":0,"gold_gain":0,"player_choice":"2","damage_taken":0,"max_hp_gain":0,"max_hp_loss":0,"event_name":"betterMatch:BetterMatch","floor":21,"gold_loss":0,"cards_obtained":[]},{"damage_healed":0,"gold_gain":0,"player_choice":"Fight","damage_taken":0,"max_hp_gain":0,"max_hp_loss":0,"event_name":"Mysterious Sphere","floor":36,"gold_loss":0},{"damage_healed":0,"gold_gain":0,"player_choice":"Fight","damage_taken":0,"max_hp_gain":0,"max_hp_loss":0,"event_name":"MindBloom","floor":37,"gold_loss":0}],"is_beta":false,"boss_relics":[{"not_picked":["energizedSpire:MagnifyingGlass","hubris:RunicObelisk"],"picked":"animator:HolyGrailRelic"},{"not_picked":["GreenFoldingFan","Cursed Key","hubris:BlackHole"]}],"items_purged_floors":[53],"is_endless":false,"potions_floor_spawned":[1,7,13,16,18,19,20,22,23,24,25,27,28,29,31,33,35,36,37,39,40,41,42,44,45,46,47,48,54],"ascension_level":0}}