{"host":"e3zuhorjxi9w14q4","time":1612889574,"event":{"mods":["AchievementEnabler","Aspiration","BaseMod","Defuse TimeMaze Blight","Downfall","Energized Spire","GifTheSpireLib","Hubris","Infinite Spire","Jorbs\u0027s Wanderer Trilogy","Minty Spire (QoL Compilation)","Reliquary","Spicy Shops","Spikes Relics","StSLib","Stuff the Spire","The Marked","The Servant 0.9.4"],"gold_per_floor":[0,20,33,33,18,18,45,75,9,9,36,47,65,95,113,209,209,9,24,9,9,20,20,20,34,69,69,69,69,69],"floor_reached":28,"language":"ENG","playtime":1645,"items_purged":[],"score":256,"play_id":"cb224692-e1d0-450d-9412-db356da19432","local_time":"20210209175254","is_ascension_mode":false,"campfire_choices":[{"data":"Master of Strategy","floor":1,"key":"SMITH"},{"data":"Guardian:PiercingHide","floor":6,"key":"SMITH"},{"data":"Guardian:RefractedBeam","floor":10,"key":"SMITH"},{"floor":18,"key":"RECALL"},{"data":"Guardian:AncientConstruct","floor":27,"key":"SMITH"}],"circlet_count":0,"master_deck":["Guardian:Strike_Guardian","Guardian:Strike_Guardian","Guardian:Strike_Guardian","Guardian:Strike_Guardian","Guardian:Defend_Guardian","Guardian:Defend_Guardian","Guardian:Defend_Guardian","Guardian:Defend_Guardian","Guardian:CurlUp+1","Guardian:TwinSlam","Master of Strategy+1","Guardian:ShieldCharger","Guardian:PiercingHide+1","Guardian:ShieldCharger","Guardian:RefractedBeam+1","Guardian:ShieldCharger+1","Guardian:PrismaticBeam","Guardian:AncientConstruct+1","Guardian:TemporalShield+1"],"relics":["Guardian:ModeShifter","aspiration:TomeofQuesting","Mercury Hourglass","reliquary:Buckler","aspiration:SilentSkillbook","downfall:HeartBlessingGreen","downfall:HeartBlessingBlue","hubris:Towel","PrismaticShard","Shuriken","ShockBauble"],"acts_visited":["Exordium","TheCity"],"potions_floor_usage":[16,16,28,28,28],"damage_taken":[{"damage":1,"enemies":"Jaw Worm","floor":2,"turns":5},{"damage":1,"enemies":"Cultist","floor":3,"turns":4},{"damage":5,"enemies":"downfall:FleeingMerchant","floor":5,"turns":4},{"damage":29,"enemies":"Gremlin Nob","floor":8,"turns":7},{"damage":6,"enemies":"downfall:FleeingMerchant","floor":9,"turns":4},{"damage":1,"enemies":"Lagavulin","floor":11,"turns":9},{"damage":0,"enemies":"Small Slimes","floor":12,"turns":3},{"damage":3,"enemies":"Blue Slaver","floor":13,"turns":4},{"damage":10,"enemies":"3 Sentries","floor":14,"turns":6},{"damage":0,"enemies":"3 Louse","floor":15,"turns":3},{"damage":16,"enemies":"SI_SHIV_ARCHETYPE","floor":16,"turns":12},{"damage":5,"enemies":"Shell Parasite","floor":19,"turns":5},{"damage":14,"enemies":"downfall:FleeingMerchant","floor":20,"turns":4},{"damage":5,"enemies":"3 Byrds","floor":22,"turns":5},{"damage":13,"enemies":"Snake Plant","floor":25,"turns":5},{"damage":26,"enemies":"Slavers","floor":26,"turns":6},{"damage":20,"enemies":"downfall:FaceTrader","floor":28,"turns":11}],"seed_played":"-5191508448902094917","potions_obtained":[{"floor":8,"key":"Guardian:DefensiveModePotion"},{"floor":11,"key":"Strength Potion"},{"floor":13,"key":"ColorlessPotion"},{"floor":14,"key":"DuplicationPotion"},{"floor":19,"key":"Guardian:BlockOnCardUsePotion"},{"floor":22,"key":"Energy Potion"}],"is_trial":false,"path_per_floor":["R","M","M","?","$","R","T","E","$","R","E","M","M","E","M","B",null,"R","M","$","?","M","?","T","M","E","R","?"],"character_chosen":"GUARDIAN","items_purchased":["Guardian:ShieldCharger"],"campfire_rested":0,"item_purchase_floors":[9],"current_hp_per_floor":[80,79,78,78,73,73,73,44,38,38,37,37,34,24,24,8,80,90,85,71,71,66,58,58,45,19,19,0,0,0],"gold":69,"neow_bonus":"RANDOM_COLORLESS_2","is_daily":false,"chose_seed":false,"campfire_upgraded":4,"win_rate":0.0,"timestamp":1612889574,"path_taken":["R","M","M","?","$","R","T","E","$","R","E","?","M","E","M","BOSS","R","M","$","?","M","?","T","M","E","R","?"],"items_purchased_type":["Card"],"build_version":"2020-12-22","purchased_purges":0,"victory":false,"max_hp_per_floor":[80,80,80,80,80,80,80,80,80,80,80,80,80,80,80,80,80,90,90,90,90,90,90,90,90,90,90,90,90,90],"card_choices":[{"not_picked":["StuffTheSpire:Recharge","Panache"],"picked":"Master of Strategy","floor":0},{"not_picked":["Guardian:PrismaticBarrier","Guardian:CrystalBeam"],"picked":"Guardian:Gem_Fragmented","floor":2},{"not_picked":["Guardian:Gem_Red","Guardian:TemporalShield"],"picked":"Guardian:ShieldCharger","floor":3},{"not_picked":["Guardian:Gem_Lightblue","Guardian:PrimingBeam"],"picked":"Guardian:PiercingHide","floor":5},{"not_picked":["Guardian:FloatingOrbs","Guardian:GatlingBeam"],"picked":"Guardian:ShieldCharger","floor":8},{"not_picked":["Guardian:Reroute","Guardian:PrimingBeam"],"picked":"Guardian:RefractedBeam","floor":9},{"not_picked":["Guardian:ConstructionForm","Guardian:Recover"],"picked":"Guardian:PrismaticBeam","floor":11},{"not_picked":["Guardian:PiercingHide","Guardian:Incinerate","Guardian:Orbwalk"],"picked":"SKIP","floor":12},{"not_picked":["Guardian:Recover","Guardian:Suspension","Guardian:PiercingHide"],"picked":"SKIP","floor":13},{"not_picked":["Guardian:PiercingHide","Guardian:ChargeCore","Guardian:RollAttack"],"picked":"SKIP","floor":14},{"not_picked":["Guardian:TimeBomb","Guardian:BronzeOrb","Guardian:Emergency"],"picked":"SKIP","floor":15},{"not_picked":["Guardian:ConstructionForm","Guardian:BaubleBeam"],"picked":"Guardian:AncientConstruct","floor":16},{"not_picked":["Poisoned Stab","Dagger Spray","Guardian:TemporalStrike"],"picked":"Guardian:Gem_Lightblue","floor":19},{"not_picked":["Backflip","hubris:SlightOfHand","Blade Dance","Predator"],"picked":"SKIP","floor":20},{"not_picked":["Guardian:AncientConstruct","Guardian:WalkerClaw+1","StuffTheSpire:BrimstoneBlast","Guardian:ChargeCore"],"picked":"SKIP","floor":22},{"not_picked":["Quick Slash","Guardian:SentryBeam","Blade Dance"],"picked":"Guardian:TemporalShield+1","floor":23},{"not_picked":["hexamod:GhostflameBarrier","theMarked:TakeCover","sneckomod:UnknownDraw","champ:AdrenalArmor"],"picked":"SKIP","floor":25},{"not_picked":["Ball Lightning+1","champ:Circumvent","FollowUp","Perseverance+1"],"picked":"SKIP","floor":26}],"player_experience":269321,"relics_obtained":[{"floor":8,"key":"aspiration:TomeofQuesting"},{"floor":11,"key":"Mercury Hourglass"},{"floor":14,"key":"reliquary:Buckler"},{"floor":23,"key":"PrismaticShard"},{"floor":24,"key":"Shuriken"},{"floor":26,"key":"ShockBauble"}],"event_choices":[{"damage_healed":0,"gold_gain":0,"player_choice":"Ignored","damage_taken":0,"max_hp_gain":0,"max_hp_loss":0,"event_name":"NoteForYourself","floor":4,"gold_loss":0}],"is_beta":false,"boss_relics":[{"not_picked":["Fusion Hammer","aspiration:WatcherSkillbook"],"picked":"aspiration:SilentSkillbook"}],"items_purged_floors":[],"is_endless":false,"potions_floor_spawned":[8,11,13,14,19,22,26],"killed_by":"downfall:FaceTrader","ascension_level":0}}