{"host":"gp3usc0dpezjueuv","time":1612883430,"event":{"mods":["Act Like it!","BaseMod","BetterRewards","CapriCore","Colored Powertips","Dota2Spire","Filter the Spire","Grow up Mod","HololiveMod","Jedi Mod","Minty Spire (QoL Compilation)","Quick Restart","Remove Card Discount Mod","Replay The Spire","Shop Mod","Spicy Shops","StSLib","Swap Starting Deck Mod","WarShipGirlsR/??¤Ö¤kR mod"],"gold_per_floor":[81,94,110,130,157,157,195,195,250,295,295,295,316,364,364,506,606,632,269,320,344,409,450,450,450,450,539,563,563,634,708,708,879,879,890,566,566,642,695,695,760,760,760,792,872,872,731,772,772,845],"floor_reached":51,"language":"ZHS","playtime":1876,"items_purged":["Hololive_CallSakuraMiko","Hololive_Strike","Hololive_Strike","Hololive_Defend","Hololive_Defend","Hololive_OvertimeWork","Delirium","Regret"],"score":1591,"play_id":"c8afa7e3-2fba-4882-8899-e5be85a1ab85","local_time":"20210209231030","is_ascension_mode":true,"campfire_choices":[{"data":"Hololive_CallNakiriAyame","floor":6,"key":"SMITH"},{"data":"Hololive_CallHoushouMarine","floor":8,"key":"SMITH"},{"data":"Hololive_CallOzoraSubaru","floor":12,"key":"SMITH"},{"data":"Hololive_CallSakuraMiko","floor":15,"key":"SMITH"},{"data":"Hololive_CallHoshimachiSuisei","floor":24,"key":"SMITH"},{"data":"Hololive_CallTsunomakiWatame","floor":29,"key":"SMITH"},{"data":"Hololive_CallTokinoSora","floor":32,"key":"SMITH"},{"data":"Hololive_CallArtia","floor":40,"key":"SMITH"},{"data":"Hololive_IdolExercise","floor":42,"key":"SMITH"},{"data":"Hololive_IdolExercise","floor":46,"key":"SMITH"},{"data":"Hololive_CallYukihanaLamy","floor":49,"key":"SMITH"}],"circlet_count":0,"master_deck":["Hololive_CallSakuraMiko+1","Hololive_CallYogiri+1","Hololive_CallOzoraSubaru+1","Hololive_CallMurasakiShion+1","Hololive_CallTokinoSora+1","Hololive_CallNakiriAyame+1","Hololive_CallCivia","Hololive_CallHoushouMarine+1","Hololive_CallNatsuiroMatsuri","Hololive_IdolExercise+1","Hololive_CallHoshimachiSuisei+1","Hololive_CallArtia+1","Hololive_CallRosalyn","Hololive_CallTsunomakiWatame+1","Hololive_CallUruhaRushia","Hololive_CallAZKi+1","Hololive_CallAkiRosenthal+1","Hololive_CallOkamiMio+1","Hololive_CallKiryuuCoco","Hololive_IdolExercise+1","Hololive_CallRoboco+1","Hololive_CallYukihanaLamy+1","Hololive_CallShirakamiFubuki"],"relics":["Hololive_TheStar","Vajra","Pantograph","HandDrill","jedi:HeartOfTheCards","Dota2Spire:HandOfMidas","Strawberry","Ring of Peace","Ring of Fangs","Replay:Wanted Poster","BargainBundle","PreservedInsect","Dota2Spire:AghanimScepter","Mirror","Dota2Spire:ShadowBlade","Divine Protection","Busted Crown","Membership Card","Sundial","Potion Belt","Dota2Spire:Desolator","jedi:purplefairy","Blood Vial","Guide Book","jedi:fakemustache","Molten Egg 2"],"acts_visited":["Exordium","TheCity","TheBeyond"],"potions_floor_usage":[28,36,50,50,50,50,50,50,50],"damage_taken":[{"damage":0,"enemies":"Jaw Worm","floor":1,"turns":2},{"damage":0,"enemies":"Cultist","floor":2,"turns":2},{"damage":1,"enemies":"Small Slimes","floor":3,"turns":2},{"damage":6,"enemies":"Exordium Thugs","floor":4,"turns":3},{"damage":0,"enemies":"Large Slime","floor":5,"turns":3},{"damage":0,"enemies":"3 Sentries","floor":7,"turns":5},{"damage":0,"enemies":"3 Louse","floor":10,"turns":2},{"damage":0,"enemies":"2 Fungi Beasts","floor":13,"turns":3},{"damage":0,"enemies":"Large Slime","floor":14,"turns":3},{"damage":24,"enemies":"Hexaghost","floor":16,"turns":5},{"damage":0,"enemies":"2 Thieves","floor":18,"turns":3},{"damage":0,"enemies":"Spheric Guardian","floor":20,"turns":3},{"damage":0,"enemies":"Snecko","floor":21,"turns":3},{"damage":0,"enemies":"Shelled Parasite and Fungi","floor":22,"turns":3},{"damage":0,"enemies":"Book of Stabbing","floor":23,"turns":2},{"damage":0,"enemies":"Gremlin Leader","floor":27,"turns":5},{"damage":0,"enemies":"Snake Plant","floor":28,"turns":2},{"damage":0,"enemies":"Book of Stabbing","floor":30,"turns":3},{"damage":0,"enemies":"Chosen and Byrds","floor":31,"turns":5},{"damage":0,"enemies":"Automaton","floor":33,"turns":7},{"damage":0,"enemies":"3 Shapes","floor":35,"turns":4},{"damage":0,"enemies":"3 Darklings","floor":38,"turns":4},{"damage":0,"enemies":"Jaw Worm Horde","floor":39,"turns":5},{"damage":0,"enemies":"R_Hoarder","floor":41,"turns":6},{"damage":0,"enemies":"Reptomancer","floor":44,"turns":3},{"damage":0,"enemies":"2 Orb Walkers","floor":45,"turns":4},{"damage":0,"enemies":"R_Hoarder","floor":48,"turns":4},{"damage":0,"enemies":"Awakened One","floor":50,"turns":9}],"seed_played":"7908990348912074099","potions_obtained":[{"floor":3,"key":"LiquidMemories"},{"floor":5,"key":"BlessingOfTheForge"},{"floor":13,"key":"Block Potion"},{"floor":27,"key":"PowerPotion"},{"floor":35,"key":"EssenceOfSteel"},{"floor":45,"key":"EntropicBrew"}],"is_trial":false,"path_per_floor":["M","M","M","M","M","R","E","R","T","M","?","R","M","M","R","B",null,"M","$","M","M","M","E","R","?","T","E","M","R","E","M","R","B",null,"M","$","?","M","M","R","E","R","T","E","?","R","$","E","R","B",null],"character_chosen":"Hololive_HololiveCharacter","items_purchased":["Vajra","Pantograph","HandDrill","jedi:HeartOfTheCards","Hololive_Psychosis","BargainBundle","Hololive_CallArtia","PreservedInsect","Membership Card","Sundial","Fruit Juice","Adrenaline Potion","Blood Vial","Guide Book","jedi:fakemustache"],"campfire_rested":0,"item_purchase_floors":[0,0,0,0,0,19,19,19,36,36,36,36,47,47,47],"current_hp_per_floor":[52,62,71,75,85,95,105,115,132,142,152,162,172,182,192,188,216,226,236,246,256,266,276,286,301,311,321,332,342,352,362,372,382,392,402,419,408,418,428,438,448,458,468,478,488,498,508,518,528,538],"gold":845,"neow_bonus":"","is_daily":false,"chose_seed":false,"campfire_upgraded":11,"win_rate":0.0,"timestamp":1612883430,"path_taken":["M","M","M","M","M","R","E","R","T","M","?","R","M","M","R","BOSS","M","$","M","M","M","E","R","?","T","E","M","R","E","M","R","BOSS","M","$","?","M","M","R","E","R","T","E","?","R","$","E","R","BOSS"],"items_purchased_type":["Relic","Relic","Relic","Relic","Card","Relic","Card","Relic","Relic","Relic","Potion","Potion","Relic","Relic","Relic"],"build_version":"2020-12-22","purchased_purges":8,"victory":true,"max_hp_per_floor":[55,65,75,85,95,105,115,125,142,152,162,172,182,192,202,212,222,232,242,252,262,272,282,292,302,312,322,332,342,352,362,372,382,392,402,419,408,418,428,438,448,458,468,478,488,498,508,518,528,538],"card_choices":[{"not_picked":["Hololive_Rebound","Hololive_CocoNews","Hololive_FlyingPonyTail"],"picked":"Hololive_CallTokinoSora","floor":1},{"not_picked":["Hololive_StrengthChampion","Hololive_CallUsadaPekora","Hololive_LuckPotion"],"picked":"Hololive_CallNakiriAyame","floor":2},{"not_picked":["Hololive_CallOzoraSubaru","Hololive_CocoNews","Hololive_Teleport","Hololive_StrengthChampion"],"picked":"SKIP","floor":3},{"not_picked":["Hololive_FlyingPonyTail","Hololive_LuckPotion","Hololive_Sequa"],"picked":"Hololive_CallCivia","floor":4},{"not_picked":["Hololive_Breathe","Hololive_Psychosis","Hololive_CallOkamiMio","Hololive_Sequa"],"picked":"SKIP","floor":5},{"not_picked":["Hololive_IdolExercise","Hololive_CallNatsuiroMatsuri","Hololive_CallYuzukiChoco"],"picked":"Hololive_CallHoushouMarine","floor":7},{"not_picked":["Hololive_Psychosis","Hololive_SummonFox","Hololive_HuntDinosaur","Hololive_OvertimeWork"],"picked":"SKIP","floor":10},{"not_picked":["Hololive_RevenueBasedLive","Hololive_Drill","Hololive_Rebound"],"picked":"Hololive_CallNatsuiroMatsuri","floor":13},{"not_picked":["Hololive_Breathe","Hololive_HuntDinosaur","Hololive_RevenueBasedLive","Hololive_Sequa"],"picked":"SKIP","floor":14},{"not_picked":["Hololive_Recruit","Hololive_Nanodesu","Hololive_BeCareful"],"picked":"Hololive_IdolExercise","floor":16},{"not_picked":["Hololive_CocoNews","Hololive_Drill","Hololive_SoulCatcher+1"],"picked":"Hololive_CallHoshimachiSuisei","floor":18},{"not_picked":["Hololive_CocoNews","Hololive_StrengthChampion","Hololive_ILoveYou"],"picked":"Hololive_CallRosalyn","floor":20},{"not_picked":["Hololive_CocoNews","Hololive_Psychosis+1","Hololive_ScarfAndHalo"],"picked":"Hololive_CallTsunomakiWatame","floor":21},{"not_picked":["Hololive_CallNatsuiroMatsuri+1","Hololive_CallMinatoAqua","Hololive_CallOmaruPolka+1"],"picked":"Hololive_CallUruhaRushia","floor":22},{"not_picked":["Hololive_ILoveYou","Hololive_HuntDinosaur","Hololive_Psychosis"],"picked":"Hololive_CallAZKi+1","floor":23},{"not_picked":["Hololive_Trident","Hololive_Rebound","Hololive_SoulCatcher+1"],"picked":"Hololive_CallAkiRosenthal+1","floor":27},{"not_picked":["Hololive_Breathe","Hololive_Spy","Hololive_HuntDinosaur+1"],"picked":"Hololive_CallOkamiMio+1","floor":28},{"not_picked":["Hololive_AWSL","Hololive_CallHoushouMarine","Hololive_Nanodesu"],"picked":"Hololive_CallKiryuuCoco","floor":30},{"not_picked":["Hololive_Trident","Hololive_HuntDinosaur","Hololive_CocoNews+1","Hololive_CallCivia"],"picked":"SKIP","floor":31},{"not_picked":["Hololive_WolfAndLamb","Hololive_ASMR","Hololive_HighAtkLowDef"],"picked":"Hololive_IdolExercise","floor":33},{"not_picked":["Hololive_CallAZKi+1","Hololive_LuckPotion"],"picked":"SKIP","floor":35},{"not_picked":["Hololive_CallHoshimachiSuisei+1","Hololive_Sequa"],"picked":"SKIP","floor":38},{"not_picked":["Hololive_CallYozoraMel+1"],"picked":"Hololive_CallRoboco+1","floor":39},{"not_picked":["Hololive_Drill+1","Hololive_Rebound"],"picked":"SKIP","floor":41},{"not_picked":["Hololive_CocoNews+1","Hololive_Breathe"],"picked":"SKIP","floor":44},{"not_picked":["Hololive_Drill"],"picked":"Hololive_CallYukihanaLamy","floor":45},{"not_picked":["Hololive_CocoNews+1"],"picked":"Hololive_CallShirakamiFubuki","floor":48}],"player_experience":534418,"relics_obtained":[{"floor":7,"key":"Dota2Spire:HandOfMidas"},{"floor":9,"key":"Strawberry"},{"floor":11,"key":"Ring of Peace"},{"floor":11,"key":"Ring of Fangs"},{"floor":23,"key":"Dota2Spire:AghanimScepter"},{"floor":26,"key":"Mirror"},{"floor":27,"key":"Dota2Spire:ShadowBlade"},{"floor":30,"key":"Divine Protection"},{"floor":41,"key":"Potion Belt"},{"floor":43,"key":"Dota2Spire:Desolator"},{"floor":45,"key":"jedi:purplefairy"},{"floor":48,"key":"Molten Egg 2"}],"event_choices":[{"cards_removed":["Hololive_Psychosis"],"damage_healed":5,"gold_gain":0,"player_choice":"Offered Common","damage_taken":0,"max_hp_gain":0,"max_hp_loss":0,"event_name":"Bonfire Elementals","floor":25,"gold_loss":0},{"cards_removed":["Hololive_Psychosis"],"damage_healed":5,"gold_gain":0,"player_choice":"Offered Special","damage_taken":0,"max_hp_gain":0,"max_hp_loss":0,"event_name":"Bonfire Elementals","floor":25,"gold_loss":0},{"damage_healed":0,"gold_gain":0,"player_choice":"Max HP","damage_taken":0,"max_hp_gain":0,"max_hp_loss":21,"event_name":"Winding Halls","floor":37,"gold_loss":0},{"damage_healed":0,"gold_gain":0,"player_choice":"Fight","damage_taken":0,"max_hp_gain":0,"max_hp_loss":0,"event_name":"Mysterious Sphere","floor":45,"gold_loss":0}],"is_beta":false,"boss_relics":[{"not_picked":["Ectoplasm","Dota2Spire:Bloodstone"],"picked":"Replay:Wanted Poster"},{"not_picked":["Velvet Choker","Replay:Ancient Bell"],"picked":"Busted Crown"}],"items_purged_floors":[0,0,0,0,0,0,19,47],"is_endless":false,"potions_floor_spawned":[3,5,13,14,20,23,27,28,35,39,45],"ascension_level":7}}