{"host":"nwd160me4iqdtr8u","time":1612871109,"event":{"mods":["AchievementEnabler","Act Like it!","BaseMod","Colored Map","DeckTracker","Keyboard Shortcuts","Minty Spire (QoL Compilation)","Quick Restart","Rare Cards Sparkle","Smile Girya","StSLib","SuperFastMode","everything is the same but u backflip on backflip"],"gold_per_floor":[109,109,127,82,101,101,126,126,126,146,180,190,190,190,190,190,190],"floor_reached":16,"language":"KOR","playtime":381,"items_purged":[],"score":169,"play_id":"9e4fa21c-a105-4aaf-adc3-7c474fe46a9a","local_time":"20210209204509","is_ascension_mode":true,"campfire_choices":[{"data":"Body Slam","floor":6.0,"key":"SMITH"},{"data":"Perfected Strike","floor":8.0,"key":"SMITH"},{"data":"Bash","floor":15,"key":"SMITH"}],"circlet_count":0,"master_deck":["Strike_R","Strike_R+1","Strike_R","Strike_R","Defend_R","Defend_R","Defend_R","Defend_R","Bash+1","Wild Strike+1","Pommel Strike","Body Slam+1","Evolve","Perfected Strike+1","Dual Wield","Blood for Blood","Spot Weakness"],"relics":["Burning Blood","NeowsBlessing","Matryoshka","MealTicket","Letter Opener","Whetstone","Centennial Puzzle","Gambling Chip"],"acts_visited":["Exordium"],"potions_floor_usage":[],"damage_taken":[{"damage":0.0,"enemies":"Jaw Worm","floor":1.0,"turns":1.0},{"damage":0.0,"enemies":"Cultist","floor":3.0,"turns":1.0},{"damage":0.0,"enemies":"2 Louse","floor":5.0,"turns":1.0},{"damage":29.0,"enemies":"Gremlin Nob","floor":7.0,"turns":4.0},{"damage":27.0,"enemies":"Exordium Wildlife","floor":10.0,"turns":3.0},{"damage":0.0,"enemies":"3 Sentries","floor":11.0,"turns":6.0},{"damage":9,"enemies":"Red Slaver","floor":12,"turns":2},{"damage":40,"enemies":"The Guardian","floor":16,"turns":7}],"seed_played":"2117498727827886348","potions_obtained":[{"floor":5.0,"key":"CultistPotion"},{"floor":7.0,"key":"HeartOfIron"},{"floor":11,"key":"Ancient Potion"},{"floor":12,"key":"BlessingOfTheForge"}],"is_trial":false,"path_per_floor":["M","?","M","$","M","R","E","R","T","M","E","M","?","T","R","B"],"character_chosen":"IRONCLAD","items_purchased":["Body Slam"],"campfire_rested":0,"item_purchase_floors":[4],"current_hp_per_floor":[80,80,80,80,80,80,57,57,57,36,42,39,39,39,39,0,0],"gold":190,"neow_bonus":"THREE_ENEMY_KILL","is_daily":false,"chose_seed":false,"campfire_upgraded":3,"win_rate":0.0,"timestamp":1612871109,"path_taken":["M","?","?","$","M","R","E","R","T","M","E","?","?","?","R","BOSS"],"items_purchased_type":["Card"],"build_version":"2020-12-22","purchased_purges":0,"victory":false,"max_hp_per_floor":[80,80,80,80,80,80,80,80,80,80,80,80,80,80,80,80,80],"card_choices":[{"not_picked":["Anger","Thunderclap"],"picked":"Headbutt","floor":1.0},{"not_picked":["Headbutt","Heavy Blade"],"picked":"Pommel Strike","floor":3.0},{"not_picked":["Intimidate","Entrench"],"picked":"Evolve","floor":5.0},{"not_picked":["Evolve","Brutality"],"picked":"Perfected Strike","floor":7.0},{"not_picked":["Twin Strike","Heavy Blade"],"picked":"Dual Wield","floor":10.0},{"not_picked":["Sword Boomerang","Thunderclap"],"picked":"Blood for Blood","floor":11},{"not_picked":["Exhume","Flex","Iron Wave"],"picked":"SKIP","floor":12}],"player_experience":410111,"relics_obtained":[{"floor":7.0,"key":"Matryoshka"},{"floor":9.0,"key":"MealTicket"},{"floor":9.0,"key":"Letter Opener"},{"floor":11,"key":"Whetstone"},{"floor":14,"key":"Centennial Puzzle"},{"floor":14,"key":"Gambling Chip"}],"event_choices":[{"damage_healed":0.0,"max_hp_gain":0.0,"max_hp_loss":0.0,"gold_gain":0.0,"cards_transformed":["Strike_R"],"event_name":"Transmorgrifier","player_choice":"Transformed","floor":2.0,"gold_loss":0.0,"damage_taken":0.0,"cards_obtained":["Wild Strike"]},{"damage_healed":0,"gold_gain":0,"cards_transformed":["Headbutt"],"player_choice":"Change","damage_taken":0,"max_hp_gain":0,"max_hp_loss":0,"event_name":"Living Wall","floor":13,"gold_loss":0,"cards_obtained":["Spot Weakness"]}],"is_beta":false,"boss_relics":[],"items_purged_floors":[],"is_endless":false,"potions_floor_spawned":[5,7,11,12],"killed_by":"The Guardian","ascension_level":5}}