{"host":"uhnh33uh34qot0et","time":1612874312,"event":{"mods":["BaseMod","Colored Map","Downfall","Hermit","Marisa????????","Minty Spire (QoL Compilation)","StSLib","The Bug Knight","The Cursed","The Servant 0.9.4"],"gold_per_floor":[114,114,125,80,80,107,107,142,195,212,163,163,182,201,201,301,301,319,319,59,73,3,3,18,18,45,113,113,68,96,111,111,211,211,229,80,60,86,86,86,99,110,110,110,124,143,143,11,11,11],"floor_reached":51,"language":"ENG","playtime":1245,"items_purged":[],"score":823,"play_id":"9e485979-7d9a-426a-80c0-690cd10350f4","local_time":"20210209133832","is_ascension_mode":false,"campfire_choices":[{"data":"White Noise","floor":7,"key":"SMITH"},{"floor":15,"key":"REST"},{"data":"Ball Lightning","floor":23,"key":"SMITH"},{"floor":32,"key":"REST"},{"data":"Mind Blast","floor":40,"key":"SMITH"},{"data":"Barrage","floor":44,"key":"SMITH"},{"floor":47,"key":"REST"},{"floor":49,"key":"REST"}],"circlet_count":0,"master_deck":["Strike_B","Strike_B","Strike_B","Strike_B","Defend_B","Defend_B","Defend_B","Defend_B","Zap","Dualcast","Ball Lightning+1","White Noise+1","Cold Snap","Fusion","Compile Driver","FTL","Beam Cell","Rip and Tear","Electrodynamics+1","Core Surge","Cold Snap","Sunder","Hello World+1","Capacitor+1","Barrage+1","Sweeping Beam","Buffer+1","Buffer+1","Hello World+1","Go for the Eyes","Mind Blast+1","Blind","Go for the Eyes+1","Hello World+1","Streamline+1","Beam Cell","Consume"],"relics":["Cracked Core","NeowsBlessing","Happy Flower","Ice Cream","Ancient Tea Set","Tiny Chest","Nuclear Battery","Frozen Egg 2","Guardian:PocketSentry","hexamod:CandleOfCauterizing","Bottled Tornado","Inserter","HollowMod:PaleOreRelic","InkBottle"],"acts_visited":["Exordium","TheCity","TheBeyond"],"potions_floor_usage":[7,8,30,30,33,41,41,46,50,50],"damage_taken":[{"damage":0,"enemies":"Small Slimes","floor":1,"turns":1},{"damage":0,"enemies":"Cultist","floor":3,"turns":1},{"damage":0,"enemies":"3 Sentries","floor":6,"turns":1},{"damage":20,"enemies":"Gremlin Nob","floor":8,"turns":4},{"damage":5,"enemies":"2 Louse","floor":10,"turns":2},{"damage":17,"enemies":"Exordium Thugs","floor":13,"turns":4},{"damage":0,"enemies":"3 Louse","floor":14,"turns":3},{"damage":0,"enemies":"Slime Boss","floor":16,"turns":5},{"damage":15,"enemies":"Shell Parasite","floor":18,"turns":4},{"damage":0,"enemies":"Spheric Guardian","floor":21,"turns":3},{"damage":31,"enemies":"Shelled Parasite and Fungi","floor":24,"turns":3},{"damage":14,"enemies":"Slavers","floor":30,"turns":4},{"damage":0,"enemies":"Centurion and Healer","floor":31,"turns":3},{"damage":0,"enemies":"Champ","floor":33,"turns":8},{"damage":11,"enemies":"3 Shapes","floor":35,"turns":3},{"damage":9,"enemies":"3 Darklings","floor":41,"turns":2},{"damage":0,"enemies":"Transient","floor":42,"turns":5},{"damage":13,"enemies":"Spire Growth","floor":45,"turns":3},{"damage":30,"enemies":"Writhing Mass","floor":46,"turns":3},{"damage":45,"enemies":"Donu and Deca","floor":50,"turns":8}],"seed_played":"6473659837327608041","potions_obtained":[{"floor":6,"key":"EntropicBrew"},{"floor":13,"key":"FairyPotion"},{"floor":31,"key":"PotionOfCapacity"},{"floor":33,"key":"SkillPotion"},{"floor":37,"key":"ColorlessPotion"},{"floor":45,"key":"Fire Potion"},{"floor":46,"key":"FocusPotion"}],"is_trial":false,"path_per_floor":["M","?","M","$","$","E","R","E","T","M","$","T","M","M","R","B",null,"M","?","$","M","$","R","M","?","T","T","?","$","E","M","R","B",null,"M","$","?","T","?","R","M","M","T","R","M","M","R","$","R","B",null],"character_chosen":"DEFECT","items_purchased":["Cold Snap","Beam Cell","Frozen Egg 2","Hello World+1","Barrage","Go for the Eyes","Mind Blast","hexamod:SoulburnPotion","Consume"],"campfire_rested":4,"item_purchase_floors":[4,11,20,22,29,36,36,48,48],"current_hp_per_floor":[75,75,75,75,75,75,75,55,55,50,50,50,33,33,55,55,75,60,60,60,60,60,60,29,29,29,29,29,29,15,15,37,37,75,64,64,64,64,64,64,55,55,55,55,42,12,34,34,56,11],"gold":11,"neow_bonus":"THREE_ENEMY_KILL","is_daily":false,"chose_seed":false,"campfire_upgraded":4,"win_rate":0.0,"timestamp":1612874312,"path_taken":["M","?","?","?","$","E","R","E","T","M","$","?","M","M","R","BOSS","M","?","$","M","?","R","M","?","T","?","?","?","E","M","R","BOSS","M","$","?","?","?","R","M","M","T","R","M","M","R","?","R","BOSS"],"items_purchased_type":["Card","Card","Relic","Card","Card","Card","Card","Potion","Card"],"build_version":"2020-12-22","purchased_purges":0,"victory":true,"max_hp_per_floor":[75,75,75,75,75,75,75,75,75,75,75,75,75,75,75,75,75,75,75,75,75,75,75,75,75,75,75,75,75,75,75,75,75,75,75,75,75,75,75,75,75,75,75,75,75,75,75,75,75,75],"card_choices":[{"not_picked":["Skim","Redo"],"picked":"Ball Lightning","floor":1},{"not_picked":["Steam","Barrage"],"picked":"White Noise","floor":3},{"not_picked":["Beam Cell","Chaos"],"picked":"Fusion","floor":6},{"not_picked":["Redo","Aggregate"],"picked":"Compile Driver","floor":8},{"not_picked":["Coolheaded","Ball Lightning"],"picked":"FTL","floor":10},{"not_picked":["Skim","Rebound"],"picked":"Rip and Tear","floor":13},{"not_picked":["Rebound","Steam"],"picked":"Electrodynamics","floor":14},{"not_picked":["Multi-Cast","Electrodynamics"],"picked":"Core Surge","floor":16},{"not_picked":["Rebound","Aggregate"],"picked":"Cold Snap","floor":18},{"not_picked":["Fusion","Blizzard"],"picked":"Sunder","floor":21},{"not_picked":["Conserve Battery+1","Sunder"],"picked":"Capacitor+1","floor":24},{"not_picked":["Go for the Eyes","Redo"],"picked":"Sweeping Beam","floor":30},{"not_picked":["Conserve Battery","Compile Driver+1"],"picked":"Buffer+1","floor":31},{"not_picked":["Meteor Strike","Reboot"],"picked":"Buffer+1","floor":33},{"not_picked":["Hologram","Barrage"],"picked":"Hello World+1","floor":35},{"not_picked":["Swift Strike","Metamorphosis"],"picked":"Blind","floor":39},{"not_picked":["Conserve Battery+1","Gash"],"picked":"Go for the Eyes+1","floor":41},{"not_picked":["Stack","White Noise"],"picked":"Hello World+1","floor":42},{"not_picked":["Compile Driver+1","Aggregate+1"],"picked":"Streamline+1","floor":45},{"not_picked":["Aggregate+1","Lockon"],"picked":"Beam Cell","floor":46}],"player_experience":38767,"relics_obtained":[{"floor":6,"key":"Happy Flower"},{"floor":8,"key":"Ice Cream"},{"floor":9,"key":"Ancient Tea Set"},{"floor":12,"key":"Tiny Chest"},{"floor":26,"key":"Guardian:PocketSentry"},{"floor":27,"key":"hexamod:CandleOfCauterizing"},{"floor":30,"key":"Bottled Tornado"},{"floor":38,"key":"HollowMod:PaleOreRelic"},{"floor":43,"key":"InkBottle"}],"event_choices":[{"damage_healed":0,"gold_gain":0,"player_choice":"Ignored","damage_taken":0,"max_hp_gain":0,"max_hp_loss":0,"event_name":"NoteForYourself","floor":2,"gold_loss":0},{"damage_healed":0,"gold_gain":0,"player_choice":"Upgraded","damage_taken":0,"max_hp_gain":0,"max_hp_loss":0,"event_name":"Upgrade Shrine","floor":19,"gold_loss":0,"cards_upgraded":["Electrodynamics"]},{"damage_healed":0,"gold_gain":0,"player_choice":"Ignored","damage_taken":0,"max_hp_gain":0,"max_hp_loss":0,"event_name":"Vampires","floor":25,"gold_loss":0},{"damage_healed":0,"gold_gain":0,"player_choice":"Bought 1 Potion","damage_taken":0,"max_hp_gain":0,"max_hp_loss":0,"event_name":"The Woman in Blue","floor":37,"gold_loss":0},{"damage_healed":0,"gold_gain":0,"player_choice":"Memory 1","damage_taken":0,"max_hp_gain":0,"max_hp_loss":0,"event_name":"SensoryStone","floor":39,"gold_loss":0}],"is_beta":false,"boss_relics":[{"not_picked":["Coffee Dripper","Snecko Eye"],"picked":"Nuclear Battery"},{"not_picked":["Astrolabe","Velvet Choker"],"picked":"Inserter"}],"items_purged_floors":[],"is_endless":false,"potions_floor_spawned":[6,13,14,31,33,45,46],"ascension_level":0}}