{"host":"w3q5ijqu8eoknil3","time":1612910136,"event":{"mods":["AchievementEnabler","BaseMod","Block Reminder","Colored Map","Colored Powertips","Curses Come First","Dark Map","Minty Spire (QoL Compilation)","Quick Restart","Relic Stats","StSLib","ojb\u0027s Better Paths Mod","ojb\u0027s Info Mod","slay the spire mod where everything is the same but ironclad has a cowboy hat"],"gold_per_floor":[118,118,118,118,28,28,57,77,100,120,120,138,155,172,172,243,243,257,207,34,52,52,52],"floor_reached":22,"language":"ENG","playtime":521,"items_purged":[],"score":509,"play_id":"29206e54-2724-4d51-9981-9d0cedd498cd","local_time":"20210209223536","is_ascension_mode":true,"campfire_choices":[{"data":"Panacea","floor":6,"key":"SMITH"},{"data":"Poisoned Stab","floor":11,"key":"SMITH"},{"floor":15,"key":"REST"}],"circlet_count":0,"master_deck":["AscendersBane","Survivor","Neutralize","Poisoned Stab+1","Pain","Panacea+1","Acrobatics","Bane","Dash","Terror","Glass Knife","Tools of the Trade","Night Terror","Blade Dance","Predator","Heel Hook","Concentrate","Finisher","Heel Hook","Cloak And Dagger","Flying Knee","Masterful Stab","Predator"],"relics":["Ring of the Snake","NeowsBlessing","WarpedTongs","Ginger","Tiny Chest","Pandora\u0027s Box","Strange Spoon"],"acts_visited":["Exordium","TheCity"],"potions_floor_usage":[16,16],"damage_taken":[{"damage":0,"enemies":"Jaw Worm","floor":1,"turns":1},{"damage":2,"enemies":"Lagavulin","floor":7,"turns":1},{"damage":0,"enemies":"Small Slimes","floor":8,"turns":1},{"damage":6,"enemies":"Cultist","floor":10,"turns":4},{"damage":17,"enemies":"Blue Slaver","floor":12,"turns":3},{"damage":6,"enemies":"Lots of Slimes","floor":13,"turns":4},{"damage":2,"enemies":"Looter","floor":14,"turns":3},{"damage":2,"enemies":"Slime Boss","floor":16,"turns":6},{"damage":0,"enemies":"Chosen","floor":18,"turns":3},{"damage":23,"enemies":"Spheric Guardian","floor":21,"turns":4},{"damage":41,"enemies":"3 Cultists","floor":22,"turns":4}],"seed_played":"-8585840317475608332","potions_obtained":[{"floor":12,"key":"Explosive Potion"},{"floor":13,"key":"BlessingOfTheForge"}],"is_trial":false,"path_per_floor":["M","?","?","?","$","R","E","M","T","M","R","M","M","M","R","B",null,"M","?","$","M","M"],"character_chosen":"THE_SILENT","items_purchased":["Panacea","Strange Spoon"],"campfire_rested":1,"item_purchase_floors":[5,20],"current_hp_per_floor":[59,52,52,52,52,52,50,50,50,44,44,27,21,19,38,36,59,59,59,59,36,0,0],"gold":52,"neow_bonus":"THREE_ENEMY_KILL","is_daily":false,"chose_seed":false,"campfire_upgraded":2,"win_rate":0.0,"timestamp":1612910136,"path_taken":["M","?","?","?","$","R","E","M","T","M","R","M","M","?","R","BOSS","M","?","$","M","M"],"items_purchased_type":["Card","Relic"],"build_version":"2020-12-22","purchased_purges":0,"victory":false,"max_hp_per_floor":[66,66,66,66,66,66,66,66,66,66,66,66,66,66,66,66,66,66,66,66,66,66,66],"relic_stats":{"Strange Spoon":[4],"counters":[11,34],"Tiny Chest":0,"Pandora\u0027s Box":["Night Terror","Blade Dance","Predator","Heel Hook","Concentrate","Finisher","Heel Hook","Cloak And Dagger","Flying Knee"],"Ginger":[9],"obtain_stats":[{"Strange Spoon":20,"NeowsBlessing":0,"Tiny Chest":9,"Pandora\u0027s Box":17,"Ginger":7,"Ring of the Snake":0,"WarpedTongs":4},{"Strange Spoon":9,"NeowsBlessing":0,"Tiny Chest":3,"Pandora\u0027s Box":8,"Ginger":2,"Ring of the Snake":0,"WarpedTongs":1},{"Strange Spoon":26,"NeowsBlessing":0,"Tiny Chest":3,"Pandora\u0027s Box":23,"Ginger":2,"Ring of the Snake":0,"WarpedTongs":1}],"Ring of the Snake":[22],"WarpedTongs":[33]},"card_choices":[{"not_picked":["Outmaneuver","Flying Knee"],"picked":"Poisoned Stab","floor":1},{"not_picked":["Escape Plan","Heel Hook"],"picked":"Acrobatics","floor":7},{"not_picked":["Backflip","Blur"],"picked":"Bane","floor":8},{"not_picked":["Prepared","Underhanded Strike"],"picked":"Dash","floor":10},{"not_picked":["Slice","Tactician"],"picked":"Terror","floor":12},{"not_picked":["Cloak And Dagger","Heel Hook"],"picked":"Glass Knife","floor":13},{"not_picked":["Backflip","Distraction","Underhanded Strike"],"picked":"SKIP","floor":14},{"not_picked":["Storm of Steel","Venomology"],"picked":"Tools of the Trade","floor":16},{"not_picked":["Expertise","Bane+1"],"picked":"Masterful Stab","floor":18},{"not_picked":["Dagger Throw","Cloak And Dagger"],"picked":"Predator","floor":21}],"player_experience":1043515,"relics_obtained":[{"floor":7,"key":"Ginger"},{"floor":9,"key":"Tiny Chest"}],"event_choices":[{"cards_removed":["Strike_G"],"damage_healed":0,"gold_gain":0,"player_choice":"Card Removal","damage_taken":7,"max_hp_gain":0,"max_hp_loss":0,"event_name":"Golden Wing","floor":2,"gold_loss":0},{"damage_healed":0,"gold_gain":0,"player_choice":"Ignored","damage_taken":0,"max_hp_gain":0,"max_hp_loss":0,"event_name":"Liars Game","floor":3,"gold_loss":0},{"damage_healed":0,"gold_gain":0,"player_choice":"Rummage","damage_taken":0,"relics_obtained":["WarpedTongs"],"max_hp_gain":0,"max_hp_loss":0,"event_name":"Accursed Blacksmith","floor":4,"gold_loss":0,"cards_obtained":["Pain"]},{"damage_healed":0,"gold_gain":0,"player_choice":"Bet on Murderer","damage_taken":0,"max_hp_gain":0,"max_hp_loss":0,"event_name":"The Joust","floor":19,"gold_loss":50}],"is_beta":false,"boss_relics":[{"not_picked":["Ectoplasm","Cursed Key"],"picked":"Pandora\u0027s Box"}],"items_purged_floors":[],"is_endless":false,"potions_floor_spawned":[12,13,14],"killed_by":"3 Cultists","ascension_level":19}}