{"host":"7wi4qgm5yw4j7oz0","time":1612880465,"event":{"mods":["AchievementEnabler","BaseMod","Block Reminder","Colored Map","Colored Powertips","Highlight Path","Minty Spire (QoL Compilation)","Permanent Neow","Random Character Button","Rare Cards Sparkle","StSLib","everything is the same but u backflip on backflip"],"gold_per_floor":[114,126,143,218,218,218,238,238,289,319,17,17,36,36,36,36,36],"floor_reached":16,"language":"KOR","playtime":602,"items_purged":["Bash"],"score":135,"play_id":"4cacc0c7-d628-4ff1-a0cf-7d2ab41e36ae","local_time":"20210209232105","is_ascension_mode":true,"campfire_choices":[{"data":"Body Slam","floor":6,"key":"SMITH"},{"data":"Havoc","floor":8,"key":"SMITH"},{"floor":12,"key":"REST"},{"data":"Rampage","floor":15,"key":"SMITH"}],"circlet_count":0,"master_deck":["Strike_R","Strike_R","Strike_R","Defend_R","Defend_R","Defend_R","Defend_R","Rage","Havoc+1","Body Slam+1","Cleave","Anger","Flex","Rampage+1","Rage"],"relics":["Burning Blood","Akabeko","Pen Nib","WingedGreaves","Regal Pillow"],"acts_visited":["Exordium"],"potions_floor_usage":[16,16],"damage_taken":[{"damage":9,"enemies":"Jaw Worm","floor":1,"turns":5},{"damage":8,"enemies":"Small Slimes","floor":2,"turns":5},{"damage":4,"enemies":"2 Louse","floor":3,"turns":4},{"damage":19,"enemies":"Gremlin Gang","floor":7,"turns":3},{"damage":30,"enemies":"Gremlin Nob","floor":10,"turns":4},{"damage":2,"enemies":"Exordium Wildlife","floor":13,"turns":3},{"damage":48,"enemies":"Hexaghost","floor":16,"turns":9}],"seed_played":"2013087462009409451","potions_obtained":[{"floor":3,"key":"ElixirPotion"},{"floor":7,"key":"CultistPotion"},{"floor":10,"key":"ColorlessPotion"},{"floor":13,"key":"Regen Potion"}],"is_trial":false,"path_per_floor":["M","M","M","?","?","R","M","R","T","E","$","R","M","?","R","B"],"character_chosen":"IRONCLAD","items_purchased":["Regal Pillow","Rampage"],"campfire_rested":1,"item_purchase_floors":[11,11],"current_hp_per_floor":[69,67,69,58,46,46,33,33,33,9,9,48,52,45,45,0,0],"gold":36,"neow_bonus":"TRANSFORM_CARD","is_daily":false,"chose_seed":false,"campfire_upgraded":3,"win_rate":0.0,"timestamp":1612880465,"path_taken":["M","M","M","?","?","R","M","R","T","E","$","R","M","?","R","BOSS"],"items_purchased_type":["Relic","Card"],"build_version":"2020-12-22","purchased_purges":1,"victory":false,"max_hp_per_floor":[80,80,80,80,80,80,80,80,80,80,80,80,80,80,80,80,80],"card_choices":[{"not_picked":["Power Through","Thunderclap"],"picked":"Havoc","floor":1},{"not_picked":["Sever Soul","Shockwave"],"picked":"Body Slam","floor":2},{"not_picked":["Shrug It Off","Twin Strike"],"picked":"Cleave","floor":3},{"not_picked":["Thunderclap","Dark Embrace"],"picked":"Anger","floor":7},{"not_picked":["Thunderclap","Entrench"],"picked":"Flex","floor":10},{"not_picked":["Rampage","Sever Soul"],"picked":"Rage","floor":13}],"player_experience":273316,"relics_obtained":[{"floor":9,"key":"Pen Nib"},{"floor":10,"key":"WingedGreaves"}],"event_choices":[{"damage_healed":0,"gold_gain":75,"player_choice":"Gather Gold","damage_taken":11,"max_hp_gain":0,"max_hp_loss":0,"event_name":"World of Goop","floor":4,"gold_loss":0},{"damage_healed":0,"gold_gain":0,"player_choice":"Success","damage_taken":12,"relics_obtained":["Akabeko"],"max_hp_gain":0,"max_hp_loss":0,"event_name":"Scrap Ooze","floor":5,"gold_loss":0},{"cards_removed":["Strike_R"],"damage_healed":0,"gold_gain":0,"player_choice":"Card Removal","damage_taken":7,"max_hp_gain":0,"max_hp_loss":0,"event_name":"Golden Wing","floor":14,"gold_loss":0}],"is_beta":false,"boss_relics":[],"items_purged_floors":[11],"is_endless":false,"potions_floor_spawned":[3,7,10,13],"killed_by":"Hexaghost","ascension_level":7}}