{"host":"kk6i5v7sjcm8i50x","time":1612906374,"event":{"mods":["BaseMod","Bestiary","Colored Map","Downfall","Hubris","Minty Spire (QoL Compilation)","Reliquary","StSLib","The Saiyan"],"gold_per_floor":[114,134,154,329,404,404,433,433,433,458,473,11,11,45,45,45,45],"floor_reached":16,"language":"ENG","playtime":631,"items_purged":["Defend_R"],"score":130,"play_id":"1a44a9f5-8715-4030-9621-b0830287f1cb","local_time":"20210209163254","is_ascension_mode":true,"campfire_choices":[{"data":"Bash","floor":6,"key":"SMITH"},{"floor":13,"key":"REST"},{"floor":15,"key":"REST"}],"circlet_count":0,"master_deck":["Strike_R","Strike_R","Strike_R","Strike_R","Strike_R","Defend_R","Defend_R","Defend_R","Bash+1","Heavy Blade","Cleave","Headbutt","Doubt","Flex","Battle Trance","Warcry","Evolve"],"relics":["Burning Blood","NeowsBlessing","hubris:BundleOfHerbs","Peace Pipe","reliquary:Knoch","Meat on the Bone","Meat on the Bone"],"acts_visited":["Exordium"],"potions_floor_usage":[7,10,10,14,14,16],"damage_taken":[{"damage":0,"enemies":"Jaw Worm","floor":1,"turns":1},{"damage":0,"enemies":"2 Louse","floor":2,"turns":1},{"damage":0,"enemies":"Cultist","floor":3,"turns":1},{"damage":57,"enemies":"Lagavulin","floor":7,"turns":9},{"damage":10,"enemies":"Gremlin Nob","floor":10,"turns":4},{"damage":6,"enemies":"Lots of Slimes","floor":11,"turns":3},{"damage":49,"enemies":"Lagavulin","floor":14,"turns":6},{"damage":109,"enemies":"Hexaghost","floor":16,"turns":12}],"seed_played":"-5467443663004346802","potions_obtained":[{"floor":3,"key":"Weak Potion"},{"floor":8,"key":"FairyPotion"},{"floor":8,"key":"CultistPotion"},{"floor":8,"key":"HeartOfIron"},{"floor":11,"key":"GamblersBrew"},{"floor":14,"key":"Weak Potion"}],"is_trial":false,"path_per_floor":["M","M","M","?","?","R","E","?","T","E","M","$","R","E","R","B"],"character_chosen":"IRONCLAD","items_purchased":["Meat on the Bone","Evolve","DuplicationPotion"],"campfire_rested":2,"item_purchase_floors":[12,12,12],"current_hp_per_floor":[80,80,80,80,69,69,18,18,18,20,20,20,44,42,66,0,0],"gold":45,"neow_bonus":"THREE_ENEMY_KILL","is_daily":false,"chose_seed":false,"campfire_upgraded":1,"win_rate":0.0,"timestamp":1612906374,"path_taken":["M","M","M","?","?","R","E","?","T","E","?","?","R","E","R","BOSS"],"items_purchased_type":["Relic","Card","Potion"],"build_version":"2020-12-22","purchased_purges":1,"victory":false,"max_hp_per_floor":[80,80,80,80,80,80,80,80,80,80,80,80,80,80,80,80,80],"card_choices":[{"not_picked":["Pommel Strike","Entrench"],"picked":"Heavy Blade","floor":1},{"not_picked":["Anger","Wild Strike"],"picked":"Cleave","floor":2},{"not_picked":["Sword Boomerang","Shrug It Off"],"picked":"Headbutt","floor":3},{"not_picked":["Cleave","Rupture"],"picked":"Flex","floor":7},{"not_picked":["Headbutt","Exhume"],"picked":"Battle Trance","floor":10},{"not_picked":["Headbutt","hubris:ReadiedAction"],"picked":"Warcry","floor":11},{"not_picked":["hubris:ReadiedAction","Blood for Blood","Heavy Blade"],"picked":"SKIP","floor":14}],"player_experience":187390,"relics_obtained":[{"floor":7,"key":"hubris:BundleOfHerbs"},{"floor":9,"key":"Peace Pipe"},{"floor":10,"key":"reliquary:Knoch"},{"floor":14,"key":"reliquary:SculptingSteel"}],"event_choices":[{"damage_healed":0,"gold_gain":175,"player_choice":"AGREE","damage_taken":0,"max_hp_gain":0,"max_hp_loss":0,"event_name":"Liars Game","floor":4,"gold_loss":0,"cards_obtained":["Doubt"]},{"damage_healed":0,"gold_gain":75,"player_choice":"Gather Gold","damage_taken":11,"max_hp_gain":0,"max_hp_loss":0,"event_name":"World of Goop","floor":5,"gold_loss":0},{"damage_healed":0,"gold_gain":0,"player_choice":"Got Potions","damage_taken":0,"max_hp_gain":0,"max_hp_loss":0,"event_name":"Lab","floor":8,"gold_loss":0}],"is_beta":false,"boss_relics":[],"items_purged_floors":[12],"is_endless":false,"potions_floor_spawned":[3,11,14],"killed_by":"Hexaghost","ascension_level":2}}