{"host":"k5dhp0bkccqfauyu","time":1612843994,"event":{"mods":["BaseMod","Better Note","Better Skull","Better Vampires","Colored Map","Colored Powertips","DeckTracker","Minty Spire (QoL Compilation)","Permanent Neow","StSLib","SuperFastMode"],"gold_per_floor":[119,119,13,13,29,29,70,70,70,70,102,102,146,296,296,381,381,409,421,430,439,439,439,439],"floor_reached":23,"language":"ENG","playtime":581,"items_purged":[],"score":406,"play_id":"31e2d383-41e5-46ae-9bb1-5452858002a0","local_time":"20210209151314","is_ascension_mode":true,"campfire_choices":[{"data":"Flex","floor":6,"key":"SMITH"},{"data":"Brutality","floor":8,"key":"SMITH"},{"data":"Flex","floor":10,"key":"SMITH"},{"floor":12,"key":"REST"},{"floor":15,"key":"REST"}],"circlet_count":0,"master_deck":["AscendersBane","Strike_R","Strike_R","Strike_R","Strike_R","Defend_R","Defend_R","Defend_R","Defend_R","Bash","Thunderclap","Brutality+1","Flex+1","Headbutt","Spot Weakness","Flex+1","Blood for Blood","Double Tap","Shockwave","Shrug It Off","Brutality+1"],"relics":["Burning Blood","Juzu Bracelet","Omamori","CeramicFish","Singing Bowl","Happy Flower","Lantern","Empty Cage","Nunchaku"],"acts_visited":["Exordium","TheCity"],"potions_floor_usage":[7],"damage_taken":[{"damage":3,"enemies":"2 Louse","floor":1,"turns":4},{"damage":3,"enemies":"Cultist","floor":5,"turns":3},{"damage":12,"enemies":"Gremlin Nob","floor":7,"turns":3},{"damage":46,"enemies":"Lagavulin","floor":11,"turns":5},{"damage":50,"enemies":"3 Sentries","floor":13,"turns":7},{"damage":26,"enemies":"Slime Boss","floor":16,"turns":7},{"damage":21,"enemies":"Chosen","floor":18,"turns":4},{"damage":32,"enemies":"2 Thieves","floor":19,"turns":3},{"damage":29,"enemies":"Gremlin Leader","floor":23,"turns":2}],"seed_played":"7847901187191782405","potions_obtained":[{"floor":1,"key":"DistilledChaos"},{"floor":16,"key":"LiquidMemories"}],"is_trial":false,"path_per_floor":["M","?","$","?","M","R","E","R","T","R","E","R","E","?","R","B",null,"M","M","?","?","?","E"],"character_chosen":"IRONCLAD","items_purchased":["Flex","Headbutt"],"campfire_rested":2,"item_purchase_floors":[3,3],"current_hp_per_floor":[71,71,71,71,74,74,68,68,68,68,30,53,9,9,32,12,61,46,22,22,22,22,0,0],"gold":439,"neow_bonus":"RANDOM_COMMON_RELIC","is_daily":false,"chose_seed":false,"campfire_upgraded":3,"win_rate":0.0,"timestamp":1612843994,"path_taken":["M","?","$","?","M","R","E","R","T","R","E","R","E","?","R","BOSS","M","M","?","?","?","E"],"items_purchased_type":["Card","Card"],"build_version":"2020-12-22","purchased_purges":0,"victory":false,"max_hp_per_floor":[75,75,75,75,75,75,75,75,75,75,77,77,77,77,77,77,77,77,79,79,79,79,79,79],"card_choices":[{"not_picked":["Intimidate","Clash"],"picked":"Thunderclap","floor":1},{"not_picked":["Iron Wave","Pommel Strike"],"picked":"Spot Weakness","floor":5},{"not_picked":["Wild Strike","Headbutt"],"picked":"Flex","floor":7},{"not_picked":["Clash","Carnage","Evolve"],"picked":"Singing Bowl","floor":11},{"not_picked":["Battle Trance","Heavy Blade"],"picked":"Blood for Blood","floor":13},{"not_picked":["Bludgeon","Immolate"],"picked":"Double Tap","floor":16},{"not_picked":["Anger+1","Shrug It Off"],"picked":"Shockwave","floor":18},{"not_picked":["Twin Strike","Clothesline+1","Armaments"],"picked":"Singing Bowl","floor":19}],"player_experience":1865480,"relics_obtained":[{"floor":7,"key":"CeramicFish"},{"floor":9,"key":"Singing Bowl"},{"floor":11,"key":"Happy Flower"},{"floor":13,"key":"Lantern"}],"event_choices":[{"damage_healed":0,"gold_gain":0,"player_choice":"1 cards matched","damage_taken":0,"max_hp_gain":0,"max_hp_loss":0,"event_name":"Match and Keep!","floor":2,"gold_loss":0,"cards_obtained":["Brutality"]},{"damage_healed":0,"gold_gain":0,"player_choice":"Box","damage_taken":0,"relics_obtained":["Omamori"],"max_hp_gain":0,"max_hp_loss":0,"event_name":"Big Fish","floor":4,"gold_loss":0,"cards_obtained":["Regret"]},{"damage_healed":0,"gold_gain":150,"player_choice":"AGREE","damage_taken":0,"max_hp_gain":0,"max_hp_loss":0,"event_name":"Liars Game","floor":14,"gold_loss":0,"cards_obtained":["Doubt"]},{"damage_healed":0,"gold_gain":0,"player_choice":"Read","damage_taken":0,"max_hp_gain":0,"max_hp_loss":0,"event_name":"The Library","floor":20,"gold_loss":0,"cards_obtained":["Shrug It Off"]},{"damage_healed":0,"gold_gain":0,"player_choice":"Copied","damage_taken":0,"max_hp_gain":0,"max_hp_loss":0,"event_name":"Duplicator","floor":21,"gold_loss":0,"cards_obtained":["Brutality"]},{"damage_healed":0,"gold_gain":0,"player_choice":"Opened","damage_taken":0,"relics_obtained":["Nunchaku"],"max_hp_gain":0,"max_hp_loss":0,"event_name":"The Mausoleum","floor":22,"gold_loss":0,"cards_obtained":["Writhe"]}],"is_beta":false,"boss_relics":[{"not_picked":["Mark of Pain","Runic Cube"],"picked":"Empty Cage"}],"items_purged_floors":[],"is_endless":false,"potions_floor_spawned":[1,16],"killed_by":"Gremlin Leader","ascension_level":20}}