{"host":"xwgrz7y3g1a3iikb","time":1612903837,"event":{"mods":["BaseMod","Bestiary","Minty Spire (QoL Compilation)","Permanent Neow","Quick Restart","Relic Stats","StSLib","ojb\u0027s Info Mod"],"gold_per_floor":[119,133,144,158,174,174,200,200,226,226,259,316,29,57,57,57,57],"floor_reached":16,"language":"ENG","playtime":554,"items_purged":["Strike_R"],"score":240,"play_id":"66a109bf-2165-43b3-a646-76454be4d8a9","local_time":"20210209125037","is_ascension_mode":true,"campfire_choices":[{"data":"Cleave","floor":6.0,"key":"SMITH"},{"data":"Bludgeon","floor":8.0,"key":"SMITH"},{"data":"Bash","floor":15.0,"key":"SMITH"}],"circlet_count":0,"master_deck":["AscendersBane","Strike_R","Strike_R","Defend_R","Defend_R","Defend_R","Defend_R","Bash+1","Wild Strike","Cleave+1","Pommel Strike","True Grit","Bludgeon+1","Shrug It Off","Inflame"],"relics":["Burning Blood","Happy Flower","Anchor","Omamori","Boot","Blood Vial","MealTicket"],"acts_visited":["Exordium"],"potions_floor_usage":[],"damage_taken":[{"damage":1.0,"enemies":"Cultist","floor":1.0,"turns":3.0},{"damage":1.0,"enemies":"Small Slimes","floor":2.0,"turns":3.0},{"damage":9.0,"enemies":"Jaw Worm","floor":3.0,"turns":4.0},{"damage":11.0,"enemies":"Looter","floor":4.0,"turns":2.0},{"damage":0.0,"enemies":"2 Fungi Beasts","floor":5.0,"turns":2.0},{"damage":38.0,"enemies":"3 Sentries","floor":7.0,"turns":9.0},{"damage":13.0,"enemies":"Lagavulin","floor":11.0,"turns":7.0},{"damage":7.0,"enemies":"3 Sentries","floor":12.0,"turns":7.0},{"damage":20.0,"enemies":"3 Sentries","floor":14.0,"turns":8.0},{"damage":18,"enemies":"Slime Boss","floor":16,"turns":4}],"seed_played":"-1817295156751547916","potions_obtained":[{"floor":1.0,"key":"Dexterity Potion"},{"floor":4.0,"key":"Block Potion"}],"is_trial":false,"path_per_floor":["M","M","M","M","M","R","E","R","T","?","E","?","$","E","R","B"],"character_chosen":"IRONCLAD","items_purchased":["Inflame","Blood Vial"],"campfire_rested":0,"item_purchase_floors":[13,13],"current_hp_per_floor":[73,75,72,67,73,73,41,41,41,34,27,26,26,14,14,0,0],"gold":57,"neow_bonus":"TRANSFORM_CARD","is_daily":false,"chose_seed":false,"campfire_upgraded":3,"win_rate":0.0,"timestamp":1612903837,"path_taken":["M","M","?","M","M","R","E","R","T","?","E","?","$","E","R","BOSS"],"items_purchased_type":["Card","Relic"],"build_version":"2020-12-22","purchased_purges":1,"victory":false,"max_hp_per_floor":[75,75,75,75,75,75,75,75,75,75,75,75,75,75,75,75,75],"relic_stats":{"Blood Vial":4,"Happy Flower":[8],"counters":[10,49],"MealTicket":0,"Boot":[0],"obtain_stats":[{"Blood Vial":13,"Anchor":9,"Happy Flower":7,"MealTicket":14,"Omamori":11,"Boot":12,"Burning Blood":0},{"Blood Vial":8,"Anchor":6,"Happy Flower":6,"MealTicket":9,"Omamori":7,"Boot":8,"Burning Blood":0},{"Blood Vial":37,"Anchor":23,"Happy Flower":23,"MealTicket":45,"Omamori":30,"Boot":37,"Burning Blood":0}],"Burning Blood":51},"card_choices":[{"not_picked":["Seeing Red","Clash"],"picked":"Cleave","floor":1.0},{"not_picked":["Sentinel","Thunderclap","Havoc"],"picked":"SKIP","floor":2.0},{"not_picked":["Clash","Blood for Blood","Warcry"],"picked":"SKIP","floor":3.0},{"not_picked":["True Grit","Flex"],"picked":"Pommel Strike","floor":4.0},{"not_picked":["Havoc","Anger"],"picked":"True Grit","floor":5.0},{"not_picked":["Reckless Charge","Pommel Strike"],"picked":"Bludgeon","floor":7.0},{"not_picked":["Armaments","Warcry"],"picked":"Shrug It Off","floor":11.0},{"not_picked":["Sentinel","Infernal Blade","Flex"],"picked":"SKIP","floor":14.0}],"player_experience":338261,"relics_obtained":[{"floor":7.0,"key":"Happy Flower"},{"floor":9.0,"key":"Anchor"},{"floor":11.0,"key":"Omamori"},{"floor":12.0,"key":"Boot"},{"floor":14.0,"key":"MealTicket"}],"event_choices":[{"cards_removed":["Strike_R"],"damage_healed":0.0,"max_hp_gain":0.0,"max_hp_loss":0.0,"gold_gain":0.0,"event_name":"Golden Wing","player_choice":"Card Removal","floor":10.0,"gold_loss":0.0,"damage_taken":7.0},{"damage_healed":0.0,"max_hp_gain":0.0,"max_hp_loss":0.0,"gold_gain":0.0,"event_name":"Dead Adventurer","player_choice":"Searched \u00271\u0027 times","floor":12.0,"gold_loss":0.0,"damage_taken":0.0}],"is_beta":false,"boss_relics":[],"items_purged_floors":[13],"is_endless":false,"potions_floor_spawned":[1,4],"killed_by":"Slime Boss","ascension_level":20}}