{"host":"67b023zx83deun0a","time":1612892965,"event":{"mods":["BaseMod","Block Reminder","Minty Spire (QoL Compilation)","Relic Stats","StSLib"],"gold_per_floor":[119,134,145,11,11,36,36,70,70,70,89,104,138,149,149,149,149],"floor_reached":16,"language":"ENG","playtime":955,"items_purged":[],"score":214,"play_id":"cf49a7b8-2848-499a-978c-2f0aa714cd97","local_time":"20210209094925","is_ascension_mode":true,"campfire_choices":[{"data":"Neutralize","floor":7.0,"key":"SMITH"},{"floor":10.0,"key":"REST"},{"data":"Leg Sweep","floor":15.0,"key":"SMITH"}],"circlet_count":0,"master_deck":["AscendersBane","Strike_G","Strike_G","Strike_G","Strike_G","Defend_G","Defend_G","Defend_G","Defend_G","Survivor","Neutralize+1","Dash","Dagger Spray","Flying Knee","Infinite Blades","Well Laid Plans","Dodge and Roll","Tactician","Acrobatics","Calculated Gamble","Phantasmal Killer","Leg Sweep+1"],"relics":["Ring of the Snake","Ice Cream","InkBottle","Strawberry"],"acts_visited":["Exordium"],"potions_floor_usage":[16,16],"damage_taken":[{"damage":1.0,"enemies":"Jaw Worm","floor":1.0,"turns":5.0},{"damage":3.0,"enemies":"Small Slimes","floor":2.0,"turns":3.0},{"damage":0.0,"enemies":"2 Louse","floor":3.0,"turns":3.0},{"damage":17.0,"enemies":"3 Sentries","floor":6.0,"turns":8.0},{"damage":26.0,"enemies":"Gremlin Nob","floor":8.0,"turns":5.0},{"damage":8.0,"enemies":"Blue Slaver","floor":11.0,"turns":5.0},{"damage":12.0,"enemies":"Exordium Thugs","floor":12.0,"turns":5.0},{"damage":3.0,"enemies":"Lagavulin","floor":13.0,"turns":9.0},{"damage":4.0,"enemies":"3 Louse","floor":14.0,"turns":4.0},{"damage":19,"enemies":"The Guardian","floor":16,"turns":2}],"seed_played":"1300102140518288900","potions_obtained":[{"floor":6.0,"key":"DistilledChaos"},{"floor":11.0,"key":"GamblersBrew"},{"floor":13.0,"key":"BlessingOfTheForge"}],"is_trial":false,"path_per_floor":["M","M","M","$","?","E","R","E","T","R","M","M","E","M","R","B"],"character_chosen":"THE_SILENT","items_purchased":["Well Laid Plans","Dodge and Roll"],"campfire_rested":1,"item_purchase_floors":[4,4],"current_hp_per_floor":[58,55,55,55,60,43,43,17,17,36,28,16,20,16,16,0,0],"gold":149,"neow_bonus":"TRANSFORM_TWO_CARDS","is_daily":false,"chose_seed":false,"campfire_upgraded":2,"win_rate":0.0,"timestamp":1612892965,"path_taken":["M","M","M","$","?","E","R","E","T","R","M","M","E","M","R","BOSS"],"items_purchased_type":["Card","Card"],"build_version":"2020-12-22","purchased_purges":0,"victory":false,"max_hp_per_floor":[60,60,60,60,65,65,65,65,65,65,65,65,72,72,72,72,72],"relic_stats":{"counters":[10,49],"obtain_stats":[{"Ice Cream":6,"Strawberry":13,"InkBottle":8,"Ring of the Snake":0},{"Ice Cream":4,"Strawberry":8,"InkBottle":5,"Ring of the Snake":0},{"Ice Cream":19,"Strawberry":43,"InkBottle":24,"Ring of the Snake":0}],"InkBottle":[6],"Ring of the Snake":[20]},"card_choices":[{"not_picked":["Bane","Prepared","Riddle With Holes"],"picked":"SKIP","floor":1.0},{"not_picked":["Riddle With Holes","Dagger Spray"],"picked":"Flying Knee","floor":2.0},{"not_picked":["Slice","Acrobatics"],"picked":"Infinite Blades","floor":3.0},{"not_picked":["Backstab","Expertise"],"picked":"Tactician","floor":6.0},{"not_picked":["Setup","Caltrops","Bullet Time"],"picked":"SKIP","floor":8.0},{"not_picked":["Cloak And Dagger","Blade Dance"],"picked":"Acrobatics","floor":11.0},{"not_picked":["Backflip","Flying Knee"],"picked":"Calculated Gamble","floor":12.0},{"not_picked":["Dodge and Roll","Dagger Throw"],"picked":"Phantasmal Killer","floor":13.0},{"not_picked":["Tactician","Heel Hook"],"picked":"Leg Sweep","floor":14.0}],"player_experience":360035,"relics_obtained":[{"floor":6.0,"key":"Ice Cream"},{"floor":8.0,"key":"InkBottle"},{"floor":13.0,"key":"Strawberry"}],"event_choices":[{"damage_healed":0.0,"max_hp_gain":5.0,"max_hp_loss":0.0,"gold_gain":0.0,"event_name":"Big Fish","player_choice":"Donut","floor":5.0,"gold_loss":0.0,"damage_taken":0.0}],"is_beta":false,"boss_relics":[],"items_purged_floors":[],"is_endless":false,"potions_floor_spawned":[6,11,13],"killed_by":"The Guardian","ascension_level":15}}