{"host":"zdyzhdc6zlrb7vuj","time":1612887746,"event":{"mods":["BaseMod","Downfall","Hermit","Minty Spire (QoL Compilation)","StSLib","The Bug Knight","The Cursed","The Servant 0.9.4"],"gold_per_floor":[99,117,117,127,127,127,127,158,175,75,75,75,75,104,127,139,139],"floor_reached":16,"language":"ENG","playtime":1193,"items_purged":[],"score":108,"play_id":"78440d19-ecf9-483b-be7e-13ae592fd13c","local_time":"20210209162226","is_ascension_mode":false,"campfire_choices":[{"floor":1,"key":"RECALL"},{"data":"HollowMod:BaldurShell","floor":10,"key":"SMITH"},{"data":"HollowMod:ElderbugsWisdom","floor":12,"key":"SMITH"}],"circlet_count":0,"master_deck":["HollowMod:NailStrikeStart","HollowMod:NailStrikeStart","HollowMod:NailStrikeStart","HollowMod:QuickDashStart","HollowMod:QuickDashStart","HollowMod:QuickDashStart","HollowMod:FocusHealStart","HollowMod:PogoStrike","HollowMod:GoodIntentions","HollowMod:SiblingsSouls","Pain","HollowMod:BaldurShell+1","HollowMod:DoubleDash","HollowMod:ElderbugsWisdom+1","HollowMod:DashSlash","HollowMod:DungDefenderAura"],"relics":["HollowMod:VesselMask","Juzu Bracelet","WarpedTongs","Pantograph","Pen Nib","downfall:HeartBlessingRed","MawBank"],"acts_visited":["Exordium"],"potions_floor_usage":[14,14],"damage_taken":[{"damage":1,"enemies":"Cultist","floor":2,"turns":3},{"damage":5,"enemies":"2 Louse","floor":4,"turns":3},{"damage":21,"enemies":"3 Sentries","floor":8,"turns":12},{"damage":8,"enemies":"Jaw Worm","floor":9,"turns":5},{"damage":31,"enemies":"HollowMod:MossKnight","floor":14,"turns":12},{"damage":15,"enemies":"2 Fungi Beasts","floor":15,"turns":5},{"damage":87,"enemies":"Hexaghost","floor":16,"turns":17}],"seed_played":"-5602484789690063614","potions_obtained":[{"floor":8,"key":"sneckomod:MuddlingPotion"},{"floor":9,"key":"Regen Potion"}],"is_trial":false,"path_per_floor":["R","M","?","M","?","?","T","E","M","R","?","R","?","E","M","B"],"character_chosen":"THE_BUGKNIGHT","items_purchased":[],"campfire_rested":0,"item_purchase_floors":[],"current_hp_per_floor":[75,74,74,75,75,75,75,64,66,66,66,66,66,62,53,0,0],"gold":139,"neow_bonus":"RANDOM_COMMON_RELIC","is_daily":false,"chose_seed":false,"campfire_upgraded":2,"win_rate":0.0,"timestamp":1612887746,"path_taken":["R","M","?","M","?","?","T","E","M","R","?","R","?","E","M","BOSS"],"items_purchased_type":[],"build_version":"2020-12-22","purchased_purges":0,"victory":false,"max_hp_per_floor":[75,75,75,75,75,75,75,75,75,75,75,75,75,75,75,75,75],"card_choices":[{"not_picked":["HollowMod:DescendingDark","HollowMod:ShadowDash"],"picked":"HollowMod:GoodIntentions","floor":2},{"not_picked":["HollowMod:TaintedHusks","HollowMod:NewLittleFool"],"picked":"HollowMod:SiblingsSouls","floor":4},{"not_picked":["HollowMod:MothsMistake","HollowMod:BrokenVessel"],"picked":"HollowMod:BaldurShell","floor":8},{"not_picked":["HollowMod:ShapeofUnn","HollowMod:CornifersMapStart"],"picked":"HollowMod:DoubleDash","floor":9},{"not_picked":["HollowMod:InfectedAttack","HollowMod:InfectedCysts"],"picked":"HollowMod:DashSlash","floor":14},{"not_picked":["HollowMod:BrokenVessel","HollowMod:HeavyBlow"],"picked":"HollowMod:DungDefenderAura","floor":15}],"player_experience":444100,"relics_obtained":[{"floor":7,"key":"Pantograph"},{"floor":8,"key":"Pen Nib"},{"floor":14,"key":"MawBank"}],"event_choices":[{"cards_removed":["HollowMod:QuickDashStart"],"damage_healed":0,"gold_gain":0,"player_choice":"Offered Basic","damage_taken":0,"max_hp_gain":0,"max_hp_loss":0,"event_name":"Bonfire Elementals","floor":3,"gold_loss":0},{"damage_healed":0,"gold_gain":0,"player_choice":"Rummage","damage_taken":0,"relics_obtained":["WarpedTongs"],"max_hp_gain":0,"max_hp_loss":0,"event_name":"Accursed Blacksmith","floor":6,"gold_loss":0,"cards_obtained":["Pain"]},{"damage_healed":0,"gold_gain":0,"cards_transformed":["HollowMod:NailStrikeStart"],"player_choice":"Change","damage_taken":0,"max_hp_gain":0,"max_hp_loss":0,"event_name":"Living Wall","floor":11,"gold_loss":0,"cards_obtained":["HollowMod:ElderbugsWisdom"]},{"damage_healed":0,"gold_gain":0,"player_choice":"Ignored","damage_taken":0,"max_hp_gain":0,"max_hp_loss":0,"event_name":"Golden Wing","floor":13,"gold_loss":0}],"is_beta":false,"boss_relics":[],"items_purged_floors":[],"is_endless":false,"potions_floor_spawned":[8,9],"killed_by":"Hexaghost","ascension_level":0}}