{"host":"o6nndy8fvkon49s1","time":1612834865,"event":{"mods":["BaseMod","CapriCore","Hermit","Marisa????????","Minty Spire (QoL Compilation)","Prisma Mod","StSLib","Td1madao Mod","The Administrix","The Fake Hero","The Forsaken","The Immortal","The Marked","The Necromancer","The Servant 0.9.4"],"gold_per_floor":[512,512,72,90,103,134,134,153,179,199,199,199,224,224,224,224,224],"floor_reached":16,"language":"ENG","playtime":346,"items_purged":["luka_mod:Cutscene"],"score":100,"play_id":"afc63446-a4b1-483f-91d8-7d9a2c842372","local_time":"20210208194105","is_ascension_mode":false,"campfire_choices":[{"data":"luka_mod:Feel","floor":7,"key":"SMITH"},{"data":"luka_mod:Determination","floor":12,"key":"SMITH"},{"floor":15,"key":"REST"}],"circlet_count":0,"master_deck":["luka_mod:StrikeLukaOne","luka_mod:StrikeLukaTwo","luka_mod:StrikeLukaThree","luka_mod:StrikeLukaFour+1","luka_mod:StrikeLukaFive","luka_mod:StrikeLukaSix","luka_mod:Salt","luka_mod:Guard","luka_mod:Wait","luka_mod:Edging+1","luka_mod:FlailWildly+1","luka_mod:Meditation","luka_mod:Feel+1","luka_mod:RestrictedStrike+1","luka_mod:Determination+1","luka_mod:DeathSwordChaosStar","luka_mod:FlashKill","luka_mod:OiAlice","luka_mod:Gnome","luka_mod:Struggle"],"relics":["luka_mod:KeepsakeRing","Meat on the Bone","Nunchaku","War Paint","theForsaken:Gavel"],"acts_visited":["Exordium"],"potions_floor_usage":[5,16],"damage_taken":[{"damage":12,"enemies":"2 Louse","floor":1,"turns":3},{"damage":6,"enemies":"Cultist","floor":4,"turns":3},{"damage":11,"enemies":"Jaw Worm","floor":5,"turns":2},{"damage":53,"enemies":"3 Sentries","floor":6,"turns":8},{"damage":14,"enemies":"2 Fungi Beasts","floor":8,"turns":3},{"damage":0,"enemies":"Large Slime","floor":10,"turns":4},{"damage":28,"enemies":"The Guardian","floor":16,"turns":2}],"seed_played":"-8281440738153864989","potions_obtained":[{"floor":1,"key":"PowerPotion"},{"floor":6,"key":"SteroidPotion"},{"floor":10,"key":"Regen Potion"}],"is_trial":false,"path_per_floor":["M","?","$","M","M","E","R","M","T","M","?","R","T","?","R","B"],"character_chosen":"LUKA_CLASS","items_purchased":["luka_mod:Determination","Meat on the Bone","luka_mod:DeathSwordChaosStar"],"campfire_rested":1,"item_purchase_floors":[3,3,3],"current_hp_per_floor":[34,34,34,28,29,28,28,34,34,15,15,15,15,7,19,0,0],"gold":224,"neow_bonus":"REMOVE_CARD","is_daily":false,"chose_seed":false,"campfire_upgraded":2,"win_rate":0.0,"timestamp":1612834865,"path_taken":["M","?","$","M","?","E","R","M","T","M","?","R","?","?","R","BOSS"],"items_purchased_type":["Card","Relic","Card"],"build_version":"2020-12-22","purchased_purges":1,"victory":false,"max_hp_per_floor":[40,40,40,40,40,40,40,40,40,42,42,42,42,42,42,42,42],"card_choices":[{"not_picked":["luka_mod:VaporizingRebellionSword","luka_mod:GuardedStrike"],"picked":"luka_mod:Feel","floor":1},{"not_picked":["luka_mod:HeroicStrike","luka_mod:Intense","luka_mod:Struggle"],"picked":"SKIP","floor":4},{"not_picked":["luka_mod:WaterSlash","luka_mod:RestrictedStrike"],"picked":"luka_mod:FlashKill","floor":5},{"not_picked":["luka_mod:Ora","luka_mod:Struggle"],"picked":"luka_mod:OiAlice","floor":6},{"not_picked":["luka_mod:Calm","luka_mod:Feel"],"picked":"luka_mod:Gnome","floor":8},{"not_picked":["luka_mod:VaporizingRebellionSword","luka_mod:DemonSkullBeheading"],"picked":"luka_mod:Struggle","floor":10}],"player_experience":219310,"relics_obtained":[{"floor":6,"key":"Nunchaku"},{"floor":9,"key":"War Paint"},{"floor":13,"key":"theForsaken:Gavel"}],"event_choices":[{"damage_healed":0,"gold_gain":0,"player_choice":"2 cards matched","damage_taken":0,"max_hp_gain":0,"max_hp_loss":0,"event_name":"Match and Keep!","floor":2,"gold_loss":0,"cards_obtained":["luka_mod:Cutscene","luka_mod:RestrictedStrike"]},{"damage_healed":0,"gold_gain":0,"player_choice":"Entered Light","damage_taken":8,"max_hp_gain":0,"max_hp_loss":0,"event_name":"Shining Light","floor":14,"gold_loss":0,"cards_upgraded":["luka_mod:RestrictedStrike","luka_mod:StrikeLukaFour"]}],"is_beta":false,"boss_relics":[],"items_purged_floors":[3],"is_endless":false,"potions_floor_spawned":[1,6,10],"killed_by":"The Guardian","ascension_level":0}}