{"host":"vit9b6u76k1y61sh","time":1612851309,"event":{"mods":["BaseMod","Block Reminder","Colored Powertips","Highlight Path","Minty Spire (QoL Compilation)","Rare Cards Sparkle","Relic Sorter","Relic Stats","StSLib"],"gold_per_floor":[115,115,290,54,64,64,82,82,108,108,108,132,155,180,180,309,309,333,433,21,41,41,54,54,31,58,88,140,171,198,230,242,383,395,427,439,451,451],"floor_reached":37,"language":"ENG","playtime":2455,"items_purged":["Doubt","Strike_G"],"score":508,"play_id":"3f70232d-0e6d-49af-af17-08d373b73012","local_time":"20210209011509","is_ascension_mode":false,"campfire_choices":[{"data":"Devotion","floor":6,"key":"SMITH"},{"data":"Nirvana","floor":8,"key":"SMITH"},{"data":"SandsOfTime","floor":15,"key":"SMITH"},{"data":"Apotheosis","floor":32,"key":"SMITH"}],"circlet_count":0,"master_deck":["Strike_P+1","Strike_P+1","Defend_P+1","Defend_P+1","Defend_P+1","Defend_P+1","Apotheosis+1","CutThroughFate","Devotion+1","Nirvana+1","Study","SandsOfTime+1","Prostrate","DeusExMachina","ClearTheMind","Consecrate","Perseverance","Ghostly","Ghostly","Ghostly","Ghostly","Ghostly","ThirdEye+1","FlyingSleeves","Collect","Prostrate","WheelKick+1","Devotion","BattleHymn+1","Vengeance+1","EmptyFist+1","JustLucky+1"],"relics":["PureWater","Golden Idol","Black Star","Strange Spoon","Blood Vial","MawBank","Bottled Lightning","HornCleat","Astrolabe"],"acts_visited":["Exordium","TheCity","TheBeyond"],"potions_floor_usage":[14,21,21,27,33,33,33,37],"damage_taken":[{"damage":0,"enemies":"2 Louse","floor":1,"turns":2},{"damage":0,"enemies":"Small Slimes","floor":5,"turns":2},{"damage":0,"enemies":"Jaw Worm","floor":7,"turns":5},{"damage":10,"enemies":"Exordium Thugs","floor":12,"turns":6},{"damage":9,"enemies":"2 Fungi Beasts","floor":13,"turns":7},{"damage":0,"enemies":"3 Louse","floor":14,"turns":5},{"damage":7,"enemies":"Slime Boss","floor":16,"turns":5},{"damage":0,"enemies":"Chosen","floor":18,"turns":6},{"damage":21,"enemies":"2 Thieves","floor":21,"turns":4},{"damage":0,"enemies":"3 Cultists","floor":23,"turns":5},{"damage":1,"enemies":"Snecko","floor":27,"turns":6},{"damage":5,"enemies":"Book of Stabbing","floor":28,"turns":7},{"damage":4,"enemies":"Centurion and Healer","floor":29,"turns":6},{"damage":0,"enemies":"3 Cultists","floor":30,"turns":6},{"damage":14,"enemies":"Sentry and Sphere","floor":31,"turns":4},{"damage":0,"enemies":"Collector","floor":33,"turns":6},{"damage":5,"enemies":"3 Darklings","floor":35,"turns":5}],"seed_played":"-2191123025690210582","potions_obtained":[{"floor":5,"key":"FearPotion"},{"floor":7,"key":"Block Potion"},{"floor":13,"key":"Explosive Potion"},{"floor":14,"key":"Swift Potion"},{"floor":23,"key":"Swift Potion"},{"floor":28,"key":"Strength Potion"},{"floor":29,"key":"Strength Potion"},{"floor":35,"key":"ColorlessPotion"}],"is_trial":false,"path_per_floor":["M","?","?","$","M","R","M","R","T","?","?","M","M","M","R","B",null,"M","?","$","M","?","M","?","$","T","M","E","M","M","M","R","B",null,"M","?","M"],"character_chosen":"WATCHER","items_purchased":["Devotion","Consecrate","Strange Spoon","Blood Vial","FlyingSleeves"],"campfire_rested":0,"item_purchase_floors":[4,20,20,20,25],"current_hp_per_floor":[51,37,37,37,37,37,37,37,37,37,37,27,18,18,18,11,67,67,67,67,46,33,33,33,33,33,32,28,26,28,16,16,18,33,28,28,0,0],"gold":451,"neow_bonus":"RANDOM_COLORLESS_2","is_daily":false,"chose_seed":false,"campfire_upgraded":4,"win_rate":0.0,"timestamp":1612851309,"path_taken":["M","?","?","?","?","R","M","R","T","?","?","M","?","?","R","BOSS","M","?","?","M","?","M","?","$","T","M","E","?","M","M","R","BOSS","M","?","M"],"items_purchased_type":["Card","Card","Relic","Relic","Card"],"build_version":"2020-12-22","purchased_purges":2,"victory":false,"max_hp_per_floor":[72,72,72,72,72,72,72,72,72,67,67,67,67,67,67,67,67,67,67,67,67,33,33,33,33,33,33,33,33,33,33,33,33,33,33,31,31,31],"relic_stats":{"Blood Vial":11,"Strange Spoon":[62],"counters":[18,95],"Golden Idol":106,"Astrolabe":["BattleHymn","Vengeance","EmptyFist"],"Black Star":1,"MawBank":132,"obtain_stats":[{"Blood Vial":20,"Strange Spoon":20,"HornCleat":28,"Golden Idol":10,"Astrolabe":34,"Black Star":17,"Bottled Lightning":28,"PureWater":0,"MawBank":26},{"Blood Vial":8,"Strange Spoon":8,"HornCleat":12,"Golden Idol":3,"Astrolabe":16,"Black Star":7,"Bottled Lightning":12,"PureWater":0,"MawBank":10},{"Blood Vial":38,"Strange Spoon":38,"HornCleat":60,"Golden Idol":9,"Astrolabe":82,"Black Star":32,"Bottled Lightning":60,"PureWater":0,"MawBank":47}]},"card_choices":[{"not_picked":["Sadistic Nature","Secret Technique"],"picked":"Apotheosis","floor":0},{"not_picked":["Crescendo","EmptyBody"],"picked":"CutThroughFate","floor":1},{"not_picked":["Halt","Adaptation","Indignation"],"picked":"SKIP","floor":5},{"not_picked":["EmptyFist","Weave"],"picked":"Nirvana","floor":7},{"not_picked":["EmptyFist","Adaptation"],"picked":"Study","floor":12},{"not_picked":["Blasphemy","CutThroughFate"],"picked":"SandsOfTime","floor":13},{"not_picked":["Wallop","CarveReality"],"picked":"Prostrate","floor":14},{"not_picked":["Ragnarok","Establishment"],"picked":"DeusExMachina","floor":16},{"not_picked":["FollowUp","Swivel+1"],"picked":"ClearTheMind","floor":18},{"not_picked":["FlyingSleeves","Prostrate"],"picked":"Perseverance","floor":21},{"not_picked":["Wallop","Meditate"],"picked":"ThirdEye+1","floor":23},{"not_picked":["ReachHeaven","PathToVictory"],"picked":"Collect","floor":27},{"not_picked":["Protect","Swivel+1"],"picked":"Prostrate","floor":28},{"not_picked":["Protect","Crescendo"],"picked":"WheelKick+1","floor":29},{"not_picked":["Crescendo","SignatureMove+1","SashWhip+1"],"picked":"SKIP","floor":30},{"not_picked":["WheelKick","PathToVictory","Evaluate"],"picked":"SKIP","floor":31},{"not_picked":["LessonLearned","Scrawl"],"picked":"Devotion","floor":33},{"not_picked":["EmptyMind+1","ThirdEye+1"],"picked":"JustLucky+1","floor":35}],"player_experience":150602,"relics_obtained":[{"floor":26,"key":"MawBank"},{"floor":28,"key":"Bottled Lightning"},{"floor":28,"key":"HornCleat"}],"event_choices":[{"damage_healed":0,"gold_gain":0,"player_choice":"Entered Light","damage_taken":14,"max_hp_gain":0,"max_hp_loss":0,"event_name":"Shining Light","floor":2,"gold_loss":0,"cards_upgraded":["Defend_P","Strike_P"]},{"damage_healed":0,"gold_gain":175,"player_choice":"AGREE","damage_taken":0,"max_hp_gain":0,"max_hp_loss":0,"event_name":"Liars Game","floor":3,"gold_loss":0,"cards_obtained":["Doubt"]},{"damage_healed":0,"gold_gain":0,"player_choice":"Lose Max HP","damage_taken":0,"relics_obtained":["Golden Idol"],"max_hp_gain":0,"max_hp_loss":5,"event_name":"Golden Idol","floor":10,"gold_loss":0},{"cards_removed":["Eruption"],"damage_healed":0,"gold_gain":0,"player_choice":"Took Card","damage_taken":0,"max_hp_gain":0,"max_hp_loss":0,"event_name":"NoteForYourself","floor":11,"gold_loss":0,"cards_obtained":["Strike_G"]},{"damage_healed":0,"gold_gain":100,"player_choice":"Pray","damage_taken":0,"max_hp_gain":0,"max_hp_loss":0,"event_name":"Golden Shrine","floor":19,"gold_loss":0},{"damage_healed":0,"gold_gain":0,"player_choice":"Became a Ghost","damage_taken":0,"max_hp_gain":0,"max_hp_loss":34,"event_name":"Ghosts","floor":22,"gold_loss":0,"cards_obtained":["Ghostly","Ghostly","Ghostly","Ghostly","Ghostly"]},{"damage_healed":0,"gold_gain":0,"player_choice":"Simplicity","damage_taken":0,"max_hp_gain":0,"max_hp_loss":0,"event_name":"Back to Basics","floor":24,"gold_loss":0,"cards_upgraded":["Strike_P","Strike_P","Strike_P","Defend_P","Defend_P","Defend_P"]},{"damage_healed":0,"gold_gain":0,"player_choice":"Max HP","damage_taken":0,"max_hp_gain":0,"max_hp_loss":2,"event_name":"Winding Halls","floor":36,"gold_loss":0}],"is_beta":false,"boss_relics":[{"not_picked":["Tiny House","Busted Crown"],"picked":"Black Star"},{"not_picked":["Cursed Key","VioletLotus"],"picked":"Astrolabe"}],"items_purged_floors":[4,20],"is_endless":false,"potions_floor_spawned":[5,7,13,14,23,28,29,31,35],"killed_by":"3 Shapes","ascension_level":0}}