{"host":"tvwbxqry54t86y0v","time":1612852340,"event":{"mods":["2.2 Compatiblity","A Magickal Journey","Act Like it!","Arknights","Astrologer","BaseMod","Beaked The Cultist","BetterRewards","Block Reminder","Clockwork Mod","Colored Powertips","DeckTracker","Downfall","Fiend Mod","GungeonMod","Hermit","Hubris","Infinite Spire","Ironclad Rager","Marked Mod","Mimic Mod","Minty Spire (QoL Compilation)","Potionbrewer","Reliquary","Replay The Spire","Robot Space Explorer","Shade Mod","Somnambulant","StSLib","The Bug Knight","The Cursed","The Death Knight","The Druid","The Elementalist","The Exalted","The Forsaken","The Hierophant","The Jungle","The Marked","The Mystic","The Problem Sleuth","The Runesmith","The Senshi","The Spell Scribe","The Valiant","The Wild Card","TheFirefly","TheHeartMod","Unceasing Turn Reminder","thorton"],"gold_per_floor":[117,117,117,45,55,82,82,82,82,95,106,117,143,158,158,254,254,194,194,188,199,218,218,218,163,209,209,209,239,239,252,252,351,351,361,361,381,396,0,27,39,39,39,39,39,74,74,124,124,124,124,124,32,63,63,63],"floor_reached":55,"language":"ENG","playtime":3885,"items_purged":[],"score":796,"play_id":"db7a2d5a-76ed-4d87-ac92-f0c239ac278d","local_time":"20210209173220","is_ascension_mode":true,"campfire_choices":[{"floor":8,"key":"REST"},{"data":"ats:LN2 Cannon","floor":15,"key":"SMITH"},{"floor":23,"key":"RECALL"},{"data":"ats:Thorns","floor":30,"key":"SMITH"},{"data":"ats:Dogmatic Field","floor":32,"key":"SMITH"},{"data":"ats:Durian","floor":42,"key":"SMITH"},{"data":"ats:Thorns","floor":44,"key":"SMITH"},{"data":"infinitespire:Collect","floor":47,"key":"SMITH"},{"data":"theWildCard:Scathach","floor":49,"key":"SMITH"},{"data":"ats:Sword Rain","floor":52,"key":"SMITH"}],"circlet_count":0,"master_deck":["ats:Strike C+1","ats:Strike G+1","ats:Strike S+1","ats:Strike V+1","ats:Armor Crushing Shot","ats:Defend+1","ats:Defend+1","ats:Defend+1","ats:Defend+1","ats:Emotion Absorption+1","ats:Absolute Focus","theWildCard:Scathach+1","ats:Thorns+1","ats:Nebulous Foxfire+1","ats:LN2 Cannon+1","ats:Spore Proliferation","ats:Absolute Focus","ats:Calcification","ats:Thorns+1","Parasite","ats:Revitalization+1","ats:Thorns+1","ats:Thorns+1","ats:Hook Shot","ats:Dogmatic Field+1","ats:Durian+1","CurseOfTheBell","ats:Sword Rain+1","infinitespire:Collect+1","ats:Literary Storm+1","ats:Sashimi Platter+1","ReplayTheSpireMod:Splinters","Replay:Parry","ats:Phantom+1"],"relics":["ats:Sanity","ats:Originium","ReplayTheSpireMod:Ninjato","ats:Industrial Water Cannon","infinitespire:Joker Card","Replay:Fungal Core","Replay:Baseball","ReplayTheSpireMod:CursedCoin","hubris:Towel","ats:Spiritual Recovery","Calling Bell","Lantern","Kunai","Bromod:ArcaneAvenger","ats:Support","ats:Military Tradition","TheAbacus","ats:Ability Aura","hubris:GlazedTorus","StrikeDummy","Bromod:ArcaneAwakening","infinitespire:Broken Mirror"],"acts_visited":["Exordium","TheCity","TheBeyond","TheEnding"],"potions_floor_usage":[6,16,31,31,33,35,46,46,50],"damage_taken":[{"damage":3,"enemies":"2 Louse","floor":1,"turns":4},{"damage":0,"enemies":"Jaw Worm","floor":5,"turns":4},{"damage":34,"enemies":"Gremlin Nob","floor":6,"turns":6},{"damage":4,"enemies":"ats:Genji","floor":10,"turns":3},{"damage":5,"enemies":"Red Slaver","floor":11,"turns":5},{"damage":6,"enemies":"2 Fungi Beasts","floor":12,"turns":5},{"damage":12,"enemies":"Replay:BlueRogue","floor":13,"turns":8},{"damage":20,"enemies":"Large Slime","floor":14,"turns":10},{"damage":29,"enemies":"Slime Boss","floor":16,"turns":13},{"damage":17,"enemies":"2 Thieves","floor":18,"turns":4},{"damage":2,"enemies":"Shell Parasite","floor":21,"turns":4},{"damage":24,"enemies":"Snake Plant","floor":22,"turns":6},{"damage":5,"enemies":"Replay:Snechameleon","floor":29,"turns":6},{"damage":9,"enemies":"Centurion and Healer","floor":31,"turns":8},{"damage":51,"enemies":"Collector","floor":33,"turns":14},{"damage":17,"enemies":"3 Darklings","floor":35,"turns":3},{"damage":32,"enemies":"Orb Walker","floor":37,"turns":4},{"damage":22,"enemies":"3 Darklings","floor":38,"turns":5},{"damage":89,"enemies":"Reptomancer","floor":40,"turns":7},{"damage":29,"enemies":"Spire Growth","floor":41,"turns":5},{"damage":103,"enemies":"Giant Head","floor":46,"turns":10},{"damage":88,"enemies":"Awakened One","floor":50,"turns":13},{"damage":55,"enemies":"Shield and Spear","floor":54,"turns":4},{"damage":46,"enemies":"The Heart","floor":55,"turns":3}],"seed_played":"-7176802771497277024","potions_obtained":[{"floor":1,"key":"potionbrewer:BarricadePotion"},{"floor":14,"key":"AttackPotion"},{"floor":16,"key":"Guardian:BlockOnCardUsePotion"},{"floor":22,"key":"LiquidMemories"},{"floor":31,"key":"bronze:BurnAndBuffPotion"},{"floor":33,"key":"LiquidMemories"},{"floor":37,"key":"Milkshake"},{"floor":40,"key":"Strength Potion"},{"floor":41,"key":"AttackPotion"},{"floor":46,"key":"champ:CounterPotion"},{"floor":54,"key":"potionbrewer:AcidPotion"}],"is_trial":false,"path_per_floor":["M","?","?","$","M","E","$","R","T","M","M","M","E","M","R","B",null,"M","?","$","M","M","R","?","$","T","?","?","E","R","M","R","B",null,"M","AVR","M","M","$","E","M","R","T","R","?","E","R","?","R","B",null,"R","$","E","B"],"character_chosen":"DOCTOR_CLASS","items_purchased":["ats:Thorns","Replay:Baseball","ReplayTheSpireMod:CursedCoin","ats:Thorns","ats:Military Tradition","TheAbacus","Replay:Parry"],"campfire_rested":1,"item_purchase_floors":[4,20,20,25,39,39,53],"current_hp_per_floor":[69,69,69,69,69,35,35,56,56,57,52,58,58,67,67,58,72,59,38,38,46,35,35,35,35,35,35,35,40,40,72,72,72,72,72,72,59,70,70,41,52,52,52,52,52,72,72,72,72,72,72,72,72,39,0,0],"gold":63,"neow_bonus":"UPGRADE_CARD","is_daily":false,"chose_seed":false,"campfire_upgraded":8,"win_rate":0.0,"timestamp":1612852340,"path_taken":["M","?","?","?","M","E","$","R","T","?","M","M","E","M","R","BOSS","M","?","$","M","M","R","?","?","T","?","?","E","R","M","R","BOSS","M","AVR","M","M","$","E","M","R","T","R","?","E","R","?","R","BOSS","R","$","E","BOSS"],"items_purchased_type":["Card","Relic","Relic","Card","Relic","Relic","Card"],"build_version":"2020-12-22","purchased_purges":0,"victory":false,"max_hp_per_floor":[72,72,72,72,72,72,72,72,72,72,72,72,72,72,72,72,72,72,72,72,72,72,72,72,72,72,72,72,72,72,72,72,72,72,72,72,72,72,72,72,72,72,72,72,72,72,72,72,72,72,72,72,72,72,72,72],"card_choices":[{"not_picked":["ats:Guard Mode","ats:Powerful Strike"],"picked":"ats:Absolute Focus","floor":1},{"not_picked":["ats:Blood Oath","ats:Very Hot Blade","ats:Ignite"],"picked":"SKIP","floor":5},{"not_picked":["ats:Composite Medical Shells","ats:Closed Bolt Burst Fire"],"picked":"ats:Nebulous Foxfire","floor":6},{"not_picked":["ats:Cat Scratch","ats:Guard Mode","ats:Closed Bolt Burst Fire"],"picked":"SKIP","floor":10},{"not_picked":["ats:Blood Oath","ats:Steam Pump","ats:Shell Defense"],"picked":"SKIP","floor":11},{"not_picked":["ats:Mental Burst","ats:Ambush"],"picked":"ats:LN2 Cannon","floor":12},{"not_picked":["ats:Ignite","ats:Consecutive Shot Auto"],"picked":"ats:Spore Proliferation","floor":13},{"not_picked":["ats:Hammer On","ats:Soul Absorption"],"picked":"ats:Absolute Focus","floor":14},{"not_picked":["ats:Durian","ats:Shadow Assault"],"picked":"ats:Calcification","floor":16},{"not_picked":["ats:Explosion Area Strengthen+1","ats:Counter Healing Mode"],"picked":"ats:Thorns","floor":18},{"not_picked":["ats:Explosion Area Strengthen+1","ats:Poison Spread+1","ats:Neurotoxin"],"picked":"SKIP","floor":21},{"not_picked":["ats:Chain Hook","ats:Sunburst"],"picked":"ats:Revitalization+1","floor":22},{"not_picked":["ats:Poison Spread+1","ats:Apocalypse"],"picked":"ats:Hook Shot","floor":29},{"not_picked":["ats:Flexible Camouflage","ats:Assault Order"],"picked":"ats:Dogmatic Field","floor":31},{"not_picked":["ats:Ambush","ats:Echo Reverb"],"picked":"ats:Durian","floor":33},{"not_picked":["ats:Hammer On","ats:Echo Reverb"],"picked":"ats:Sword Rain","floor":35},{"not_picked":["ats:Explosion Area Strengthen","ats:Beaten Up","ats:Guard Mode+1"],"picked":"SKIP","floor":37},{"not_picked":["ats:Closed Bolt Burst Fire","ats:Absolute Focus","ats:Guard Mode"],"picked":"SKIP","floor":38},{"not_picked":["ats:Consecutive Shot Auto+1","ats:Blood Oath","ats:Guard Mode"],"picked":"SKIP","floor":40},{"not_picked":["ats:LN2 Cannon","ats:Ignite+1"],"picked":"ats:Literary Storm+1","floor":41},{"not_picked":["ats:Very Hot Blade","ats:Explosion Area Strengthen+1"],"picked":"ats:Sashimi Platter+1","floor":46},{"not_picked":["ats:Counter Healing Mode","ats:Apocalypse+1"],"picked":"ats:Phantom+1","floor":54}],"player_experience":1156834,"relics_obtained":[{"floor":6,"key":"ats:Originium"},{"floor":6,"key":"ReplayTheSpireMod:Ninjato"},{"floor":9,"key":"ats:Industrial Water Cannon"},{"floor":13,"key":"ats:Originium"},{"floor":13,"key":"infinitespire:Joker Card"},{"floor":29,"key":"ats:Originium"},{"floor":29,"key":"ats:Spiritual Recovery"},{"floor":34,"key":"Lantern"},{"floor":34,"key":"Kunai"},{"floor":34,"key":"Bromod:ArcaneAvenger"},{"floor":40,"key":"ats:Originium"},{"floor":40,"key":"ats:Ability Aura"},{"floor":43,"key":"hubris:GlazedTorus"},{"floor":46,"key":"StrikeDummy"},{"floor":48,"key":"Bromod:ArcaneAwakening"},{"floor":54,"key":"infinitespire:Broken Mirror"}],"event_choices":[{"damage_healed":0,"gold_gain":0,"player_choice":"Simplicity","damage_taken":0,"max_hp_gain":0,"max_hp_loss":0,"event_name":"Back to Basics","floor":27,"gold_loss":0,"cards_upgraded":["ats:Strike C","ats:Strike G","ats:Strike S","ats:Strike V","ats:Defend","ats:Defend","ats:Defend","ats:Defend"]},{"damage_healed":0,"gold_gain":0,"player_choice":"Ignored","damage_taken":0,"max_hp_gain":0,"max_hp_loss":0,"event_name":"Fountain of Cleansing","floor":28,"gold_loss":0}],"is_beta":false,"boss_relics":[{"not_picked":["reliquary:WritOfMandamus","Runic Dome"],"picked":"Replay:Fungal Core"},{"not_picked":["SacredBark","potionbrewer:BhaskarasWheel"],"picked":"Calling Bell"}],"items_purged_floors":[],"is_endless":false,"potions_floor_spawned":[1,14,16,22,31,33,37,40,41,46,54],"killed_by":"The Heart","ascension_level":2}}