{"host":"2pmmafybkq7zb6na","time":1612880865,"event":{"mods":["AchievementEnabler","BaseMod","Colored Map","Highlight Path","Keyboard Shortcuts","Minty Spire (QoL Compilation)","Quick Restart","StSLib","SuperFastMode"],"gold_per_floor":[369,369,387,406,419,419,65,90,90,115,115,125,143,159,159,159,159],"floor_reached":16,"language":"KOR","playtime":702,"items_purged":["Strike_G"],"score":120,"play_id":"fcedf3fa-9c99-49ab-b2e3-4ba5b86deee4","local_time":"20210209232745","is_ascension_mode":true,"campfire_choices":[{"data":"Calculated Gamble","floor":6,"key":"SMITH"},{"floor":11,"key":"REST"},{"floor":15,"key":"REST"}],"circlet_count":0,"master_deck":["Strike_G","Strike_G","Strike_G","Strike_G","Defend_G","Defend_G","Defend_G","Defend_G","Defend_G","Survivor","Neutralize","Deflect","Neutralize","Dash","Calculated Gamble+1","PiercingWail","Envenom","Cloak And Dagger","Dagger Spray+1","Concentrate","Cloak And Dagger","Reflex","Backflip"],"relics":["Ring of the Snake","Vajra","Molten Egg 2","Sundial","Kunai"],"acts_visited":["Exordium"],"potions_floor_usage":[8,12,13],"damage_taken":[{"damage":9,"enemies":"Jaw Worm","floor":1,"turns":5},{"damage":1,"enemies":"Cultist","floor":3,"turns":4},{"damage":0,"enemies":"2 Louse","floor":4,"turns":3},{"damage":3,"enemies":"2 Fungi Beasts","floor":5,"turns":5},{"damage":28,"enemies":"3 Sentries","floor":8,"turns":9},{"damage":16,"enemies":"Gremlin Nob","floor":10,"turns":6},{"damage":0,"enemies":"Large Slime","floor":12,"turns":4},{"damage":0,"enemies":"3 Louse","floor":13,"turns":4},{"damage":0,"enemies":"Red Slaver","floor":14,"turns":3},{"damage":44,"enemies":"The Guardian","floor":16,"turns":11}],"seed_played":"785912346908394974","potions_obtained":[{"floor":5,"key":"LiquidBronze"},{"floor":10,"key":"AttackPotion"},{"floor":13,"key":"Fruit Juice"},{"floor":14,"key":"LiquidBronze"}],"is_trial":false,"path_per_floor":["M","?","M","M","M","R","$","E","T","E","R","M","M","M","R","B"],"character_chosen":"THE_SILENT","items_purchased":["Envenom","Cloak And Dagger","Vajra"],"campfire_rested":2,"item_purchase_floors":[7,7,7],"current_hp_per_floor":[54,54,53,53,50,50,50,22,22,6,24,24,29,29,49,5,5],"gold":159,"neow_bonus":"TWO_FIFTY_GOLD","is_daily":false,"chose_seed":false,"campfire_upgraded":1,"win_rate":0.0,"timestamp":1612880865,"path_taken":["M","?","M","M","M","R","$","E","T","E","R","M","M","M","R","BOSS"],"items_purchased_type":["Card","Card","Relic"],"build_version":"2020-12-22","purchased_purges":1,"victory":false,"max_hp_per_floor":[63,63,63,63,63,63,63,63,63,63,63,63,68,68,68,68,68],"card_choices":[{"not_picked":["Deadly Poison","Acrobatics"],"picked":"Deflect","floor":1},{"not_picked":["Finisher","Bane"],"picked":"Dash","floor":3},{"not_picked":["Footwork","Slice"],"picked":"Calculated Gamble","floor":4},{"not_picked":["Sucker Punch","Poisoned Stab"],"picked":"PiercingWail","floor":5},{"not_picked":["Prepared","Expertise"],"picked":"Dagger Spray+1","floor":8},{"not_picked":["Crippling Poison","Dagger Throw+1"],"picked":"Concentrate","floor":10},{"not_picked":["Deadly Poison","Deflect"],"picked":"Cloak And Dagger","floor":12},{"not_picked":["Burst","Flying Knee+1"],"picked":"Reflex","floor":13},{"not_picked":["Deflect","Outmaneuver"],"picked":"Backflip","floor":14}],"player_experience":132606,"relics_obtained":[{"floor":8,"key":"Molten Egg 2"},{"floor":9,"key":"Sundial"},{"floor":10,"key":"Kunai"}],"event_choices":[{"damage_healed":0,"gold_gain":0,"player_choice":"1 cards matched","damage_taken":0,"max_hp_gain":0,"max_hp_loss":0,"event_name":"Match and Keep!","floor":2,"gold_loss":0,"cards_obtained":["Neutralize"]}],"is_beta":false,"boss_relics":[],"items_purged_floors":[7],"is_endless":false,"potions_floor_spawned":[5,10,13,14],"killed_by":"The Guardian","ascension_level":1}}