{"host":"gaqyve1328ta0etl","time":1612840634,"event":{"mods":["BaseMod","Colored Map","Colored Powertips","Duelist Mod","Googly Eyes","Hero for Fun","Minty Spire (QoL Compilation)","Shop Mod","StSLib","SuperFastMode","The Hierophant","The Runesmith"],"gold_per_floor":[138,155,155,80,94,94,106,106,106,125,125,125,125,149,149,279,279,294,294,294,288,153,153,173,173,199,222,222,97,131,145,145,268,268,292,142,0,15,28,28,28,28],"floor_reached":41,"language":"ENG","playtime":1623,"items_purged":["theDuelist:Sparks","theDuelist:BeaverWarrior","theDuelist:ScrapFactory","theDuelist:GiantSoldier"],"score":634,"play_id":"b1901044-77ea-47b3-9df8-83c76bc1292b","local_time":"20210208191714","is_ascension_mode":true,"campfire_choices":[{"data":"theDuelist:HappyLover","floor":6.0,"key":"SMITH"},{"data":"theDuelist:ElectromagneticShield","floor":8.0,"key":"SMITH"},{"floor":13.0,"key":"REST"},{"data":"theDuelist:LightningVortex","floor":15.0,"key":"SMITH"},{"data":"theDuelist:SwordsConcealing","floor":23,"key":"SMITH"},{"floor":25,"key":"REST"},{"data":"theDuelist:HappyLover","floor":28,"key":"SMITH"},{"data":"theDuelist:DoubleTool","floor":32,"key":"SMITH"},{"floor":40,"key":"REST"}],"circlet_count":0,"master_deck":["theDuelist:FinalFlame","theDuelist:GiantSoldier","theDuelist:HappyLover+1","theDuelist:DoubleTool+1","theDuelist:ElectromagneticShield+1","theDuelist:Eva","theDuelist:LightningVortex+1","theDuelist:SwordsConcealing+1","theDuelist:LightLaser+1","theDuelist:VendreadCharge+1","theDuelist:GridRod+1","Master of Strategy+1","theDuelist:Electrowhip","theDuelist:HappyLover+1","theDuelist:RainbowKuriboh","theDuelist:Reinforcements","theDuelist:GilfordLegend+1"],"relics":["theDuelist:MillenniumPuzzle","theDuelist:CardPoolRelic","theDuelist:CardPoolBasicRelic","theDuelist:BoosterPackPoolRelic","theDuelist:CardPoolAddRelic","theDuelist:CardPoolMinusRelic","theDuelist:CardPoolSaveRelic","theDuelist:CardPoolOptionsRelic","NeowsBlessing","theDuelist:MillenniumPeriapt","Golden Idol","theDuelist:NamelessPowerRelicB","Astrolabe","Potion Belt","Question Card","Inserter","Red Mask"],"acts_visited":["Exordium","TheCity","TheBeyond"],"potions_floor_usage":[21,30],"damage_taken":[{"damage":0.0,"enemies":"Jaw Worm","floor":1.0,"turns":1.0},{"damage":0.0,"enemies":"Small Slimes","floor":2.0,"turns":1.0},{"damage":0.0,"enemies":"2 Louse","floor":5.0,"turns":1.0},{"damage":0.0,"enemies":"Looter","floor":7.0,"turns":4.0},{"damage":0.0,"enemies":"Blue Slaver","floor":10.0,"turns":5.0},{"damage":0.0,"enemies":"3 Louse","floor":14.0,"turns":4.0},{"damage":0.0,"enemies":"The Guardian","floor":16.0,"turns":22.0},{"damage":0,"enemies":"Spheric Guardian","floor":18,"turns":6},{"damage":15,"enemies":"2 Thieves","floor":21,"turns":4},{"damage":13,"enemies":"Snecko","floor":24,"turns":7},{"damage":0,"enemies":"Snake Plant","floor":27,"turns":7},{"damage":0,"enemies":"Slavers","floor":30,"turns":8},{"damage":0,"enemies":"Centurion and Healer","floor":31,"turns":7},{"damage":0,"enemies":"Collector","floor":33,"turns":10},{"damage":44,"enemies":"3 Shapes","floor":35,"turns":7},{"damage":0,"enemies":"Orb Walker","floor":38,"turns":3},{"damage":28,"enemies":"Jaw Worm Horde","floor":39,"turns":5},{"damage":49,"enemies":"Nemesis","floor":41,"turns":8}],"seed_played":"-5579598865183726972","potions_obtained":[{"floor":5.0,"key":"FearPotion"},{"floor":7.0,"key":"Block Potion"},{"floor":10.0,"key":"theDuelist:VampireVial"},{"floor":16.0,"key":"DuplicationPotion"},{"floor":24,"key":"SpeedPotion"},{"floor":27,"key":"theDuelist:ExtraOrbsBottle"},{"floor":33,"key":"GamblersBrew"}],"is_trial":false,"path_per_floor":["M","M","?","$","M","R","M","R","T","M","?","?","R","M","R","B",null,"M","?","?","M","$","R","M","R","T","M","R","$","E","M","R","B",null,"M","$","?","M","M","R","E"],"character_chosen":"THE_DUELIST","items_purchased":["theDuelist:Electrowhip"],"campfire_rested":3,"item_purchase_floors":[22],"current_hp_per_floor":[80,80,80,80,80,80,80,80,80,80,60,67,83,83,83,83,83,83,83,83,68,68,68,55,79,79,79,79,79,79,79,79,79,83,39,39,39,39,11,35,0,0],"gold":28,"neow_bonus":"THREE_ENEMY_KILL","is_daily":false,"chose_seed":false,"campfire_upgraded":6,"win_rate":0.0,"timestamp":1612840634,"path_taken":["M","M","?","$","M","R","M","R","T","M","?","?","R","M","R","BOSS","M","?","?","M","$","R","M","R","T","M","R","$","E","M","R","BOSS","M","$","?","M","M","R","E"],"items_purchased_type":["Card"],"build_version":"2020-12-22","purchased_purges":4,"victory":false,"max_hp_per_floor":[80,80,80,80,80,80,80,80,80,80,80,83,83,83,83,83,83,83,83,83,83,83,83,83,83,83,83,83,83,83,83,83,83,83,83,83,83,83,83,83,83,83],"card_choices":[{"not_picked":["theDuelist:RainbowNeos","theDuelist:Eva","theDuelist:RainbowKuriboh","theDuelist:RainbowOverdragon"],"picked":"theDuelist:HappyLover","floor":1.0},{"not_picked":["theDuelist:MeteorDestruction","theDuelist:Hinotama","theDuelist:BigFire","theDuelist:Sangan"],"picked":"theDuelist:DoubleTool","floor":2.0},{"not_picked":["theDuelist:WhiteHowling","theDuelist:Electrowhip","theDuelist:MiraculousDescent"],"picked":"theDuelist:ElectromagneticShield","floor":5.0},{"not_picked":["theDuelist:Hinotama","theDuelist:WhiteMagicalHat","theDuelist:OnslaughtFireKings","theDuelist:CombinationAttack"],"picked":"theDuelist:Eva","floor":7.0},{"not_picked":["theDuelist:VendreadCharge","theDuelist:FeatherShot"],"picked":"theDuelist:LightningVortex","floor":10.0},{"not_picked":["theDuelist:Wildfire","theDuelist:SwordsRevealing","theDuelist:SevenCompleted","theDuelist:InstantFusion","theDuelist:FeatherShot"],"picked":"SKIP","floor":14.0},{"not_picked":["theDuelist:PineappleBlast","theDuelist:LightningBlade","theDuelist:ForbiddenLance","theDuelist:MillenniumShield"],"picked":"theDuelist:SwordsConcealing","floor":16.0},{"not_picked":["theDuelist:Sparks","theDuelist:DoubleTool","theDuelist:LightningVortex","theDuelist:SwordsConcealing+1","theDuelist:LightLaser+1"],"picked":"SKIP","floor":18},{"not_picked":["Deep Breath","PanicButton","Secret Technique+1"],"picked":"Master of Strategy+1","floor":21},{"not_picked":["theDuelist:HappyLover","theDuelist:RainbowNeos","theDuelist:MythicalBeast","theDuelist:SpiritHarp+1","theDuelist:WhiteMagicalHat"],"picked":"SKIP","floor":24},{"not_picked":["theDuelist:BeaverWarrior","theDuelist:GiantSoldier","theDuelist:Eva","theDuelist:Wightprincess"],"picked":"theDuelist:HappyLover","floor":27},{"not_picked":["theDuelist:BigFire+1","theDuelist:Invigoration","theDuelist:ElectromagneticShield","theDuelist:GravityAxe+1","theDuelist:PotDuality+1"],"picked":"SKIP","floor":30},{"not_picked":["theDuelist:Hinotama+1","theDuelist:LightningBlade+1","theDuelist:SparkBlaster+1","theDuelist:SpiralSpearStrike+1","theDuelist:VenomShot+1"],"picked":"SKIP","floor":31},{"not_picked":["theDuelist:Eva","theDuelist:KamionTimelord+1","theDuelist:RainbowNeos","theDuelist:RainbowOverdragon"],"picked":"theDuelist:RainbowKuriboh","floor":33},{"not_picked":["theDuelist:PowerWall","theDuelist:Graverobber+1","theDuelist:WhiteHowling","theDuelist:Wiretap"],"picked":"theDuelist:Reinforcements","floor":35},{"not_picked":["theDuelist:MillenniumScorpion+1","theDuelist:Metronome+1","theDuelist:OrbMetronome","theDuelist:SmashingGround"],"picked":"theDuelist:GilfordLegend+1","floor":38},{"not_picked":["theDuelist:BigFire+1","theDuelist:MeteorDestruction+1","theDuelist:DarkBurningAttack","theDuelist:WhiteMagicalHat","theDuelist:CircleFireKings"],"picked":"SKIP","floor":39}],"player_experience":2107752,"relics_obtained":[{"floor":9.0,"key":"theDuelist:MillenniumPeriapt"},{"floor":26,"key":"Potion Belt"},{"floor":30,"key":"Question Card"}],"event_choices":[{"damage_healed":0.0,"max_hp_gain":0.0,"max_hp_loss":0.0,"gold_gain":0.0,"event_name":"Liars Game","player_choice":"Ignored","floor":3.0,"gold_loss":0.0,"damage_taken":0.0},{"damage_healed":0.0,"max_hp_gain":0.0,"max_hp_loss":0.0,"gold_gain":0.0,"event_name":"Golden Idol","player_choice":"Take Damage","floor":11.0,"gold_loss":0.0,"damage_taken":20.0,"relics_obtained":["Golden Idol"]},{"power_reward":3.0,"total_magic_score":57.0,"gold_gain":0.0,"duelist":true,"damage_taken":0.0,"relics_obtained":["theDuelist:NamelessPowerRelicB"],"points":9.0,"max_hp_gain":7.0,"max_hp_loss":4.0,"spent_points":{"magic":2.0,"greed":0.0,"war":0.0,"power":3.0,"hunger":4.0},"event_name":"Nameless Tomb","hunger_reward":4.0,"floor":12.0,"gold_loss":0.0,"cards_obtained":[]},{"cards_removed":["theDuelist:BeaverWarrior"],"damage_healed":0,"gold_gain":0,"player_choice":"Elegance","damage_taken":0,"max_hp_gain":0,"max_hp_loss":0,"event_name":"Back to Basics","floor":19,"gold_loss":0},{"damage_healed":0,"gold_gain":0,"player_choice":"Leave","duelist":true,"damage_taken":0,"max_hp_gain":0,"max_hp_loss":0,"event_name":"Relic Duplicator","floor":20,"gold_loss":0},{"damage_healed":0,"gold_gain":0,"player_choice":"Paid","damage_taken":0,"relics_obtained":["Red Mask"],"max_hp_gain":0,"max_hp_loss":0,"event_name":"Tomb of Lord Red Mask","floor":37,"gold_loss":142}],"is_beta":false,"boss_relics":[{"not_picked":["Cursed Key","Runic Cube"],"picked":"Astrolabe"},{"not_picked":["theDuelist:ElectricKey","HoveringKite"],"picked":"Inserter"}],"items_purged_floors":[4,22,29,36],"is_endless":false,"potions_floor_spawned":[5,7,10,16,24,27,33],"killed_by":"Nemesis","ascension_level":4}}