{"host":"tj6tjcyqgbd0xj5u","time":1612897124,"event":{"mods":["Aspiration","BaseMod","Better Match","BetterRewards","Challenge The Spire","Conspire","Defuse TimeMaze Blight","Dota2Spire","Downfall","Energized Spire","Evolution","GifTheSpireLib","Good Game Mod","Halation","Hubris","Hyrulean Relics","Infinite Spire","Minty Spire (QoL Compilation)","Reliquary","Replay The Spire","Reworked Bosses","Spikes Relics","StS++","StSLib","Stuff the Spire"],"gold_per_floor":[119,119,394,413,374,408,3,34,82,114,128,128,128,148,148,249,249,264,337,51,51,4,30,30,60,83,83,102,130,130,130],"floor_reached":30,"language":"ENG","playtime":1044,"items_purged":["Regret"],"score":445,"play_id":"909baba2-ce91-4450-a89d-915d936cd8dd","local_time":"20210209145844","is_ascension_mode":true,"campfire_choices":[{"floor":12,"key":"REST"},{"data":"Dropkick","floor":15,"key":"SMITH"},{"floor":24,"key":"REST"},{"data":"True Grit","floor":27,"key":"SMITH"}],"circlet_count":0,"master_deck":["Twin Strike","Twin Strike","Twin Strike","Twin Strike","Twin Strike","Armaments+1","Armaments","Armaments","Armaments","Bash","Well Laid Plans","Dropkick+1","Shrug It Off","Berserk+1","Inflame","Metallicize","Inflame","hubris:NaturalOne","Double Tap","True Grit+1","Thunderclap+1","ReplayTheSpireMod:Muscle Training","Pommel Strike+1"],"relics":["Burning Blood","EVO:Axolotl","REME:ComplimentaryCards","hubris:Icosahedron","Tiny Chest","Pantograph","Dota2Spire:EchoSabre","Smiling Mask","StSpp:BrokenTotem","aspiration:PoetsPen_weak","Eternal Feather","hubris:EmptyBottle","Dota2Spire:DivineRapier","Bronze Scales","Dota2Spire:ArcaneBoots","Vajra","CeramicFish"],"acts_visited":["Exordium","TheCity"],"potions_floor_usage":[4,6,8,16,16,25,25,25,25,25,29,30,30,30,30],"damage_taken":[{"damage":7,"enemies":"Small Slimes","floor":1,"turns":3},{"damage":11,"enemies":"infinitespire:Voidling","floor":4,"turns":3},{"damage":0,"enemies":"2 Louse","floor":5,"turns":2},{"damage":24,"enemies":"Gremlin Nob","floor":6,"turns":3},{"damage":29,"enemies":"3 Sentries","floor":8,"turns":6},{"damage":24,"enemies":"Gremlin Nob","floor":10,"turns":3},{"damage":0,"enemies":"Gremlin Gang","floor":11,"turns":3},{"damage":0,"enemies":"Exordium Thugs","floor":14,"turns":3},{"damage":29,"enemies":"Fading Forest","floor":16,"turns":11},{"damage":11,"enemies":"Spheric Guardian","floor":18,"turns":3},{"damage":62,"enemies":"conspire:SneckoGhost","floor":23,"turns":6},{"damage":38,"enemies":"Nightmare","floor":25,"turns":5},{"damage":0,"enemies":"Shell Parasite","floor":28,"turns":1},{"damage":57,"enemies":"Slavers","floor":29,"turns":4},{"damage":18,"enemies":"Chosen and Byrds","floor":30,"turns":1}],"seed_played":"-8081167273725379711","potions_obtained":[{"floor":4,"key":"Strength Potion"},{"floor":8,"key":"SkillPotion"},{"floor":10,"key":"champ:CounterPotion"},{"floor":11,"key":"Fire Potion"},{"floor":14,"key":"BloodPotion"},{"floor":16,"key":"Weak Potion"},{"floor":18,"key":"Explosive Potion"},{"floor":25,"key":"Doom Potion"},{"floor":29,"key":"Explosive Potion"}],"is_trial":false,"path_per_floor":["M","?","?","M","M","E","$","E","T","E","M","R","?","M","R","B",null,"M","T","$","?","$","E","R","NM","T","R","M","E","M"],"character_chosen":"IRONCLAD","items_purchased":["Pantograph","Inflame","hubris:EmptyBottle","reliquary:FerryPass","True Grit"],"campfire_rested":2,"item_purchase_floors":[7,7,20,20,22],"current_hp_per_floor":[72,72,72,67,73,55,55,32,32,14,20,44,52,58,58,58,75,70,70,70,70,70,14,50,50,50,62,68,17,0,0],"gold":130,"neow_bonus":"RANDOM_EVENT","is_daily":false,"chose_seed":false,"campfire_upgraded":2,"win_rate":0.0,"timestamp":1612897124,"path_taken":["M","?","?","M","M","E","$","E","T","E","?","R","?","?","R","BOSS","M","?","$","?","?","E","R","NM","T","R","M","E","M"],"items_purchased_type":["Relic","Card","Relic","Relic","Card"],"build_version":"2020-12-22","purchased_purges":1,"victory":false,"max_hp_per_floor":[81,81,81,81,81,81,81,81,81,81,81,81,81,81,81,81,81,81,81,81,81,81,81,81,81,81,81,81,81,81,81],"card_choices":[{"not_picked":["Havoc","StSpp:Succumb"],"picked":"Dropkick","floor":1},{"not_picked":["ReplayTheSpireMod:Strike From Hell","Clash"],"picked":"Shrug It Off","floor":4},{"not_picked":["Clash","conspire:Charge"],"picked":"Berserk","floor":5},{"not_picked":["StSpp:Succumb","StuffTheSpire:Incineration","ReplayTheSpireMod:Strike From Hell"],"picked":"SKIP","floor":6},{"not_picked":["Absolvement","Exhume"],"picked":"Metallicize","floor":8},{"not_picked":["Disarm","infinitespire:OneForAll"],"picked":"Inflame","floor":10},{"not_picked":["Ghostly Armor","Havoc","Perfected Strike"],"picked":"SKIP","floor":11},{"not_picked":["StuffTheSpire:RockThrow","ReplayTheSpireMod:LeadingStrike","Run Through"],"picked":"SKIP","floor":14},{"not_picked":["StSpp:BladeOfBlood","conspire:HitWhereItHurts"],"picked":"Double Tap","floor":16},{"not_picked":["ReplayTheSpireMod:Limb From Limb","StuffTheSpire:Slingshot","Warcry+1"],"picked":"SKIP","floor":18},{"not_picked":["StSpp:Sprint","Wild Strike"],"picked":"Thunderclap+1","floor":23},{"not_picked":["Thunderclap","ReplayTheSpireMod:Limb From Limb+1"],"picked":"ReplayTheSpireMod:Muscle Training","floor":25},{"not_picked":["Feel No Pain","StuffTheSpire:Pyroclast"],"picked":"Pommel Strike+1","floor":28},{"not_picked":["StuffTheSpire:RockThrow","conspire:HitWhereItHurts","ReplayTheSpireMod:Strike From Hell"],"picked":"SKIP","floor":29}],"player_experience":141874,"relics_obtained":[{"floor":6,"key":"Tiny Chest"},{"floor":8,"key":"Dota2Spire:EchoSabre"},{"floor":9,"key":"Smiling Mask"},{"floor":10,"key":"StSpp:BrokenTotem"},{"floor":19,"key":"Eternal Feather"},{"floor":23,"key":"Dota2Spire:DivineRapier"},{"floor":23,"key":"Bronze Scales"},{"floor":25,"key":"Dota2Spire:ArcaneBoots"},{"floor":26,"key":"Vajra"},{"floor":29,"key":"CeramicFish"}],"event_choices":[{"damage_healed":0,"gold_gain":0,"player_choice":"Grow","damage_taken":0,"max_hp_gain":0,"max_hp_loss":0,"event_name":"Living Wall","floor":0,"gold_loss":0,"cards_upgraded":["Armaments"]},{"damage_healed":0,"gold_gain":275,"player_choice":"Desecrate","damage_taken":0,"max_hp_gain":0,"max_hp_loss":0,"event_name":"Golden Shrine","floor":3,"gold_loss":0,"cards_obtained":["Regret"]}],"is_beta":false,"boss_relics":[{"not_picked":["energizedSpire:EnergizedDie","Electric Blood"],"picked":"aspiration:PoetsPen_weak"}],"items_purged_floors":[7],"is_endless":true,"potions_floor_spawned":[4,8,10,11,14,16,18,25,29],"killed_by":"Chosen and Byrds","ascension_level":6}}