{"host":"Aki","time":1612874812,"event":{"mods":["Act Like it!","BaseMod","Custom Start","Minty Spire (QoL Compilation)","Quick Restart","StSLib","noobMod"],"gold_per_floor":[116,128,141,158,83,116,116,147,174,209,219,119,139,165,165,267,267,285,305,305,338,353,381,381,412,412,441,457,457,469,501,513,629,641,670,732,524,535,549,575,575,610,610,610,624,624,654,664,664,664,664,664,318,349,349],"floor_reached":56,"language":"ZHS","playtime":956,"items_purged":["Defend_B","Defend_B","Defend_B+1","Strike_B"],"score":2016,"play_id":"ac99fb13-4da2-4677-bad1-74d03e2b9eb2","local_time":"20210209204652","is_ascension_mode":true,"campfire_choices":[{"data":"Skim","floor":7,"key":"SMITH"},{"data":"Skim","floor":15,"key":"SMITH"},{"floor":24,"key":"RECALL"},{"data":"Skim","floor":32,"key":"SMITH"},{"data":"Core Surge","floor":41,"key":"SMITH"},{"data":"Hyperbeam","floor":44,"key":"SMITH"},{"data":"Trip","floor":49,"key":"SMITH"},{"data":"Rip and Tear","floor":52,"key":"SMITH"}],"circlet_count":0,"master_deck":["Strike_B","Strike_B","Strike_B","Dualcast+1","Sweeping Beam","Rip and Tear","Skim+1","Rip and Tear+1","Skim+1","Hyperbeam+1","Sweeping Beam","Steam","Sweeping Beam+1","Sweeping Beam","Skim+1","Skim+1","Core Surge+1","Double Energy+1","Trip+1","Gash+1","Impatience","Creative AI"],"relics":["ice","Runic Pyramid","Thread and Needle","Oddly Smooth Stone","War Paint","Lantern","Empty Cage","Red Mask","Boot","Tiny Chest","StoneCalendar","HornCleat","MawBank","Coffee Dripper","Turnip","Membership Card","Ice Cream","Calipers","Cables","Bottled Lightning","Pantograph","Orichalcum"],"acts_visited":["Exordium","TheCity","TheBeyond","TheEnding"],"potions_floor_usage":[16,53,55,55],"damage_taken":[{"damage":176.0,"enemies":"Cultist","floor":1.0,"turns":13.0},{"damage":0.0,"enemies":"Jaw Worm","floor":2.0,"turns":1.0},{"damage":0.0,"enemies":"Small Slimes","floor":3.0,"turns":2.0},{"damage":0.0,"enemies":"Looter","floor":4.0,"turns":1.0},{"damage":100,"enemies":"Lagavulin","floor":6,"turns":11},{"damage":103,"enemies":"Gremlin Nob","floor":8,"turns":9},{"damage":0,"enemies":"Lagavulin","floor":10,"turns":2},{"damage":0,"enemies":"Blue Slaver","floor":11,"turns":1},{"damage":0,"enemies":"3 Louse","floor":13,"turns":1},{"damage":0,"enemies":"3 Sentries","floor":14,"turns":1},{"damage":0,"enemies":"Slime Boss","floor":16,"turns":1},{"damage":0,"enemies":"Chosen","floor":18,"turns":1},{"damage":0,"enemies":"2 Thieves","floor":19,"turns":1},{"damage":0,"enemies":"Masked Bandits","floor":21,"turns":1},{"damage":0,"enemies":"Shelled Parasite and Fungi","floor":22,"turns":2},{"damage":0,"enemies":"Slavers","floor":23,"turns":1},{"damage":8,"enemies":"Gremlin Leader","floor":25,"turns":2},{"damage":0,"enemies":"Book of Stabbing","floor":27,"turns":1},{"damage":0,"enemies":"Centurion and Healer","floor":28,"turns":1},{"damage":0,"enemies":"3 Cultists","floor":30,"turns":1},{"damage":0,"enemies":"Gremlin Leader","floor":31,"turns":1},{"damage":0,"enemies":"Collector","floor":33,"turns":2},{"damage":16,"enemies":"3 Shapes","floor":35,"turns":1},{"damage":0,"enemies":"Mind Bloom Boss Battle","floor":36,"turns":2},{"damage":0,"enemies":"Orb Walker","floor":38,"turns":1},{"damage":24,"enemies":"Writhing Mass","floor":39,"turns":2},{"damage":5,"enemies":"Giant Head","floor":40,"turns":2},{"damage":8,"enemies":"Reptomancer","floor":42,"turns":2},{"damage":0,"enemies":"Jaw Worm Horde","floor":45,"turns":1},{"damage":0,"enemies":"Nemesis","floor":47,"turns":3},{"damage":16,"enemies":"4 Shapes","floor":48,"turns":1},{"damage":2,"enemies":"Time Eater","floor":50,"turns":3},{"damage":0,"enemies":"Shield and Spear","floor":54,"turns":1},{"damage":34,"enemies":"The Heart","floor":55,"turns":3}],"seed_played":"3271090295151573310","potions_obtained":[{"floor":3.0,"key":"SpeedPotion"},{"floor":4,"key":"SteroidPotion"},{"floor":6,"key":"Dexterity Potion"},{"floor":10,"key":"Fruit Juice"},{"floor":18,"key":"GamblersBrew"},{"floor":23,"key":"Swift Potion"}],"is_trial":false,"path_per_floor":["M","M","M","M","$","E","R","E","T","E","M","$","M","E","R","B",null,"M","M","?","?","M","E","R","E","T","E","M","?","M","E","R","B",null,"M","?","$","M","M","E","R","E","T","R","M","?","E","M","R","B",null,"R","$","E","B",null],"character_chosen":"DEFECT","items_purchased":["Membership Card","Pantograph","Impatience","Fruit Juice","Strength Potion","PowerPotion"],"campfire_rested":0,"item_purchase_floors":[37,53,53,53,53,53],"current_hp_per_floor":[78,78,78,78,78,38,38,85,85,85,85,85,85,85,85,90,90,90,90,90,90,90,90,90,87,87,93,93,93,93,93,93,93,93,84,93,93,95,74,101,101,101,101,101,101,91,104,95,95,116,116,116,121,121,281],"gold":349,"neow_bonus":"BOSS_RELIC","is_daily":false,"chose_seed":false,"campfire_upgraded":7,"win_rate":0.0,"timestamp":1612874812,"path_taken":["M","M","M","?","?","E","R","E","T","E","?","$","M","E","R","BOSS","M","M","?","?","M","E","R","E","T","E","M","?","M","E","R","BOSS","M","?","$","M","M","E","R","E","T","R","M","?","E","M","R","BOSS","R","$","E","BOSS"],"items_purchased_type":["Relic","Relic","Card","Potion","Potion","Potion"],"build_version":"2020-12-18","purchased_purges":4,"victory":true,"max_hp_per_floor":[78,78,78,78,78,80,80,85,85,85,85,85,85,85,85,90,90,90,90,90,90,90,90,90,93,93,93,93,93,93,93,93,93,93,93,95,95,95,96,101,101,101,101,101,101,101,104,104,104,116,116,116,121,121,425],"card_choices":[{"not_picked":["Conserve Battery","Loop"],"picked":"Sweeping Beam","floor":1.0},{"not_picked":["Sweeping Beam","Gash"],"picked":"Rip and Tear","floor":2.0},{"not_picked":["Gash","Defragment","Stack"],"picked":"SKIP","floor":3.0},{"not_picked":["Redo","Ball Lightning"],"picked":"Skim","floor":4},{"not_picked":["Static Discharge","Redo","FTL"],"picked":"SKIP","floor":6},{"not_picked":["Recycle","White Noise","Sunder"],"picked":"SKIP","floor":8},{"not_picked":["Chill","White Noise","Reinforced Body"],"picked":"SKIP","floor":10},{"not_picked":["Aggregate","Rebound"],"picked":"Rip and Tear","floor":11},{"not_picked":["Aggregate","Capacitor"],"picked":"Skim","floor":13},{"not_picked":["Gash","Cold Snap","Leap"],"picked":"SKIP","floor":14},{"not_picked":["Biased Cognition","Amplify"],"picked":"Hyperbeam","floor":16},{"not_picked":["Barrage+1","Rebound"],"picked":"Sweeping Beam","floor":18},{"not_picked":["Beam Cell","Redo"],"picked":"Steam","floor":19},{"not_picked":["Turbo","Streamline"],"picked":"Sweeping Beam+1","floor":22},{"not_picked":["Cold Snap+1","Defragment","Biased Cognition"],"picked":"SKIP","floor":23},{"not_picked":["Cold Snap+1","Defragment","Biased Cognition"],"picked":"SKIP","floor":23},{"not_picked":["Hello World","Ball Lightning"],"picked":"Sweeping Beam","floor":25},{"not_picked":["Streamline","Gash+1","Cold Snap"],"picked":"SKIP","floor":27},{"not_picked":["Steam","Capacitor+1"],"picked":"Skim","floor":28},{"not_picked":["Cold Snap","Defragment","Streamline"],"picked":"SKIP","floor":30},{"not_picked":["BootSequence","Melter","Storm"],"picked":"SKIP","floor":31},{"not_picked":["Stack","Steam","Melter"],"picked":"SKIP","floor":35},{"not_picked":["Auto Shields","Sweeping Beam+1"],"picked":"Skim+1","floor":36},{"not_picked":["Cold Snap+1","Compile Driver+1","Reprogram"],"picked":"SKIP","floor":38},{"not_picked":["Sweeping Beam+1","Fusion+1"],"picked":"Core Surge","floor":39},{"not_picked":["Barrage+1","Streamline+1","Stack"],"picked":"SKIP","floor":40},{"not_picked":["Lockon","Cold Snap"],"picked":"Double Energy+1","floor":42},{"not_picked":["Static Discharge+1","Auto Shields+1","BootSequence"],"picked":"SKIP","floor":45},{"not_picked":["Enlightenment","Purity"],"picked":"Trip","floor":46},{"not_picked":["Glacier+1","Seek"],"picked":"Gash+1","floor":47},{"not_picked":["Doom and Gloom","Leap+1","Chaos"],"picked":"SKIP","floor":48},{"not_picked":["Auto Shields","Loop+1"],"picked":"Creative AI","floor":54}],"player_experience":50664,"relics_obtained":[{"floor":6,"key":"Thread and Needle"},{"floor":8,"key":"Oddly Smooth Stone"},{"floor":10,"key":"War Paint"},{"floor":14,"key":"Lantern"},{"floor":21,"key":"Red Mask"},{"floor":23,"key":"Boot"},{"floor":25,"key":"Tiny Chest"},{"floor":26,"key":"StoneCalendar"},{"floor":27,"key":"HornCleat"},{"floor":31,"key":"MawBank"},{"floor":36,"key":"Turnip"},{"floor":40,"key":"Ice Cream"},{"floor":42,"key":"Calipers"},{"floor":43,"key":"Cables"},{"floor":47,"key":"Bottled Lightning"},{"floor":54,"key":"Orichalcum"}],"event_choices":[{"damage_healed":0,"gold_gain":0,"player_choice":"Ignored","damage_taken":0,"max_hp_gain":0,"max_hp_loss":0,"event_name":"Vampires","floor":20,"gold_loss":0},{"damage_healed":0,"gold_gain":0,"player_choice":"Fought Bandits","damage_taken":0,"max_hp_gain":0,"max_hp_loss":0,"event_name":"Masked Bandits","floor":21,"gold_loss":0},{"damage_healed":0,"gold_gain":0,"player_choice":"Ignored","damage_taken":0,"max_hp_gain":0,"max_hp_loss":0,"event_name":"Ghosts","floor":29,"gold_loss":0},{"damage_healed":0,"gold_gain":0,"player_choice":"Fight","damage_taken":0,"max_hp_gain":0,"max_hp_loss":0,"event_name":"MindBloom","floor":36,"gold_loss":0},{"damage_healed":0,"gold_gain":0,"player_choice":"Memory 3","damage_taken":10,"max_hp_gain":0,"max_hp_loss":0,"event_name":"SensoryStone","floor":46,"gold_loss":0}],"is_beta":true,"boss_relics":[{"not_picked":["Runic Dome","Cursed Key"],"picked":"Empty Cage"},{"not_picked":["SacredBark","Inserter"],"picked":"Coffee Dripper"}],"items_purged_floors":[5,12,37,53],"is_endless":false,"potions_floor_spawned":[3,4,6,10,13,18,21,22,23,35,36,38,45,54],"ascension_level":4}}