{"host":"o6nndy8fvkon49s1","time":1612837004,"event":{"mods":["BaseMod","CapriCore","Hermit","Marisa????????","Minty Spire (QoL Compilation)","Prisma Mod","StSLib","Td1madao Mod","The Administrix","The Fake Hero","The Forsaken","The Immortal","The Marked","The Necromancer","The Servant 0.9.4"],"gold_per_floor":[516,475,492,198,198,198,215,215,215,215,215,233,246,265,265,364,364,379,399,399,399,399],"floor_reached":21,"language":"ENG","playtime":501,"items_purged":["luka_mod:Surrender"],"score":171,"play_id":"32a3b248-e895-4067-9db6-a08847d52b31","local_time":"20210208201644","is_ascension_mode":false,"campfire_choices":[{"data":"luka_mod:Salamander","floor":6,"key":"SMITH"},{"data":"luka_mod:Feel","floor":8,"key":"SMITH"},{"data":"luka_mod:Meditation","floor":11,"key":"SMITH"},{"floor":15,"key":"REST"}],"circlet_count":0,"master_deck":["luka_mod:StrikeLukaOne","luka_mod:StrikeLukaTwo","luka_mod:StrikeLukaThree","luka_mod:StrikeLukaFour","luka_mod:StrikeLukaFive","luka_mod:StrikeLukaSix","luka_mod:Salt","luka_mod:Guard","luka_mod:Wait","luka_mod:Edging+1","luka_mod:FlailWildly","luka_mod:Meditation+1","luka_mod:Feel+1","luka_mod:GuardedStrike","luka_mod:Salamander+1","luka_mod:AlicesFist","luka_mod:Optimistic","luka_mod:Erubetie","luka_mod:Determination+1","luka_mod:OiAlice+1"],"relics":["luka_mod:KeepsakeRing","NeowsBlessing","Toy Ornithopter","SlaversCollar"],"acts_visited":["Exordium","TheCity"],"potions_floor_usage":[14,16,16],"damage_taken":[{"damage":0,"enemies":"2 Louse","floor":1,"turns":1},{"damage":0,"enemies":"Jaw Worm","floor":3,"turns":1},{"damage":0,"enemies":"Small Slimes","floor":7,"turns":1},{"damage":6,"enemies":"Blue Slaver","floor":12,"turns":3},{"damage":0,"enemies":"Exordium Wildlife","floor":13,"turns":3},{"damage":21,"enemies":"Lots of Slimes","floor":14,"turns":4},{"damage":31,"enemies":"Hexaghost","floor":16,"turns":8},{"damage":36,"enemies":"2 Thieves","floor":18,"turns":5},{"damage":37,"enemies":"Shell Parasite","floor":19,"turns":6},{"damage":19,"enemies":"Sentry and Sphere","floor":21,"turns":2}],"seed_played":"-2042110465944151478","potions_obtained":[{"floor":7,"key":"BlessingOfTheForge"},{"floor":13,"key":"ColorlessPotion"},{"floor":14,"key":"LiquidMemories"},{"floor":18,"key":"SteroidPotion"},{"floor":19,"key":"SteroidPotion"}],"is_trial":false,"path_per_floor":["M","?","M","$","?","R","M","R","T","?","R","M","M","M","R","B",null,"M","M","?","M"],"character_chosen":"LUKA_CLASS","items_purchased":["luka_mod:Salamander","luka_mod:AlicesFist"],"campfire_rested":1,"item_purchase_floors":[4,4],"current_hp_per_floor":[40,40,40,40,40,40,40,40,40,45,45,25,26,11,25,3,51,41,16,16,0,0],"gold":399,"neow_bonus":"THREE_ENEMY_KILL","is_daily":false,"chose_seed":false,"campfire_upgraded":3,"win_rate":0.0,"timestamp":1612837004,"path_taken":["M","?","M","$","?","R","M","R","T","?","R","M","?","M","R","BOSS","M","M","?","M"],"items_purchased_type":["Card","Card"],"build_version":"2020-12-22","purchased_purges":1,"victory":false,"max_hp_per_floor":[40,40,40,40,40,40,40,40,40,45,45,47,49,49,49,51,51,51,53,53,53,53],"card_choices":[{"not_picked":["luka_mod:DemonSkullBeheading","luka_mod:EarthSlash"],"picked":"luka_mod:Feel","floor":1},{"not_picked":["luka_mod:WaterSlash","luka_mod:HeavenlyDemonRevival"],"picked":"luka_mod:GuardedStrike","floor":3},{"not_picked":["luka_mod:HeavenlyDemonRevival","luka_mod:PerfectTiming","luka_mod:Request"],"picked":"SKIP","floor":7},{"not_picked":["luka_mod:GuardedStrike","luka_mod:IliasesJudgement","luka_mod:EarthRumblingDecapitation"],"picked":"SKIP","floor":12},{"not_picked":["luka_mod:NoDebuffs","luka_mod:WindSlash"],"picked":"luka_mod:Optimistic","floor":13},{"not_picked":["luka_mod:Struggle","luka_mod:Overexert","luka_mod:ThunderThrust"],"picked":"SKIP","floor":14},{"not_picked":["luka_mod:Sensitive","luka_mod:Ilias"],"picked":"luka_mod:Erubetie","floor":16},{"not_picked":["luka_mod:WindSlash","luka_mod:BladeOfHowlingWind"],"picked":"luka_mod:Determination+1","floor":18},{"not_picked":["luka_mod:FlashKill","luka_mod:Struggle"],"picked":"luka_mod:OiAlice+1","floor":19}],"player_experience":221233,"relics_obtained":[{"floor":9,"key":"Toy Ornithopter"}],"event_choices":[{"damage_healed":0,"gold_gain":0,"player_choice":"Left Gold","damage_taken":0,"max_hp_gain":0,"max_hp_loss":0,"event_name":"World of Goop","floor":2,"gold_loss":41},{"damage_healed":0,"gold_gain":0,"player_choice":"Grow","damage_taken":0,"max_hp_gain":0,"max_hp_loss":0,"event_name":"Living Wall","floor":5,"gold_loss":0,"cards_upgraded":["luka_mod:Edging"]},{"damage_healed":0,"gold_gain":0,"player_choice":"Donut","damage_taken":0,"max_hp_gain":5,"max_hp_loss":0,"event_name":"Big Fish","floor":10,"gold_loss":0},{"damage_healed":0,"gold_gain":0,"player_choice":"Ignored","damage_taken":0,"max_hp_gain":0,"max_hp_loss":0,"event_name":"Vampires","floor":20,"gold_loss":0}],"is_beta":false,"boss_relics":[{"not_picked":["Coffee Dripper","Fusion Hammer"],"picked":"SlaversCollar"}],"items_purged_floors":[4],"is_endless":false,"potions_floor_spawned":[7,13,14,18,19],"killed_by":"Sentry and Sphere","ascension_level":0}}