{"host":"h4lp0eeso8a0ssq0","time":1612911132,"event":{"mods":["2.2 Compatiblity","AchievementEnabler","BaseMod","CapriCore","Colored Map","Minty Spire (QoL Compilation)","StSLib","SuperFastMode"],"gold_per_floor":[116,131,131,145,156,156,183,183,232,244,256,256],"floor_reached":11,"language":"KOR","playtime":217,"items_purged":[],"score":135,"play_id":"942fc53e-b5bf-4f16-b30b-750176f459d8","local_time":"20210210075212","is_ascension_mode":true,"campfire_choices":[{"data":"Masterful Stab","floor":6,"key":"SMITH"},{"data":"Backflip","floor":8,"key":"SMITH"},{"data":"Masterful Stab","floor":10,"key":"SMITH"}],"circlet_count":0,"master_deck":["AscendersBane","Strike_G","Strike_G","Strike_G","Strike_G","Defend_G","Defend_G","Defend_G","Defend_G","Defend_G","Survivor","Neutralize","Escape Plan","PiercingWail","Masterful Stab+1","Masterful Stab+1","Backflip+1"],"relics":["Ring of the Snake","NeowsBlessing","Pantograph","MawBank"],"acts_visited":["Exordium"],"potions_floor_usage":[7],"damage_taken":[{"damage":0,"enemies":"Jaw Worm","floor":1,"turns":1},{"damage":0,"enemies":"Cultist","floor":2,"turns":1},{"damage":0,"enemies":"2 Louse","floor":4,"turns":1},{"damage":0,"enemies":"2 Fungi Beasts","floor":5,"turns":5},{"damage":14,"enemies":"3 Sentries","floor":7,"turns":7},{"damage":53,"enemies":"Lagavulin","floor":11,"turns":8}],"seed_played":"4781295173955527170","potions_obtained":[{"floor":1,"key":"CunningPotion"},{"floor":2,"key":"Swift Potion"}],"is_trial":false,"path_per_floor":["M","M","?","M","M","R","E","R","T","R","E"],"character_chosen":"THE_SILENT","items_purchased":[],"campfire_rested":0,"item_purchase_floors":[],"current_hp_per_floor":[59,59,59,59,59,59,45,45,45,45,0,0],"gold":256,"neow_bonus":"THREE_ENEMY_KILL","is_daily":false,"chose_seed":false,"campfire_upgraded":3,"win_rate":0.0,"timestamp":1612911132,"path_taken":["M","M","?","?","M","R","E","R","T","R","E"],"items_purchased_type":[],"build_version":"2020-12-22","purchased_purges":0,"victory":false,"max_hp_per_floor":[66,66,66,66,66,66,66,66,66,66,66,66],"card_choices":[{"not_picked":["Terror","Quick Slash"],"picked":"Escape Plan","floor":1},{"not_picked":["Setup","Bane"],"picked":"PiercingWail","floor":2},{"not_picked":["Catalyst","PiercingWail"],"picked":"Masterful Stab","floor":4},{"not_picked":["Expertise","Acrobatics"],"picked":"Masterful Stab","floor":5},{"not_picked":["Deflect","Masterful Stab"],"picked":"Backflip","floor":7}],"player_experience":195116,"relics_obtained":[{"floor":7,"key":"Pantograph"},{"floor":9,"key":"MawBank"}],"event_choices":[{"cards_removed":["Strike_G"],"damage_healed":0,"gold_gain":0,"player_choice":"Purged","damage_taken":0,"max_hp_gain":0,"max_hp_loss":0,"event_name":"Purifier","floor":3,"gold_loss":0}],"is_beta":false,"boss_relics":[],"items_purged_floors":[],"is_endless":false,"potions_floor_spawned":[1,2,5],"killed_by":"Lagavulin","ascension_level":17}}