{"host":"mnpd8gh7cwxsn5kh","time":1612903404,"event":{"mods":["BaseMod","Bestiary","Block Reminder","Colored Map","Colored Powertips","Highlight Path","Minty Spire (QoL Compilation)","Relic Sorter","Relic Stats"],"gold_per_floor":[119,134,144,144,127,162,162,194,220,235,235,7,7,7,7,105,105,124,142,57,69,69,69,97,97,97,114,114,129,9,53,53,161,161,189,189,208,208,58,58,90,90,141,161,187,225,284,313,313,313],"floor_reached":51,"language":"ENG","playtime":5397,"items_purged":["Strike_P"],"score":1238,"play_id":"b7b7dfc6-76a5-4658-b81e-0a15d20d8e5a","local_time":"20210209214324","is_ascension_mode":true,"campfire_choices":[{"data":"Eruption","floor":7,"key":"SMITH"},{"data":"Vigilance","floor":11,"key":"SMITH"},{"data":"BattleHymn","floor":13,"key":"SMITH"},{"floor":15,"key":"REST"},{"data":"Establishment","floor":23,"key":"SMITH"},{"data":"ThirdEye","floor":25,"key":"SMITH"},{"data":"SpiritShield","floor":32,"key":"SMITH"},{"floor":40,"key":"REST"},{"floor":42,"key":"RECALL"},{"floor":49,"key":"REST"}],"circlet_count":0,"master_deck":["AscendersBane","Defend_P","Defend_P+1","Defend_P","Eruption+1","Vigilance+1","FollowUp","Weave","BowlingBash","Ragnarok+1","ReachHeaven","ThirdEye+1","EmptyFist","BattleHymn+1","Establishment+1","ThirdEye+1","WindmillStrike+1","ReachHeaven+1","Wireheading","SpiritShield+1","Crescendo","ClearTheMind+1","CutThroughFate","FearNoEvil","DevaForm","CutThroughFate+1","PiercingWail","Perseverance+1","Steam+1","Hologram+1"],"relics":["PureWater","Blood Vial","Toy Ornithopter","Bag of Preparation","Pen Nib","Nunchaku","Lantern","Astrolabe","Ancient Tea Set","PreservedInsect","Eternal Feather","Du-Vu Doll","CeramicFish","Fusion Hammer","PrismaticShard","Pear","War Paint","Art of War","StoneCalendar","Mercury Hourglass"],"acts_visited":["Exordium","TheCity","TheBeyond"],"potions_floor_usage":[6,16,24,27,33,33,50,50],"damage_taken":[{"damage":0,"enemies":"Cultist","floor":1,"turns":4},{"damage":5,"enemies":"Small Slimes","floor":2,"turns":3},{"damage":7,"enemies":"2 Louse","floor":3,"turns":3},{"damage":6,"enemies":"Exordium Thugs","floor":5,"turns":4},{"damage":2,"enemies":"Gremlin Nob","floor":6,"turns":3},{"damage":17,"enemies":"Lagavulin","floor":8,"turns":5},{"damage":12,"enemies":"Large Slime","floor":10,"turns":3},{"damage":31,"enemies":"The Guardian","floor":16,"turns":8},{"damage":0,"enemies":"Spheric Guardian","floor":18,"turns":3},{"damage":6,"enemies":"3 Byrds","floor":19,"turns":3},{"damage":0,"enemies":"Centurion and Healer","floor":21,"turns":4},{"damage":18,"enemies":"Book of Stabbing","floor":24,"turns":3},{"damage":0,"enemies":"Snecko","floor":27,"turns":3},{"damage":1,"enemies":"Cultist and Chosen","floor":29,"turns":4},{"damage":0,"enemies":"Slavers","floor":31,"turns":3},{"damage":27,"enemies":"Champ","floor":33,"turns":9},{"damage":16,"enemies":"3 Shapes","floor":35,"turns":3},{"damage":3,"enemies":"3 Darklings","floor":37,"turns":4},{"damage":3,"enemies":"Nemesis","floor":41,"turns":3},{"damage":0,"enemies":"Sphere and 2 Shapes","floor":44,"turns":3},{"damage":14,"enemies":"Jaw Worm Horde","floor":45,"turns":3},{"damage":14,"enemies":"Reptomancer","floor":46,"turns":4},{"damage":1,"enemies":"Mind Bloom Boss Battle","floor":47,"turns":5},{"damage":16,"enemies":"Nemesis","floor":48,"turns":5},{"damage":73,"enemies":"Time Eater","floor":50,"turns":6}],"seed_played":"-7100279813383381490","potions_obtained":[{"floor":5,"key":"LiquidMemories"},{"floor":6,"key":"Ancient Potion"},{"floor":8,"key":"LiquidBronze"},{"floor":10,"key":"StancePotion"},{"floor":16,"key":"BlessingOfTheForge"},{"floor":24,"key":"Regen Potion"},{"floor":27,"key":"Weak Potion"},{"floor":29,"key":"Explosive Potion"},{"floor":31,"key":"DuplicationPotion"},{"floor":37,"key":"StancePotion"},{"floor":41,"key":"GamblersBrew"},{"floor":48,"key":"Ambrosia"}],"is_trial":false,"path_per_floor":["M","M","M","?","M","E","R","E","T","M","R","$","R","?","R","B",null,"M","M","?","M","?","R","E","R","T","M","?","M","$","E","R","B",null,"M","$","M","?","$","R","E","R","T","M","M","E","?","E","R","B",null],"character_chosen":"WATCHER","items_purchased":["BattleHymn","Nunchaku","CutThroughFate","PrismaticShard"],"campfire_rested":3,"item_purchase_floors":[12,12,30,39],"current_hp_per_floor":[67,64,59,52,48,48,48,33,33,23,23,23,23,11,32,8,56,58,54,54,56,43,43,32,32,32,48,48,49,49,51,63,48,70,56,56,55,55,55,77,84,87,87,87,73,61,62,48,87,19],"gold":313,"neow_bonus":"RANDOM_COMMON_RELIC","is_daily":false,"chose_seed":false,"campfire_upgraded":6,"win_rate":0.0,"timestamp":1612903404,"path_taken":["M","M","M","?","M","E","R","E","T","M","R","$","R","?","R","BOSS","M","M","?","M","?","R","E","R","T","M","?","?","$","E","R","BOSS","M","$","M","?","$","R","E","R","T","?","M","E","?","E","R","BOSS"],"items_purchased_type":["Card","Relic","Card","Relic"],"build_version":"2020-12-22","purchased_purges":1,"victory":true,"max_hp_per_floor":[72,72,72,72,72,72,72,72,72,72,72,72,72,72,72,72,72,72,72,72,72,77,77,77,77,77,77,77,77,77,77,77,77,77,77,77,77,77,77,77,87,87,87,87,87,87,87,87,87,87],"relic_stats":{"counters":[25,101],"Astrolabe":["ThirdEye","WindmillStrike","ReachHeaven"],"CeramicFish":63,"Eternal Feather":48,"StoneCalendar":[0],"Pen Nib":[21],"PreservedInsect":201,"Bag of Preparation":[38],"War Paint":["Defend_P","ClearTheMind"],"Mercury Hourglass":[15],"Blood Vial":42,"Nunchaku":[20],"Art of War":[1],"obtain_stats":[{"Lantern":14,"Pear":41,"Astrolabe":17,"CeramicFish":31,"Eternal Feather":26,"StoneCalendar":47,"Pen Nib":9,"PreservedInsect":24,"Bag of Preparation":8,"War Paint":43,"Ancient Tea Set":20,"PrismaticShard":39,"Mercury Hourglass":48,"Blood Vial":0,"Du-Vu Doll":28,"Nunchaku":12,"Fusion Hammer":34,"Art of War":46,"PureWater":0,"Toy Ornithopter":6},{"Lantern":7,"Pear":19,"Astrolabe":8,"CeramicFish":15,"Eternal Feather":12,"StoneCalendar":23,"Pen Nib":6,"PreservedInsect":12,"Bag of Preparation":6,"War Paint":19,"Ancient Tea Set":10,"PrismaticShard":18,"Mercury Hourglass":24,"Blood Vial":0,"Du-Vu Doll":13,"Nunchaku":7,"Fusion Hammer":16,"Art of War":22,"PureWater":0,"Toy Ornithopter":5},{"Lantern":25,"Pear":75,"Astrolabe":33,"CeramicFish":56,"Eternal Feather":46,"StoneCalendar":90,"Pen Nib":22,"PreservedInsect":46,"Bag of Preparation":22,"War Paint":75,"Ancient Tea Set":39,"PrismaticShard":72,"Mercury Hourglass":95,"Blood Vial":0,"Du-Vu Doll":49,"Nunchaku":25,"Fusion Hammer":65,"Art of War":85,"PureWater":0,"Toy Ornithopter":17}],"Toy Ornithopter":30},"card_choices":[{"not_picked":["CrushJoints","JustLucky"],"picked":"FollowUp","floor":1},{"not_picked":["SandsOfTime","WindmillStrike"],"picked":"Weave","floor":2},{"not_picked":["FlurryOfBlows","FlyingSleeves"],"picked":"BowlingBash","floor":3},{"not_picked":["SashWhip","Prostrate"],"picked":"Ragnarok","floor":5},{"not_picked":["CarveReality","WaveOfTheHand"],"picked":"ReachHeaven","floor":6},{"not_picked":["Protect","Vengeance"],"picked":"ThirdEye","floor":8},{"not_picked":["ForeignInfluence","FollowUp"],"picked":"EmptyFist","floor":10},{"not_picked":["Ragnarok","SpiritShield"],"picked":"Establishment","floor":16},{"not_picked":["FlyingSleeves","Sanctity","FollowUp"],"picked":"SKIP","floor":18},{"not_picked":["ClearTheMind+1","Swivel"],"picked":"Wireheading","floor":19},{"not_picked":["Pray","Indignation","Fasting2"],"picked":"SKIP","floor":21},{"not_picked":["EmptyFist","Nirvana"],"picked":"SpiritShield","floor":24},{"not_picked":["SignatureMove","Fasting2+1"],"picked":"Crescendo","floor":27},{"not_picked":["LikeWater","PathToVictory"],"picked":"ClearTheMind","floor":29},{"not_picked":["WheelKick","Conclude"],"picked":"FearNoEvil","floor":31},{"not_picked":["Omniscience","MasterReality"],"picked":"DevaForm","floor":33},{"not_picked":["BowlingBash+1","EmptyBody+1"],"picked":"CutThroughFate+1","floor":35},{"not_picked":["FlurryOfBlows","Crescendo","Conclude"],"picked":"SKIP","floor":37},{"not_picked":["Headbutt","Ball Lightning","Terror"],"picked":"SKIP","floor":41},{"not_picked":["Mayhem","Perfected Strike"],"picked":"PiercingWail","floor":44},{"not_picked":["ForeignInfluence","FlyingSleeves"],"picked":"Perseverance+1","floor":45},{"not_picked":["Hemokinesis","Wild Strike"],"picked":"Steam+1","floor":46},{"not_picked":["Evolve","Auto Shields+1"],"picked":"Hologram+1","floor":47},{"not_picked":["Pommel Strike","Alpha","FollowUp+1"],"picked":"SKIP","floor":48}],"player_experience":425029,"relics_obtained":[{"floor":6,"key":"Toy Ornithopter"},{"floor":8,"key":"Bag of Preparation"},{"floor":9,"key":"Pen Nib"},{"floor":24,"key":"PreservedInsect"},{"floor":26,"key":"Eternal Feather"},{"floor":31,"key":"CeramicFish"},{"floor":41,"key":"Pear"},{"floor":43,"key":"War Paint"},{"floor":46,"key":"Art of War"},{"floor":47,"key":"StoneCalendar"},{"floor":48,"key":"Mercury Hourglass"}],"event_choices":[{"cards_removed":["Strike_P"],"damage_healed":0,"gold_gain":0,"player_choice":"Card Removal","damage_taken":7,"max_hp_gain":0,"max_hp_loss":0,"event_name":"Golden Wing","floor":4,"gold_loss":0},{"damage_healed":0,"gold_gain":0,"player_choice":"Success","damage_taken":12,"relics_obtained":["Lantern"],"max_hp_gain":0,"max_hp_loss":0,"event_name":"Scrap Ooze","floor":14,"gold_loss":0},{"damage_healed":0,"gold_gain":0,"player_choice":"Obtained Relic","damage_taken":0,"relics_obtained":["Ancient Tea Set"],"max_hp_gain":0,"max_hp_loss":0,"event_name":"Addict","floor":20,"gold_loss":85},{"damage_healed":0,"gold_gain":0,"player_choice":"Shed Blood","damage_taken":18,"max_hp_gain":5,"max_hp_loss":0,"event_name":"Forgotten Altar","floor":22,"gold_loss":0},{"damage_healed":0,"gold_gain":0,"player_choice":"Gave Potion","damage_taken":0,"relics_obtained":["Du-Vu Doll"],"max_hp_gain":0,"max_hp_loss":0,"event_name":"WeMeetAgain","floor":28,"gold_loss":0},{"damage_healed":0,"gold_gain":0,"player_choice":"Forge","damage_taken":0,"max_hp_gain":0,"max_hp_loss":0,"event_name":"Accursed Blacksmith","floor":38,"gold_loss":0,"cards_upgraded":["Ragnarok"]},{"damage_healed":0,"gold_gain":0,"player_choice":"Fight","damage_taken":0,"max_hp_gain":0,"max_hp_loss":0,"event_name":"MindBloom","floor":47,"gold_loss":0}],"is_beta":false,"boss_relics":[{"not_picked":["Runic Pyramid","Ectoplasm"],"picked":"Astrolabe"},{"not_picked":["Velvet Choker","Tiny House"],"picked":"Fusion Hammer"}],"items_purged_floors":[30],"is_endless":false,"potions_floor_spawned":[5,6,8,10,16,24,27,29,31,37,41,44,48],"ascension_level":12}}