{"host":"alk2ftu785mujiir","time":1612905791,"event":{"mods":["BaseMod","Bossed Relics","Colored Map","Downfall","Minty Spire (QoL Compilation)","StSLib"],"gold_per_floor":[0,20,320,420,430,430,430,430,463,463,27,54,54,74,91,193,193,193,205,222,222,239,250,250,284,13,13,27,61,72,106,120,223,223,123,135,147,147,147,198,198,232,16,29,49,65,96,116,128,128],"floor_reached":51,"language":"ENG","playtime":2592,"items_purged":["downfall:Icky","Normality","bronze:Strike"],"score":1229,"play_id":"6a1860e2-b319-457c-b18c-5098c3dfb8a3","local_time":"20210209162311","is_ascension_mode":true,"campfire_choices":[{"data":"bronze:SpaghettiCode","floor":1.0,"key":"SMITH"},{"data":"bronze:Repair","floor":10.0,"key":"SMITH"},{"data":"bronze:Constructor","floor":18.0,"key":"SMITH"},{"floor":27.0,"key":"REST"},{"data":"bronze:Boost","floor":35.0,"key":"SMITH"}],"circlet_count":0,"master_deck":["bronze:Strike","bronze:Strike","bronze:Strike","bronze:Defend","bronze:Defend","bronze:Defend","bronze:Defend","bronze:Replicate","bronze:Goto","bronze:SpaghettiCode+1","bronze:Terminator","bronze:Repair+1","bronze:WhirlingStrike","bronze:Frontload","bronze:WildBeam","bronze:Shell","bronze:Constructor+1","bronze:HardenedForm","bronze:BugBarrage+1","Panacea","bronze:ItsAFeature","bronze:FineTuning","bronze:Invalidate+1","bronze:Boost+1","bronze:BronzeOrb+1","bronze:Verify","bronze:Iterate+1","bronze:BurnOut+1","expansioncontent:GuardianWhirl+1","expansioncontent:YouAreMine","bronze:Flail+1"],"relics":["bronze:BronzeCore","Du-Vu Doll","PreservedInsect","Membership Card","Vajra","HornCleat","Bronze Scales","Cursed Key","The Courier","Molten Egg 2","Lantern","Regal Pillow","Tiny Chest","Calipers","Omamori","TheAbacus","Happy Flower","Anchor","Dream Catcher","Blood Vial","Busted Crown","downfall:HeartBlessingGreen","Boot","Bottled Tornado","Toxic Egg 2","Lizard Tail","Pear"],"acts_visited":["Exordium","TheCity","TheBeyond"],"potions_floor_usage":[50,50],"damage_taken":[{"damage":0.0,"enemies":"2 Louse","floor":2.0,"turns":3.0},{"damage":0.0,"enemies":"Small Slimes","floor":5.0,"turns":2.0},{"damage":4.0,"enemies":"Lagavulin","floor":9.0,"turns":6.0},{"damage":6.0,"enemies":"downfall:FleeingMerchant","floor":11.0,"turns":4.0},{"damage":0.0,"enemies":"3 Sentries","floor":12.0,"turns":5.0},{"damage":0.0,"enemies":"Cultist","floor":13.0,"turns":1.0},{"damage":0.0,"enemies":"Lots of Slimes","floor":14.0,"turns":1.0},{"damage":5.0,"enemies":"Exordium Thugs","floor":15.0,"turns":4.0},{"damage":0.0,"enemies":"SI_SHIV_ARCHETYPE","floor":16.0,"turns":8.0},{"damage":0.0,"enemies":"Spheric Guardian","floor":19.0,"turns":5.0},{"damage":0.0,"enemies":"3 Byrds","floor":20.0,"turns":3.0},{"damage":0.0,"enemies":"Snecko","floor":22.0,"turns":5.0},{"damage":9.0,"enemies":"Snake Plant","floor":23.0,"turns":4.0},{"damage":15.0,"enemies":"Gremlin Leader","floor":25.0,"turns":6.0},{"damage":0.0,"enemies":"downfall:FleeingMerchant","floor":26.0,"turns":4.0},{"damage":5.0,"enemies":"3 Cultists","floor":28.0,"turns":5.0},{"damage":0.0,"enemies":"Slavers","floor":29.0,"turns":4.0},{"damage":4.0,"enemies":"Sentry and Sphere","floor":30.0,"turns":6.0},{"damage":0.0,"enemies":"Book of Stabbing","floor":31.0,"turns":3.0},{"damage":0.0,"enemies":"Snecko","floor":32.0,"turns":5.0},{"damage":0.0,"enemies":"WA_ARCHETYPE_CALM","floor":33.0,"turns":8.0},{"damage":0.0,"enemies":"3 Darklings","floor":36.0,"turns":5.0},{"damage":0.0,"enemies":"3 Shapes","floor":37.0,"turns":6.0},{"damage":0.0,"enemies":"Reptomancer","floor":42.0,"turns":4.0},{"damage":0.0,"enemies":"Jaw Worm Horde","floor":44.0,"turns":3.0},{"damage":0,"enemies":"Maw","floor":45,"turns":6},{"damage":4,"enemies":"Sphere and 2 Shapes","floor":46,"turns":4},{"damage":0,"enemies":"Giant Head","floor":47,"turns":5},{"damage":0,"enemies":"4 Shapes","floor":48,"turns":4},{"damage":0,"enemies":"Transient","floor":49,"turns":5},{"damage":1,"enemies":"IC_BLOCK_ARCHETYPE","floor":50,"turns":8}],"seed_played":"-4411614209510074478","potions_obtained":[{"floor":2.0,"key":"hexamod:SoulburnPotion"},{"floor":14.0,"key":"hexamod:SoulburnPotion"},{"floor":15.0,"key":"AttackPotion"},{"floor":16.0,"key":"AttackPotion"},{"floor":20.0,"key":"Regen Potion"},{"floor":28.0,"key":"Energy Potion"},{"floor":31.0,"key":"Strength Potion"},{"floor":36.0,"key":"sneckomod:MuddlingPotion"},{"floor":47,"key":"Strength Potion"},{"floor":49,"key":"PowerPotion"}],"is_trial":false,"path_per_floor":["R","M","?","?","M","?","T","?","E","R","$","E","M","M","M","B",null,"R","M","M","?","M","M","T","E","$","R","M","E","M","E","M","B",null,"R","M","M","?","?","?","T","E","$","M","M","M","E","M","M","B",null],"character_chosen":"THE_AUTOMATON","items_purchased":["Membership Card","Vajra","HornCleat","bronze:Frontload","bronze:WildBeam","Lantern","Regal Pillow","Tiny Chest","Calipers","Omamori","TheAbacus","Happy Flower","Anchor","Lizard Tail","bronze:Flail+1"],"campfire_rested":1,"item_purchase_floors":[11,11,11,11,11,26,26,26,26,26,26,26,26,43,43],"current_hp_per_floor":[70,70,70,70,70,70,70,70,66,66,70,70,70,70,70,70,70,70,70,70,70,70,70,70,55,55,70,70,70,66,70,70,70,70,70,70,70,65,65,65,65,70,70,70,70,66,80,80,80,80],"gold":128,"neow_bonus":"THREE_RARE_CARDS","is_daily":false,"chose_seed":false,"campfire_upgraded":4,"win_rate":0.0,"timestamp":1612905791,"path_taken":["R","M","?","?","M","?","T","?","E","R","$","E","M","M","M","BOSS","R","M","M","?","?","?","T","E","$","R","M","E","M","E","M","BOSS","R","M","M","?","?","?","T","E","$","M","M","M","E","M","M","BOSS"],"items_purchased_type":["Relic","Relic","Relic","Card","Card","Relic","Relic","Relic","Relic","Relic","Relic","Relic","Relic","Relic","Card"],"build_version":"2020-12-22","purchased_purges":3,"victory":true,"max_hp_per_floor":[70,70,70,70,70,70,70,70,70,70,70,70,70,70,70,70,70,70,70,70,70,70,70,70,70,70,70,70,70,70,70,70,70,70,70,70,70,70,70,70,70,70,70,70,70,70,80,80,80,80],"card_choices":[{"not_picked":["bronze:TinkerersToolbox","bronze:Virus"],"picked":"bronze:SpaghettiCode","floor":0.0},{"not_picked":["bronze:Deprecate","bronze:DelayedGuard"],"picked":"bronze:Terminator","floor":2.0},{"not_picked":["bronze:Iterate","bronze:OilSpill"],"picked":"bronze:Repair","floor":5.0},{"not_picked":["bronze:Repulsor","bronze:Hardcode"],"picked":"bronze:WhirlingStrike","floor":9.0},{"not_picked":["bronze:BronzeArmor","bronze:BuggyMess","bronze:Shield"],"picked":"SKIP","floor":11.0},{"not_picked":["bronze:Separator","bronze:Turbo"],"picked":"bronze:Shell","floor":12.0},{"not_picked":["bronze:Refactor","bronze:Terminator","bronze:Deprecate"],"picked":"SKIP","floor":13.0},{"not_picked":["bronze:Overheat","bronze:Branch","bronze:NullPointer"],"picked":"SKIP","floor":14.0},{"not_picked":["bronze:Overload","bronze:DigitalCarnage"],"picked":"bronze:Constructor","floor":15.0},{"not_picked":["bronze:Assembly","bronze:SpaghettiCode"],"picked":"bronze:HardenedForm","floor":16.0},{"not_picked":["bronze:Deprecate","bronze:DarkDash"],"picked":"bronze:BugBarrage+1","floor":19.0},{"not_picked":["bronze:WhirlingStrike","bronze:Constructor","bronze:Frontload+1"],"picked":"SKIP","floor":20.0},{"not_picked":["bronze:Allocate+1","bronze:OilSpill+1","bronze:CloningBeam"],"picked":"SKIP","floor":22.0},{"not_picked":["bronze:Iterate+1","bronze:WildBeam+1"],"picked":"bronze:FineTuning","floor":23.0},{"not_picked":["bronze:Turbo","bronze:Repulsor"],"picked":"bronze:Invalidate+1","floor":25.0},{"not_picked":["bronze:CloningBeam+1","bronze:Deprecate+1"],"picked":"bronze:Boost","floor":26.0},{"not_picked":["bronze:Invalidate","bronze:Frontload+1"],"picked":"bronze:BronzeOrb+1","floor":28.0},{"not_picked":["bronze:FollowUp+1","bronze:Flail+1"],"picked":"bronze:Verify","floor":29.0},{"not_picked":["bronze:GetLatest","bronze:Overload","bronze:WhirlingStrike+1"],"picked":"SKIP","floor":30.0},{"not_picked":["bronze:Shield","bronze:Frontload","bronze:BuggyMess"],"picked":"SKIP","floor":31.0},{"not_picked":["bronze:Separator+1","bronze:Frontload"],"picked":"bronze:Iterate+1","floor":32.0},{"not_picked":["bronze:TinkerersToolbox","bronze:FindAndReplace"],"picked":"bronze:BurnOut+1","floor":33.0},{"not_picked":["bronze:Terminator"],"picked":"SKIP","floor":36.0},{"not_picked":["bronze:DelayedSlice+1"],"picked":"SKIP","floor":37.0},{"not_picked":["expansioncontent:PrepareCrush","expansioncontent:Chronoboost"],"picked":"expansioncontent:GuardianWhirl","floor":38.0},{"not_picked":["expansioncontent:LastStand","expansioncontent:PrepareCrush"],"picked":"expansioncontent:YouAreMine","floor":38.0},{"not_picked":["bronze:ClassDefault"],"picked":"SKIP","floor":42.0},{"not_picked":["bronze:WhirlingStrike+1"],"picked":"SKIP","floor":44.0},{"not_picked":["bronze:ForceShield+1"],"picked":"SKIP","floor":45},{"not_picked":["bronze:Turbo+1"],"picked":"SKIP","floor":46},{"not_picked":["bronze:InfiniteLoop+1"],"picked":"SKIP","floor":47},{"not_picked":["bronze:Overheat+1"],"picked":"SKIP","floor":48},{"not_picked":["bronze:Constructor+1"],"picked":"SKIP","floor":49}],"player_experience":1821648,"relics_obtained":[{"floor":7.0,"key":"Du-Vu Doll"},{"floor":9.0,"key":"PreservedInsect"},{"floor":12.0,"key":"Bronze Scales"},{"floor":24.0,"key":"The Courier"},{"floor":25.0,"key":"Molten Egg 2"},{"floor":29.0,"key":"Dream Catcher"},{"floor":31.0,"key":"Blood Vial"},{"floor":40.0,"key":"Boot"},{"floor":41.0,"key":"Bottled Tornado"},{"floor":42.0,"key":"Toxic Egg 2"},{"floor":47,"key":"Pear"}],"event_choices":[{"cards_removed":["downfall:Icky"],"damage_healed":0.0,"max_hp_gain":0.0,"max_hp_loss":0.0,"gold_gain":0.0,"event_name":"The Cleric","player_choice":"Card Removal","floor":6.0,"gold_loss":0.0,"damage_taken":0.0}],"is_beta":false,"boss_relics":[{"not_picked":["Velvet Choker","expansioncontent:StudyCardRelic"],"picked":"Cursed Key"},{"not_picked":["Snecko Eye","bronze:PlatinumCore"],"picked":"Busted Crown"}],"items_purged_floors":[11,26,43],"is_endless":false,"potions_floor_spawned":[2,14,15,16,20,23,28,29,31,32,36,42,47,49],"ascension_level":1}}