{"host":"7h05nr6qm89lgkco","time":1612854436,"event":{"mods":["BaseMod","Bestiary","Block Reminder","ChefMod","Colored Powertips","DeckTracker","Dota2Spire","Downfall","Friendly Minions","Minty Spire (QoL Compilation)","Quick Restart","Rare Cards Sparkle","Relic Stats","StSLib","The Cursed","The Poker Player","Unceasing Turn Reminder"],"gold_per_floor":[99,112,112,25,133,161,161,186,186,205,205,231,131,170,192,192,192,192],"floor_reached":16,"language":"ZHS","playtime":1120,"items_purged":[],"score":112,"play_id":"59c24611-767b-4942-bffc-947d31a0fd08","local_time":"20210209150716","is_ascension_mode":true,"campfire_choices":[{"data":"hexamod:Sear","floor":1,"key":"SMITH"},{"data":"hexamod:FlamesFromBeyond","floor":9,"key":"SMITH"},{"floor":11,"key":"RECALL"},{"floor":13,"key":"REST"}],"circlet_count":0,"master_deck":["hexamod:Strike","hexamod:Strike","hexamod:Strike","hexamod:Defend","hexamod:Defend","hexamod:Sear+1","hexamod:Float","hexamod:SecondSeal","hexamod:HeatMetal+1","hexamod:FirstSeal","hexamod:GhostOfSpireFuture","hexamod:RecurringNightmare","hexamod:FlamesFromBeyond+1","hexamod:SoulSteal","hexamod:StepThrough","hexamod:GhostflameInferno"],"relics":["Busted Crown","Shuriken","downfall:HeartBlessingRed","Dota2Spire:ShadowBlade"],"acts_visited":["Exordium"],"potions_floor_usage":[5,12,12,14,16],"damage_taken":[{"damage":0,"enemies":"Jaw Worm","floor":2,"turns":3},{"damage":5,"enemies":"downfall:FleeingMerchant","floor":4,"turns":4},{"damage":61,"enemies":"downfall:Heads","floor":5,"turns":7},{"damage":1,"enemies":"Cultist","floor":6,"turns":3},{"damage":0,"enemies":"Small Slimes","floor":8,"turns":3},{"damage":17,"enemies":"Blue Slaver","floor":10,"turns":3},{"damage":3,"enemies":"3 Louse","floor":12,"turns":3},{"damage":22,"enemies":"3 Sentries","floor":14,"turns":4},{"damage":32,"enemies":"Exordium Wildlife","floor":15,"turns":3},{"damage":21,"enemies":"WA_ARCHETYPE_RETAIN","floor":16,"turns":4}],"seed_played":"8109189954968558351","potions_obtained":[{"floor":2,"key":"AttackPotion"},{"floor":6,"key":"Ancient Potion"},{"floor":8,"key":"Fire Potion"},{"floor":10,"key":"EssenceOfSteel"},{"floor":12,"key":"Regen Potion"}],"is_trial":false,"path_per_floor":["R","M","?","$","?","M","T","M","R","M","R","M","R","E","M","B"],"character_chosen":"THE_SPIRIT","items_purchased":["hexamod:FirstSeal"],"campfire_rested":1,"item_purchase_floors":[4],"current_hp_per_floor":[70,70,70,65,11,17,17,24,24,14,14,18,39,38,13,0,0,0],"gold":192,"neow_bonus":"BOSS_RELIC","is_daily":false,"chose_seed":false,"campfire_upgraded":2,"win_rate":0.0,"timestamp":1612854436,"path_taken":["R","M","?","?","?","M","T","?","R","M","R","M","R","E","M","BOSS"],"items_purchased_type":["Card"],"build_version":"2020-12-22","purchased_purges":0,"victory":false,"max_hp_per_floor":[70,70,70,70,70,70,70,70,70,70,70,70,70,70,70,70,70,70],"relic_stats":{"Busted Crown":24,"counters":[10,37],"Shuriken":[0],"obtain_stats":[{"Busted Crown":0,"downfall:HeartBlessingRed":13,"Shuriken":7,"Dota2Spire:ShadowBlade":14,"hexamod:SpiritBrand":0},{"Busted Crown":0,"downfall:HeartBlessingRed":7,"Shuriken":4,"Dota2Spire:ShadowBlade":8,"hexamod:SpiritBrand":0},{"Busted Crown":0,"downfall:HeartBlessingRed":26,"Shuriken":17,"Dota2Spire:ShadowBlade":30,"hexamod:SpiritBrand":0}]},"card_choices":[{"not_picked":["hexamod:GhostLash"],"picked":"SKIP","floor":2},{"not_picked":[],"picked":"hexamod:HeatMetal","floor":4},{"not_picked":[],"picked":"hexamod:RecurringNightmare","floor":5},{"not_picked":[],"picked":"hexamod:FlamesFromBeyond","floor":6},{"not_picked":[],"picked":"hexamod:SoulSteal","floor":8},{"not_picked":["hexamod:NightmareStrike"],"picked":"SKIP","floor":10},{"not_picked":[],"picked":"hexamod:StepThrough","floor":12},{"not_picked":[],"picked":"hexamod:GhostflameInferno","floor":14},{"not_picked":["hexamod:NecessarySacrifice"],"picked":"SKIP","floor":15}],"player_experience":889340,"relics_obtained":[{"floor":7,"key":"Shuriken"},{"floor":14,"key":"Dota2Spire:ShadowBlade"}],"event_choices":[],"is_beta":false,"boss_relics":[],"items_purged_floors":[],"is_endless":false,"potions_floor_spawned":[2,6,8,10,12],"killed_by":"WA_ARCHETYPE_RETAIN","ascension_level":2}}