{"host":"17xjy7b7ubl548g2","time":1612846245,"event":{"mods":["2.2 Compatiblity","Act Like it!","Aspiration","Astrologer","Bard","BaseMod","Challenge The Spire","ChefMod","Colored Map","Colored Powertips","Conspire","Elementarium","Energized Spire","Gensokyo","GifTheSpireLib","Halation","Hallownest","Hermit","Hubris","Infinite Spire","Jedi Mod","Jorbs\u0027s Wanderer Trilogy","Marisa（霧雨　魔理沙）","Marked Mod","Menagerie","Minty Spire (QoL Compilation)","Permanent Neow","Reliquary","Replay The Spire","Robot Space Explorer","Spicy Shops","Spire Arcade","StSLib","Stuff the Spire","The Blue Laboratory","The Bug Knight","The Construct","The Disciple","The Hayseed","The Hierophant","The Marked","The Runesmith","The Sage","TheFirefly"],"gold_per_floor":[109,124,141,155,181,181,181,199,225,254,254,266,266,286,286,357,357,367,367,382,395,415,415,449,461,496,54,84,84,119,138,138,212,212,224,224,224,224,68,68,103,103,154,183,196,196,213,233,233,233],"floor_reached":51,"language":"ENG","playtime":5643,"items_purged":["RobotSpaceExplorer:Strike"],"score":1588,"play_id":"2680935d-40ef-42a0-9a6f-ebba71fddde6","local_time":"20210208235045","is_ascension_mode":true,"campfire_choices":[{"data":"RobotSpaceExplorer:ToxicBomb","floor":6.0,"key":"SMITH"},{"data":"AscendersBane","floor":11.0,"key":"SMITH"},{"data":"RobotSpaceExplorer:Asteroid","floor":13.0,"key":"SMITH"},{"data":"RobotSpaceExplorer:StarLightning","floor":15.0,"key":"SMITH"},{"data":"jedi:BattleThirst","floor":23.0,"key":"SMITH"},{"data":"RobotSpaceExplorer:ShockMissile","floor":25.0,"key":"SMITH"},{"data":"RobotSpaceExplorer:ShockMissile","floor":29.0,"key":"SMITH"},{"data":"RobotSpaceExplorer:Blitz","floor":32.0,"key":"SMITH"},{"data":"StuffTheSpire:Innocence","floor":40.0,"key":"SMITH"},{"data":"RobotSpaceExplorer:ShockMissile","floor":42.0,"key":"SMITH"},{"data":"RobotSpaceExplorer:Fix","floor":49.0,"key":"SMITH"}],"circlet_count":0,"master_deck":["RobotSpaceExplorer:Strike","RobotSpaceExplorer:Strike+1","RobotSpaceExplorer:Defend","RobotSpaceExplorer:Defend","RobotSpaceExplorer:Defend","RobotSpaceExplorer:Defend","RobotSpaceExplorer:Scan","RobotSpaceExplorer:MiniLasers","RobotSpaceExplorer:FrostMissile+1","RobotSpaceExplorer:GlueShot","RobotSpaceExplorer:Asteroid+1","RobotSpaceExplorer:ToxicBomb+1","RobotSpaceExplorer:Fix+1","RobotSpaceExplorer:Jetpack","RobotSpaceExplorer:StarLightning+1","RobotSpaceExplorer:RigExplosive","RobotSpaceExplorer:DroneSwarm","RobotSpaceExplorer:ShockMissile+1","RobotSpaceExplorer:ShovelStrike","RobotSpaceExplorer:GlueSpray+1","RobotSpaceExplorer:SurgingShield","RobotSpaceExplorer:BlastShield","RobotSpaceExplorer:Smokescreen","RobotSpaceExplorer:TurboDodge","RobotSpaceExplorer:StarLightning","RobotSpaceExplorer:ShockMissile+1","RobotSpaceExplorer:MiniDrones","RobotSpaceExplorer:PlasmaMissile","Trip","RobotSpaceExplorer:Reload+1","RobotSpaceExplorer:PlasmaMissile+1","RobotSpaceExplorer:Blitz+1","RobotSpaceExplorer:ShockMissile+1","RobotSpaceExplorer:Counterblock","RobotSpaceExplorer:FranticSearch","StuffTheSpire:Innocence+1","RobotSpaceExplorer:Explosion","hubris:Fate","RobotSpaceExplorer:SurgingStrike","RobotSpaceExplorer:SurgingShield","RobotSpaceExplorer:FranticSearch+1"],"relics":["RobotSpaceExplorer:RoboCore","aspiration:Lifesprig","infinitespire:CursedDice","Hallownest:DreamNailRelic","Prayer Wheel","energizedSpire:DeadBattery","RobotSpaceExplorer:RingOfTheNewt","MawBank","Tiny Chest","PreservedInsect","Bag of Marbles","FossilizedHelix","infinitespire:Cupcake","hubris:Towel","halation:PinkSoulGem","RobotSpaceExplorer:SlideRule","RobotSpaceExplorer:ToughPlating","StuffTheSpire:GrapeVine","jedi:crownofsimplicity","RobotSpaceExplorer:FoglandsKnife"],"acts_visited":["Exordium","Hallownest:Greenpath","Hallownest:CityofTears"],"potions_floor_usage":[50,50],"damage_taken":[{"damage":10.0,"enemies":"Hallownest:monsterHuskGuard","floor":1.0,"turns":5.0},{"damage":12.0,"enemies":"Hallownest:2_Tiktiks_and_1_Crawlid","floor":2.0,"turns":8.0},{"damage":0.0,"enemies":"Hallownest:2_Baldur","floor":3.0,"turns":4.0},{"damage":5.0,"enemies":"Hallownest:1_Baldur_1_Crawlid_1_Warrior","floor":4.0,"turns":5.0},{"damage":0.0,"enemies":"Hallownest:eliteVengeflyKing","floor":5.0,"turns":6.0},{"damage":0.0,"enemies":"Hallownest:monsterMossCharger","floor":8.0,"turns":4.0},{"damage":10.0,"enemies":"Hallownest:eliteVengeflyKing","floor":10.0,"turns":6.0},{"damage":13.0,"enemies":"Hallownest:Guard_and_Warrior","floor":12.0,"turns":6.0},{"damage":0.0,"enemies":"Hallownest:monsterFoolEater","floor":14.0,"turns":3.0},{"damage":6.0,"enemies":"Hallownest:BossHornet","floor":16.0,"turns":9.0},{"damage":3.0,"enemies":"Hallownest:2_Mistakes","floor":18.0,"turns":6.0},{"damage":3.0,"enemies":"Hallownest:3_Youths","floor":20.0,"turns":5.0},{"damage":0.0,"enemies":"Hallownest:monsterShrumalOgre","floor":21.0,"turns":4.0},{"damage":3.0,"enemies":"Hallownest:monsterMisterMushroom","floor":22.0,"turns":7.0},{"damage":12.0,"enemies":"Hallownest:Nosk","floor":24.0,"turns":6.0},{"damage":0.0,"enemies":"Hallownest:eliteSoulWarrior","floor":28.0,"turns":3.0},{"damage":0.0,"enemies":"Hallownest:Nosk","floor":30.0,"turns":4.0},{"damage":0.0,"enemies":"Hallownest:Master_and_Novice","floor":31.0,"turns":3.0},{"damage":5.0,"enemies":"Hallownest:BossGrimm","floor":33.0,"turns":13.0},{"damage":2.0,"enemies":"Hallownest:3_Siblings","floor":35.0,"turns":7.0},{"damage":0.0,"enemies":"Hallownest:StalkingDevout","floor":41.0,"turns":7.0},{"damage":0.0,"enemies":"Nightmare","floor":44.0,"turns":5.0},{"damage":0.0,"enemies":"Hallownest:2_Littles","floor":45.0,"turns":4.0},{"damage":0.0,"enemies":"Hallownest:2_Wing_and_1_Kings","floor":47.0,"turns":6.0},{"damage":0.0,"enemies":"Hallownest:monsterPrimalAspid","floor":48.0,"turns":3.0},{"damage":0,"enemies":"Hallownest:BossGreyPrinceZote","floor":50,"turns":3}],"seed_played":"-2337939702006919977","potions_obtained":[{"floor":3.0,"key":"blueLaboratory:TrueEctoplasm"},{"floor":4.0,"key":"Energy Potion"},{"floor":5.0,"key":"CultistPotion"},{"floor":8.0,"key":"blueLaboratory:BottleOfVodka"},{"floor":20.0,"key":"SpeedPotion"},{"floor":22.0,"key":"Death Potion"},{"floor":24.0,"key":"FearPotion"},{"floor":31.0,"key":"blueLaboratory:HorrorPotion"},{"floor":35.0,"key":"FairyPotion"},{"floor":48.0,"key":"Adrenaline Potion"}],"is_trial":false,"path_per_floor":["M","M","M","M","?","R","?","M","T","E","R","M","R","M","R","B",null,"M","?","M","M","M","R","E","R","T","$","E","R","E","M","R","B",null,"M","?","?","?","$","R","E","R","T","NM","M","T","M","M","R","B",null],"character_chosen":"RobotSpaceExplorer","items_purchased":["PreservedInsect","RobotSpaceExplorer:PlasmaMissile","Fruit Juice","Trip","RobotSpaceExplorer:SlideRule"],"campfire_rested":0,"item_purchase_floors":[27,27,27,27,39],"current_hp_per_floor":[54,42,42,37,37,37,37,41,41,35,35,26,26,26,26,24,59,60,60,61,65,66,66,58,58,58,58,67,67,71,71,71,70,75,74,74,74,74,74,74,76,76,76,76,76,76,76,76,76,76],"gold":233,"neow_bonus":"RANDOM_COMMON_RELIC","is_daily":false,"chose_seed":false,"campfire_upgraded":11,"win_rate":0.0,"timestamp":1612846245,"path_taken":["M","?","M","?","?","R","?","?","T","E","R","M","R","M","R","BOSS","M","?","M","?","M","R","E","R","T","$","E","R","E","M","R","BOSS","M","?","?","?","$","R","E","R","T","NM","M","?","M","M","R","BOSS"],"items_purchased_type":["Relic","Card","Potion","Card","Relic"],"build_version":"2020-12-22","purchased_purges":1,"victory":true,"max_hp_per_floor":[71,71,71,71,71,71,71,71,71,71,71,71,71,71,71,71,71,71,71,71,71,71,71,71,71,71,71,76,76,76,76,76,76,76,76,76,76,76,76,76,76,76,76,76,76,76,76,76,76,76],"card_choices":[{"not_picked":["RobotSpaceExplorer:ImprovisedAttack","RobotSpaceExplorer:SlimeMissile"],"picked":"RobotSpaceExplorer:FrostMissile","floor":1.0},{"not_picked":["RobotSpaceExplorer:DoubleFind","RobotSpaceExplorer:ImprovisedAttack"],"picked":"RobotSpaceExplorer:GlueShot","floor":2.0},{"not_picked":["RobotSpaceExplorer:DoubleBlock","RobotSpaceExplorer:ExhaustFan"],"picked":"RobotSpaceExplorer:Asteroid","floor":3.0},{"not_picked":["RobotSpaceExplorer:SwiftStep","RobotSpaceExplorer:MetalStrike"],"picked":"RobotSpaceExplorer:ToxicBomb","floor":4.0},{"not_picked":["RobotSpaceExplorer:GearShield","RobotSpaceExplorer:ToxicBomb"],"picked":"RobotSpaceExplorer:Fix","floor":5.0},{"not_picked":["RobotSpaceExplorer:SurgingShield","RobotSpaceExplorer:Pulsar"],"picked":"RobotSpaceExplorer:Jetpack","floor":8.0},{"not_picked":["RobotSpaceExplorer:ScrapMissile","RobotSpaceExplorer:SelfCleaning"],"picked":"RobotSpaceExplorer:StarLightning","floor":10.0},{"not_picked":["RobotSpaceExplorer:JunkDive","RobotSpaceExplorer:Probe"],"picked":"RobotSpaceExplorer:RigExplosive","floor":12.0},{"not_picked":["RobotSpaceExplorer:MakeshiftVolley","RobotSpaceExplorer:GlueShot"],"picked":"RobotSpaceExplorer:Wormhole","floor":12.0},{"not_picked":["RobotSpaceExplorer:SurgingStrike","RobotSpaceExplorer:Jetpack"],"picked":"RobotSpaceExplorer:DroneSwarm","floor":14.0},{"not_picked":["RobotSpaceExplorer:FranticSearch","RobotSpaceExplorer:ShockKick","RobotSpaceExplorer:FreezeRay"],"picked":"SKIP","floor":14.0},{"not_picked":["RobotSpaceExplorer:Explosion","RobotSpaceExplorer:Multitool"],"picked":"RobotSpaceExplorer:ShockMissile","floor":16.0},{"not_picked":["RobotSpaceExplorer:GlueShot","RobotSpaceExplorer:FranticSearch"],"picked":"RobotSpaceExplorer:ShovelStrike","floor":18.0},{"not_picked":["RobotSpaceExplorer:StunGrenade","RobotSpaceExplorer:SurgingShield"],"picked":"RobotSpaceExplorer:GlueSpray+1","floor":18.0},{"not_picked":["RobotSpaceExplorer:ScrapMissile","RobotSpaceExplorer:ScrapShield"],"picked":"RobotSpaceExplorer:SurgingShield","floor":20.0},{"not_picked":["RobotSpaceExplorer:ImprovisedAttack","RobotSpaceExplorer:SelfCleaning"],"picked":"RobotSpaceExplorer:BlastShield","floor":20.0},{"not_picked":["RobotSpaceExplorer:JunkDive","RobotSpaceExplorer:ShockKick"],"picked":"RobotSpaceExplorer:Smokescreen","floor":21.0},{"not_picked":["RobotSpaceExplorer:BigMissile","RobotSpaceExplorer:ShovelStrike"],"picked":"RobotSpaceExplorer:TurboDodge","floor":21.0},{"not_picked":["RobotSpaceExplorer:Smokescreen","RobotSpaceExplorer:BigMissile"],"picked":"RobotSpaceExplorer:StarLightning","floor":22.0},{"not_picked":["RobotSpaceExplorer:Calculate","RobotSpaceExplorer:MiniDrones"],"picked":"RobotSpaceExplorer:ShockMissile","floor":22.0},{"not_picked":["RobotSpaceExplorer:SurgingStrike","RobotSpaceExplorer:Pulsar"],"picked":"RobotSpaceExplorer:MiniDrones","floor":24.0},{"not_picked":["RobotSpaceExplorer:SwiftStep","RobotSpaceExplorer:ShockKick"],"picked":"RobotSpaceExplorer:Reload+1","floor":28.0},{"not_picked":["RobotSpaceExplorer:DualCore","RobotSpaceExplorer:StunGrenade+1"],"picked":"RobotSpaceExplorer:PlasmaMissile+1","floor":30.0},{"not_picked":["RobotSpaceExplorer:SwiftStep+1","RobotSpaceExplorer:Discharger"],"picked":"RobotSpaceExplorer:Blitz","floor":31.0},{"not_picked":["RobotSpaceExplorer:BigMissile","RobotSpaceExplorer:MetalStrike","RobotSpaceExplorer:StarDust"],"picked":"SKIP","floor":31.0},{"not_picked":["RobotSpaceExplorer:Exploration","RobotSpaceExplorer:Comet"],"picked":"RobotSpaceExplorer:ShockMissile","floor":33.0},{"not_picked":["RobotSpaceExplorer:GlueShot","RobotSpaceExplorer:SlimeMissile"],"picked":"RobotSpaceExplorer:Counterblock","floor":35.0},{"not_picked":["RobotSpaceExplorer:ShockKick","RobotSpaceExplorer:MiniDrones"],"picked":"RobotSpaceExplorer:FranticSearch","floor":35.0},{"not_picked":["StuffTheSpire:BrainWave","StuffTheSpire:Harmony"],"picked":"StuffTheSpire:Innocence","floor":36.0},{"not_picked":["RobotSpaceExplorer:ScrapShield","RobotSpaceExplorer:ShockKick"],"picked":"RobotSpaceExplorer:Explosion","floor":41.0},{"not_picked":["ReplayTheSpireMod:Echoes of Time","ReplayTheSpireMod:Black Plague"],"picked":"hubris:Fate","floor":44.0},{"not_picked":["RobotSpaceExplorer:DualCore","RobotSpaceExplorer:StarDust"],"picked":"RobotSpaceExplorer:SurgingStrike","floor":44.0},{"not_picked":["RobotSpaceExplorer:ImprovisedAttack+1","RobotSpaceExplorer:SurgingStrike"],"picked":"RobotSpaceExplorer:SurgingShield","floor":45.0},{"not_picked":["RobotSpaceExplorer:SurgingStrike","RobotSpaceExplorer:Electropulse","RobotSpaceExplorer:MiniDrones"],"picked":"SKIP","floor":45.0},{"not_picked":["RobotSpaceExplorer:StunGrenade","RobotSpaceExplorer:SwiftStep"],"picked":"RobotSpaceExplorer:FranticSearch+1","floor":47.0},{"not_picked":["RobotSpaceExplorer:StunGrenade","RobotSpaceExplorer:Wormhole","RobotSpaceExplorer:Jetpack"],"picked":"SKIP","floor":47.0},{"not_picked":["RobotSpaceExplorer:SlimeMissile","RobotSpaceExplorer:ImprovisedAttack","RobotSpaceExplorer:SwiftStep"],"picked":"SKIP","floor":48.0},{"not_picked":["RobotSpaceExplorer:GlueShot+1","RobotSpaceExplorer:FrostMissile+1","RobotSpaceExplorer:Electroshield+1"],"picked":"SKIP","floor":48.0}],"player_experience":2104265,"relics_obtained":[{"floor":5.0,"key":"infinitespire:CursedDice"},{"floor":9.0,"key":"halation:PrussianBluePaint"},{"floor":10.0,"key":"Prayer Wheel"},{"floor":24.0,"key":"MawBank"},{"floor":26.0,"key":"Tiny Chest"},{"floor":28.0,"key":"Bag of Marbles"},{"floor":30.0,"key":"FossilizedHelix"},{"floor":41.0,"key":"RobotSpaceExplorer:ToughPlating"},{"floor":43.0,"key":"StuffTheSpire:GrapeVine"},{"floor":44.0,"key":"jedi:crownofsimplicity"},{"floor":46.0,"key":"RobotSpaceExplorer:FoglandsKnife"}],"event_choices":[],"is_beta":false,"boss_relics":[{"not_picked":["Snecko Heart","aspiration:RunesmithSkillbook"],"picked":"energizedSpire:DeadBattery"},{"not_picked":["jedi:hotpepper","energizedSpire:StickyHand"],"picked":"infinitespire:Cupcake"}],"items_purged_floors":[27],"is_endless":false,"potions_floor_spawned":[3,4,5,8,14,20,22,24,31,35,48],"ascension_level":14}}