{"host":"a3wpq7kyokchzawk","time":1612847078,"event":{"mods":["BaseMod","Colored Map","Highlight Path","Minty Spire (QoL Compilation)","Permanent Neow","Potion Indicator Mod","Relic Stats","Weighted Paths"],"gold_per_floor":[116,116,135,135,135,168,168,192,246,279,299,54,74,107,107,197,197,215,228,242,38,38,38],"floor_reached":22,"language":"ENG","playtime":1995,"items_purged":[],"score":462,"play_id":"a7961781-88dc-4d05-a14c-e2fbc2d04dc7","local_time":"20210209030438","is_ascension_mode":true,"campfire_choices":[{"data":"Bash","floor":7.0,"key":"SMITH"},{"data":"Armaments","floor":15.0,"key":"SMITH"}],"circlet_count":0,"master_deck":["AscendersBane","Strike_R","Strike_R","Strike_R","Strike_R","Strike_R","Defend_R","Defend_R+1","Bash+1","True Grit","Pommel Strike","Metallicize","Shrug It Off+1","Armaments+1","Fire Breathing","Feel No Pain","Second Wind","Corruption","Clash","True Grit","Juggernaut","Pommel Strike+1","Battle Trance","Dark Embrace","Spot Weakness"],"relics":["Burning Blood","NeowsBlessing","Golden Idol","Juzu Bracelet","War Paint","Darkstone Periapt","Toolbox","Prayer Wheel","Mark of Pain"],"acts_visited":["Exordium","TheCity"],"potions_floor_usage":[],"damage_taken":[{"damage":0.0,"enemies":"2 Louse","floor":1.0,"turns":1.0},{"damage":0.0,"enemies":"Cultist","floor":3.0,"turns":1.0},{"damage":0.0,"enemies":"3 Sentries","floor":6.0,"turns":2.0},{"damage":7.0,"enemies":"Small Slimes","floor":8.0,"turns":5.0},{"damage":32.0,"enemies":"Gremlin Nob","floor":10.0,"turns":4.0},{"damage":9.0,"enemies":"3 Louse","floor":11.0,"turns":5.0},{"damage":1.0,"enemies":"2 Fungi Beasts","floor":13.0,"turns":5.0},{"damage":18.0,"enemies":"Lagavulin","floor":14.0,"turns":7.0},{"damage":25.0,"enemies":"Slime Boss","floor":16.0,"turns":8.0},{"damage":25.0,"enemies":"3 Byrds","floor":18.0,"turns":3.0},{"damage":11,"enemies":"Spheric Guardian","floor":19,"turns":6},{"damage":31,"enemies":"Shelled Parasite and Fungi","floor":20,"turns":6}],"seed_played":"-7270185856533743873","potions_obtained":[{"floor":1.0,"key":"SmokeBomb"},{"floor":6.0,"key":"Explosive Potion"},{"floor":11.0,"key":"BloodPotion"},{"floor":14.0,"key":"BloodPotion"},{"floor":18.0,"key":"Strength Potion"}],"is_trial":false,"path_per_floor":["M","?","M","?","?","E","R","M","T","E","M","$","M","E","R","B",null,"M","M","M","$","?"],"character_chosen":"IRONCLAD","items_purchased":["Toolbox","Feel No Pain","Battle Trance","Dark Embrace","Spot Weakness"],"campfire_rested":0,"item_purchase_floors":[12,12,21,21,21],"current_hp_per_floor":[74,74,75,68,61,67,67,66,66,40,37,37,42,43,43,24,57,51,46,21,21,0,0],"gold":38,"neow_bonus":"THREE_ENEMY_KILL","is_daily":false,"chose_seed":false,"campfire_upgraded":2,"win_rate":0.0,"timestamp":1612847078,"path_taken":["M","?","?","?","?","E","R","M","T","E","M","$","M","E","R","BOSS","M","M","M","$","?"],"items_purchased_type":["Relic","Card","Card","Card","Card"],"build_version":"2020-12-22","purchased_purges":0,"victory":false,"max_hp_per_floor":[75,75,75,68,68,68,68,68,68,68,68,68,68,68,68,68,68,68,68,68,68,68,68],"relic_stats":{"Darkstone Periapt":0,"counters":[12,53],"Golden Idol":62,"Prayer Wheel":3,"Juzu Bracelet":0,"War Paint":["Defend_R","Shrug It Off"],"obtain_stats":[{"Darkstone Periapt":10,"NeowsBlessing":0,"Golden Idol":4,"Toolbox":12,"Prayer Wheel":14,"Mark of Pain":17,"Juzu Bracelet":6,"War Paint":9,"Burning Blood":0},{"Darkstone Periapt":5,"NeowsBlessing":0,"Golden Idol":2,"Toolbox":6,"Prayer Wheel":8,"Mark of Pain":9,"Juzu Bracelet":3,"War Paint":4,"Burning Blood":0},{"Darkstone Periapt":13,"NeowsBlessing":0,"Golden Idol":2,"Toolbox":18,"Prayer Wheel":30,"Mark of Pain":38,"Juzu Bracelet":4,"War Paint":9,"Burning Blood":0}],"Burning Blood":67},"card_choices":[{"not_picked":["Searing Blow","Iron Wave"],"picked":"True Grit","floor":1.0},{"not_picked":["Evolve","Warcry"],"picked":"Pommel Strike","floor":3.0},{"not_picked":["Infernal Blade","Perfected Strike"],"picked":"Metallicize","floor":6.0},{"not_picked":["True Grit","Thunderclap"],"picked":"Shrug It Off","floor":8.0},{"not_picked":["Reckless Charge","Twin Strike"],"picked":"Armaments","floor":10.0},{"not_picked":["Brutality","Thunderclap"],"picked":"Fire Breathing","floor":11.0},{"not_picked":["Intimidate","Pummel"],"picked":"Second Wind","floor":13.0},{"not_picked":["Sword Boomerang","Flex","Armaments"],"picked":"SKIP","floor":14.0},{"not_picked":["Fiend Fire","Exhume"],"picked":"Corruption","floor":16.0},{"not_picked":["Havoc","Seeing Red","Twin Strike"],"picked":"SKIP","floor":18.0},{"not_picked":["Dual Wield","Cleave+1","Sever Soul"],"picked":"SKIP","floor":18.0},{"not_picked":["Clothesline","Flex"],"picked":"Clash","floor":19},{"not_picked":["Sword Boomerang","Second Wind"],"picked":"True Grit","floor":19},{"not_picked":["True Grit","Sentinel"],"picked":"Juggernaut","floor":20},{"not_picked":["Thunderclap","Rupture+1"],"picked":"Pommel Strike+1","floor":20}],"player_experience":2676141,"relics_obtained":[{"floor":6.0,"key":"Juzu Bracelet"},{"floor":9.0,"key":"War Paint"},{"floor":10.0,"key":"Darkstone Periapt"},{"floor":14.0,"key":"Prayer Wheel"}],"event_choices":[{"cards_removed":["Defend_R"],"damage_healed":0.0,"max_hp_gain":0.0,"max_hp_loss":0.0,"gold_gain":0.0,"event_name":"Purifier","player_choice":"Purged","floor":2.0,"gold_loss":0.0,"damage_taken":0.0},{"damage_healed":0.0,"max_hp_gain":0.0,"max_hp_loss":7.0,"gold_gain":0.0,"event_name":"Golden Idol","player_choice":"Lose Max HP","floor":4.0,"gold_loss":0.0,"damage_taken":0.0,"relics_obtained":["Golden Idol"]},{"cards_removed":["Defend_R"],"damage_healed":0.0,"max_hp_gain":0.0,"max_hp_loss":0.0,"gold_gain":0.0,"event_name":"Golden Wing","player_choice":"Card Removal","floor":5.0,"gold_loss":0.0,"damage_taken":7.0}],"is_beta":false,"boss_relics":[{"not_picked":["Black Blood","Busted Crown"],"picked":"Mark of Pain"}],"items_purged_floors":[],"is_endless":false,"potions_floor_spawned":[1,6,11,14,18],"ascension_level":20}}