{"host":"o9lehcdjc4u6j9un","time":1612908464,"event":{"mods":["Aspiration","BaseMod","Colored Map","Downfall","Gremlin Mod","Hermit","LagranYue(¿≠∏Ò¿ °§‘¬)","Marisa£®ÏF”Í°°ƒß¿Ì…≥£©","Minty Spire (QoL Compilation)","Reimu£®≤©¿ˆ¡È√Œ£©","Remilia£®¿Ÿ√◊¿Ú—«£©","StSLib","The Alterego","The Runesmith","The Senshi","The Servant 0.9.4","Yakumo Yukari mod","Youmu£®ªÍ∆«—˝√Œ£©"],"gold_per_floor":[117,136,150,75,88,116,116,116,116,116,132,147,47,47,47,151,151,167,167,5,15,290,290,321,321,321,338,338,348,380,393,393,491,491,504,516,213,229,279,308,308,326,326,326,352,362,392,404,404,404],"floor_reached":51,"language":"ZHS","playtime":5385,"items_purged":["hermit:Strike_Hermit","hermit:EternalForm","hermit:LowProfile","hermit:Strike_Hermit+1"],"score":829,"play_id":"86d5a9fb-11d5-420f-97df-a5f97d1e8a66","local_time":"20210210060744","is_ascension_mode":false,"campfire_choices":[{"floor":8,"key":"REST"},{"data":"hermit:LoneWolf","floor":10,"key":"SMITH"},{"data":"hermit:Vantage","floor":15,"key":"SMITH"},{"data":"hermit:Reprieve","floor":23,"key":"SMITH"},{"floor":25,"key":"REST"},{"data":"hermit:Combo","floor":28,"key":"SMITH"},{"data":"hermit:Snipe","floor":32,"key":"SMITH"},{"data":"hermit:BigShot","floor":41,"key":"SMITH"},{"data":"hermit:CalledShot","floor":44,"key":"SMITH"},{"floor":49,"key":"REST"}],"circlet_count":0,"master_deck":["hermit:Strike_Hermit+1","hermit:Strike_Hermit+1","hermit:Defend_Hermit+1","hermit:Defend_Hermit+1","hermit:Defend_Hermit+1","hermit:Defend_Hermit+1","hermit:Snapshot","hermit:Covet","hermit:Vantage+1","hermit:Headshot","hermit:LoneWolf+1","hermit:TrackingShot","hermit:TrackingShot","hermit:TrackingShot","hermit:LuckOfTheDraw","hermit:BodyArmor","hermit:Headshot","hermit:ItchyTrigger","hermit:Reprieve+1","hermit:CalledShot+1","hermit:GoldenBullet","hermit:Combo+1","Regret","hermit:Horror+1","hermit:Roulette","hermit:Snipe+1","hermit:Shortfuse","hermit:Vantage+1","hermit:Dissolve","hermit:CalledShot+1","hermit:BigShot+1","hermit:GhostlyPresence","hermit:OverwhelmingPower","hermit:Headshot+1","hermit:TrackingShot"],"relics":["hermit:Momento","LagranYue:RandomDrawCardRelic","Blood Vial","Torii","Vajra","LagranYue:SoulBurningRelic","Bottled Tornado","LagranYue:MagicReflectiveArmorRelic","theSenshi:SailorFukuRelic","Runic Dome","aspiration:Lifesprig","aspiration:AnachronicSnailShell","Darkstone Periapt","Meat on the Bone","Du-Vu Doll","Regal Pillow"],"acts_visited":["Exordium","TheCity","TheBeyond"],"potions_floor_usage":[16,16,16,16,24,46],"damage_taken":[{"damage":0,"enemies":"2 Louse","floor":1,"turns":2},{"damage":1,"enemies":"Jaw Worm","floor":2,"turns":3},{"damage":1,"enemies":"Cultist","floor":3,"turns":3},{"damage":7,"enemies":"Blue Slaver","floor":5,"turns":3},{"damage":28,"enemies":"Lagavulin","floor":6,"turns":8},{"damage":0,"enemies":"Looter","floor":11,"turns":2},{"damage":0,"enemies":"Exordium Wildlife","floor":12,"turns":2},{"damage":45,"enemies":"Hexaghost","floor":16,"turns":7},{"damage":0,"enemies":"Spheric Guardian","floor":18,"turns":3},{"damage":24,"enemies":"3 Byrds","floor":21,"turns":4},{"damage":23,"enemies":"Book of Stabbing","floor":24,"turns":6},{"damage":8,"enemies":"Snake Plant","floor":27,"turns":3},{"damage":9,"enemies":"Shelled Parasite and Fungi","floor":29,"turns":4},{"damage":1,"enemies":"Gremlin Leader","floor":30,"turns":5},{"damage":2,"enemies":"Chosen and Byrds","floor":31,"turns":5},{"damage":1,"enemies":"Champ","floor":33,"turns":11},{"damage":0,"enemies":"3 Darklings","floor":35,"turns":6},{"damage":0,"enemies":"Orb Walker","floor":36,"turns":3},{"damage":19,"enemies":"Spire Growth","floor":38,"turns":4},{"damage":0,"enemies":"Mind Bloom Boss Battle","floor":39,"turns":4},{"damage":12,"enemies":"Reptomancer","floor":40,"turns":4},{"damage":0,"enemies":"Transient","floor":42,"turns":5},{"damage":0,"enemies":"Nemesis","floor":45,"turns":6},{"damage":6,"enemies":"3 Darklings","floor":46,"turns":5},{"damage":11,"enemies":"Giant Head","floor":47,"turns":5},{"damage":16,"enemies":"Jaw Worm Horde","floor":48,"turns":5},{"damage":31,"enemies":"Awakened One","floor":50,"turns":7}],"seed_played":"-6250853320009027966","potions_obtained":[{"floor":3,"key":"CultistPotion"},{"floor":5,"key":"EntropicBrew"},{"floor":12,"key":"SteroidPotion"},{"floor":21,"key":"SpeedPotion"},{"floor":29,"key":"BlessingOfTheForge"},{"floor":46,"key":"SneckoOil"},{"floor":47,"key":"SmokeBomb"},{"floor":48,"key":"Energy Potion"}],"is_trial":false,"path_per_floor":["M","M","M","$","M","E","?","R","T","R","M","M","$","?","R","B",null,"M","?","$","M","?","R","E","R","T","M","R","M","E","M","R","B",null,"M","M","$","M","?","E","R","M","T","R","E","M","E","M","R","B",null],"character_chosen":"HERMIT","items_purchased":["hermit:GoldenBullet","aspiration:Lifesprig"],"campfire_rested":3,"item_purchase_floors":[20,37],"current_hp_per_floor":[82,81,80,80,73,45,45,69,69,69,71,73,73,70,70,27,82,82,82,82,58,58,58,42,65,65,58,58,56,62,67,67,70,82,82,82,82,63,67,59,59,63,63,63,70,71,61,46,82,51],"gold":404,"neow_bonus":"TEN_PERCENT_HP_BONUS","is_daily":false,"chose_seed":false,"campfire_upgraded":7,"win_rate":0.0,"timestamp":1612908464,"path_taken":["M","M","M","$","M","E","?","R","T","R","M","M","$","?","R","BOSS","M","?","$","M","?","R","E","R","T","?","R","M","E","M","R","BOSS","M","M","$","M","?","E","R","M","T","R","E","M","E","M","R","BOSS"],"items_purchased_type":["Card","Relic"],"build_version":"2020-12-22","purchased_purges":4,"victory":true,"max_hp_per_floor":[82,82,82,82,82,82,82,82,82,82,82,82,82,82,82,82,82,82,82,82,82,82,82,82,82,82,82,82,82,82,82,82,82,82,82,82,82,82,82,82,82,82,82,82,82,82,82,82,82,82],"card_choices":[{"not_picked":["hermit:Dive","hermit:Determination"],"picked":"hermit:Vantage","floor":1},{"not_picked":["hermit:Grudge","hermit:Glare"],"picked":"hermit:Headshot","floor":2},{"not_picked":["hermit:Determination","hermit:ItchyTrigger"],"picked":"hermit:LoneWolf","floor":3},{"not_picked":["hermit:Desperado","hermit:HighCaliber"],"picked":"hermit:TrackingShot","floor":5},{"not_picked":["hermit:Horror","hermit:Showdown"],"picked":"hermit:TrackingShot","floor":6},{"not_picked":["hermit:EternalForm","hermit:LoneWolf"],"picked":"hermit:Headshot","floor":11},{"not_picked":["hermit:Headshot","hermit:LowProfile"],"picked":"hermit:ItchyTrigger","floor":12},{"not_picked":["hermit:FatalDesire","hermit:BlackWind"],"picked":"hermit:Reprieve","floor":16},{"not_picked":["hermit:TakeCover","hermit:Vantage"],"picked":"hermit:CalledShot+1","floor":18},{"not_picked":["hermit:SprayPray+1","hermit:Gestalt"],"picked":"hermit:Combo","floor":21},{"not_picked":["hermit:HighCaliber","hermit:SprayPray"],"picked":"hermit:Horror+1","floor":24},{"not_picked":["hermit:Dissolve","hermit:Glare+1"],"picked":"hermit:Roulette","floor":27},{"not_picked":["hermit:HoleUp+1","hermit:Brawl"],"picked":"hermit:Snipe","floor":29},{"not_picked":["hermit:Coalescence","hermit:Ricochet"],"picked":"hermit:Shortfuse","floor":30},{"not_picked":["hermit:SprayPray","hermit:PistolWhip"],"picked":"hermit:Vantage+1","floor":31},{"not_picked":["hermit:HeroicBravado","hermit:Roughhouse"],"picked":"hermit:Dissolve","floor":33},{"not_picked":["hermit:Brawl","hermit:Malice"],"picked":"hermit:CalledShot","floor":35},{"not_picked":["hermit:Ricochet+1","hermit:Cheat"],"picked":"hermit:BigShot","floor":36},{"not_picked":["hermit:Midnight+1","hermit:Roulette","hermit:Snipe"],"picked":"SKIP","floor":38},{"not_picked":["hermit:Dive","hermit:Headshot"],"picked":"hermit:GhostlyPresence","floor":40},{"not_picked":["hermit:SprayPray","hermit:Spite+1","hermit:BigShot"],"picked":"SKIP","floor":42},{"not_picked":["hermit:ItchyTrigger","hermit:DeadMansHand"],"picked":"hermit:OverwhelmingPower","floor":45},{"not_picked":["hermit:ItchyTrigger","hermit:Desperado"],"picked":"hermit:Headshot+1","floor":46},{"not_picked":["hermit:GoldenBullet+1","hermit:HighCaliber"],"picked":"hermit:TrackingShot","floor":47},{"not_picked":["hermit:Determination","hermit:Manifest+1","hermit:PistolWhip"],"picked":"SKIP","floor":48}],"player_experience":197638,"relics_obtained":[{"floor":6,"key":"Blood Vial"},{"floor":9,"key":"Torii"},{"floor":24,"key":"Bottled Tornado"},{"floor":26,"key":"LagranYue:MagicReflectiveArmorRelic"},{"floor":30,"key":"theSenshi:SailorFukuRelic"},{"floor":39,"key":"aspiration:AnachronicSnailShell"},{"floor":40,"key":"Darkstone Periapt"},{"floor":43,"key":"Meat on the Bone"},{"floor":45,"key":"Du-Vu Doll"},{"floor":47,"key":"Regal Pillow"}],"event_choices":[{"damage_healed":0,"gold_gain":0,"player_choice":"Success","damage_taken":3,"relics_obtained":["Vajra"],"max_hp_gain":0,"max_hp_loss":0,"event_name":"Scrap Ooze","floor":14,"gold_loss":0},{"damage_healed":0,"gold_gain":0,"player_choice":"Simplicity","damage_taken":0,"max_hp_gain":0,"max_hp_loss":0,"event_name":"Back to Basics","floor":19,"gold_loss":0,"cards_upgraded":["hermit:Strike_Hermit","hermit:Strike_Hermit","hermit:Strike_Hermit","hermit:Defend_Hermit","hermit:Defend_Hermit","hermit:Defend_Hermit","hermit:Defend_Hermit"]},{"damage_healed":0,"gold_gain":275,"player_choice":"Desecrate","damage_taken":0,"max_hp_gain":0,"max_hp_loss":0,"event_name":"Golden Shrine","floor":22,"gold_loss":0,"cards_obtained":["Regret"]},{"damage_healed":0,"gold_gain":0,"player_choice":"Fight","damage_taken":0,"max_hp_gain":0,"max_hp_loss":0,"event_name":"MindBloom","floor":39,"gold_loss":0}],"is_beta":false,"boss_relics":[{"not_picked":["Velvet Choker","Black Star"],"picked":"LagranYue:SoulBurningRelic"},{"not_picked":["aspiration:RunicSpoon","Tiny House"],"picked":"Runic Dome"}],"items_purged_floors":[4,13,20,37],"is_endless":false,"potions_floor_spawned":[3,5,12,21,29,30,35,39,46,47,48],"ascension_level":0}}