{"host":"jwbw4f4imxd0v0b0","time":1612846042,"event":{"mods":["BaseMod","Colored Map","Highlight Path","Minty Spire (QoL Compilation)","Relic Stats","StSLib"],"gold_per_floor":[119,138,158,158,178,203,203,231,254,284,296,296,315,342,342,445,445,462,45,45,45,59,94,108,128,128,43,43,61,61,87,87,187,187,204,216,216,216,251,309,335,335,335,335,351,369,21,53,53,53],"floor_reached":51,"language":"ENG","playtime":4552,"items_purged":["Strike_P"],"score":1448,"play_id":"f23ee494-badb-4d74-a615-fcd9993a15a8","local_time":"20210208224722","is_ascension_mode":true,"campfire_choices":[{"data":"Eruption","floor":7.0,"key":"SMITH"},{"floor":12.0,"key":"REST"},{"data":"WheelKick","floor":15.0,"key":"SMITH"},{"floor":28.0,"key":"DIG"},{"data":"Ghostly","floor":32.0,"key":"SMITH"},{"data":"Ghostly","floor":42,"key":"SMITH"},{"data":"Ghostly","floor":44,"key":"SMITH"},{"floor":49,"key":"REST"}],"circlet_count":0,"master_deck":["AscendersBane","Defend_P+1","Defend_P+1","Defend_P+1","Defend_P+1","Eruption+1","Vigilance+1","Protect+1","FlyingSleeves","Vengeance+1","Adaptation","WheelKick+1","FlurryOfBlows","Halt","CutThroughFate+1","LessonLearned","JustLucky","Ghostly","Ghostly+1","Ghostly+1","Ghostly+1","Ghostly+1","Wireheading","Conclude+1","InnerPeace","DevaForm","FlurryOfBlows+1","The Bomb","Trip","HandOfGreed+1","Tantrum+1","Weave+1","FearNoEvil+1","TalkToTheHand+1","FlyingSleeves+1","Tantrum+1"],"relics":["PureWater","Vajra","WingedGreaves","Bag of Preparation","Nunchaku","Toy Ornithopter","Shovel","Empty Cage","TheAbacus","Akabeko","Anchor","Orichalcum","Lantern","Letter Opener","Omamori","Calling Bell","Regal Pillow","Molten Egg 2","Turnip","Art of War","Pear","TeardropLocket","Sundial","Mango"],"acts_visited":["Exordium","TheCity","TheBeyond"],"potions_floor_usage":[48,50,50,50],"damage_taken":[{"damage":1.0,"enemies":"Cultist","floor":1.0,"turns":4.0},{"damage":1.0,"enemies":"2 Louse","floor":2.0,"turns":3.0},{"damage":2.0,"enemies":"Jaw Worm","floor":3.0,"turns":4.0},{"damage":1.0,"enemies":"Looter","floor":5.0,"turns":2.0},{"damage":0.0,"enemies":"Gremlin Nob","floor":6.0,"turns":2.0},{"damage":14.0,"enemies":"3 Sentries","floor":8.0,"turns":4.0},{"damage":17.0,"enemies":"Lagavulin","floor":10.0,"turns":4.0},{"damage":0.0,"enemies":"2 Fungi Beasts","floor":11.0,"turns":2.0},{"damage":2.0,"enemies":"Gremlin Gang","floor":13.0,"turns":3.0},{"damage":0.0,"enemies":"Gremlin Nob","floor":14.0,"turns":2.0},{"damage":52.0,"enemies":"The Guardian","floor":16.0,"turns":11.0},{"damage":5.0,"enemies":"2 Thieves","floor":18.0,"turns":2.0},{"damage":5.0,"enemies":"3 Byrds","floor":22.0,"turns":5.0},{"damage":5.0,"enemies":"Slavers","floor":23.0,"turns":6.0},{"damage":0.0,"enemies":"Cultist and Chosen","floor":24.0,"turns":4.0},{"damage":0.0,"enemies":"Shelled Parasite and Fungi","floor":25.0,"turns":5.0},{"damage":0.0,"enemies":"Snecko","floor":29.0,"turns":6.0},{"damage":0.0,"enemies":"Gremlin Leader","floor":31.0,"turns":5.0},{"damage":12.0,"enemies":"Champ","floor":33.0,"turns":15.0},{"damage":0.0,"enemies":"3 Darklings","floor":35.0,"turns":5.0},{"damage":0.0,"enemies":"Orb Walker","floor":36.0,"turns":3.0},{"damage":0,"enemies":"Spire Growth","floor":39,"turns":4},{"damage":0,"enemies":"Giant Head","floor":40,"turns":7},{"damage":1,"enemies":"Reptomancer","floor":41,"turns":4},{"damage":0,"enemies":"Writhing Mass","floor":45,"turns":4},{"damage":0,"enemies":"Maw","floor":46,"turns":3},{"damage":25,"enemies":"Nemesis","floor":48,"turns":5},{"damage":0,"enemies":"Donu and Deca","floor":50,"turns":8}],"seed_played":"7772323070792208241","potions_obtained":[{"floor":3.0,"key":"FearPotion"},{"floor":6.0,"key":"Swift Potion"},{"floor":8.0,"key":"ColorlessPotion"},{"floor":13.0,"key":"DuplicationPotion"},{"floor":14.0,"key":"Regen Potion"},{"floor":16.0,"key":"LiquidMemories"},{"floor":25.0,"key":"LiquidBronze"},{"floor":31.0,"key":"BlessingOfTheForge"},{"floor":35.0,"key":"Block Potion"},{"floor":39,"key":"DuplicationPotion"},{"floor":48,"key":"GamblersBrew"}],"is_trial":false,"path_per_floor":["M","M","M","?","M","E","R","E","T","E","M","R","M","E","R","B",null,"M","$","?","?","M","E","M","M","T","?","R","M","?","E","R","B",null,"M","M","?","?","M","E","E","R","T","R","M","M","$","E","R","B",null],"character_chosen":"WATCHER","items_purchased":["TheAbacus","Energy Potion","Akabeko","FlyingSleeves+1","Sundial","DuplicationPotion"],"campfire_rested":2,"item_purchase_floors":[19,19,19,47,47,47],"current_hp_per_floor":[64,63,61,61,60,60,60,46,46,29,29,50,53,53,53,21,59,54,54,54,36,31,31,31,31,31,31,31,31,31,31,31,24,33,33,33,23,23,23,23,32,32,32,32,32,32,32,26,59,60],"gold":53,"neow_bonus":"RANDOM_COMMON_RELIC","is_daily":false,"chose_seed":false,"campfire_upgraded":5,"win_rate":0.0,"timestamp":1612846042,"path_taken":["M","?","?","?","?","E","R","E","T","E","M","R","M","E","R","BOSS","M","$","?","?","M","E","M","M","T","?","R","M","?","E","R","BOSS","M","?","?","?","M","E","E","R","T","R","?","M","$","E","R","BOSS"],"items_purchased_type":["Relic","Potion","Relic","Card","Relic","Potion"],"build_version":"2020-12-22","purchased_purges":1,"victory":true,"max_hp_per_floor":[72,72,72,72,72,72,72,72,72,72,72,72,72,72,72,72,72,72,72,72,36,36,36,36,36,36,36,36,36,36,36,36,36,36,36,36,36,36,36,36,46,46,46,46,46,46,46,60,60,60],"relic_stats":{"Regal Pillow":15,"counters":[28,132],"Bag of Preparation":[44],"Letter Opener":[118],"Orichalcum":[90],"Nunchaku":[25],"Shovel":1,"TheAbacus":[102],"Sundial":[0],"Turnip":[3],"Art of War":[5],"obtain_stats":[{"Lantern":27,"Regal Pillow":34,"Pear":41,"Vajra":0,"Mango":48,"Bag of Preparation":8,"Omamori":31,"Letter Opener":28,"TeardropLocket":43,"Orichalcum":26,"Empty Cage":17,"Akabeko":19,"Calling Bell":34,"Nunchaku":9,"Anchor":23,"Shovel":14,"TheAbacus":19,"Sundial":47,"Molten Egg 2":34,"WingedGreaves":6,"Turnip":34,"Art of War":40,"PureWater":0,"Toy Ornithopter":10},{"Lantern":16,"Regal Pillow":19,"Pear":24,"Vajra":0,"Mango":27,"Bag of Preparation":6,"Omamori":18,"Letter Opener":16,"TeardropLocket":24,"Orichalcum":16,"Empty Cage":11,"Akabeko":12,"Calling Bell":19,"Nunchaku":6,"Anchor":14,"Shovel":10,"TheAbacus":12,"Sundial":26,"Molten Egg 2":19,"WingedGreaves":5,"Turnip":19,"Art of War":23,"PureWater":0,"Toy Ornithopter":7},{"Lantern":63,"Regal Pillow":89,"Pear":112,"Vajra":0,"Mango":124,"Bag of Preparation":19,"Omamori":74,"Letter Opener":63,"TeardropLocket":112,"Orichalcum":63,"Empty Cage":41,"Akabeko":43,"Calling Bell":89,"Nunchaku":19,"Anchor":54,"Shovel":30,"TheAbacus":43,"Sundial":119,"Molten Egg 2":89,"WingedGreaves":15,"Turnip":89,"Art of War":108,"PureWater":0,"Toy Ornithopter":23}],"Toy Ornithopter":26},"card_choices":[{"not_picked":["Wireheading","Evaluate"],"picked":"Protect","floor":1.0},{"not_picked":["ThirdEye","SashWhip"],"picked":"FlyingSleeves","floor":2.0},{"not_picked":["ClearTheMind","CrushJoints"],"picked":"Vengeance","floor":3.0},{"not_picked":["Evaluate","Pray"],"picked":"Adaptation","floor":5.0},{"not_picked":["Devotion","Protect"],"picked":"WheelKick","floor":6.0},{"not_picked":["ConjureBlade","Crescendo","SandsOfTime"],"picked":"SKIP","floor":8.0},{"not_picked":["InnerPeace","Protect"],"picked":"FlurryOfBlows","floor":10.0},{"not_picked":["SashWhip","Indignation","FollowUp"],"picked":"SKIP","floor":11.0},{"not_picked":["Omniscience","Fasting2"],"picked":"Halt","floor":13.0},{"not_picked":["SignatureMove","Protect"],"picked":"CutThroughFate","floor":14.0},{"not_picked":["Establishment","Brilliance"],"picked":"LessonLearned","floor":16.0},{"not_picked":["Collect","Protect"],"picked":"JustLucky","floor":18.0},{"not_picked":["WreathOfFlame","Indignation"],"picked":"Wireheading","floor":22.0},{"not_picked":["Prostrate","FollowUp"],"picked":"Conclude+1","floor":23.0},{"not_picked":["Protect","BowlingBash","Wireheading"],"picked":"SKIP","floor":24.0},{"not_picked":["Consecrate+1","CutThroughFate"],"picked":"InnerPeace","floor":25.0},{"not_picked":["Perseverance","Consecrate","Prostrate"],"picked":"SKIP","floor":29.0},{"not_picked":["CutThroughFate","DeceiveReality","CrushJoints"],"picked":"SKIP","floor":31.0},{"not_picked":["Vault","Omniscience"],"picked":"DevaForm","floor":33.0},{"not_picked":["Protect","Pray+1","SashWhip+1"],"picked":"SKIP","floor":35.0},{"not_picked":["FollowUp+1","Crescendo"],"picked":"FlurryOfBlows+1","floor":36.0},{"not_picked":["Jack Of All Trades","Mind Blast+1"],"picked":"The Bomb","floor":37.0},{"not_picked":["Finesse","Discovery"],"picked":"Trip","floor":37.0},{"not_picked":["Swift Strike+1","Mayhem"],"picked":"HandOfGreed+1","floor":37.0},{"not_picked":["Indignation","CutThroughFate+1","ThirdEye"],"picked":"SKIP","floor":39},{"not_picked":["Crescendo","SashWhip+1"],"picked":"Tantrum+1","floor":40},{"not_picked":["LikeWater+1","Indignation+1"],"picked":"Weave+1","floor":41},{"not_picked":["PathToVictory+1","BattleHymn"],"picked":"FearNoEvil+1","floor":45},{"not_picked":["FollowUp+1","Sanctity+1"],"picked":"TalkToTheHand+1","floor":46},{"not_picked":["CrushJoints+1","Nirvana+1"],"picked":"Tantrum+1","floor":48}],"player_experience":1256766,"relics_obtained":[{"floor":6.0,"key":"WingedGreaves"},{"floor":8.0,"key":"Bag of Preparation"},{"floor":9.0,"key":"Nunchaku"},{"floor":10.0,"key":"Toy Ornithopter"},{"floor":14.0,"key":"Shovel"},{"floor":23.0,"key":"Anchor"},{"floor":26.0,"key":"Orichalcum"},{"floor":28.0,"key":"Letter Opener"},{"floor":31.0,"key":"Omamori"},{"floor":34.0,"key":"Regal Pillow"},{"floor":34.0,"key":"Molten Egg 2"},{"floor":34.0,"key":"Turnip"},{"floor":40,"key":"Art of War"},{"floor":41,"key":"Pear"},{"floor":43,"key":"TeardropLocket"},{"floor":48,"key":"Mango"}],"event_choices":[{"damage_healed":0.0,"max_hp_gain":0.0,"max_hp_loss":0.0,"gold_gain":0.0,"event_name":"Wheel of Change","player_choice":"Cursed","floor":4.0,"gold_loss":0.0,"damage_taken":0.0,"cards_obtained":["Decay"]},{"damage_healed":0.0,"max_hp_gain":0.0,"max_hp_loss":0.0,"gold_gain":0.0,"event_name":"Back to Basics","player_choice":"Simplicity","floor":20.0,"gold_loss":0.0,"damage_taken":0.0,"cards_upgraded":["Strike_P","Strike_P","Defend_P","Defend_P","Defend_P","Defend_P"]},{"damage_healed":0.0,"max_hp_gain":0.0,"max_hp_loss":36.0,"gold_gain":0.0,"event_name":"Ghosts","player_choice":"Became a Ghost","floor":21.0,"gold_loss":0.0,"damage_taken":0.0,"cards_obtained":["Ghostly","Ghostly","Ghostly","Ghostly","Ghostly"]},{"damage_healed":0.0,"max_hp_gain":0.0,"max_hp_loss":0.0,"gold_gain":0.0,"event_name":"Addict","player_choice":"Obtained Relic","floor":27.0,"gold_loss":85.0,"damage_taken":0.0,"relics_obtained":["Lantern"]},{"cards_removed":["Strike_P"],"damage_healed":0.0,"max_hp_gain":0.0,"max_hp_loss":0.0,"gold_gain":0.0,"event_name":"Wheel of Change","player_choice":"Card Removal","floor":30.0,"gold_loss":0.0,"damage_taken":0.0},{"damage_healed":0.0,"max_hp_gain":0.0,"max_hp_loss":0.0,"gold_gain":0.0,"event_name":"SensoryStone","player_choice":"Memory 3","floor":37.0,"gold_loss":0.0,"damage_taken":10.0},{"cards_removed":["Strike_P"],"damage_healed":0.0,"max_hp_gain":0.0,"max_hp_loss":0.0,"gold_gain":0.0,"event_name":"Purifier","player_choice":"Purged","floor":38.0,"gold_loss":0.0,"damage_taken":0.0}],"is_beta":false,"boss_relics":[{"not_picked":["Busted Crown","Runic Pyramid"],"picked":"Empty Cage"},{"not_picked":["Philosopher\u0027s Stone","HolyWater"],"picked":"Calling Bell"}],"items_purged_floors":[19],"is_endless":false,"potions_floor_spawned":[3,6,8,13,14,16,25,29,31,35,39,48],"ascension_level":10}}