{"host":"41vgbr386mrj4p17","time":1612848134,"event":{"mods":["AchievementEnabler","AlwaysNeverKeys","BaseMod","Bestiary","Better Altar","Better Match","Better Note","Better Sensory Stone","Better Skull","Better Third Choice","Colored Map","Curses Come First","Downfall","Googly Eyes","Hermit","Highlight Path","Minty Spire (QoL Compilation)","Shade Mod","StSLib","The Cursed"],"gold_per_floor":[113,38,38,58,58,93,55,55,55,55,91,109,142,92,92,217,217,237,237,256,6,22,57,57,102,126,160,212,212,230,253,253,372,372,392,392,412,470,533,533,573,17,17,51,51,51,94,94,94,94,94,94,94,143,143,143],"floor_reached":55,"language":"ENG","playtime":3105,"items_purged":["Shade:Defend_Shade","Shade:LoseControl","Shade:Strike_Shade"],"score":1173,"play_id":"44ba9ec8-334f-4ce1-a819-54e45a9a3a94","local_time":"20210209002214","is_ascension_mode":true,"campfire_choices":[{"data":"Shade:StitchTogether","floor":8.0,"key":"SMITH"},{"data":"Shade:AuraOfUnlife","floor":15.0,"key":"SMITH"},{"data":"Shade:SanguineRitual","floor":24,"key":"SMITH"},{"data":"Shade:OpenGraves","floor":29,"key":"SMITH"},{"data":"Shade:Tombstone","floor":32,"key":"SMITH"},{"data":"Shade:FreshBones","floor":40,"key":"SMITH"},{"data":"Shade:TouchOfTheGrave","floor":45,"key":"SMITH"},{"data":"Shade:OminousRitual","floor":46,"key":"SMITH"},{"floor":49,"key":"REST"},{"data":"Shade:StitchTogether","floor":52,"key":"SMITH"}],"circlet_count":0,"master_deck":["Shade:Strike_Shade+1","Shade:AnimateDead+1","Shade:CarefulCut+1","Shade:SanguineRitual+1","Shade:Bonestorm","Shade:Excise+1","Shade:StitchTogether+1","Shade:AuraOfUnlife+1","Shade:FleshToFlesh+1","Shade:Tombstone+1","Shade:FreshBones+1","Shade:OpenGraves+1","Shade:StitchTogether+1","Shade:TouchOfTheGrave+1","Shade:OminousRitual+1","Shade:CloudOfShrapnel"],"relics":["Shade:YorickSkull","Golden Idol","Du-Vu Doll","Question Card","Bronze Scales","Unceasing Top","Busted Crown","PreservedInsect","Strawberry","CeramicFish","Nunchaku","Letter Opener","Sozu","WingedGreaves","Potion Belt","Whetstone","HandDrill","White Beast Statue","War Paint","Omamori","Mummified Hand","Guardian:PocketSentry"],"acts_visited":["Exordium","TheCity","TheBeyond","TheEnding"],"potions_floor_usage":[23,23,28,28,33],"damage_taken":[{"damage":0.0,"enemies":"Cultist","floor":1.0,"turns":3.0},{"damage":0.0,"enemies":"2 Louse","floor":4.0,"turns":3.0},{"damage":13.0,"enemies":"Gremlin Nob","floor":6.0,"turns":4.0},{"damage":12.0,"enemies":"Lagavulin","floor":11.0,"turns":6.0},{"damage":2.0,"enemies":"Small Slimes","floor":12.0,"turns":3.0},{"damage":20.0,"enemies":"Gremlin Nob","floor":13.0,"turns":5.0},{"damage":16.0,"enemies":"Hexaghost","floor":16.0,"turns":9.0},{"damage":2.0,"enemies":"Shell Parasite","floor":18.0,"turns":5.0},{"damage":2,"enemies":"2 Thieves","floor":20,"turns":3},{"damage":13,"enemies":"Centurion and Healer","floor":22,"turns":4},{"damage":14,"enemies":"Slavers","floor":23,"turns":3},{"damage":5,"enemies":"Gremlin Leader","floor":25,"turns":3},{"damage":2,"enemies":"Cultist and Chosen","floor":27,"turns":4},{"damage":2,"enemies":"Slavers","floor":28,"turns":2},{"damage":2,"enemies":"Snecko","floor":30,"turns":3},{"damage":9,"enemies":"Centurion and Healer","floor":31,"turns":3},{"damage":22,"enemies":"Champ","floor":33,"turns":6},{"damage":18,"enemies":"3 Shapes","floor":35,"turns":3},{"damage":2,"enemies":"Orb Walker","floor":37,"turns":3},{"damage":42,"enemies":"2 Orb Walkers","floor":38,"turns":4},{"damage":2,"enemies":"Mind Bloom Boss Battle","floor":39,"turns":5},{"damage":20,"enemies":"Nemesis","floor":41,"turns":7},{"damage":12,"enemies":"Reptomancer","floor":44,"turns":3},{"damage":41,"enemies":"Nemesis","floor":47,"turns":5},{"damage":40,"enemies":"Time Eater","floor":50,"turns":8},{"damage":55,"enemies":"Shield and Spear","floor":54,"turns":6},{"damage":49,"enemies":"The Heart","floor":55,"turns":2}],"seed_played":"-7988056569885189502","potions_obtained":[{"floor":1.0,"key":"Explosive Potion"},{"floor":6.0,"key":"SpeedPotion"},{"floor":12.0,"key":"Ancient Potion"},{"floor":25,"key":"Dexterity Potion"},{"floor":27,"key":"GamblersBrew"},{"floor":31,"key":"SteroidPotion"}],"is_trial":false,"path_per_floor":["M","$","?","M","?","E","$","R","T","?","E","M","E","?","R","B",null,"M","?","M","$","M","E","R","E","T","M","E","R","M","M","R","B",null,"M","?","M","?","?","R","E","$","T","E","R","R","E","T","R","B",null,"R","$","E","B"],"character_chosen":"SHADE","items_purchased":["Shade:StitchTogether","PreservedInsect","Shade:TouchOfTheGrave","Whetstone","HandDrill","Shade:OminousRitual"],"campfire_rested":1,"item_purchase_floors":[7,21,42,42,42,42],"current_hp_per_floor":[44,44,44,44,28,15,15,15,15,75,63,71,61,61,61,55,70,73,73,75,75,62,65,65,70,70,78,76,76,82,82,82,60,77,76,76,82,57,72,72,64,64,64,69,69,69,38,38,62,39,71,71,71,36,0,0],"gold":143,"neow_bonus":"TRANSFORM_TWO_CARDS","is_daily":false,"chose_seed":false,"campfire_upgraded":9,"win_rate":0.0,"timestamp":1612848134,"path_taken":["M","$","?","?","?","E","$","R","T","?","E","?","E","?","R","BOSS","M","?","M","$","M","E","R","E","T","M","E","R","M","M","R","BOSS","M","?","M","?","?","R","E","$","T","E","R","R","E","?","R","BOSS","R","$","E","BOSS"],"items_purchased_type":["Card","Relic","Card","Relic","Relic","Card"],"build_version":"2020-12-22","purchased_purges":3,"victory":false,"max_hp_per_floor":[65,65,65,65,65,65,65,65,65,75,75,75,75,75,75,75,75,75,75,75,75,75,82,82,82,82,82,82,82,82,82,82,82,82,82,82,82,82,82,82,82,82,82,82,82,82,82,82,82,82,82,82,82,82,82,82],"card_choices":[{"not_picked":["Shade:GoDigging","Shade:ExtraLimbs"],"picked":"Shade:Bonestorm","floor":1.0},{"not_picked":["Shade:FeralStrike","Shade:Brains","Shade:BoneShards"],"picked":"SKIP","floor":4.0},{"not_picked":["Shade:AncientSpear","Shade:GoDigging"],"picked":"Shade:Excise","floor":6.0},{"not_picked":["Shade:AncientSpear","Shade:Excise","Shade:GreyBargain"],"picked":"Shade:AuraOfUnlife","floor":11.0},{"not_picked":["Shade:ExtraLimbs","Shade:FuneraryArmor","Shade:FeralStrike"],"picked":"Shade:FleshToFlesh","floor":12.0},{"not_picked":["Shade:Coordination","Shade:CoffinDance","Shade:Trample","Shade:Doomsay"],"picked":"SKIP","floor":13.0},{"not_picked":["Shade:ClawBack+1","Shade:CoffinDance"],"picked":"SKIP","floor":18.0},{"not_picked":["Shade:Bite_Shade+1","Shade:GoDigging"],"picked":"SKIP","floor":20},{"not_picked":["Shade:Frenzy+1","Shade:PoundOfFlesh+1"],"picked":"SKIP","floor":22},{"not_picked":["Shade:FleshOffering","Shade:SoulToxin"],"picked":"SKIP","floor":23},{"not_picked":["Shade:FeralStrike"],"picked":"Shade:FreshBones","floor":25},{"not_picked":["Shade:FuneraryArmor"],"picked":"Shade:OpenGraves","floor":27},{"not_picked":["Shade:PotionOfRestlessness"],"picked":"Shade:StitchTogether","floor":28},{"not_picked":["Shade:FreshBones","Shade:GreyBargain"],"picked":"SKIP","floor":30},{"not_picked":["Shade:CallOfTheGrave+1","Shade:Bonestorm"],"picked":"SKIP","floor":31},{"not_picked":["Shade:PotionOfRestlessness+1","Shade:WallOfFlesh+1"],"picked":"SKIP","floor":35},{"not_picked":["Shade:CloudOfShrapnel+1","Shade:DangerousRitual"],"picked":"SKIP","floor":37},{"not_picked":["Shade:ScuttlingHand+1","Shade:AblativeArmor"],"picked":"SKIP","floor":41},{"not_picked":["Shade:Haruspicy","Shade:RitualOffering"],"picked":"SKIP","floor":44},{"not_picked":["Shade:Haruspicy","Shade:RitualOffering"],"picked":"SKIP","floor":44},{"not_picked":["Shade:GoDigging+1","Shade:CoffinDance"],"picked":"SKIP","floor":47},{"not_picked":["Shade:Premonition"],"picked":"Shade:CloudOfShrapnel","floor":54}],"player_experience":1057931,"relics_obtained":[{"floor":6.0,"key":"Du-Vu Doll"},{"floor":9.0,"key":"Question Card"},{"floor":11.0,"key":"Bronze Scales"},{"floor":13.0,"key":"Unceasing Top"},{"floor":23,"key":"Strawberry"},{"floor":25,"key":"CeramicFish"},{"floor":26,"key":"Nunchaku"},{"floor":28,"key":"Letter Opener"},{"floor":39,"key":"WingedGreaves"},{"floor":41,"key":"Potion Belt"},{"floor":43,"key":"White Beast Statue"},{"floor":44,"key":"War Paint"},{"floor":47,"key":"Omamori"},{"floor":48,"key":"Mummified Hand"},{"floor":54,"key":"Guardian:PocketSentry"}],"event_choices":[{"damage_healed":0.0,"max_hp_gain":0.0,"max_hp_loss":0.0,"gold_gain":0.0,"event_name":"Upgrade Shrine","player_choice":"Upgraded","floor":3.0,"gold_loss":0.0,"damage_taken":0.0,"cards_upgraded":["Shade:AnimateDead"]},{"damage_healed":0.0,"max_hp_gain":0.0,"max_hp_loss":0.0,"gold_gain":0.0,"event_name":"Golden Idol","player_choice":"Take Damage","floor":5.0,"gold_loss":0.0,"damage_taken":16.0,"relics_obtained":["Golden Idol"]},{"cards_removed":["Shade:OneIsEnough"],"damage_healed":50.0,"max_hp_gain":10.0,"max_hp_loss":0.0,"gold_gain":0.0,"event_name":"Bonfire Elementals","player_choice":"Offered Rare","floor":10.0,"gold_loss":0.0,"damage_taken":0.0},{"cards_removed":["Shade:Defend_Shade"],"damage_healed":0.0,"max_hp_gain":0.0,"max_hp_loss":0.0,"gold_gain":0.0,"event_name":"The Cleric","player_choice":"Card Removal","floor":14.0,"gold_loss":50.0,"damage_taken":0.0},{"damage_healed":0,"gold_gain":0,"cards_transformed":["Shade:Strike_Shade","Shade:Defend_Shade"],"player_choice":"Became Test Subject","damage_taken":0,"max_hp_gain":0,"max_hp_loss":0,"event_name":"Drug Dealer","floor":19,"gold_loss":0,"cards_obtained":["Shade:Tombstone","Shade:LoseControl"]},{"damage_healed":0,"gold_gain":0,"player_choice":"Ignored","damage_taken":0,"max_hp_gain":0,"max_hp_loss":0,"event_name":"Tomb of Lord Red Mask","floor":36,"gold_loss":0},{"damage_healed":0,"gold_gain":0,"player_choice":"Fight","damage_taken":0,"max_hp_gain":0,"max_hp_loss":0,"event_name":"Mysterious Sphere","floor":38,"gold_loss":0},{"damage_healed":0,"gold_gain":0,"player_choice":"Fight","damage_taken":0,"max_hp_gain":0,"max_hp_loss":0,"event_name":"MindBloom","floor":39,"gold_loss":0}],"is_beta":false,"boss_relics":[{"not_picked":["Runic Pyramid","Empty Cage"],"picked":"Busted Crown"},{"not_picked":["Runic Dome","SacredBark"],"picked":"Sozu"}],"items_purged_floors":[2,21,42],"is_endless":false,"potions_floor_spawned":[1,6,12,25,27,31,37,39,44,47,54],"killed_by":"The Heart","ascension_level":8}}