{"host":"og6lam4kt3nibbw0","time":1612895264,"event":{"mods":["AchievementEnabler","BaseMod","Colored Map","DeckTracker","Highlight Path","Keyboard Shortcuts","Minty Spire (QoL Compilation)","Permanent Neow","Quick Restart","StSLib","SuperFastMode"],"gold_per_floor":[117,134,148,162,162,162,194,204,204,215,225,225,245,262,262,340,340,359,359,191,205,130,130,146,146,146,163,178,178,189,202,202,273,273,287,302,327,341,351,376,386,417,417,464,464,477,477,491,491,491,491,491,491,491,171,202,202,202],"floor_reached":57,"language":"KOR","playtime":4573,"items_purged":["Strike_B","Defend_B"],"score":1852,"play_id":"1de05df4-5b21-45e5-8d58-680699342908","local_time":"20210210032744","is_ascension_mode":true,"campfire_choices":[{"data":"Dualcast","floor":6.0,"key":"SMITH"},{"data":"Consume","floor":15.0,"key":"SMITH"},{"data":"Coolheaded","floor":23.0,"key":"SMITH"},{"data":"Consume","floor":25.0,"key":"SMITH"},{"data":"Loop","floor":29.0,"key":"SMITH"},{"data":"Reboot","floor":32.0,"key":"SMITH"},{"floor":45.0,"key":"RECALL"},{"data":"Turbo","floor":50.0,"key":"SMITH"},{"data":"Capacitor","floor":54.0,"key":"SMITH"}],"circlet_count":0,"master_deck":["AscendersBane","Strike_B","Strike_B","Defend_B","Defend_B","Zap","Dualcast+1","Self Repair","Hologram","Ball Lightning","Capacitor+1","Consume+1","Turbo+1","Lockon","BootSequence","Go for the Eyes","Reboot+1","Biased Cognition","Leap","Cold Snap","Consume+1","Coolheaded+1","Echo Form","Loop+1","Compile Driver","Electrodynamics","Stack","Compile Driver","Conserve Battery+1","Skim+1","Redo","Creative AI"],"relics":["Cracked Core","StoneCalendar","Happy Flower","Meat on the Bone","Inserter","Eternal Feather","Coffee Dripper","Bottled Lightning","Molten Egg 2","Unceasing Top","Akabeko"],"acts_visited":["Exordium","TheCity","TheBeyond","TheEnding"],"potions_floor_usage":[],"damage_taken":[{"damage":4.0,"enemies":"Small Slimes","floor":1.0,"turns":4.0},{"damage":0.0,"enemies":"2 Louse","floor":2.0,"turns":3.0},{"damage":1.0,"enemies":"Cultist","floor":3.0,"turns":3.0},{"damage":12.0,"enemies":"3 Louse","floor":4.0,"turns":3.0},{"damage":25.0,"enemies":"Lagavulin","floor":7.0,"turns":5.0},{"damage":8.0,"enemies":"Looter","floor":8.0,"turns":3.0},{"damage":3.0,"enemies":"2 Fungi Beasts","floor":10.0,"turns":4.0},{"damage":29.0,"enemies":"Large Slime","floor":11.0,"turns":4.0},{"damage":12.0,"enemies":"3 Louse","floor":13.0,"turns":3.0},{"damage":10.0,"enemies":"Exordium Wildlife","floor":14.0,"turns":2.0},{"damage":20.0,"enemies":"The Guardian","floor":16.0,"turns":7.0},{"damage":40.0,"enemies":"2 Thieves","floor":18.0,"turns":4.0},{"damage":0.0,"enemies":"Chosen","floor":21.0,"turns":5.0},{"damage":22.0,"enemies":"Snake Plant","floor":24.0,"turns":4.0},{"damage":25.0,"enemies":"Shelled Parasite and Fungi","floor":27.0,"turns":8.0},{"damage":0.0,"enemies":"Cultist and Chosen","floor":28.0,"turns":6.0},{"damage":0.0,"enemies":"Snecko","floor":30.0,"turns":3.0},{"damage":30.0,"enemies":"Centurion and Healer","floor":31.0,"turns":4.0},{"damage":41.0,"enemies":"Collector","floor":33.0,"turns":8.0},{"damage":12.0,"enemies":"3 Shapes","floor":35.0,"turns":3.0},{"damage":36.0,"enemies":"3 Darklings","floor":36.0,"turns":4.0},{"damage":4.0,"enemies":"Mind Bloom Boss Battle","floor":37.0,"turns":6.0},{"damage":22.0,"enemies":"Writhing Mass","floor":38.0,"turns":5.0},{"damage":15.0,"enemies":"Transient","floor":39.0,"turns":6.0},{"damage":38.0,"enemies":"Reptomancer","floor":40.0,"turns":6.0},{"damage":0.0,"enemies":"Spire Growth","floor":41.0,"turns":7.0},{"damage":1.0,"enemies":"Giant Head","floor":42.0,"turns":8.0},{"damage":34.0,"enemies":"2 Orb Walkers","floor":44.0,"turns":5.0},{"damage":0.0,"enemies":"Maw","floor":46.0,"turns":7.0},{"damage":0.0,"enemies":"4 Shapes","floor":48.0,"turns":3.0},{"damage":35.0,"enemies":"Time Eater","floor":51.0,"turns":12.0},{"damage":34.0,"enemies":"Awakened One","floor":52.0,"turns":9.0},{"damage":66.0,"enemies":"Shield and Spear","floor":56.0,"turns":7.0},{"damage":24,"enemies":"The Heart","floor":57,"turns":2}],"seed_played":"2233605011542460239","potions_obtained":[{"floor":3.0,"key":"Fire Potion"},{"floor":4.0,"key":"LiquidBronze"},{"floor":14.0,"key":"Energy Potion"},{"floor":16.0,"key":"Dexterity Potion"},{"floor":30.0,"key":"SpeedPotion"},{"floor":31.0,"key":"ColorlessPotion"},{"floor":38.0,"key":"AttackPotion"},{"floor":40.0,"key":"Weak Potion"},{"floor":41.0,"key":"DistilledChaos"},{"floor":44.0,"key":"SteroidPotion"},{"floor":46.0,"key":"GamblersBrew"}],"is_trial":false,"path_per_floor":["M","M","M","M","?","R","E","M","T","M","M","?","M","M","R","B",null,"M","?","$","M","?","R","M","R","T","M","M","R","M","M","R","B",null,"M","M","?","M","M","E","M","E","T","?","R","M","?","M","M","R","B","B",null,"R","$","E","B"],"character_chosen":"DEFECT","items_purchased":["Cold Snap","Consume","GamblersBrew","GamblersBrew","Redo"],"campfire_rested":0,"item_purchase_floors":[20,20,55,55,55],"current_hp_per_floor":[60,60,64,59,59,59,41,40,40,44,34,34,41,50,50,49,60,32,32,32,51,51,51,48,48,48,42,49,64,64,34,49,27,55,43,26,41,38,42,16,42,48,48,33,51,58,58,58,58,64,48,33,56,64,64,22,0,0],"gold":202,"neow_bonus":"ONE_RARE_RELIC","is_daily":false,"chose_seed":false,"campfire_upgraded":8,"win_rate":0.0,"timestamp":1612895264,"path_taken":["M","M","M","M","?","R","E","M","T","M","M","?","M","?","R","BOSS","M","?","$","M","?","R","M","R","T","M","M","R","M","M","R","BOSS","M","M","?","M","M","E","M","E","T","?","R","M","?","M","M","R","BOSS","BOSS","R","$","E","BOSS"],"items_purchased_type":["Card","Card","Potion","Potion","Card"],"build_version":"2020-12-22","purchased_purges":2,"victory":false,"max_hp_per_floor":[64,64,64,64,64,64,64,64,64,64,64,64,64,64,64,64,64,64,64,64,64,64,64,64,64,64,64,64,64,64,64,64,64,64,64,64,64,64,64,64,64,64,64,64,64,64,64,64,64,64,64,64,64,64,64,64,64,64],"card_choices":[{"not_picked":["Steam","Gash","Melter"],"picked":"SKIP","floor":1.0},{"not_picked":["Gash","Compile Driver"],"picked":"Self Repair","floor":2.0},{"not_picked":["Conserve Battery","Lockon"],"picked":"Hologram","floor":3.0},{"not_picked":["Leap","Cold Snap"],"picked":"Ball Lightning","floor":4.0},{"not_picked":["Beam Cell","Sweeping Beam"],"picked":"Capacitor","floor":7.0},{"not_picked":["Ball Lightning","Leap"],"picked":"Consume","floor":8.0},{"not_picked":["Beam Cell","Fusion"],"picked":"Turbo","floor":10.0},{"not_picked":["Compile Driver","Barrage"],"picked":"Lockon","floor":11.0},{"not_picked":["Leap","Compile Driver"],"picked":"Go for the Eyes","floor":13.0},{"not_picked":["Turbo","Undo"],"picked":"Reboot","floor":14.0},{"not_picked":["Fission","Seek"],"picked":"Biased Cognition","floor":16.0},{"not_picked":["White Noise","Ball Lightning"],"picked":"Leap","floor":18.0},{"not_picked":["Turbo+1","Ball Lightning"],"picked":"Coolheaded","floor":21.0},{"not_picked":["Turbo","Self Repair+1"],"picked":"Echo Form","floor":24.0},{"not_picked":["Rebound","Redo"],"picked":"Loop","floor":27.0},{"not_picked":["Go for the Eyes","Hologram","Chaos+1"],"picked":"SKIP","floor":28.0},{"not_picked":["Beam Cell","Steam","Scrape"],"picked":"SKIP","floor":30.0},{"not_picked":["Gash","Hello World"],"picked":"Compile Driver","floor":31.0},{"not_picked":["Amplify","Creative AI"],"picked":"Electrodynamics","floor":33.0},{"not_picked":["Go for the Eyes","Redo"],"picked":"Stack","floor":35.0},{"not_picked":["Loop+1","Gash","Barrage"],"picked":"SKIP","floor":36.0},{"not_picked":["Self Repair","Go for the Eyes"],"picked":"Compile Driver","floor":38.0},{"not_picked":["Meteor Strike","Scrape"],"picked":"Conserve Battery+1","floor":39.0},{"not_picked":["Reinforced Body","Genetic Algorithm","Conserve Battery"],"picked":"SKIP","floor":40.0},{"not_picked":["Sunder","Genetic Algorithm","Conserve Battery"],"picked":"SKIP","floor":41.0},{"not_picked":["Stack","Electrodynamics","Beam Cell+1"],"picked":"SKIP","floor":42.0},{"not_picked":["Chaos","Stack+1"],"picked":"Skim+1","floor":44.0},{"not_picked":["Rip and Tear+1","Double Energy","Beam Cell+1"],"picked":"SKIP","floor":46.0},{"not_picked":["Gash+1","Streamline+1","Conserve Battery"],"picked":"SKIP","floor":48.0},{"not_picked":["Leap","Hello World"],"picked":"Creative AI","floor":56.0}],"player_experience":986451,"relics_obtained":[{"floor":7.0,"key":"Happy Flower"},{"floor":9.0,"key":"Meat on the Bone"},{"floor":26.0,"key":"Eternal Feather"},{"floor":37.0,"key":"Dead Branch"},{"floor":40.0,"key":"Bottled Lightning"},{"floor":42.0,"key":"Molten Egg 2"},{"floor":44.0,"key":"Unceasing Top"},{"floor":56.0,"key":"Akabeko"}],"event_choices":[{"damage_healed":0.0,"max_hp_gain":0.0,"max_hp_loss":0.0,"gold_gain":0.0,"event_name":"Scrap Ooze","player_choice":"Fled","floor":5.0,"gold_loss":0.0,"damage_taken":0.0},{"damage_healed":0.0,"max_hp_gain":0.0,"max_hp_loss":0.0,"gold_gain":0.0,"cards_transformed":["Strike_B"],"event_name":"Transmorgrifier","player_choice":"Transformed","floor":12.0,"gold_loss":0.0,"damage_taken":0.0,"cards_obtained":["BootSequence"]},{"damage_healed":0.0,"max_hp_gain":0.0,"max_hp_loss":0.0,"gold_gain":0.0,"event_name":"Vampires","player_choice":"Ignored","floor":19.0,"gold_loss":0.0,"damage_taken":0.0},{"cards_removed":["Defend_B"],"damage_healed":0.0,"max_hp_gain":0.0,"max_hp_loss":0.0,"gold_gain":0.0,"event_name":"Beggar","player_choice":"Gave Gold","floor":22.0,"gold_loss":75.0,"damage_taken":0.0},{"damage_healed":0.0,"max_hp_gain":0.0,"max_hp_loss":0.0,"gold_gain":0.0,"event_name":"MindBloom","player_choice":"Fight","floor":37.0,"gold_loss":0.0,"damage_taken":0.0},{"damage_healed":0.0,"max_hp_gain":0.0,"max_hp_loss":0.0,"gold_gain":0.0,"event_name":"Mysterious Sphere","player_choice":"Fight","floor":44.0,"gold_loss":0.0,"damage_taken":0.0},{"damage_healed":0.0,"max_hp_gain":0.0,"max_hp_loss":0.0,"gold_gain":0.0,"event_name":"Tomb of Lord Red Mask","player_choice":"Ignored","floor":47.0,"gold_loss":0.0,"damage_taken":0.0}],"is_beta":false,"boss_relics":[{"not_picked":["Empty Cage","Astrolabe"],"picked":"Inserter"},{"not_picked":["Pandora\u0027s Box","Nuclear Battery"],"picked":"Coffee Dripper"}],"items_purged_floors":[20,55],"is_endless":false,"potions_floor_spawned":[3,4,14,16,30,31,38,40,41,44,46],"killed_by":"The Heart","ascension_level":20}}