{"host":"6p0attdrtjqaih7v","time":1612841272,"event":{"mods":["2.2 Compatiblity","AchievementEnabler","Aspiration","Bard","BaseMod","Better Skull","Better Third Choice","Colored Powertips","Hermit","Highlight Path","Infinite Spire","Key Reminder","Minty Spire (QoL Compilation)","Permanent Neow","Quick Restart","Random Character Button","Relic Stats","Reliquary","Replay The Spire","Robot Space Explorer","StSLib","The Hayseed","The Witch"],"gold_per_floor":[110,110,129,0,0,26,79,79,103,120,120,152,167,182,182,261,261,280,205,215,226,51,51,68,99,125,125,225,242,277,288,288,365,365,375,385,400,400,411,411,421,421,421,421,421],"floor_reached":44,"language":"ENG","playtime":1835,"items_purged":["Strike_R"],"score":974,"play_id":"24716f28-5078-4132-bc76-e7d3562dac72","local_time":"20210208222752","is_ascension_mode":true,"campfire_choices":[{"data":"Inflame","floor":8,"key":"SMITH"},{"data":"Bash","floor":11,"key":"SMITH"},{"data":"True Grit","floor":15,"key":"SMITH"},{"data":"Limit Break","floor":23,"key":"SMITH"},{"data":"Spot Weakness","floor":27,"key":"SMITH"},{"floor":32,"key":"REST"},{"data":"Demon Form","floor":40,"key":"SMITH"}],"circlet_count":0,"master_deck":["AscendersBane","Strike_R+1","Defend_R","Defend_R","Defend_R","Defend_R+1","Inflame+1","Twin Strike","Whirlwind+1","Iron Wave","Iron Wave","Disarm+1","True Grit+1","Reaper","Barricade","Sword Boomerang+1","Limit Break+1","Pommel Strike+1","Spot Weakness+1","Shrug It Off","Demon Form+1","Reaper","Shrug It Off","Heavy Blade+1"],"relics":["Burning Blood","Omamori","reliquary:ExpiredCoupon","infinitespire:Lucky Rock","aspiration:Lifesprig","Electric Blood","TungstenRod","Regal Pillow","Magic Flower","Gremlin Horn","aspiration:TomeofQuesting","aspiration:RandomNobGenerator","reliquary:PorcupineQuills"],"acts_visited":["Exordium","TheCity","TheBeyond"],"potions_floor_usage":[6,16,25,30,33,33,37,41],"damage_taken":[{"damage":0,"enemies":"2 Louse","floor":1,"turns":3},{"damage":12,"enemies":"Jaw Worm","floor":3,"turns":3},{"damage":23,"enemies":"Lagavulin","floor":6,"turns":7},{"damage":0,"enemies":"Small Slimes","floor":10,"turns":2},{"damage":15,"enemies":"Replay:BlueRogue","floor":12,"turns":4},{"damage":2,"enemies":"3 Louse","floor":13,"turns":3},{"damage":4,"enemies":"Looter","floor":14,"turns":3},{"damage":5,"enemies":"The Guardian","floor":16,"turns":13},{"damage":27,"enemies":"Shell Parasite","floor":18,"turns":6},{"damage":7,"enemies":"Spheric Guardian","floor":20,"turns":3},{"damage":26,"enemies":"Centurion and Healer","floor":21,"turns":5},{"damage":47,"enemies":"Shelled Parasite and Fungi","floor":24,"turns":10},{"damage":51,"enemies":"Book of Stabbing","floor":25,"turns":5},{"damage":19,"enemies":"Colosseum Slavers","floor":28,"turns":6},{"damage":13,"enemies":"Colosseum Nobs","floor":28,"turns":3},{"damage":10,"enemies":"Chosen and Byrds","floor":29,"turns":4},{"damage":12,"enemies":"Slavers","floor":30,"turns":3},{"damage":69,"enemies":"Cultist and Chosen","floor":31,"turns":6},{"damage":38,"enemies":"Automaton","floor":33,"turns":10},{"damage":10,"enemies":"Orb Walker","floor":35,"turns":3},{"damage":24,"enemies":"3 Shapes","floor":36,"turns":5},{"damage":8,"enemies":"Transient","floor":37,"turns":6},{"damage":10,"enemies":"Maw","floor":39,"turns":6},{"damage":71,"enemies":"Spire Growth","floor":41,"turns":5},{"damage":28,"enemies":"Sphere and 2 Shapes","floor":44,"turns":3}],"seed_played":"-8353606981461207863","potions_obtained":[{"floor":1,"key":"Energy Potion"},{"floor":3,"key":"FairyPotion"},{"floor":12,"key":"Fire Potion"},{"floor":21,"key":"Explosive Potion"},{"floor":29,"key":"Cursed Concoction"},{"floor":31,"key":"EntropicBrew"},{"floor":33,"key":"Swift Potion"},{"floor":37,"key":"Adrenaline Potion"}],"is_trial":false,"path_per_floor":["M","?","M","$","?","E","T","R","T","M","R","E","M","M","R","B",null,"M","?","M","M","$","R","M","E","T","R","?","M","E","M","R","B",null,"M","M","M","?","M","R","M","?","T","M"],"character_chosen":"IRONCLAD","items_purchased":["Iron Wave","Limit Break"],"campfire_rested":1,"item_purchase_floors":[4,22],"current_hp_per_floor":[56,33,27,27,27,10,10,10,10,16,16,7,11,13,13,21,62,46,46,45,60,60,60,26,41,41,41,68,75,75,15,52,75,75,75,75,75,75,75,75,13,13,13,0,0],"gold":421,"neow_bonus":"TRANSFORM_TWO_CARDS","is_daily":false,"chose_seed":false,"campfire_upgraded":6,"win_rate":0.0,"timestamp":1612841272,"path_taken":["M","?","M","$","?","E","?","R","T","?","R","E","M","M","R","BOSS","M","?","M","M","$","R","M","E","T","R","?","M","E","M","R","BOSS","M","M","M","?","M","R","M","?","T","?"],"items_purchased_type":["Card","Card"],"build_version":"2020-12-22","purchased_purges":1,"victory":false,"max_hp_per_floor":[75,75,75,75,75,75,75,75,75,75,75,75,75,75,75,75,75,75,75,75,75,75,75,75,75,75,75,75,75,75,75,75,75,75,75,75,75,75,75,75,75,75,75,75,75],"relic_stats":{"Regal Pillow":15,"Gremlin Horn":[8,8],"counters":[25,127],"Magic Flower":[19],"obtain_stats":[{"aspiration:Lifesprig":12,"Regal Pillow":26,"Gremlin Horn":28,"Magic Flower":28,"aspiration:TomeofQuesting":30,"Omamori":6,"aspiration:RandomNobGenerator":34,"infinitespire:Lucky Rock":9,"Burning Blood":0,"reliquary:ExpiredCoupon":7,"reliquary:PorcupineQuills":43,"Electric Blood":17,"TungstenRod":25},{"aspiration:Lifesprig":5,"Regal Pillow":13,"Gremlin Horn":15,"Magic Flower":15,"aspiration:TomeofQuesting":17,"Omamori":3,"aspiration:RandomNobGenerator":19,"infinitespire:Lucky Rock":3,"Burning Blood":0,"reliquary:ExpiredCoupon":3,"reliquary:PorcupineQuills":24,"Electric Blood":8,"TungstenRod":13},{"aspiration:Lifesprig":19,"Regal Pillow":67,"Gremlin Horn":76,"Magic Flower":76,"aspiration:TomeofQuesting":83,"Omamori":13,"aspiration:RandomNobGenerator":99,"infinitespire:Lucky Rock":13,"Burning Blood":0,"reliquary:ExpiredCoupon":13,"reliquary:PorcupineQuills":124,"Electric Blood":38,"TungstenRod":67}],"Burning Blood":124,"TungstenRod":182},"card_choices":[{"not_picked":["Sever Soul","Replay:Undeath\u0027s Touch"],"picked":"Whirlwind","floor":1},{"not_picked":["Replay:Undeath\u0027s Touch","Heavy Blade","Body Slam"],"picked":"SKIP","floor":3},{"not_picked":["Carnage","Flex"],"picked":"Iron Wave","floor":6},{"not_picked":["Uppercut","Fire Breathing"],"picked":"Disarm","floor":10},{"not_picked":["Bloodletting","Entrench","Carnage"],"picked":"SKIP","floor":12},{"not_picked":["Headbutt","Evolve"],"picked":"True Grit","floor":13},{"not_picked":["Metallicize","Combust"],"picked":"Reaper","floor":14},{"not_picked":["Juggernaut","Demonic Infusion"],"picked":"Barricade","floor":16},{"not_picked":["Carnage","Warcry"],"picked":"Sword Boomerang+1","floor":18},{"not_picked":["Wild Strike","Cleave","Barricade"],"picked":"SKIP","floor":20},{"not_picked":["Wild Strike","Sentinel","Clash+1"],"picked":"SKIP","floor":21},{"not_picked":["ReplayTheSpireMod:Limb From Limb","Intimidate"],"picked":"Pommel Strike+1","floor":24},{"not_picked":["Exhume","Wild Strike"],"picked":"Spot Weakness","floor":25},{"not_picked":["Thunderclap","Iron Wave"],"picked":"Shrug It Off","floor":28},{"not_picked":["Perfected Strike+1","Clash","True Grit"],"picked":"SKIP","floor":29},{"not_picked":["Hemokinesis","Clothesline"],"picked":"Demon Form","floor":30},{"not_picked":["Thunderclap","Heavy Blade","Wild Strike"],"picked":"SKIP","floor":31},{"not_picked":["Barricade","Brutality"],"picked":"Reaper","floor":33},{"not_picked":["Pommel Strike","Warcry"],"picked":"Shrug It Off","floor":35},{"not_picked":["Uppercut","True Grit"],"picked":"Heavy Blade+1","floor":36},{"not_picked":["Warcry","Exhume","Cleave"],"picked":"SKIP","floor":37},{"not_picked":["Sword Boomerang","Heavy Blade","Twin Strike+1"],"picked":"SKIP","floor":39},{"not_picked":["Corruption","Blood for Blood","Infernal Blade"],"picked":"SKIP","floor":41}],"player_experience":1080922,"relics_obtained":[{"floor":6,"key":"Omamori"},{"floor":7,"key":"reliquary:ExpiredCoupon"},{"floor":9,"key":"infinitespire:Lucky Rock"},{"floor":12,"key":"aspiration:Lifesprig"},{"floor":25,"key":"TungstenRod"},{"floor":26,"key":"Regal Pillow"},{"floor":28,"key":"Magic Flower"},{"floor":28,"key":"Gremlin Horn"},{"floor":30,"key":"aspiration:TomeofQuesting"},{"floor":43,"key":"reliquary:PorcupineQuills"}],"event_choices":[{"damage_healed":0,"gold_gain":0,"player_choice":"Entered Light","damage_taken":23,"max_hp_gain":0,"max_hp_loss":0,"event_name":"Shining Light","floor":2,"gold_loss":0,"cards_upgraded":["Defend_R","Strike_R"]},{"damage_healed":0,"gold_gain":0,"player_choice":"Grow","damage_taken":0,"max_hp_gain":0,"max_hp_loss":0,"event_name":"Living Wall","floor":5,"gold_loss":0,"cards_upgraded":["Whirlwind"]},{"cards_removed":["Strike_R"],"damage_healed":0,"gold_gain":0,"player_choice":"Gave Gold","damage_taken":0,"max_hp_gain":0,"max_hp_loss":0,"event_name":"Beggar","floor":19,"gold_loss":75},{"damage_healed":0,"gold_gain":0,"player_choice":"Fight","damage_taken":0,"max_hp_gain":0,"max_hp_loss":0,"event_name":"Colosseum","floor":28,"gold_loss":0},{"damage_healed":0,"gold_gain":0,"player_choice":"Fought Nobs","damage_taken":0,"max_hp_gain":0,"max_hp_loss":0,"event_name":"Colosseum","floor":28,"gold_loss":0},{"cards_removed":["Bash"],"damage_healed":0,"gold_gain":0,"player_choice":"Removed Attack","damage_taken":0,"max_hp_gain":0,"max_hp_loss":0,"event_name":"Falling","floor":38,"gold_loss":0},{"damage_healed":0,"gold_gain":0,"player_choice":"Forge","damage_taken":0,"max_hp_gain":0,"max_hp_loss":0,"event_name":"Accursed Blacksmith","floor":42,"gold_loss":0,"cards_upgraded":["Disarm"]}],"is_beta":false,"boss_relics":[{"not_picked":["Tiny House","reliquary:KinkedSpring"],"picked":"Electric Blood"},{"not_picked":["Kintsugi","Abe\u0027s Treasure"],"picked":"aspiration:RandomNobGenerator"}],"items_purged_floors":[4],"is_endless":false,"potions_floor_spawned":[1,3,12,21,24,29,31,33,37],"killed_by":"Sphere and 2 Shapes","ascension_level":20}}