{"host":"xhy9gc4eyomy2i9o","time":1612850699,"event":{"mods":["AchievementEnabler","Act Like it!","BaseMod","Better Vampires","Minty Spire (QoL Compilation)","Permanent Neow","Quick Restart","Shop Mod","StSLib","Waifu the Spire"],"gold_per_floor":[113,113,113,127,55,55,75,75,125,139,169,182,182,31,31,135,135,148,21,21,83,133,133,133],"floor_reached":23,"language":"ZHS","playtime":1216,"items_purged":[],"score":327,"play_id":"0755c9ff-3687-404e-b829-c2c68edcbfb8","local_time":"20210209140459","is_ascension_mode":true,"campfire_choices":[{"data":"Dualcast","floor":6.0,"key":"SMITH"},{"data":"Zap","floor":8.0,"key":"SMITH"},{"floor":13.0,"key":"REST"},{"data":"White Noise","floor":15.0,"key":"SMITH"}],"circlet_count":0,"master_deck":["AscendersBane","Strike_B","Strike_B","Defend_B","Defend_B","Defend_B","Zap+1","Dualcast+1","Decay","Electrodynamics","Hologram","White Noise","Ball Lightning","Self Repair","White Noise+1","Apotheosis","Capacitor","Coolheaded","Blur+1"],"relics":["Cracked Core","Regal Pillow","Singing Bowl","PrismaticShard","Empty Cage","SsserpentHead","Mango"],"acts_visited":["Exordium","TheCity"],"potions_floor_usage":[23],"damage_taken":[{"damage":2.0,"enemies":"2 Louse","floor":1.0,"turns":2.0},{"damage":7.0,"enemies":"Jaw Worm","floor":4.0,"turns":3.0},{"damage":3.0,"enemies":"Cultist","floor":7.0,"turns":3.0},{"damage":18.0,"enemies":"Lots of Slimes","floor":10.0,"turns":2.0},{"damage":19.0,"enemies":"Lagavulin","floor":11.0,"turns":7.0},{"damage":11.0,"enemies":"Looter","floor":12.0,"turns":2.0},{"damage":21.0,"enemies":"The Guardian","floor":16.0,"turns":5.0},{"damage":20.0,"enemies":"Spheric Guardian","floor":18.0,"turns":4.0},{"damage":44.0,"enemies":"Shell Parasite","floor":21.0,"turns":6.0},{"damage":48,"enemies":"Book of Stabbing","floor":23,"turns":4}],"seed_played":"6120329794718828824","potions_obtained":[{"floor":1.0,"key":"LiquidBronze"},{"floor":11.0,"key":"PowerPotion"},{"floor":12.0,"key":"ColorlessPotion"},{"floor":16.0,"key":"Swift Potion"},{"floor":21.0,"key":"Strength Potion"}],"is_trial":false,"path_per_floor":["M","?","?","M","$","R","M","R","T","M","E","M","R","$","R","B",null,"M","$","?","M","?","E"],"character_chosen":"DEFECT","items_purchased":["White Noise","PrismaticShard","Capacitor","Coolheaded"],"campfire_rested":1,"item_purchase_floors":[5,14,19,19],"current_hp_per_floor":[66,59,64,57,57,57,54,54,54,36,26,22,61,61,61,47,73,62,62,62,28,42,0,0],"gold":133,"neow_bonus":"THREE_RARE_CARDS","is_daily":false,"chose_seed":false,"campfire_upgraded":3,"win_rate":0.0,"timestamp":1612850699,"path_taken":["M","?","?","M","?","R","?","R","T","M","E","M","R","$","R","BOSS","M","?","?","?","?","E"],"items_purchased_type":["Card","Relic","Card","Card"],"build_version":"2020-12-22","purchased_purges":0,"victory":false,"max_hp_per_floor":[75,75,80,80,80,80,80,80,80,80,82,82,82,82,82,82,82,84,84,84,84,98,98,98],"card_choices":[{"not_picked":["Biased Cognition","Core Surge"],"picked":"Electrodynamics","floor":0.0},{"not_picked":["Conserve Battery","Go for the Eyes","Ball Lightning"],"picked":"SKIP","floor":1.0},{"not_picked":["Go for the Eyes","Amplify"],"picked":"Hologram","floor":4.0},{"not_picked":["Heatsinks","Cold Snap"],"picked":"Ball Lightning","floor":7.0},{"not_picked":["Force Field","Fusion"],"picked":"Self Repair","floor":10.0},{"not_picked":["Steam","Skim","Streamline"],"picked":"Singing Bowl","floor":11.0},{"not_picked":["Sweeping Beam","Beam Cell"],"picked":"White Noise","floor":12.0},{"not_picked":["Wish","Devotion"],"picked":"Apotheosis","floor":16.0},{"not_picked":["Evolve","EmptyFist","Outmaneuver"],"picked":"Singing Bowl","floor":18.0},{"not_picked":["Trip","WindmillStrike+1"],"picked":"Blur+1","floor":21.0}],"player_experience":546048,"relics_obtained":[{"floor":9.0,"key":"Regal Pillow"},{"floor":11.0,"key":"Singing Bowl"}],"event_choices":[{"cards_removed":["Strike_B"],"damage_healed":0.0,"max_hp_gain":0.0,"max_hp_loss":0.0,"gold_gain":0.0,"event_name":"Golden Wing","player_choice":"Card Removal","floor":2.0,"gold_loss":0.0,"damage_taken":7.0},{"damage_healed":0.0,"max_hp_gain":5.0,"max_hp_loss":0.0,"gold_gain":0.0,"event_name":"Big Fish","player_choice":"Donut","floor":3.0,"gold_loss":0.0,"damage_taken":0.0},{"damage_healed":0.0,"max_hp_gain":0.0,"max_hp_loss":0.0,"gold_gain":0.0,"event_name":"FaceTrader","player_choice":"Trade","floor":20.0,"gold_loss":0.0,"damage_taken":0.0,"relics_obtained":["SsserpentHead"]},{"damage_healed":0.0,"max_hp_gain":0.0,"max_hp_loss":0.0,"gold_gain":0.0,"event_name":"The Mausoleum","player_choice":"Opened","floor":22.0,"gold_loss":0.0,"damage_taken":0.0,"relics_obtained":["Mango"]}],"is_beta":false,"boss_relics":[{"not_picked":["Pandora\u0027s Box","Coffee Dripper"],"picked":"Empty Cage"}],"items_purged_floors":[],"is_endless":false,"potions_floor_spawned":[1,11,12,16,21],"killed_by":"Book of Stabbing","ascension_level":12}}