{"host":"684z1xpuwaoqmmh1","time":1612869019,"event":{"mods":["A Magickal Journey","BaseMod","Downfall","Hermit","Jorbs\u0027s Wanderer Trilogy","Marisa????????","Minty Spire (QoL Compilation)","Robot Space Explorer","Shade Mod","StSLib","The Bug Knight","The Dragon Tamer","The Elementalist","The Hayseed","The Hierophant","The Marked","The Mystic","The Runesmith","The Saiyan","The Senshi","The Spell Scribe","The Vixen","TheBandit","TheFirefly"],"gold_per_floor":[112,112,125,145,165,194,194,194,267,267,280,280,297,327,327,404,404,420,431,25,75,75,75],"floor_reached":22,"language":"ENG","playtime":861,"items_purged":[],"score":376,"play_id":"b4c64443-b440-4e5c-a5f3-e807eff1cff2","local_time":"20210209131019","is_ascension_mode":true,"campfire_choices":[{"data":"theSenshi:JupitersPower","floor":8.0,"key":"SMITH"},{"data":"theSenshi:SailorMarsAssists","floor":10.0,"key":"SMITH"},{"data":"theSenshi:MoonTwilightFlash","floor":12.0,"key":"SMITH"},{"data":"theSenshi:JupitersPower","floor":15,"key":"SMITH"}],"circlet_count":0,"master_deck":["AscendersBane","theSenshi:SailorKick","theSenshi:SailorKick","theSenshi:SailorKick","theSenshi:SailorKick","theSenshi:SailorBlock","theSenshi:SailorBlock","theSenshi:SailorBlock","theSenshi:SailorBlock","theSenshi:RoseThrow","theSenshi:MoonPrismPowerMakeUp","theSenshi:MoonTwilightFlash+1","Panacea","theSenshi:SailorChibiMoonAssists","theSenshi:SailorMarsAssists+1","theSenshi:JupitersPower+1","theSenshi:MercurysCunning","theSenshi:SailorJupiterAssists","theSenshi:JupitersPower+1","theSenshi:MoonEternalMakeUp","theSenshi:MoonGorgeousMeditation","theSenshi:SailorVenusAssists+1","theSenshi:MoonPrincessHalation+1","theSenshi:SailorMercuryAssists+1","theSenshi:MoonCosmicPowerMakeUp"],"relics":["theSenshi:TransformationBroochRelic","Centennial Puzzle","Darkstone Periapt","Meat on the Bone","Toxic Egg 2","Bottled Flame","Philosopher\u0027s Stone","theSenshi:CrystalStarRelic","Medical Kit"],"acts_visited":["Exordium","TheCity"],"potions_floor_usage":[19,22],"damage_taken":[{"damage":0.0,"enemies":"Jaw Worm","floor":1.0,"turns":4.0},{"damage":0.0,"enemies":"Cultist","floor":3.0,"turns":4.0},{"damage":0.0,"enemies":"Small Slimes","floor":4.0,"turns":4.0},{"damage":13.0,"enemies":"Blue Slaver","floor":5.0,"turns":2.0},{"damage":12.0,"enemies":"Gremlin Nob","floor":6.0,"turns":3.0},{"damage":4.0,"enemies":"Exordium Wildlife","floor":11.0,"turns":3.0},{"damage":0.0,"enemies":"2 Fungi Beasts","floor":13.0,"turns":3.0},{"damage":0,"enemies":"Lagavulin","floor":14,"turns":4},{"damage":7,"enemies":"The Guardian","floor":16,"turns":8},{"damage":6,"enemies":"Spheric Guardian","floor":18,"turns":4},{"damage":11,"enemies":"Snecko","floor":19,"turns":4},{"damage":57,"enemies":"Masked Bandits","floor":22,"turns":5}],"seed_played":"4006377910710842710","potions_obtained":[{"floor":4.0,"key":"EntropicBrew"},{"floor":6.0,"key":"Energy Potion"}],"is_trial":false,"path_per_floor":["M","?","M","M","M","E","T","R","T","R","M","R","M","E","R","B",null,"M","M","$","?","?"],"character_chosen":"THE_SENSHI","items_purchased":["theSenshi:SailorMercuryAssists+1","theSenshi:CrystalStarRelic","theSenshi:MoonCosmicPowerMakeUp","Medical Kit"],"campfire_rested":0,"item_purchase_floors":[20,20,20,20],"current_hp_per_floor":[68,68,68,68,55,43,43,43,43,43,39,39,39,39,39,44,67,61,50,50,50,0,0],"gold":75,"neow_bonus":"RANDOM_COMMON_RELIC","is_daily":false,"chose_seed":false,"campfire_upgraded":4,"win_rate":0.0,"timestamp":1612869019,"path_taken":["M","?","M","M","?","E","?","R","T","R","M","R","M","E","R","BOSS","M","M","$","?","?"],"items_purchased_type":["Card","Relic","Card","Relic"],"build_version":"2020-12-22","purchased_purges":0,"victory":false,"max_hp_per_floor":[75,75,75,75,75,75,75,75,75,75,75,75,75,75,75,75,75,75,75,75,75,75,75],"card_choices":[{"not_picked":["theSenshi:Sidestep","theSenshi:SchoolBag"],"picked":"theSenshi:MoonTwilightFlash","floor":1.0},{"not_picked":["theSenshi:DramaticEntrance","theSenshi:MoonPower"],"picked":"theSenshi:SailorChibiMoonAssists","floor":3.0},{"not_picked":["theSenshi:SupersonicWaves","theSenshi:GatheringStrength"],"picked":"theSenshi:SailorMarsAssists","floor":4.0},{"not_picked":["theSenshi:SailorJupiterAssists","theSenshi:MercurysCunning"],"picked":"theSenshi:JupitersPower","floor":5.0},{"not_picked":["theSenshi:MoonPrincessHalation","theSenshi:SchoolBag"],"picked":"theSenshi:MercurysCunning","floor":6.0},{"not_picked":["theSenshi:MoonKick","theSenshi:MoonPunch"],"picked":"theSenshi:SailorJupiterAssists","floor":11.0},{"not_picked":["theSenshi:SailorVenusAssists","theSenshi:MoonSpiralHeartAttack"],"picked":"theSenshi:JupitersPower","floor":13.0},{"not_picked":["theSenshi:SailorJupiterAssists","theSenshi:Sidestep+1"],"picked":"theSenshi:MoonEternalMakeUp","floor":14},{"not_picked":["theSenshi:GlimpseOfThePast","theSenshi:FatedKiss"],"picked":"theSenshi:MoonGorgeousMeditation","floor":16},{"not_picked":["theSenshi:EncouragingSpeech+1","theSenshi:MercurysCunning"],"picked":"theSenshi:SailorVenusAssists+1","floor":18},{"not_picked":["theSenshi:LateForSchool+1","theSenshi:SailorMarsAssists"],"picked":"theSenshi:MoonPrincessHalation+1","floor":19}],"player_experience":3212484,"relics_obtained":[{"floor":6.0,"key":"Darkstone Periapt"},{"floor":7.0,"key":"Meat on the Bone"},{"floor":9.0,"key":"Toxic Egg 2"},{"floor":14,"key":"Bottled Flame"}],"event_choices":[{"damage_healed":0.0,"max_hp_gain":0.0,"max_hp_loss":0.0,"gold_gain":0.0,"event_name":"Match and Keep!","player_choice":"1 cards matched","floor":2.0,"gold_loss":0.0,"damage_taken":0.0,"cards_obtained":["Panacea"]},{"damage_healed":0,"gold_gain":0,"player_choice":"Fought Bandits","damage_taken":0,"max_hp_gain":0,"max_hp_loss":0,"event_name":"Masked Bandits","floor":22,"gold_loss":0}],"is_beta":false,"boss_relics":[{"not_picked":["bronze:MakeshiftBattery","Tiny House"],"picked":"Philosopher\u0027s Stone"}],"items_purged_floors":[],"is_endless":false,"potions_floor_spawned":[4,6,11,13],"killed_by":"Masked Bandits","ascension_level":14}}