{"host":"j3a2evu0xzqog6vj","time":1612867124,"event":{"mods":["BaseMod","Minty Spire (QoL Compilation)"],"gold_per_floor":[117,117,392,412,429,429,429,448,448,473,473,184,184,199,199,292,292,305,10,10,31,44,82,106,21,21,146,161,176,219,242,242,340,340,356,9,342,342,359,391,403,438,464,493,347,359,378,389,389,389,389],"floor_reached":52,"language":"ENG","playtime":5615,"items_purged":["Strike_G","Strike_G","All Out Attack"],"score":2122,"play_id":"2f5a9cea-d26e-4e56-b892-dd4557142d6a","local_time":"20210209113844","is_ascension_mode":true,"campfire_choices":[{"data":"Noxious Fumes","floor":6,"key":"SMITH"},{"data":"Reflex","floor":11,"key":"SMITH"},{"data":"Catalyst","floor":15,"key":"SMITH"},{"floor":32,"key":"REST"},{"floor":49,"key":"REST"}],"circlet_count":0,"master_deck":["AscendersBane","Strike_G","Strike_G+1","Defend_G","Defend_G","Defend_G","Defend_G","Defend_G","Survivor","Neutralize+1","Reflex+1","Dagger Throw","Noxious Fumes+1","After Image","Catalyst+1","Deadly Poison","Adrenaline","Distraction+1","Backflip","Acrobatics","Tactician+1","Bullet Time","Burst","Violence","Footwork+1","Footwork","Reflex","Bouncing Flask","Parasite","Backflip"],"relics":["Ring of the Snake","Omamori","Happy Flower","Meat on the Bone","Smiling Mask","Toolbox","Fusion Hammer","Membership Card","Art of War","Enchiridion","Snake Skull","Strawberry","Whetstone","StoneCalendar","InkBottle","Molten Egg 2","Sozu","Bronze Scales","Frozen Eye","Pantograph","Ninja Scroll","Mango","Lantern","Akabeko","MealTicket"],"acts_visited":["Exordium","TheCity","TheBeyond"],"potions_floor_usage":[10,21,23,27,40,51],"damage_taken":[{"damage":4,"enemies":"Jaw Worm","floor":1,"turns":6},{"damage":0,"enemies":"2 Louse","floor":4,"turns":2},{"damage":4,"enemies":"Cultist","floor":5,"turns":4},{"damage":0,"enemies":"Blue Slaver","floor":8,"turns":5},{"damage":17,"enemies":"Lagavulin","floor":10,"turns":8},{"damage":5,"enemies":"Large Slime","floor":14,"turns":6},{"damage":14,"enemies":"The Guardian","floor":16,"turns":9},{"damage":1,"enemies":"Chosen","floor":18,"turns":6},{"damage":4,"enemies":"2 Thieves","floor":21,"turns":4},{"damage":17,"enemies":"Cultist and Chosen","floor":22,"turns":6},{"damage":24,"enemies":"Gremlin Leader","floor":23,"turns":5},{"damage":11,"enemies":"Sentry and Sphere","floor":24,"turns":4},{"damage":0,"enemies":"Colosseum Slavers","floor":27,"turns":6},{"damage":0,"enemies":"Colosseum Nobs","floor":27,"turns":6},{"damage":5,"enemies":"Snake Plant","floor":28,"turns":5},{"damage":0,"enemies":"3 Cultists","floor":29,"turns":4},{"damage":0,"enemies":"Book of Stabbing","floor":30,"turns":4},{"damage":0,"enemies":"Cultist and Chosen","floor":31,"turns":4},{"damage":35,"enemies":"Automaton","floor":33,"turns":9},{"damage":0,"enemies":"Orb Walker","floor":35,"turns":1},{"damage":20,"enemies":"3 Darklings","floor":39,"turns":4},{"damage":35,"enemies":"Reptomancer","floor":40,"turns":7},{"damage":8,"enemies":"Jaw Worm Horde","floor":41,"turns":5},{"damage":0,"enemies":"Giant Head","floor":42,"turns":7},{"damage":18,"enemies":"Nemesis","floor":44,"turns":5},{"damage":0,"enemies":"Maw","floor":46,"turns":4},{"damage":14,"enemies":"Writhing Mass","floor":47,"turns":4},{"damage":0,"enemies":"3 Darklings","floor":48,"turns":3},{"damage":28,"enemies":"Time Eater","floor":50,"turns":6},{"damage":10,"enemies":"Donu and Deca","floor":51,"turns":10}],"seed_played":"-7053454724941612332","potions_obtained":[{"floor":5,"key":"SteroidPotion"},{"floor":8,"key":"FearPotion"},{"floor":14,"key":"Fire Potion"},{"floor":21,"key":"SteroidPotion"},{"floor":27,"key":"ColorlessPotion"},{"floor":29,"key":"Fire Potion"},{"floor":31,"key":"Dexterity Potion"}],"is_trial":false,"path_per_floor":["M","?","?","M","M","R","?","M","T","E","R","$","?","M","R","B",null,"M","$","?","M","M","E","M","?","T","?","M","M","E","M","R","B",null,"M","$","?","?","M","E","M","E","T","E","?","M","M","M","R","B","B",null],"character_chosen":"THE_SILENT","items_purchased":["Catalyst","Toolbox","Membership Card","Art of War","Bronze Scales","Frozen Eye","Pantograph"],"campfire_rested":2,"item_purchase_floors":[12,12,19,19,36,36,36],"current_hp_per_floor":[55,55,55,55,51,51,25,25,25,20,20,20,20,27,27,25,56,55,55,34,42,37,25,26,33,33,45,40,40,40,40,61,38,64,64,64,64,54,46,23,27,53,53,47,47,47,45,45,71,59,74],"gold":389,"neow_bonus":"RANDOM_COMMON_RELIC","is_daily":false,"chose_seed":false,"campfire_upgraded":3,"win_rate":0.0,"timestamp":1612867124,"path_taken":["M","?","?","?","M","R","?","M","T","E","R","$","?","M","R","BOSS","M","$","?","M","M","E","M","?","T","?","M","M","E","?","R","BOSS","M","$","?","?","M","E","M","E","T","E","?","M","?","M","R","BOSS","BOSS"],"items_purchased_type":["Card","Relic","Relic","Relic","Relic","Relic","Relic"],"build_version":"2020-12-22","purchased_purges":3,"victory":true,"max_hp_per_floor":[66,66,66,66,66,66,66,66,66,66,66,66,66,66,66,66,66,66,66,66,66,66,66,66,73,73,73,73,73,73,73,73,73,73,73,73,73,73,73,73,73,87,87,87,87,87,87,87,87,87,87],"card_choices":[{"not_picked":["Outmaneuver","Deadly Poison"],"picked":"All Out Attack","floor":1},{"not_picked":["Bane","Riddle With Holes"],"picked":"Dagger Throw","floor":4},{"not_picked":["Concentrate","Backflip"],"picked":"Noxious Fumes","floor":5},{"not_picked":["Backflip","Deflect"],"picked":"After Image","floor":8},{"not_picked":["Sucker Punch","Dodge and Roll","Storm of Steel"],"picked":"SKIP","floor":10},{"not_picked":["Sucker Punch","Accuracy"],"picked":"Deadly Poison","floor":14},{"not_picked":["Glass Knife","Envenom"],"picked":"Adrenaline","floor":16},{"not_picked":["Cloak And Dagger","Masterful Stab","Infinite Blades"],"picked":"SKIP","floor":18},{"not_picked":["Masterful Stab+1","Slice","Riddle With Holes"],"picked":"SKIP","floor":21},{"not_picked":["Flying Knee","Dagger Throw","Slice+1"],"picked":"SKIP","floor":22},{"not_picked":["Caltrops","Choke+1"],"picked":"Distraction+1","floor":23},{"not_picked":["Caltrops","Slice","Cloak And Dagger"],"picked":"SKIP","floor":24},{"not_picked":["Sucker Punch","Distraction"],"picked":"Backflip","floor":27},{"not_picked":["Dagger Spray","Setup"],"picked":"Acrobatics","floor":28},{"not_picked":["Dagger Spray","Dodge and Roll"],"picked":"Tactician+1","floor":29},{"not_picked":["Flying Knee+1","Slice+1","Predator+1"],"picked":"SKIP","floor":30},{"not_picked":["Leg Sweep","Underhanded Strike+1"],"picked":"Bullet Time","floor":31},{"not_picked":["Glass Knife+1","Envenom"],"picked":"Burst","floor":33},{"not_picked":["Slice+1","Bane+1","Noxious Fumes"],"picked":"SKIP","floor":35},{"not_picked":["Swift Strike+1","Panacea"],"picked":"Violence","floor":38},{"not_picked":["Bane+1","Backflip"],"picked":"Footwork+1","floor":39},{"not_picked":["Cloak And Dagger+1","Deadly Poison"],"picked":"Footwork","floor":40},{"not_picked":["Poisoned Stab+1","Dodge and Roll"],"picked":"Reflex","floor":41},{"not_picked":["Doppelganger","Dodge and Roll","Slice+1"],"picked":"SKIP","floor":42},{"not_picked":["Slice+1","Masterful Stab+1"],"picked":"Bouncing Flask","floor":44},{"not_picked":["Endless Agony+1","Choke+1","Blade Dance"],"picked":"SKIP","floor":46},{"not_picked":["Cloak And Dagger+1","Slice+1","Quick Slash+1"],"picked":"SKIP","floor":47},{"not_picked":["Choke+1","Quick Slash+1"],"picked":"Backflip","floor":48}],"player_experience":378296,"relics_obtained":[{"floor":9,"key":"Meat on the Bone"},{"floor":10,"key":"Smiling Mask"},{"floor":20,"key":"Enchiridion"},{"floor":23,"key":"Snake Skull"},{"floor":26,"key":"Whetstone"},{"floor":27,"key":"StoneCalendar"},{"floor":27,"key":"InkBottle"},{"floor":30,"key":"Molten Egg 2"},{"floor":40,"key":"Ninja Scroll"},{"floor":42,"key":"Mango"},{"floor":43,"key":"Lantern"},{"floor":44,"key":"Akabeko"}],"event_choices":[{"damage_healed":0,"gold_gain":0,"cards_transformed":["Strike_G"],"player_choice":"Change","damage_taken":0,"max_hp_gain":0,"max_hp_loss":0,"event_name":"Living Wall","floor":2,"gold_loss":0,"cards_obtained":["Reflex"]},{"damage_healed":0,"gold_gain":275,"player_choice":"Desecrate","damage_taken":0,"max_hp_gain":0,"max_hp_loss":0,"event_name":"Golden Shrine","floor":3,"gold_loss":0,"cards_obtained":["Regret"]},{"damage_healed":0,"gold_gain":0,"player_choice":"Success","damage_taken":26,"relics_obtained":["Happy Flower"],"max_hp_gain":0,"max_hp_loss":0,"event_name":"Scrap Ooze","floor":7,"gold_loss":0},{"damage_healed":0,"gold_gain":0,"player_choice":"Take Wound","damage_taken":0,"relics_obtained":["Golden Idol"],"max_hp_gain":0,"max_hp_loss":0,"event_name":"Golden Idol","floor":13,"gold_loss":0,"cards_obtained":["Injury"]},{"damage_healed":0,"gold_gain":0,"player_choice":"Obtained Book","damage_taken":21,"max_hp_gain":0,"max_hp_loss":0,"event_name":"Cursed Tome","floor":20,"gold_loss":0},{"damage_healed":0,"gold_gain":0,"player_choice":"Obtained Relic","damage_taken":0,"relics_obtained":["Strawberry"],"max_hp_gain":0,"max_hp_loss":0,"event_name":"Addict","floor":25,"gold_loss":85},{"damage_healed":0,"gold_gain":0,"player_choice":"Fight","damage_taken":0,"max_hp_gain":0,"max_hp_loss":0,"event_name":"Colosseum","floor":27,"gold_loss":0},{"damage_healed":0,"gold_gain":0,"player_choice":"Fought Nobs","damage_taken":0,"max_hp_gain":0,"max_hp_loss":0,"event_name":"Colosseum","floor":27,"gold_loss":0},{"damage_healed":0,"gold_gain":333,"player_choice":"Gave Idol","damage_taken":0,"max_hp_gain":0,"max_hp_loss":0,"event_name":"The Moai Head","floor":37,"relics_lost":["Golden Idol"],"gold_loss":0},{"damage_healed":0,"gold_gain":0,"player_choice":"Memory 3","damage_taken":10,"max_hp_gain":0,"max_hp_loss":0,"event_name":"SensoryStone","floor":38,"gold_loss":0},{"damage_healed":0,"gold_gain":0,"player_choice":"Paid Gold","damage_taken":0,"relics_obtained":["MealTicket"],"max_hp_gain":0,"max_hp_loss":0,"event_name":"WeMeetAgain","floor":45,"gold_loss":146}],"is_beta":false,"boss_relics":[{"not_picked":["Philosopher\u0027s Stone","Velvet Choker"],"picked":"Fusion Hammer"},{"not_picked":["WristBlade","Calling Bell"],"picked":"Sozu"}],"items_purged_floors":[12,19,36],"is_endless":false,"potions_floor_spawned":[5,8,14,21,27,29,31,41,46,47,48],"ascension_level":20}}