{"host":"f5gffvlv6a66yqkd","time":1612851007,"event":{"mods":["2.2 Compatiblity","BaseMod","Colored Map","Custom Start","DeckTracker","Keyboard Shortcuts","Minty Spire (QoL Compilation)","Permanent Neow","Quick Restart","Relic Stats","StSLib","SuperFastMode"],"gold_per_floor":[118,118,118,118,133,172,218,249,273,50,50,63,86,106,106,197,197,216,240,265,265,96,96,136,148,148],"floor_reached":25,"language":"KOR","playtime":518,"items_purged":["Injury"],"score":512,"play_id":"59a040c1-c253-49c9-8985-fad84c11bafc","local_time":"20210209151007","is_ascension_mode":true,"campfire_choices":[{"data":"Dualcast","floor":11,"key":"SMITH"},{"floor":15,"key":"REST"},{"data":"Loop","floor":23,"key":"SMITH"}],"circlet_count":0,"master_deck":["AscendersBane","Strike_B","Strike_B","Strike_B+1","Strike_B","Defend_B","Defend_B","Defend_B","Defend_B","Zap+1","Dualcast+1","Undo+1","Sweeping Beam","FTL","Doom and Gloom","Redo","Loop+1","Ball Lightning","Core Surge","Self Repair","Coolheaded","Cold Snap","Hologram","Aggregate","Compile Driver","Stack","Undo+1","Recycle"],"relics":["Cracked Core","NeowsBlessing","Golden Idol","Sundial","Smiling Mask","DataDisk","Strawberry","Medical Kit","SacredBark","Orrery","MawBank"],"acts_visited":["Exordium","TheCity"],"potions_floor_usage":[13,18,20,24],"damage_taken":[{"damage":0,"enemies":"Cultist","floor":1,"turns":1},{"damage":0,"enemies":"Jaw Worm","floor":5,"turns":1},{"damage":0,"enemies":"3 Sentries","floor":6,"turns":1},{"damage":30,"enemies":"Lagavulin","floor":8,"turns":10},{"damage":0,"enemies":"2 Louse","floor":12,"turns":1},{"damage":11,"enemies":"Gremlin Gang","floor":13,"turns":3},{"damage":3,"enemies":"Exordium Thugs","floor":14,"turns":4},{"damage":20,"enemies":"The Guardian","floor":16,"turns":8},{"damage":6,"enemies":"Spheric Guardian","floor":18,"turns":3},{"damage":29,"enemies":"2 Thieves","floor":19,"turns":4},{"damage":22,"enemies":"Snake Plant","floor":20,"turns":4},{"damage":83,"enemies":"Slavers","floor":24,"turns":7},{"damage":22,"enemies":"Sentry and Sphere","floor":25,"turns":3}],"seed_played":"8920668122658256346","potions_obtained":[{"floor":6,"key":"LiquidMemories"},{"floor":8,"key":"SneckoOil"},{"floor":14,"key":"DuplicationPotion"},{"floor":16,"key":"Fruit Juice"},{"floor":18,"key":"Energy Potion"},{"floor":19,"key":"Explosive Potion"},{"floor":20,"key":"FearPotion"}],"is_trial":false,"path_per_floor":["M","?","?","?","M","E","T","E","T","$","R","M","M","M","R","B",null,"M","M","M","?","$","R","E","M"],"character_chosen":"DEFECT","items_purchased":["Medical Kit","Orrery"],"campfire_rested":1,"item_purchase_floors":[10,22],"current_hp_per_floor":[64,64,43,43,43,43,43,13,20,20,20,20,9,6,29,9,61,65,43,28,88,88,88,19,0,0],"gold":148,"neow_bonus":"THREE_ENEMY_KILL","is_daily":false,"chose_seed":false,"campfire_upgraded":2,"win_rate":0.0,"timestamp":1612851007,"path_taken":["M","?","?","?","?","E","?","E","T","$","R","M","M","M","R","BOSS","M","?","M","?","?","R","E","M"],"items_purchased_type":["Relic","Relic"],"build_version":"2020-12-22","purchased_purges":1,"victory":false,"max_hp_per_floor":[71,71,71,71,71,71,71,71,78,78,78,78,78,78,78,78,78,88,88,88,88,88,88,88,88,88],"relic_stats":{"counters":[13,50],"Golden Idol":69,"Sundial":[6],"Smiling Mask":25,"Medical Kit":[5],"MawBank":12,"obtain_stats":[{"DataDisk":8,"NeowsBlessing":0,"Golden Idol":2,"Sundial":6,"Strawberry":9,"SacredBark":17,"Orrery":22,"Cracked Core":0,"Smiling Mask":7,"Medical Kit":10,"MawBank":24},{"DataDisk":4,"NeowsBlessing":0,"Golden Idol":1,"Sundial":3,"Strawberry":4,"SacredBark":8,"Orrery":11,"Cracked Core":0,"Smiling Mask":3,"Medical Kit":4,"MawBank":12},{"DataDisk":13,"NeowsBlessing":0,"Golden Idol":1,"Sundial":3,"Strawberry":13,"SacredBark":29,"Orrery":40,"Cracked Core":0,"Smiling Mask":3,"Medical Kit":13,"MawBank":47}]},"card_choices":[{"not_picked":["Sweeping Beam","Double Energy"],"picked":"Undo","floor":1},{"not_picked":["Redo","Steam Power"],"picked":"Sweeping Beam","floor":5},{"not_picked":["Heatsinks","Barrage"],"picked":"FTL","floor":6},{"not_picked":["Turbo","Sweeping Beam"],"picked":"Doom and Gloom","floor":8},{"not_picked":["Fusion","Hologram"],"picked":"Redo","floor":12},{"not_picked":["Go for the Eyes","Compile Driver"],"picked":"Loop","floor":13},{"not_picked":["Rip and Tear","Steam"],"picked":"Ball Lightning","floor":14},{"not_picked":["Fission","Hyperbeam"],"picked":"Core Surge","floor":16},{"not_picked":["Ball Lightning","Undo"],"picked":"Self Repair","floor":18},{"not_picked":["Reprogram","Beam Cell"],"picked":"Coolheaded","floor":19},{"not_picked":["Beam Cell","Streamline"],"picked":"Cold Snap","floor":20},{"not_picked":["Storm","Stack"],"picked":"Hologram","floor":22},{"not_picked":["Hologram","Consume"],"picked":"Aggregate","floor":22},{"not_picked":["Thunder Strike","Hologram"],"picked":"Compile Driver","floor":22},{"not_picked":["Amplify","Sweeping Beam+1"],"picked":"Stack","floor":22},{"not_picked":["Redo","Darkness"],"picked":"Undo+1","floor":22},{"not_picked":["Streamline","Stack"],"picked":"Recycle","floor":24}],"player_experience":1707718,"relics_obtained":[{"floor":6,"key":"Sundial"},{"floor":7,"key":"Smiling Mask"},{"floor":8,"key":"DataDisk"},{"floor":9,"key":"Strawberry"},{"floor":24,"key":"MawBank"}],"event_choices":[{"damage_healed":0,"gold_gain":0,"player_choice":"Take Wound","damage_taken":0,"relics_obtained":["Golden Idol"],"max_hp_gain":0,"max_hp_loss":0,"event_name":"Golden Idol","floor":2,"gold_loss":0,"cards_obtained":["Injury"]},{"damage_healed":0,"gold_gain":0,"player_choice":"Entered Light","damage_taken":21,"max_hp_gain":0,"max_hp_loss":0,"event_name":"Shining Light","floor":3,"gold_loss":0,"cards_upgraded":["Strike_B","Undo"]},{"damage_healed":0,"gold_gain":0,"player_choice":"Forge","damage_taken":0,"max_hp_gain":0,"max_hp_loss":0,"event_name":"Accursed Blacksmith","floor":4,"gold_loss":0,"cards_upgraded":["Zap"]},{"damage_healed":60,"gold_gain":0,"player_choice":"Full Heal","damage_taken":0,"max_hp_gain":0,"max_hp_loss":0,"event_name":"Wheel of Change","floor":21,"gold_loss":0}],"is_beta":false,"boss_relics":[{"not_picked":["Black Star","Inserter"],"picked":"SacredBark"}],"items_purged_floors":[10],"is_endless":false,"potions_floor_spawned":[6,8,14,16,18,19,20],"killed_by":"Sentry and Sphere","ascension_level":20}}