{"host":"fl6c84p0pqwjbhud","time":1612894483,"event":{"mods":["AchievementEnabler","BaseMod","Better Altar","Better Match","Better Note","Better Sensory Stone","Better Skull","Better Third Choice","Better Vampires","Better-Laid Plans","Colored Map","Defuse TimeMaze Blight","Displayed Cursed Tome","Energized Spire","Highlight Path","Minty Spire (QoL Compilation)","Permanent Neow","Quick Restart","Relic Sorter","StSLib","Synergy Search","Transform Curses"],"gold_per_floor":[118,43,43,43,43,43,86,127,127,27,62,81,116,129,129,248,248,262,280,311,334,28,28,64,64,116,149,149,149,180,203,203,328,328,352,352,0,15,53,93,127,158,185,216,216,554,597,632,632,632],"floor_reached":51,"language":"ENG","playtime":2187,"items_purged":["Reckless Charge","Rage"],"score":1583,"play_id":"3ca87618-1165-4f5e-9c34-3b71428f4e1c","local_time":"20210209191443","daily_mods":["SealedDeck","Vintage","Allstar","Diverse","Heirloom","Time Dilation","Flight","DeadlyEvents","Elite Swarm","Lethality"],"is_ascension_mode":false,"campfire_choices":[{"floor":6,"key":"REST"},{"data":"Consecrate","floor":15,"key":"SMITH"},{"data":"DeusExMachina","floor":23,"key":"SMITH"},{"floor":25,"key":"REST"},{"floor":28,"key":"DIG"},{"data":"Fire Breathing","floor":29,"key":"SMITH"},{"data":"Offering","floor":32,"key":"SMITH"},{"data":"Storm","floor":49,"key":"SMITH"}],"circlet_count":0,"master_deck":["Footwork","Caltrops","Concentrate","Slice+1","Storm+1","Consecrate+1","Fire Breathing+1","DeusExMachina+1","Offering+1","CurseOfTheBell","After Image+1","Heatsinks+1","Adrenaline","Barricade+1","Deflect+1","Venomology+1","A Thousand Cuts+1","Buffer+1","Envenom+1","DeusExMachina+1","Machine Learning+1","Juggernaut+1"],"relics":["Unceasing Top","Shovel","War Paint","Golden Idol","Dream Catcher","Torii","Letter Opener","Peace Pipe","Shuriken","Lantern","Kunai","Toy Ornithopter","Calling Bell","Art of War","Mummified Hand","Prayer Wheel","Centennial Puzzle","Frozen Egg 2","Damaru","Bag of Marbles","Blood Vial","Lizard Tail","Oddly Smooth Stone","Toxic Egg 2","Dead Branch","Smiling Mask","Regal Pillow","Empty Cage","Yang","Red Mask","Vajra","PreservedInsect","Whetstone","Boot","Happy Flower","Bronze Scales","Ginger","Old Coin","Orichalcum","Du-Vu Doll"],"acts_visited":["Exordium","TheCity","TheBeyond"],"potions_floor_usage":[18,18,18,24,24,38,38,39,40,40,41,41,46,47,47,47,47,48,50],"damage_taken":[{"damage":0,"enemies":"Cultist","floor":1,"turns":2},{"damage":0,"enemies":"3 Sentries","floor":7,"turns":1},{"damage":0,"enemies":"Lagavulin","floor":8,"turns":1},{"damage":0,"enemies":"Gremlin Nob","floor":11,"turns":1},{"damage":0,"enemies":"2 Louse","floor":12,"turns":1},{"damage":0,"enemies":"3 Sentries","floor":13,"turns":1},{"damage":6,"enemies":"Small Slimes","floor":14,"turns":1},{"damage":6,"enemies":"Slime Boss","floor":16,"turns":1},{"damage":24,"enemies":"Shell Parasite","floor":18,"turns":3},{"damage":0,"enemies":"3 Byrds","floor":19,"turns":1},{"damage":6,"enemies":"Slavers","floor":20,"turns":1},{"damage":0,"enemies":"Snake Plant","floor":21,"turns":1},{"damage":12,"enemies":"Gremlin Leader","floor":24,"turns":3},{"damage":6,"enemies":"Book of Stabbing","floor":27,"turns":1},{"damage":0,"enemies":"Slavers","floor":30,"turns":1},{"damage":6,"enemies":"Centurion and Healer","floor":31,"turns":1},{"damage":6,"enemies":"Collector","floor":33,"turns":1},{"damage":0,"enemies":"3 Shapes","floor":35,"turns":1},{"damage":6,"enemies":"3 Darklings","floor":38,"turns":1},{"damage":0,"enemies":"Nemesis","floor":39,"turns":1},{"damage":0,"enemies":"Reptomancer","floor":40,"turns":1},{"damage":0,"enemies":"Giant Head","floor":41,"turns":1},{"damage":0,"enemies":"Reptomancer","floor":42,"turns":1},{"damage":0,"enemies":"Nemesis","floor":44,"turns":1},{"damage":0,"enemies":"Giant Head","floor":46,"turns":1},{"damage":0,"enemies":"Nemesis","floor":47,"turns":1},{"damage":0,"enemies":"Reptomancer","floor":48,"turns":1},{"damage":32,"enemies":"Time Eater","floor":50,"turns":3}],"seed_played":"7765674499959935796","potions_obtained":[{"floor":1,"key":"LiquidBronze"},{"floor":11,"key":"DuplicationPotion"},{"floor":14,"key":"EssenceOfSteel"},{"floor":19,"key":"Explosive Potion"},{"floor":21,"key":"Block Potion"},{"floor":27,"key":"GamblersBrew"},{"floor":30,"key":"Regen Potion"},{"floor":35,"key":"ColorlessPotion"},{"floor":38,"key":"Fruit Juice"},{"floor":41,"key":"Fruit Juice"}],"is_trial":true,"path_per_floor":["M","$","?","?","?","R","E","E","T","$","E","M","E","M","R","B",null,"M","M","E","M","$","R","E","R","T","E","R","R","E","M","R","B",null,"M","?","?","M","E","E","E","E","T","E","?","E","E","E","R","B",null],"character_chosen":"WATCHER","items_purchased":["Blood Vial","Heatsinks+1","Regen Potion"],"campfire_rested":2,"item_purchase_floors":[22,22,22],"current_hp_per_floor":[72,72,54,54,54,72,72,72,72,72,72,72,72,66,66,60,72,48,48,42,42,42,42,42,63,63,59,59,59,61,57,57,53,72,72,72,72,77,77,77,82,82,82,82,82,82,82,82,82,55],"gold":632,"neow_bonus":"","is_daily":false,"chose_seed":false,"campfire_upgraded":5,"win_rate":0.0,"timestamp":1612894483,"path_taken":["M","$","?","?","?","R","E","E","T","$","?","?","E","M","R","BOSS","M","?","?","M","$","R","E","R","T","E","R","R","E","M","R","BOSS","M","?","?","?","?","E","E","E","T","E","?","E","E","?","R","BOSS"],"items_purchased_type":["Relic","Card","Potion"],"build_version":"2020-12-22","purchased_purges":2,"victory":true,"max_hp_per_floor":[72,72,72,72,72,72,72,72,72,72,72,72,72,72,72,72,72,72,72,72,72,72,72,72,72,72,72,72,72,72,72,72,72,72,72,72,72,77,77,77,82,82,82,82,82,82,82,82,82,82],"card_choices":[{"not_picked":["Finesse","Forethought"],"picked":"Trip","floor":4},{"not_picked":["Heel Hook","ReachHeaven"],"picked":"Fire Breathing","floor":6},{"not_picked":["Machine Learning","Core Surge","Corruption"],"picked":"SKIP","floor":7},{"not_picked":["Wish","Scrawl","Phantasmal Killer"],"picked":"SKIP","floor":8},{"not_picked":["Grand Finale","Fiend Fire"],"picked":"DeusExMachina","floor":11},{"not_picked":["Echo Form","Burst"],"picked":"Offering","floor":13},{"not_picked":["Corruption+1","Malaise"],"picked":"After Image+1","floor":20},{"not_picked":["Biased Cognition+1","Bullet Time"],"picked":"Adrenaline","floor":24},{"not_picked":["Venomology+1","Double Tap+1"],"picked":"Barricade+1","floor":27},{"not_picked":["Feed","Storm of Steel+1","Core Surge"],"picked":"SKIP","floor":30},{"not_picked":["Underhanded Strike","PiercingWail"],"picked":"Deflect","floor":36},{"not_picked":["Vault","Blasphemy"],"picked":"Venomology","floor":36},{"not_picked":["Offering+1","Corpse Explosion+1"],"picked":"A Thousand Cuts+1","floor":39},{"not_picked":["Biased Cognition+1","Unload"],"picked":"Buffer+1","floor":40},{"not_picked":["ConjureBlade+1","Glass Knife"],"picked":"Envenom+1","floor":41},{"not_picked":["Amplify+1","Bullet Time+1"],"picked":"DeusExMachina+1","floor":42},{"not_picked":["Vault+1","All For One"],"picked":"Fission+1","floor":44},{"not_picked":["Grand Finale","Buffer+1","Reaper"],"picked":"SKIP","floor":46},{"not_picked":["Amplify+1","Storm of Steel+1"],"picked":"Machine Learning+1","floor":47},{"not_picked":["Doppelganger+1","Grand Finale"],"picked":"Juggernaut+1","floor":48}],"player_experience":497367,"relics_obtained":[{"floor":1,"key":"War Paint"},{"floor":7,"key":"Torii"},{"floor":8,"key":"Letter Opener"},{"floor":9,"key":"Peace Pipe"},{"floor":11,"key":"Shuriken"},{"floor":12,"key":"Lantern"},{"floor":13,"key":"Kunai"},{"floor":14,"key":"Toy Ornithopter"},{"floor":17,"key":"Art of War"},{"floor":17,"key":"Mummified Hand"},{"floor":17,"key":"Prayer Wheel"},{"floor":18,"key":"Centennial Puzzle"},{"floor":19,"key":"Frozen Egg 2"},{"floor":20,"key":"Damaru"},{"floor":21,"key":"Bag of Marbles"},{"floor":24,"key":"Lizard Tail"},{"floor":26,"key":"Oddly Smooth Stone"},{"floor":27,"key":"Toxic Egg 2"},{"floor":28,"key":"Dead Branch"},{"floor":30,"key":"Smiling Mask"},{"floor":31,"key":"Regal Pillow"},{"floor":35,"key":"Yang"},{"floor":38,"key":"Vajra"},{"floor":39,"key":"PreservedInsect"},{"floor":40,"key":"Whetstone"},{"floor":41,"key":"Boot"},{"floor":42,"key":"Happy Flower"},{"floor":43,"key":"Bronze Scales"},{"floor":44,"key":"Ginger"},{"floor":46,"key":"Old Coin"},{"floor":47,"key":"Orichalcum"},{"floor":48,"key":"Du-Vu Doll"}],"event_choices":[{"damage_healed":0,"gold_gain":0,"player_choice":"Take Damage","damage_taken":18,"relics_obtained":["Golden Idol"],"max_hp_gain":0,"max_hp_loss":0,"event_name":"Golden Idol","floor":3,"gold_loss":0},{"damage_healed":0,"gold_gain":1,"player_choice":"1","damage_taken":0,"max_hp_gain":0,"max_hp_loss":0,"event_name":"betterStone:BetterStone","floor":4,"gold_loss":0},{"cards_removed":["Trip"],"damage_healed":0,"gold_gain":0,"player_choice":"Gave Card","damage_taken":0,"relics_obtained":["Dream Catcher"],"max_hp_gain":0,"max_hp_loss":0,"event_name":"WeMeetAgain","floor":5,"gold_loss":0},{"damage_healed":0,"gold_gain":0,"player_choice":"1","damage_taken":0,"max_hp_gain":0,"max_hp_loss":0,"event_name":"betterMatch:BetterMatch","floor":36,"gold_loss":0,"cards_obtained":["betterMatch:CommonCard","betterMatch:RareCard"]},{"damage_healed":0,"gold_gain":0,"player_choice":"Paid","damage_taken":0,"relics_obtained":["Red Mask"],"max_hp_gain":0,"max_hp_loss":0,"event_name":"Tomb of Lord Red Mask","floor":37,"gold_loss":352},{"cards_removed":["Fission"],"damage_healed":0,"gold_gain":0,"player_choice":"Removed Skill","damage_taken":0,"max_hp_gain":0,"max_hp_loss":0,"event_name":"Falling","floor":45,"gold_loss":0}],"is_beta":false,"boss_relics":[{"not_picked":["Snecko Eye","Cursed Key"],"picked":"Calling Bell"},{"not_picked":["energizedSpire:CrystalSphere","SlaversCollar"],"picked":"Empty Cage"}],"items_purged_floors":[2,10],"is_endless":false,"potions_floor_spawned":[1,11,14,19,21,27,30,35,38,40,41],"ascension_level":0}}