{"host":"xp5rvh2jwe2ejyfm","time":1612882264,"event":{"mods":["2.2 Compatiblity","Aspiration","BaseMod","Better Altar","Better Match","Better Note","Better Sensory Stone","Better Skull","BetterRewards","Colored Powertips","Conspire","Downfall","GifTheSpireLib","Gremlin Mod","GungeonMod","Hermit","Hubris","Jorbs\u0027s Wanderer Trilogy","Minty Spire (QoL Compilation)","Potionbrewer","Quick Restart","Replay The Spire","Robot Space Explorer","Shade Mod","Somnambulant","StSLib","The Bug Knight","The Clintock","The Construct","The Cursed","The Disciple","The Forsaken","The Hierophant","The Necromancer","The Runesmith","The Servant 0.9.4","The Valiant","The Witch","TheFirefly","thorton"],"gold_per_floor":[110,123,134,26,40,40,40,78,148,148,192,192,210,225,225,346,346,361,361,379,395,419,419,463,483,533,533,533],"floor_reached":27,"language":"ENG","playtime":1611,"items_purged":[],"score":347,"play_id":"d92af424-b370-40f1-b82d-e91fbe482699","local_time":"20210209095104","is_ascension_mode":false,"campfire_choices":[{"data":"Shade:FleshToFlesh","floor":6,"key":"SMITH"},{"floor":10,"key":"REST"},{"floor":12,"key":"REST"},{"floor":15,"key":"REST"},{"floor":23,"key":"REST"}],"circlet_count":0,"master_deck":["Shade:Strike_Shade+1","Shade:Strike_Shade+1","Shade:Strike_Shade","Shade:Strike_Shade","Shade:Defend_Shade","Shade:Defend_Shade","Shade:Defend_Shade","Shade:Defend_Shade","Shade:AnimateDead","Shade:CarefulCut","Shade:Carnophage","Shade:FleshToFlesh+1","Shade:OpenGraves","Shade:Bite_Shade","Shade:Bite_Shade","Shade:CommandSoldier","Shade:FingerOfDeath","Injury","Shade:AuraOfUnlife","Shade:FleshToFlesh+1","Shade:Brains","Shade:GreyBargain","Shade:OneIsEnough","Shade:FeralStrike+1","RiteOfSummer","Shade:FingerOfDeath","Shade:SkeletonHug","Shade:Bonestorm","Shade:GraveStillness","Shade:FingerOfDeath+1"],"relics":["Nunchaku","Golden Idol","HollowMod:PaleOreRelic","Prayer Beads","Gremlin Food","Replay:Grab Bag","bronze:MakeshiftBattery","hubris:VirtuousBlindfold","aspiration:MobileForge","ReplayFunnel"],"acts_visited":["Exordium","TheCity"],"potions_floor_usage":[5,8,20,22,24,25,27],"damage_taken":[{"damage":11,"enemies":"Small Slimes","floor":1,"turns":3},{"damage":7,"enemies":"2 Louse","floor":2,"turns":3},{"damage":0,"enemies":"Jaw Worm","floor":3,"turns":5},{"damage":2,"enemies":"Lots of Slimes","floor":5,"turns":4},{"damage":28,"enemies":"3 Sentries","floor":8,"turns":9},{"damage":46,"enemies":"Gremlin Nob","floor":11,"turns":6},{"damage":0,"enemies":"Looter","floor":13,"turns":4},{"damage":1,"enemies":"3 Louse","floor":14,"turns":4},{"damage":19,"enemies":"Fading Forest","floor":16,"turns":11},{"damage":27,"enemies":"3 Byrds","floor":18,"turns":6},{"damage":4,"enemies":"conspire:FuzzyDice","floor":20,"turns":8},{"damage":24,"enemies":"Snake Plant","floor":21,"turns":5},{"damage":24,"enemies":"Centurion and Healer","floor":22,"turns":10},{"damage":20,"enemies":"Book of Stabbing","floor":24,"turns":7},{"damage":19,"enemies":"Chosen and Byrds","floor":25,"turns":7},{"damage":16,"enemies":"3 Cultists","floor":27,"turns":3}],"seed_played":"-1692645696371150863","potions_obtained":[{"floor":1,"key":"EssenceOfSteel"},{"floor":5,"key":"potionbrewer:NoxiousPotion"},{"floor":11,"key":"potionbrewer:DiscountPotion"},{"floor":14,"key":"SpeedPotion"},{"floor":20,"key":"Explosive Potion"},{"floor":24,"key":"Fire Potion"},{"floor":25,"key":"Strength Potion"}],"is_trial":false,"path_per_floor":["M","M","M","$","M","R","?","E","T","R","E","R","M","M","R","B",null,"M","?","M","M","M","R","E","M","T","M"],"character_chosen":"SHADE","items_purchased":["Shade:Bite_Shade","Shade:CommandSoldier"],"campfire_rested":4,"item_purchase_floors":[4,4],"current_hp_per_floor":[54,47,47,47,49,49,49,29,29,48,10,29,33,36,55,42,65,46,46,50,31,15,34,20,5,5,0,0],"gold":533,"neow_bonus":"","is_daily":false,"chose_seed":false,"campfire_upgraded":1,"win_rate":0.0,"timestamp":1612882264,"path_taken":["M","M","M","$","M","R","?","E","T","R","E","R","M","M","R","BOSS","M","?","M","M","?","R","E","M","T","M"],"items_purchased_type":["Card","Card"],"build_version":"2020-12-22","purchased_purges":0,"victory":false,"max_hp_per_floor":[65,65,65,65,65,65,65,65,65,65,65,65,65,65,65,65,65,65,65,65,65,65,65,65,65,65,65,65],"card_choices":[{"not_picked":["Shade:PoundOfFlesh","Shade:CallOfTheGrave"],"picked":"Shade:Carnophage","floor":1},{"not_picked":["Shade:TouchOfTheGrave","Shade:WallOfFlesh"],"picked":"Shade:FleshToFlesh","floor":2},{"not_picked":["Shade:PressTheAttack","Shade:ScuttlingHand"],"picked":"Shade:OpenGraves","floor":3},{"not_picked":["Shade:SoulToxin","Shade:Excise"],"picked":"Shade:FingerOfDeath","floor":5},{"not_picked":["Shade:FleshOffering","Shade:Patience"],"picked":"Shade:AuraOfUnlife","floor":8},{"not_picked":["Shade:TouchOfTheGrave","Shade:FleshOffering"],"picked":"Shade:FleshToFlesh","floor":11},{"not_picked":["Shade:Patience","Shade:TouchOfTheGrave"],"picked":"Shade:Brains","floor":13},{"not_picked":["Shade:Doomsay","Shade:FuneraryArmor"],"picked":"Shade:GreyBargain","floor":14},{"not_picked":["Shade:OminousRitual","Shade:SoulPierce"],"picked":"Shade:OneIsEnough","floor":16},{"not_picked":["Shade:CoffinDance","Shade:FuneraryArmor"],"picked":"Shade:FeralStrike+1","floor":18},{"not_picked":["Shade:FuneraryJewels+1","Shade:Awaken"],"picked":"Shade:FingerOfDeath","floor":20},{"not_picked":["Shade:ExtraLimbs","Shade:TouchOfTheGrave+1"],"picked":"Shade:SkeletonHug","floor":21},{"not_picked":["Shade:Frenzy+1","Shade:CoffinDance"],"picked":"Shade:Bonestorm","floor":22},{"not_picked":["Shade:TouchOfTheGrave","Shade:FingerOfDeath"],"picked":"Shade:GraveStillness","floor":24},{"not_picked":["Shade:FleshOffering","Shade:ClawBack"],"picked":"Shade:FingerOfDeath+1","floor":25}],"player_experience":471739,"relics_obtained":[{"floor":8,"key":"HollowMod:PaleOreRelic"},{"floor":9,"key":"Prayer Beads"},{"floor":11,"key":"Gremlin Food"},{"floor":24,"key":"ReplayFunnel"}],"event_choices":[{"damage_healed":0,"gold_gain":0,"player_choice":"Take Wound","damage_taken":0,"relics_obtained":["Golden Idol"],"max_hp_gain":0,"max_hp_loss":0,"event_name":"Golden Idol","floor":7,"gold_loss":0,"cards_obtained":["Injury"]},{"cards_removed":["Shade:FleshToFlesh"],"damage_healed":0,"gold_gain":0,"player_choice":"Take \u0026 Give","damage_taken":0,"max_hp_gain":0,"max_hp_loss":0,"event_name":"betterNote:BetterNote","floor":19,"gold_loss":0,"cards_obtained":["RiteOfSummer"]}],"is_beta":false,"boss_relics":[{"not_picked":["SacredBark","Ectoplasm"],"picked":"Replay:Grab Bag"},{"not_picked":["aspiration:FutureDiary","conspire:RoyalGoblet"],"picked":"bronze:MakeshiftBattery"},{"not_picked":["conspire:SeveredTorchhead","Runic Dome"],"picked":"hubris:VirtuousBlindfold"},{"not_picked":["construct:ClawGrip","thethorton:CrushedCigarette"],"picked":"aspiration:MobileForge"}],"items_purged_floors":[],"is_endless":false,"potions_floor_spawned":[1,5,11,14,20,24,25],"killed_by":"3 Cultists","ascension_level":0}}