{"host":"9rehsd5oi9uaydbk","time":1612906873,"event":{"mods":["BaseMod","Curses Come First","Downfall","Hermit","Hubris","Minty Spire (QoL Compilation)","Reliquary","StSLib","The Disciple","The Jungle","The Necromancer","The Runesmith"],"gold_per_floor":[99,111,111,111,27,44,67,67,67,77,77,62,62,75,94,191,191,191,209,209,209,173,29,55,65,65,85,100,100,116,169,185,290,290,190,203,220,146,146,164,164,181,199,199,199,124,124,124,124],"floor_reached":47,"language":"ENG","playtime":2865,"items_purged":["sneckomod:Defend+1"],"score":492,"play_id":"dcf676bf-403b-4159-bc3f-760bccc9b10d","local_time":"20210209164113","is_ascension_mode":false,"campfire_choices":[{"data":"sneckomod:SnakeSap","floor":11,"key":"SMITH"},{"floor":13,"key":"REST"},{"data":"expansioncontent:AwakenDeath","floor":18,"key":"SMITH"},{"floor":26,"key":"REST"},{"floor":35,"key":"RECALL"},{"floor":44,"key":"REST"}],"circlet_count":0,"master_deck":["sneckomod:Strike+1","sneckomod:Strike+1","sneckomod:Strike+1","sneckomod:Defend+1","sneckomod:Defend+1","sneckomod:TailWhip","sneckomod:SnekBite","sneckomod:Unknown","bronze:HyperBeam","sneckomod:RainOfDice","sneckomod:Cheat+1","sneckomod:UnendingSupply+1","sneckomod:QuickBite","sneckomod:SnakeSap+1","sneckomod:QuickMove","sneckomod:UnknownUncommonAttack","sneckomod:Nope","expansioncontent:AwakenDeath+1","sneckomod:ImprovisedAttack","sneckomod:IronFang+1","sneckomod:UnlimitedRolls+1","sneckomod:Nope","hermit:GhostlyPresence","sneckomod:SoulDraw","sneckomod:IronFang","sneckomod:SnekBeam","sneckomod:UnknownBlock","expansioncontent:YouAreMine","sneckomod:SnakeSap","sneckomod:MasterEye+1","sneckomod:UnknownExhaust+1"],"relics":["sneckomod:SuperSneckoSoul","Lantern","Bronze Scales","MutagenicStrength","hubris:GlazedTorus","Lee\u0027s Waffle","reliquary:Buckler","reliquary:KinkedSpring","downfall:HeartBlessingBlue","reliquary:IridiumChain"],"acts_visited":["Exordium","TheCity","TheBeyond"],"potions_floor_usage":[5,10,12,16,28,32,36,40,43,47],"damage_taken":[{"damage":1,"enemies":"Jaw Worm","floor":2,"turns":2},{"damage":6,"enemies":"downfall:FleeingMerchant","floor":5,"turns":4},{"damage":0,"enemies":"2 Louse","floor":6,"turns":1},{"damage":0,"enemies":"Cultist","floor":8,"turns":1},{"damage":22,"enemies":"Large Slime","floor":10,"turns":4},{"damage":10,"enemies":"downfall:FleeingMerchant","floor":12,"turns":4},{"damage":2,"enemies":"2 Fungi Beasts","floor":14,"turns":3},{"damage":0,"enemies":"3 Louse","floor":15,"turns":1},{"damage":65,"enemies":"DF_ARCHETYPE_STREAMLINE","floor":16,"turns":7},{"damage":10,"enemies":"Spheric Guardian","floor":19,"turns":4},{"damage":12,"enemies":"downfall:FleeingMerchant","floor":22,"turns":3},{"damage":29,"enemies":"3 Byrds","floor":25,"turns":4},{"damage":41,"enemies":"Cultist and Chosen","floor":27,"turns":6},{"damage":30,"enemies":"Snake Plant","floor":28,"turns":3},{"damage":35,"enemies":"Centurion and Healer","floor":30,"turns":6},{"damage":10,"enemies":"Shelled Parasite and Fungi","floor":32,"turns":4},{"damage":35,"enemies":"WA_ARCHETYPE_CALM","floor":33,"turns":9},{"damage":0,"enemies":"3 Darklings","floor":36,"turns":2},{"damage":0,"enemies":"Orb Walker","floor":37,"turns":2},{"damage":26,"enemies":"4 Shapes","floor":40,"turns":2},{"damage":72,"enemies":"Transient","floor":42,"turns":5},{"damage":34,"enemies":"Sphere and 2 Shapes","floor":43,"turns":4},{"damage":121,"enemies":"Giant Head","floor":47,"turns":9}],"seed_played":"6993599489014407825","potions_obtained":[{"floor":2,"key":"EssenceOfSteel"},{"floor":6,"key":"PowerPotion"},{"floor":10,"key":"AttackPotion"},{"floor":15,"key":"champ:CounterPotion"},{"floor":19,"key":"FairyPotion"},{"floor":27,"key":"sneckomod:MuddlingPotion"},{"floor":30,"key":"sneckomod:OffclassReductionPotion"},{"floor":33,"key":"LiquidMemories"},{"floor":36,"key":"Regen Potion"},{"floor":37,"key":"SteroidPotion"},{"floor":43,"key":"Fire Potion"}],"is_trial":false,"path_per_floor":["R","M","?","?","$","M","T","M","?","M","R","$","R","M","M","B",null,"R","M","?","?","$","$","T","M","R","M","M","?","M","T","M","B",null,"R","M","M","$","?","M","T","M","M","R","?","$","E"],"character_chosen":"THE_SNECKO","items_purchased":["sneckomod:UnendingSupply","hubris:GlazedTorus","sneckomod:UnlimitedRolls","Lee\u0027s Waffle","sneckomod:SnakeSap"],"campfire_rested":3,"item_purchase_floors":[5,22,22,23,38],"current_hp_per_floor":[99,98,98,98,92,92,92,92,97,75,75,65,96,94,94,29,104,104,94,94,94,82,111,111,82,111,70,40,40,5,5,33,30,111,121,121,121,121,121,100,100,28,30,66,66,66,0,0,0],"gold":124,"neow_bonus":"TEN_PERCENT_HP_BONUS","is_daily":false,"chose_seed":false,"campfire_upgraded":2,"win_rate":0.0,"timestamp":1612906873,"path_taken":["R","M","?","?","?","?","T","M","?","M","R","$","R","M","M","BOSS","R","M","?","?","?","$","T","M","R","M","M","?","M","?","M","BOSS","R","M","M","$","?","M","T","M","M","R","?","$","E"],"items_purchased_type":["Card","Relic","Card","Relic","Card"],"build_version":"2020-12-22","purchased_purges":1,"victory":false,"max_hp_per_floor":[99,99,99,99,99,99,99,99,104,104,104,104,104,104,104,104,104,104,104,104,104,104,111,111,111,111,111,111,111,111,111,111,111,111,121,121,121,121,121,121,121,121,121,121,121,121,121,121,121],"card_choices":[{"not_picked":["sneckomod:UnknownVulnerable","sneckomod:UnknownExhaust"],"picked":"sneckomod:RainOfDice","floor":2},{"not_picked":["sneckomod:DefensiveFlair","sneckomod:Mudshield"],"picked":"sneckomod:Cheat","floor":5},{"not_picked":["sneckomod:UnknownVulnerable","sneckomod:ImprovisedAttack"],"picked":"sneckomod:UnknownUncommonSkill","floor":6},{"not_picked":["sneckomod:WideSting","sneckomod:UnknownWeak"],"picked":"sneckomod:QuickBite","floor":8},{"not_picked":["sneckomod:SerpentIdol","sneckomod:DiceBlock"],"picked":"sneckomod:SnakeSap","floor":10},{"not_picked":["sneckomod:MasterEye","sneckomod:DiceBoulder"],"picked":"sneckomod:QuickMove","floor":12},{"not_picked":["sneckomod:UnknownCommonAttack","sneckomod:UnknownBlock"],"picked":"sneckomod:UnknownUncommonAttack","floor":14},{"not_picked":["sneckomod:DiceBlock","sneckomod:DiceCrush"],"picked":"sneckomod:Nope","floor":15},{"not_picked":["sneckomod:Unknown3Cost","sneckomod:Mudshield"],"picked":"sneckomod:UnknownBoss","floor":16},{"not_picked":["sneckomod:UnknownClassTHE_BRONZE_AUTOMATON","sneckomod:Nope"],"picked":"sneckomod:ImprovisedAttack","floor":19},{"not_picked":["sneckomod:SerpentIdol","sneckomod:Mudshield"],"picked":"sneckomod:IronFang+1","floor":22},{"not_picked":["sneckomod:SoulRoll","sneckomod:DiceBoulder+1"],"picked":"sneckomod:Nope","floor":25},{"not_picked":["sneckomod:QuickBite","sneckomod:UnknownBlock+1"],"picked":"sneckomod:SoulDraw","floor":27},{"not_picked":["sneckomod:UnknownCommonAttack","sneckomod:UnknownClassTHE_BRONZE_AUTOMATON"],"picked":"sneckomod:IronFang","floor":28},{"not_picked":["sneckomod:QuickMove+1","sneckomod:ImprovisedGuard+1"],"picked":"sneckomod:SnekBeam","floor":30},{"not_picked":["sneckomod:UnknownClassTHE_BRONZE_AUTOMATON","sneckomod:UnknownVulnerable"],"picked":"sneckomod:UnknownBlock","floor":32},{"not_picked":["sneckomod:Restock","sneckomod:UnlimitedRolls"],"picked":"sneckomod:UnknownBoss","floor":33},{"not_picked":["sneckomod:UnknownX+1","sneckomod:UnknownStrike+1","sneckomod:UnknownClassDEFAULT_GRAY_COLOR"],"picked":"SKIP","floor":36},{"not_picked":["sneckomod:QuickMove","sneckomod:IronFang+1","sneckomod:Nope+1"],"picked":"SKIP","floor":37},{"not_picked":["sneckomod:QuickMove+1","sneckomod:QuickBite","sneckomod:UnknownUncommonSkill"],"picked":"SKIP","floor":40},{"not_picked":["sneckomod:UnknownBlock","sneckomod:Nope+1"],"picked":"sneckomod:MasterEye+1","floor":42},{"not_picked":["sneckomod:SoulRoll","sneckomod:SoulExchange"],"picked":"sneckomod:UnknownExhaust+1","floor":43}],"player_experience":189336,"relics_obtained":[{"floor":7,"key":"Bronze Scales"},{"floor":24,"key":"reliquary:Buckler"},{"floor":41,"key":"reliquary:IridiumChain"}],"event_choices":[{"damage_healed":0,"gold_gain":0,"player_choice":"Donut","damage_taken":0,"max_hp_gain":5,"max_hp_loss":0,"event_name":"Big Fish","floor":9,"gold_loss":0},{"damage_healed":0,"gold_gain":0,"player_choice":"Ignored","damage_taken":0,"max_hp_gain":0,"max_hp_loss":0,"event_name":"Ghosts","floor":20,"gold_loss":0},{"damage_healed":0,"gold_gain":0,"player_choice":"Inject Mutagens","damage_taken":0,"relics_obtained":["MutagenicStrength"],"max_hp_gain":0,"max_hp_loss":0,"event_name":"Drug Dealer","floor":21,"gold_loss":0},{"damage_healed":0,"gold_gain":0,"player_choice":"Ignored","damage_taken":0,"max_hp_gain":0,"max_hp_loss":0,"event_name":"Mysterious Sphere","floor":45,"gold_loss":0}],"is_beta":false,"boss_relics":[{"not_picked":["bronze:MakeshiftBattery","hubris:ScarierMask"],"picked":"sneckomod:SuperSneckoSoul"},{"not_picked":["Empty Cage","sneckomod:SneckoBoss"],"picked":"reliquary:KinkedSpring"}],"items_purged_floors":[46],"is_endless":false,"potions_floor_spawned":[2,6,10,15,19,27,30,33,36,37,43],"killed_by":"Giant Head","ascension_level":0}}