{"host":"9e8t9l667fx7pth6","time":1612854231,"event":{"mods":["2.2 Compatiblity","AchievementEnabler","AlwaysNeverKeys","Aspiration","BaseMod","BetterRewards","Custom Start","Dark Map","Halation","Minty Spire (QoL Compilation)","Morshu Shopkeeper","Remove Card Discount Mod","StSLib","The Blue Laboratory"],"gold_per_floor":[109,126,137,137,137,137,153,167,167,167,4,4,37,54,54,127,127,141,158,158,158,5,5,34,48,121,8,25,37,37,37],"floor_reached":30,"language":"ENG","playtime":1396,"items_purged":["Strike_G","Strike_G","Regret","Survivor","Deadly Poison"],"score":466,"play_id":"ad3aa72d-ef81-4bd8-9fb4-f57aef85d434","local_time":"20210209020351","is_ascension_mode":true,"campfire_choices":[{"data":"Dagger Throw","floor":6,"key":"SMITH"},{"data":"aspiration:Lunge","floor":12,"key":"SMITH"},{"data":"Cloak And Dagger","floor":15,"key":"SMITH"},{"data":"After Image","floor":23,"key":"SMITH"}],"circlet_count":0,"master_deck":["AscendersBane","Strike_G+1","Strike_G+1","Strike_G+1","Defend_G+1","Defend_G+1","Defend_G+1","Defend_G+1","Defend_G+1","Neutralize","Dodge and Roll","Dagger Throw+1","Finisher","Cloak And Dagger+1","aspiration:Lunge+1","After Image+1","Underhanded Strike","Acrobatics","Swift Strike","Slice","Die Die Die","Predator","PiercingWail"],"relics":["Ring of the Snake","aspiration:Nostalgia","PureWater","halation:SwordOfLegend","Pantograph","Singing Bowl","aspiration:PoetsPen","Anchor","aspiration:FetidBarrel"],"acts_visited":["Exordium","TheCity"],"potions_floor_usage":[13,16,16,24,30,30],"damage_taken":[{"damage":6,"enemies":"Cultist","floor":1,"turns":4},{"damage":2,"enemies":"Jaw Worm","floor":2,"turns":4},{"damage":0,"enemies":"2 Louse","floor":3,"turns":3},{"damage":23,"enemies":"Exordium Thugs","floor":7,"turns":6},{"damage":5,"enemies":"Blue Slaver","floor":8,"turns":3},{"damage":35,"enemies":"Lagavulin","floor":13,"turns":8},{"damage":0,"enemies":"3 Louse","floor":14,"turns":1},{"damage":55,"enemies":"Slime Boss","floor":16,"turns":11},{"damage":26,"enemies":"2 Thieves","floor":18,"turns":3},{"damage":1,"enemies":"3 Byrds","floor":19,"turns":4},{"damage":3,"enemies":"Slavers","floor":24,"turns":3},{"damage":5,"enemies":"Snecko","floor":25,"turns":4},{"damage":5,"enemies":"Centurion and Healer","floor":28,"turns":5},{"damage":17,"enemies":"Snake Plant","floor":29,"turns":4},{"damage":27,"enemies":"Gremlin Leader","floor":30,"turns":2}],"seed_played":"1768990139286586559","potions_obtained":[{"floor":2,"key":"Regen Potion"},{"floor":7,"key":"blueLaboratory:BlinkPotion"},{"floor":14,"key":"AttackPotion"},{"floor":16,"key":"blueLaboratory:PhilterOfMotion"},{"floor":25,"key":"blueLaboratory:LouseDecoction"}],"is_trial":false,"path_per_floor":["M","M","M","?","T","R","M","M","T","?","$","R","E","M","R","B",null,"M","M","?","?","$","R","E","M","T","$","M","M","E"],"character_chosen":"THE_SILENT","items_purchased":["aspiration:Lunge","Swift Strike","Slice","PiercingWail","blueLaboratory:HorrorPotion"],"campfire_rested":0,"item_purchase_floors":[11,22,22,27,27],"current_hp_per_floor":[53,51,51,51,51,50,27,22,22,66,66,66,31,33,39,24,57,31,30,30,35,35,44,41,36,36,36,33,18,0,0],"gold":37,"neow_bonus":"NOSTALGIA","is_daily":false,"chose_seed":false,"campfire_upgraded":4,"win_rate":0.0,"timestamp":1612854231,"path_taken":["M","M","M","?","?","R","M","M","T","?","$","R","E","M","R","BOSS","M","M","?","?","$","R","E","M","T","$","?","M","E"],"items_purchased_type":["Card","Card","Card","Card","Potion"],"build_version":"2020-12-22","purchased_purges":5,"victory":false,"max_hp_per_floor":[66,66,66,66,66,66,66,66,66,66,66,66,66,68,68,68,68,68,68,68,68,68,68,68,68,68,68,70,72,72,72],"card_choices":[{"not_picked":["Sucker Punch","Underhanded Strike"],"picked":"Dodge and Roll","floor":1},{"not_picked":["Blur","Expertise"],"picked":"Dagger Throw","floor":2},{"not_picked":["Dodge and Roll","Tactician"],"picked":"Finisher","floor":3},{"not_picked":["Sucker Punch","Dagger Throw"],"picked":"Deadly Poison","floor":7},{"not_picked":["Deadly Poison","Bane"],"picked":"Cloak And Dagger","floor":8},{"not_picked":["Flechettes","Expertise"],"picked":"Dagger Throw","floor":13},{"not_picked":["Slice","Caltrops","Sucker Punch"],"picked":"Singing Bowl","floor":14},{"not_picked":["Corpse Explosion","Doppelganger"],"picked":"After Image","floor":16},{"not_picked":["Dodge and Roll","Deflect"],"picked":"Underhanded Strike","floor":18},{"not_picked":["Leg Sweep","Heel Hook"],"picked":"Acrobatics","floor":19},{"not_picked":["Prepared","Tactician"],"picked":"Die Die Die","floor":24},{"not_picked":["Underhanded Strike","Choke"],"picked":"Predator","floor":25},{"not_picked":["Acrobatics","Tactician+1","Expertise"],"picked":"Singing Bowl","floor":28},{"not_picked":["Prepared","Deadly Poison","Flechettes"],"picked":"Singing Bowl","floor":29}],"player_experience":1017631,"relics_obtained":[{"floor":9,"key":"Pantograph"},{"floor":13,"key":"Singing Bowl"},{"floor":24,"key":"Anchor"},{"floor":26,"key":"aspiration:FetidBarrel"}],"event_choices":[{"damage_healed":0,"gold_gain":0,"player_choice":"Box","damage_taken":0,"relics_obtained":["halation:SwordOfLegend"],"max_hp_gain":0,"max_hp_loss":0,"event_name":"Big Fish","floor":4,"gold_loss":0,"cards_obtained":["Regret"]},{"damage_healed":44,"gold_gain":0,"player_choice":"Full Heal","damage_taken":0,"max_hp_gain":0,"max_hp_loss":0,"event_name":"Wheel of Change","floor":10,"gold_loss":0},{"damage_healed":0,"gold_gain":0,"player_choice":"Simplicity","damage_taken":0,"max_hp_gain":0,"max_hp_loss":0,"event_name":"Back to Basics","floor":20,"gold_loss":0,"cards_upgraded":["Strike_G","Strike_G","Strike_G","Defend_G","Defend_G","Defend_G","Defend_G","Defend_G"]},{"cards_removed":["Dagger Throw"],"damage_healed":5,"gold_gain":0,"player_choice":"Offered Common","damage_taken":0,"max_hp_gain":0,"max_hp_loss":0,"event_name":"Bonfire Elementals","floor":21,"gold_loss":0},{"cards_removed":["Dagger Throw"],"damage_healed":5,"gold_gain":0,"player_choice":"Offered Special","damage_taken":0,"max_hp_gain":0,"max_hp_loss":0,"event_name":"Bonfire Elementals","floor":21,"gold_loss":0}],"is_beta":false,"boss_relics":[{"not_picked":["SacredBark","aspiration:RunicSpoon"],"picked":"aspiration:PoetsPen"}],"items_purged_floors":[11,11,11,22,22],"is_endless":false,"potions_floor_spawned":[2,7,14,16,25,28],"killed_by":"Gremlin Leader","ascension_level":17}}