{"host":"hcfgv6p6h0ubjkk0","time":1612891605,"event":{"mods":["AchievementEnabler","BaseMod","Highlight Path","Minty Spire (QoL Compilation)","Quick Restart","Replay The Spire","StSLib"],"gold_per_floor":[117,117,129,129,149,149,165,9,9,9,48,48,83,103,103,223,223,143,143,143,166,12,12,56,56,56,100,118,118,137,150,150,269,269,282,77,97,121,136,136,86,127,150,193,214,214,258,258,258],"floor_reached":48,"language":"ENG","playtime":2246,"items_purged":["Strike_G","Strike_G"],"score":838,"play_id":"93edab7e-f519-4c0b-bedc-97826b4f9aeb","local_time":"20210209172645","is_ascension_mode":true,"campfire_choices":[{"data":"Neutralize","floor":6,"key":"SMITH"},{"data":"Noxious Fumes","floor":10,"key":"SMITH"},{"data":"Wraith Form v2","floor":12,"key":"SMITH"},{"data":"Replay:Bag of Tricks","floor":23,"key":"SMITH"},{"floor":32,"key":"REST"},{"data":"Noxious Fumes","floor":40,"key":"SMITH"},{"floor":46,"key":"REST"}],"circlet_count":0,"master_deck":["Strike_G","Strike_G","Defend_G","Defend_G","Defend_G","Defend_G","Defend_G","Survivor","Neutralize+1","Corpse Explosion+1","Poisoned Stab","Backflip","Noxious Fumes+1","Wraith Form v2+1","Replay:Bag of Tricks+1","CurseOfTheBell","PiercingWail","Normality","Slice","Deadly Poison+1","Deadly Poison+1","Deadly Poison+1","Backflip+1","Noxious Fumes","Draining Mist+1","Noxious Fumes+1","Footwork","Bane+1","Burst","Sneak Up+1"],"relics":["Ring of the Snake","Golden Idol","Mirror","Garlic","Chameleon Ring","Replay:Ancient Bell","Anchor","Letter Opener","Byrd Skull","Replay:Accelerometer","ClockworkSouvenir","Replay:Rubber Ducky","Blue Doll","Unceasing Top","Philosopher\u0027s Stone","Bottled Flame","Regal Pillow","Centennial Puzzle","Replay:Bottled Eggs"],"acts_visited":["Exordium","TheCity","TheBeyond"],"potions_floor_usage":[11,16,16,21,27,33,39,42,45,48],"damage_taken":[{"damage":0,"enemies":"2 Louse","floor":1,"turns":2},{"damage":0,"enemies":"Cultist","floor":3,"turns":3},{"damage":5,"enemies":"Small Slimes","floor":5,"turns":4},{"damage":0,"enemies":"3 Louse","floor":7,"turns":2},{"damage":12,"enemies":"Gremlin Nob","floor":11,"turns":2},{"damage":2,"enemies":"Replay:BlueRogue","floor":13,"turns":5},{"damage":4,"enemies":"2 Fungi Beasts","floor":14,"turns":3},{"damage":38,"enemies":"Hexaghost","floor":16,"turns":9},{"damage":1,"enemies":"Spheric Guardian","floor":18,"turns":3},{"damage":10,"enemies":"2 Thieves","floor":21,"turns":5},{"damage":19,"enemies":"Replay:Snechameleon","floor":24,"turns":6},{"damage":14,"enemies":"Book of Stabbing","floor":27,"turns":6},{"damage":2,"enemies":"Snake Plant","floor":28,"turns":4},{"damage":0,"enemies":"Centurion and Healer","floor":30,"turns":7},{"damage":0,"enemies":"Snecko","floor":31,"turns":5},{"damage":0,"enemies":"Collector","floor":33,"turns":7},{"damage":3,"enemies":"3 Darklings","floor":35,"turns":2},{"damage":0,"enemies":"3 Shapes","floor":37,"turns":5},{"damage":13,"enemies":"Jaw Worm Horde","floor":38,"turns":3},{"damage":23,"enemies":"Transient","floor":39,"turns":5},{"damage":4,"enemies":"Nemesis","floor":42,"turns":7},{"damage":0,"enemies":"R_Hoarder","floor":44,"turns":7},{"damage":0,"enemies":"Sphere and 2 Shapes","floor":45,"turns":5},{"damage":18,"enemies":"Nemesis","floor":47,"turns":7},{"damage":49,"enemies":"4 Shapes","floor":48,"turns":3}],"seed_played":"-7087791270237960728","potions_obtained":[{"floor":7,"key":"Death Potion"},{"floor":13,"key":"DuplicationPotion"},{"floor":15,"key":"Regen Potion"},{"floor":15,"key":"Strength Potion"},{"floor":18,"key":"Block Potion"},{"floor":25,"key":"PowerPotion"},{"floor":25,"key":"Strength Potion"},{"floor":27,"key":"Block Potion"},{"floor":28,"key":"Weak Potion"},{"floor":33,"key":"FearPotion"},{"floor":35,"key":"PowerPotion"},{"floor":39,"key":"SteroidPotion"},{"floor":45,"key":"AttackPotion"}],"is_trial":false,"path_per_floor":["M","?","M","?","M","R","M","$","T","R","E","R","E","M","R","B",null,"M","?","?","M","$","R","E","R","T","E","M","?","M","M","R","B",null,"M","$","M","M","M","R","$","E","T","E","M","R","E","M"],"character_chosen":"THE_SILENT","items_purchased":["Noxious Fumes","ClockworkSouvenir","Backflip+1","Noxious Fumes","Footwork","Bane+1"],"campfire_rested":2,"item_purchase_floors":[8,22,36,36,41,41],"current_hp_per_floor":[70,70,70,65,60,60,60,60,60,60,48,48,46,42,42,32,57,56,56,56,46,46,46,27,27,27,13,11,32,32,32,51,51,62,59,59,59,46,23,23,23,19,19,19,19,53,35,0,0],"gold":258,"neow_bonus":"ONE_RANDOM_RARE_CARD","is_daily":false,"chose_seed":false,"campfire_upgraded":5,"win_rate":0.0,"timestamp":1612891605,"path_taken":["M","?","?","?","M","R","M","$","T","R","E","R","E","M","R","BOSS","M","?","?","?","$","R","E","R","T","E","M","?","M","M","R","BOSS","M","$","M","M","M","R","$","E","T","E","M","R","E","M"],"items_purchased_type":["Card","Relic","Card","Card","Card","Card"],"build_version":"2020-12-22","purchased_purges":2,"victory":false,"max_hp_per_floor":[70,70,70,65,65,65,65,65,65,65,65,65,65,65,65,65,65,65,65,65,65,65,65,65,65,65,65,65,65,65,65,65,65,65,65,65,65,65,65,65,65,65,65,65,65,65,65,65,65],"card_choices":[{"not_picked":["Prepared","Blade Dance","Dagger Throw"],"picked":"SKIP","floor":1},{"not_picked":["Flechettes","Blade Dance"],"picked":"Poisoned Stab","floor":3},{"not_picked":["All Out Attack","Dodge and Roll"],"picked":"Backflip","floor":5},{"not_picked":["Night Terror","Poisoned Stab","Prepared"],"picked":"SKIP","floor":7},{"not_picked":["Poisoned Stab","Night Terror"],"picked":"Wraith Form v2","floor":11},{"not_picked":["Calculated Gamble","Well Laid Plans","Sucker Punch"],"picked":"SKIP","floor":13},{"not_picked":["Endless Agony","Dodge and Roll","Cloak And Dagger"],"picked":"SKIP","floor":14},{"not_picked":["Burst","Grand Finale"],"picked":"Replay:Bag of Tricks","floor":16},{"not_picked":["Shame","Sickly"],"picked":"CurseOfTheBell","floor":17},{"not_picked":["Regret","Hallucinations"],"picked":"ReplayTheSpireMod:IOU","floor":17},{"not_picked":["Decay","ReplayTheSpireMod:IOU"],"picked":"Doubt","floor":17},{"not_picked":["Acrobatics","Slice"],"picked":"PiercingWail","floor":18},{"not_picked":["Outmaneuver","Dodge and Roll","Slice"],"picked":"SKIP","floor":21},{"not_picked":["ReplayTheSpireMod:Scrap Shanks","Poisoned Stab","Replay:Bag of Tricks"],"picked":"SKIP","floor":24},{"not_picked":["Blur","Underhanded Strike"],"picked":"Deadly Poison","floor":27},{"not_picked":["Blade Dance","Dash","Backflip"],"picked":"SKIP","floor":28},{"not_picked":["Hidden Blade","Deflect"],"picked":"Deadly Poison","floor":30},{"not_picked":["Slice","ReplayTheSpireMod:Shiv Toss"],"picked":"Deadly Poison","floor":31},{"not_picked":["Poisoned Stab","Flying Knee+1","Underhanded Strike+1"],"picked":"SKIP","floor":35},{"not_picked":["Finisher+1","Prepared+1"],"picked":"Draining Mist+1","floor":37},{"not_picked":["ReplayTheSpireMod:Speed Training+1","Expertise"],"picked":"Noxious Fumes","floor":38},{"not_picked":["Acrobatics","Outmaneuver","PiercingWail+1"],"picked":"SKIP","floor":39},{"not_picked":["Heel Hook","Underhanded Strike"],"picked":"Burst","floor":42},{"not_picked":["Blade Dance","Underhanded Strike","Prepared"],"picked":"SKIP","floor":44},{"not_picked":["PiercingWail+1","Bane+1"],"picked":"Sneak Up+1","floor":45},{"not_picked":["Quick Slash+1","Bouncing Flask+1","ReplayTheSpireMod:Tripwire+1"],"picked":"SKIP","floor":47}],"player_experience":186851,"relics_obtained":[{"floor":9,"key":"Mirror"},{"floor":11,"key":"Garlic"},{"floor":13,"key":"Chameleon Ring"},{"floor":24,"key":"Replay:Rubber Ducky"},{"floor":26,"key":"Blue Doll"},{"floor":27,"key":"Unceasing Top"},{"floor":42,"key":"Bottled Flame"},{"floor":43,"key":"Regal Pillow"},{"floor":44,"key":"Centennial Puzzle"},{"floor":47,"key":"Replay:Bottled Eggs"}],"event_choices":[{"damage_healed":0,"gold_gain":0,"player_choice":"Upgraded","damage_taken":0,"max_hp_gain":0,"max_hp_loss":0,"event_name":"Upgrade Shrine","floor":2,"gold_loss":0,"cards_upgraded":["Corpse Explosion"]},{"damage_healed":0,"gold_gain":0,"player_choice":"Lose Max HP","damage_taken":0,"relics_obtained":["Golden Idol"],"max_hp_gain":0,"max_hp_loss":5,"event_name":"Golden Idol","floor":4,"gold_loss":0},{"damage_healed":0,"gold_gain":0,"cards_transformed":["Doubt","Strike_G"],"player_choice":"Became Test Subject","damage_taken":0,"max_hp_gain":0,"max_hp_loss":0,"event_name":"Drug Dealer","floor":19,"gold_loss":0,"cards_obtained":["Normality","Slice"]},{"damage_healed":21,"gold_gain":0,"player_choice":"Heal","damage_taken":0,"max_hp_gain":0,"max_hp_loss":0,"event_name":"The Library","floor":29,"gold_loss":0}],"is_beta":false,"boss_relics":[{"not_picked":["ReplayTheSpireMod:DimensionalGlitch","Snecko Scales"],"picked":"Replay:Ancient Bell"},{"not_picked":["Replay:Wax Seal","Dream Catcher"],"picked":"Anchor"},{"not_picked":["Replay:Bottled Snecko","Shuriken"],"picked":"Letter Opener"},{"not_picked":["Tough Bandages","Pocketwatch"],"picked":"Byrd Skull"},{"not_picked":["Tiny House","Runic Pyramid"],"picked":"Philosopher\u0027s Stone"}],"items_purged_floors":[8,36],"is_endless":false,"potions_floor_spawned":[7,13,18,27,28,33,35,39,45],"killed_by":"4 Shapes","ascension_level":5}}