{"host":"684z1xpuwaoqmmh1","time":1612873875,"event":{"mods":["A Magickal Journey","BaseMod","Downfall","Hermit","Jorbs\u0027s Wanderer Trilogy","Marisa????????","Minty Spire (QoL Compilation)","Robot Space Explorer","Shade Mod","StSLib","The Bug Knight","The Dragon Tamer","The Elementalist","The Hayseed","The Hierophant","The Marked","The Mystic","The Runesmith","The Saiyan","The Senshi","The Spell Scribe","The Vixen","TheBandit","TheFirefly"],"gold_per_floor":[119,119,194,212,227,227,265,287,311,331,331,362,362,362,362],"floor_reached":14,"language":"ENG","playtime":779,"items_purged":[],"score":130,"play_id":"c96a16af-cbf6-401c-a488-ca594ba4a9df","local_time":"20210209143115","is_ascension_mode":true,"campfire_choices":[{"floor":6.0,"key":"REST"}],"circlet_count":0,"master_deck":["theScribe:StarterAttack","theScribe:StarterAttack","theScribe:LightningStrike","theScribe:LightningStrike","theScribe:StarterDefend","theScribe:StarterDefend","theScribe:StarterDefend","theScribe:IcyDefend","theScribe:IcyDefend","theScribe:StarterModifier","theScribe:BlankScroll","theScribe:Thunder","theScribe:GlacialGuard","theScribe:FalseLife","theScribe:MirrorImage"],"relics":["theScribe:StarterRelic1","CeramicFish","Guardian:PocketSentry","Molten Egg 2","Golden Idol"],"acts_visited":["Exordium"],"potions_floor_usage":[14],"damage_taken":[{"damage":4.0,"enemies":"Small Slimes","floor":1.0,"turns":6.0},{"damage":15.0,"enemies":"Cultist","floor":4.0,"turns":7.0},{"damage":10.0,"enemies":"2 Louse","floor":5.0,"turns":3.0},{"damage":18.0,"enemies":"Lagavulin","floor":7.0,"turns":8.0},{"damage":11.0,"enemies":"Exordium Wildlife","floor":8.0,"turns":9.0},{"damage":4.0,"enemies":"3 Louse","floor":10.0,"turns":3.0},{"damage":21,"enemies":"Gremlin Nob","floor":12,"turns":6},{"damage":15,"enemies":"3 Sentries","floor":14,"turns":2}],"seed_played":"-4319223736428127554","potions_obtained":[{"floor":7.0,"key":"SteroidPotion"}],"is_trial":false,"path_per_floor":["M","?","?","M","M","R","E","M","T","M","?","E","?","E"],"character_chosen":"THE_SCRIBE","items_purchased":[],"campfire_rested":1,"item_purchase_floors":[],"current_hp_per_floor":[71,71,63,48,38,62,44,33,33,29,29,8,8,0,0],"gold":362,"neow_bonus":"TEN_PERCENT_HP_BONUS","is_daily":false,"chose_seed":false,"campfire_upgraded":0,"win_rate":0.0,"timestamp":1612873875,"path_taken":["M","?","?","M","?","R","E","M","T","M","?","E","?","E"],"items_purchased_type":[],"build_version":"2020-12-22","purchased_purges":0,"victory":false,"max_hp_per_floor":[82,82,82,82,82,82,82,82,82,82,82,82,76,76,76],"card_choices":[{"not_picked":["theScribe:BluntWeapons","theScribe:Incendio"],"picked":"theScribe:BlankScroll","floor":1.0},{"not_picked":["theScribe:FocusingBlow","theScribe:MirrorImage"],"picked":"theScribe:Thunder","floor":4.0},{"not_picked":["theScribe:Thunder","theScribe:ThrownScroll","theScribe:Divination"],"picked":"SKIP","floor":5.0},{"not_picked":["theScribe:EnchantedStrike","theScribe:Thunder"],"picked":"theScribe:GlacialGuard","floor":7.0},{"not_picked":["theScribe:FocusingBlow","theScribe:BluntWeapons"],"picked":"theScribe:FalseLife","floor":8.0},{"not_picked":["theScribe:BluntWeapons","theScribe:Incendio"],"picked":"theScribe:MirrorImage","floor":10.0},{"not_picked":["theScribe:MirrorImage","theScribe:ToxicSpellstone","theScribe:Divination"],"picked":"SKIP","floor":12}],"player_experience":3216995,"relics_obtained":[{"floor":7.0,"key":"CeramicFish"},{"floor":9.0,"key":"Guardian:PocketSentry"},{"floor":12,"key":"Molten Egg 2"}],"event_choices":[{"damage_healed":0.0,"max_hp_gain":0.0,"max_hp_loss":0.0,"gold_gain":0.0,"event_name":"Liars Game","player_choice":"Ignored","floor":2.0,"gold_loss":0.0,"damage_taken":0.0},{"damage_healed":0.0,"max_hp_gain":0.0,"max_hp_loss":0.0,"gold_gain":75.0,"event_name":"FaceTrader","player_choice":"Touch","floor":3.0,"gold_loss":0.0,"damage_taken":8.0},{"damage_healed":0,"gold_gain":0,"player_choice":"Lose Max HP","damage_taken":0,"relics_obtained":["Golden Idol"],"max_hp_gain":0,"max_hp_loss":6,"event_name":"Golden Idol","floor":13,"gold_loss":0}],"is_beta":false,"boss_relics":[],"items_purged_floors":[],"is_endless":false,"potions_floor_spawned":[7],"killed_by":"3 Sentries","ascension_level":6}}