{"host":"odhb85ppoyjrwi3n","time":1612912196,"event":{"mods":["BaseMod","Better Third Choice","BetterRewards","Bossed Relics","Minty Spire (QoL Compilation)","Quick Restart","StSLib"],"gold_per_floor":[109,109,109,109,122,169,203,234,287,318,335,335,346,346,346,467,5467,5467,5467,5467,5467,5467,5467,5467,5467,5467,5467,5467,5467,5467,5467,5467,5467,5467,5467,5467,5467,5467,5467,5467,5467,5467,5467,5467,5467,5467,5467,5467,5467,5467,5467,5467,5467,5467,5467],"floor_reached":56,"language":"ENG","playtime":2143,"items_purged":["Strike_B","Strike_B","Static Discharge","Defend_B","Defend_B","Capacitor","Strike_B","Defend_B","Defend_B","Strike_B","Defragment","Zap","Conserve Battery+1","Defragment+1"],"score":2059,"play_id":"645a41be-5bbb-4697-8649-80173b90d7ab","local_time":"20210210000956","is_ascension_mode":true,"campfire_choices":[{"data":"1","floor":12,"key":"LIFT"},{"data":"2","floor":15,"key":"LIFT"},{"data":"3","floor":32,"key":"LIFT"},{"floor":46,"key":"RECALL"},{"floor":49,"key":"REST"},{"floor":52,"key":"REST"}],"circlet_count":0,"master_deck":["Dualcast+1","Defragment+1","Storm+1","Defragment+1","Static Discharge+1","Storm+1","Loop+1","Conserve Battery+1","Self Repair+1","Defragment+1","Static Discharge+1","Mayhem+1","Self Repair+1","Mayhem+1","Conserve Battery+1","Ball Lightning+1","Amplify+1","Thunder Strike+1","Defragment+1","Ball Lightning+1","Amplify+1","Electrodynamics+1","Parasite"],"relics":["Cracked Core","Blood Vial","CaptainsWheel","Sling","MealTicket","Juzu Bracelet","ClockworkSouvenir","Kunai","Singing Bowl","HandDrill","Membership Card","Lee\u0027s Waffle","Strawberry","Medical Kit","Emotion Chip","Toxic Egg 2","Frozen Egg 2","Mummified Hand","Vajra","Potion Belt","Runic Capacitor","Molten Egg 2","Bird Faced Urn","Turnip","Matryoshka","Shuriken","DataDisk","Cables","WingedGreaves","Question Card","Lizard Tail","Oddly Smooth Stone","Ginger","PreservedInsect","Pear","Tiny Chest","Girya","Bag of Preparation","Lantern","Prayer Wheel","Meat on the Bone","Whetstone","Anchor","White Beast Statue","Regal Pillow","Ancient Tea Set","Ornamental Fan","Eternal Feather","War Paint","Torii","Golden Idol","Ectoplasm","Happy Flower","Bronze Scales","Pen Nib","Mercury Hourglass","Pocketwatch","Black Star","Bag of Marbles","Sundial","Art of War","Pantograph","Du-Vu Doll","Centennial Puzzle","Thread and Needle","Boot","Gremlin Horn"],"acts_visited":["Exordium","TheCity","TheBeyond","TheEnding"],"potions_floor_usage":[],"damage_taken":[{"damage":0,"enemies":"Jaw Worm","floor":1,"turns":1},{"damage":0,"enemies":"Cultist","floor":5,"turns":1},{"damage":0,"enemies":"Lagavulin","floor":7,"turns":1},{"damage":0,"enemies":"3 Sentries","floor":8,"turns":2},{"damage":0,"enemies":"Lagavulin","floor":10,"turns":1},{"damage":0,"enemies":"2 Louse","floor":11,"turns":1},{"damage":0,"enemies":"2 Fungi Beasts","floor":13,"turns":1},{"damage":0,"enemies":"The Guardian","floor":16,"turns":2},{"damage":0,"enemies":"2 Thieves","floor":18,"turns":1},{"damage":1,"enemies":"Chosen","floor":19,"turns":1},{"damage":0,"enemies":"Snecko","floor":22,"turns":1},{"damage":0,"enemies":"Book of Stabbing","floor":23,"turns":2},{"damage":0,"enemies":"Gremlin Leader","floor":24,"turns":1},{"damage":0,"enemies":"Chosen and Byrds","floor":27,"turns":2},{"damage":0,"enemies":"Book of Stabbing","floor":28,"turns":2},{"damage":0,"enemies":"Slavers","floor":31,"turns":1},{"damage":7,"enemies":"Collector","floor":33,"turns":3},{"damage":0,"enemies":"3 Darklings","floor":35,"turns":2},{"damage":2,"enemies":"3 Shapes","floor":36,"turns":1},{"damage":0,"enemies":"Writhing Mass","floor":39,"turns":2},{"damage":0,"enemies":"Reptomancer","floor":40,"turns":1},{"damage":0,"enemies":"4 Shapes","floor":42,"turns":1},{"damage":0,"enemies":"Mind Bloom Boss Battle","floor":44,"turns":2},{"damage":21,"enemies":"Nemesis","floor":45,"turns":3},{"damage":0,"enemies":"Reptomancer","floor":47,"turns":2},{"damage":0,"enemies":"Jaw Worm Horde","floor":48,"turns":1},{"damage":0,"enemies":"Donu and Deca","floor":50,"turns":2},{"damage":0,"enemies":"Shield and Spear","floor":54,"turns":1},{"damage":24,"enemies":"The Heart","floor":55,"turns":3}],"seed_played":"-1888855325790370365","potions_obtained":[{"floor":1,"key":"LiquidMemories"},{"floor":5,"key":"LiquidMemories"},{"floor":7,"key":"Regen Potion"},{"floor":8,"key":"EssenceOfSteel"},{"floor":10,"key":"FearPotion"},{"floor":11,"key":"Ancient Potion"},{"floor":16,"key":"LiquidMemories"},{"floor":35,"key":"Ancient Potion"}],"is_trial":false,"path_per_floor":["M","?","?","?","M","T","E","E","T","E","M","R","M","?","R","B",null,"M","M","?","?","M","E","E","T","T","M","E","?","?","E","R","B",null,"M","M","?","T","M","E","$","M","T","?","E","R","E","M","R","B",null,"R","$","E","B",null],"character_chosen":"DEFECT","items_purchased":["Blood Vial","CaptainsWheel","Sling","Capacitor","Static Discharge","MealTicket","Juzu Bracelet","ClockworkSouvenir","Defragment","Kunai","Singing Bowl","HandDrill","Membership Card","Lee\u0027s Waffle","Strawberry","Medical Kit","Emotion Chip","Toxic Egg 2","Frozen Egg 2","Mummified Hand","Defragment+1","Storm+1","Vajra","Defragment+1","Static Discharge+1","Storm+1","Loop+1","Potion Belt","Runic Capacitor","Conserve Battery+1","Molten Egg 2","Bird Faced Urn","Self Repair+1","Turnip","Matryoshka","Defragment+1","Shuriken","DataDisk","Cables","WingedGreaves","Question Card","Lizard Tail","Static Discharge+1","Oddly Smooth Stone","Ginger","PreservedInsect","Pear","Mayhem+1","Self Repair+1","Tiny Chest","Girya","Bag of Preparation","Lantern","Mayhem+1","Conserve Battery+1","Ball Lightning+1","Amplify+1","Conserve Battery+1","Thunder Strike+1","Prayer Wheel","Defragment+1","Defragment+1","Meat on the Bone","Ball Lightning+1","Whetstone"],"campfire_rested":2,"item_purchase_floors":[0,0,0,0,0,0,0,0,0,0,0,0,0,0,0,0,0,0,0,0,0,0,0,0,0,0,0,0,0,0,0,0,0,0,0,0,0,0,0,0,0,0,0,0,0,0,0,0,0,0,0,0,0,0,0,0,0,0,0,0,0,0,0,0,0],"current_hp_per_floor":[103,103,103,79,107,107,109,111,111,111,115,115,119,110,110,110,110,114,117,117,118,122,124,126,126,126,130,132,104,104,126,138,141,141,145,149,151,151,155,157,157,161,161,163,154,165,167,171,171,171,171,171,171,173,173],"gold":5467,"neow_bonus":"","is_daily":false,"chose_seed":false,"campfire_upgraded":0,"win_rate":0.0,"timestamp":1612912196,"path_taken":["M","?","?","?","M","?","E","E","T","E","M","R","M","?","R","BOSS","M","M","?","?","M","E","E","?","T","M","E","?","?","E","R","BOSS","M","M","?","?","M","E","$","M","T","?","E","R","E","M","R","BOSS","R","$","E","BOSS"],"items_purchased_type":["Relic","Relic","Relic","Card","Card","Relic","Relic","Relic","Card","Relic","Relic","Relic","Relic","Relic","Relic","Relic","Relic","Relic","Relic","Relic","Card","Card","Relic","Card","Card","Card","Card","Relic","Relic","Card","Relic","Relic","Card","Relic","Relic","Card","Relic","Relic","Relic","Relic","Relic","Relic","Card","Relic","Relic","Relic","Relic","Card","Card","Relic","Relic","Relic","Relic","Card","Card","Card","Card","Card","Card","Relic","Card","Card","Relic","Card","Relic"],"build_version":"2020-12-22","purchased_purges":14,"victory":true,"max_hp_per_floor":[103,103,103,103,107,107,109,111,111,111,115,115,119,110,110,110,110,114,118,118,118,122,124,126,126,126,130,132,137,137,139,139,141,141,145,149,151,151,155,157,157,161,161,163,165,165,167,171,171,171,171,171,171,173,173],"card_choices":[{"not_picked":["Heatsinks+1","Leap+1","Defragment+1","Chill+1"],"picked":"Singing Bowl","floor":1},{"not_picked":["Conserve Battery+1","Rebound+1","Cold Snap+1","Storm+1"],"picked":"Singing Bowl","floor":1},{"not_picked":["Gash+1","Hologram+1","Steam+1","Chaos+1"],"picked":"Singing Bowl","floor":5},{"not_picked":["Turbo+1","Ball Lightning+1","FTL+1","Redo+1"],"picked":"Singing Bowl","floor":5},{"not_picked":["Ball Lightning+1","Streamline+1","Compile Driver+1","Go for the Eyes+1"],"picked":"Singing Bowl","floor":7},{"not_picked":["Ball Lightning+1","Rebound+1","Tempest+1","Conserve Battery+1"],"picked":"Singing Bowl","floor":8},{"not_picked":["Beam Cell+1","Go for the Eyes+1","Consume+1"],"picked":"Amplify+1","floor":10},{"not_picked":["Sweeping Beam+1","FTL+1","Steam Power+1","Fusion+1"],"picked":"Singing Bowl","floor":11},{"not_picked":["Self Repair+1","Reprogram+1","Loop+1","Auto Shields+1"],"picked":"Singing Bowl","floor":11},{"not_picked":["Beam Cell+1","Defragment+1","Stack+1","Glacier+1"],"picked":"Singing Bowl","floor":13},{"not_picked":["Redo+1","Darkness+1","Hologram+1","BootSequence+1"],"picked":"Singing Bowl","floor":13},{"not_picked":["Core Surge+1","Echo Form+1","Buffer+1"],"picked":"Electrodynamics+1","floor":16},{"not_picked":["Genetic Algorithm+1","Compile Driver+1","Leap+1","Sweeping Beam+1"],"picked":"Singing Bowl","floor":18},{"not_picked":["Go for the Eyes+1","Sweeping Beam+1","Barrage+1","Redo+1"],"picked":"Singing Bowl","floor":18},{"not_picked":["Conserve Battery+1","Sweeping Beam+1","Leap+1","Glacier+1"],"picked":"Singing Bowl","floor":19},{"not_picked":["Compile Driver+1","Consume+1","Steam Power+1","Streamline+1"],"picked":"Singing Bowl","floor":19},{"not_picked":["Go for the Eyes+1","Glacier+1","Redo+1","Coolheaded+1"],"picked":"Singing Bowl","floor":22},{"not_picked":["Sweeping Beam+1","Compile Driver+1","Scrape+1","Capacitor+1"],"picked":"Singing Bowl","floor":22},{"not_picked":["Gash+1","Machine Learning+1","Rip and Tear+1","Defragment+1"],"picked":"Singing Bowl","floor":23},{"not_picked":["Stack+1","Loop+1","Blizzard+1","Barrage+1"],"picked":"Singing Bowl","floor":24},{"not_picked":["Redo+1","Turbo+1","Storm+1","Steam+1"],"picked":"Singing Bowl","floor":27},{"not_picked":["Auto Shields+1","Steam+1","Melter+1","Capacitor+1"],"picked":"Singing Bowl","floor":27},{"not_picked":["Rip and Tear+1","Buffer+1","Seek+1","Machine Learning+1"],"picked":"Singing Bowl","floor":28},{"not_picked":["Redo+1","Beam Cell+1","Hologram+1","Static Discharge+1"],"picked":"Singing Bowl","floor":31},{"not_picked":["Creative AI+1","Core Surge+1","All For One+1","Reboot+1"],"picked":"Singing Bowl","floor":33},{"not_picked":["Turbo+1","Stack+1","Melter+1","Cold Snap+1"],"picked":"Singing Bowl","floor":35},{"not_picked":["Steam+1","Conserve Battery+1","Chill+1","Leap+1"],"picked":"Singing Bowl","floor":35},{"not_picked":["Aggregate+1","Double Energy+1","Go for the Eyes+1","Fusion+1"],"picked":"Singing Bowl","floor":36},{"not_picked":["Gash+1","Streamline+1","Heatsinks+1","Biased Cognition+1"],"picked":"Singing Bowl","floor":36},{"not_picked":["Finesse+1","Trip+1","Dramatic Entrance+1","Secret Technique+1"],"picked":"Singing Bowl","floor":37},{"not_picked":["Self Repair+1","Beam Cell+1","Gash+1","Streamline+1"],"picked":"Singing Bowl","floor":39},{"not_picked":["Hologram+1","Gash+1","Consume+1","Streamline+1"],"picked":"Singing Bowl","floor":39},{"not_picked":["Coolheaded+1","Barrage+1","Stack+1","Rainbow+1"],"picked":"Singing Bowl","floor":40},{"not_picked":["Sweeping Beam+1","Ball Lightning+1","Capacitor+1","Rip and Tear+1"],"picked":"Singing Bowl","floor":42},{"not_picked":["Barrage+1","White Noise+1","Recycle+1","Melter+1"],"picked":"Singing Bowl","floor":42},{"not_picked":["Barrage+1","Chaos+1","Echo Form+1","Recycle+1"],"picked":"Singing Bowl","floor":44},{"not_picked":["Gash+1","Doom and Gloom+1","Rebound+1","Double Energy+1"],"picked":"Singing Bowl","floor":45},{"not_picked":["Sweeping Beam+1","Auto Shields+1","Compile Driver+1","Turbo+1"],"picked":"Singing Bowl","floor":47},{"not_picked":["Steam+1","Go for the Eyes+1","Turbo+1","Hologram+1"],"picked":"Singing Bowl","floor":48},{"not_picked":["Redo+1","Meteor Strike+1","Barrage+1","Ball Lightning+1"],"picked":"Singing Bowl","floor":48},{"not_picked":["Compile Driver+1","Chill+1","Heatsinks+1","Storm+1"],"picked":"Singing Bowl","floor":54}],"player_experience":155199,"relics_obtained":[{"floor":6,"key":"Regal Pillow"},{"floor":7,"key":"Ancient Tea Set"},{"floor":8,"key":"Ornamental Fan"},{"floor":9,"key":"Eternal Feather"},{"floor":9,"key":"War Paint"},{"floor":10,"key":"Torii"},{"floor":24,"key":"Happy Flower"},{"floor":25,"key":"Bronze Scales"},{"floor":26,"key":"Pen Nib"},{"floor":28,"key":"Mercury Hourglass"},{"floor":31,"key":"Pocketwatch"},{"floor":38,"key":"Bag of Marbles"},{"floor":40,"key":"Sundial"},{"floor":40,"key":"Art of War"},{"floor":43,"key":"Pantograph"},{"floor":44,"key":"Du-Vu Doll"},{"floor":47,"key":"Centennial Puzzle"},{"floor":47,"key":"Thread and Needle"},{"floor":54,"key":"Boot"},{"floor":54,"key":"Gremlin Horn"}],"event_choices":[{"damage_healed":0,"gold_gain":0,"player_choice":"0 cards matched","damage_taken":0,"max_hp_gain":0,"max_hp_loss":0,"event_name":"Match and Keep!","floor":2,"gold_loss":0,"cards_obtained":[]},{"damage_healed":0,"gold_gain":0,"player_choice":"Ignored","damage_taken":109,"max_hp_gain":0,"max_hp_loss":0,"event_name":"betterThird:BetterSerpent","floor":3,"gold_loss":0},{"damage_healed":0,"gold_gain":1,"player_choice":"Relic Relic ","damage_taken":24,"max_hp_gain":0,"max_hp_loss":0,"event_name":"betterThird:BetterScrap","floor":4,"gold_loss":0,"cards_obtained":["Noxious Fumes"]},{"damage_healed":0,"gold_gain":0,"player_choice":"Lose Max HP","damage_taken":0,"relics_obtained":["Golden Idol"],"max_hp_gain":0,"max_hp_loss":9,"event_name":"Golden Idol","floor":14,"gold_loss":0},{"damage_healed":0,"gold_gain":0,"player_choice":"Ignored","damage_taken":0,"max_hp_gain":0,"max_hp_loss":0,"event_name":"Vampires","floor":20,"gold_loss":0},{"damage_healed":39,"gold_gain":0,"player_choice":"Heal","damage_taken":0,"max_hp_gain":0,"max_hp_loss":0,"event_name":"The Library","floor":21,"gold_loss":0},{"damage_healed":0,"gold_gain":0,"player_choice":"Shed Blood","damage_taken":33,"max_hp_gain":5,"max_hp_loss":0,"event_name":"Forgotten Altar","floor":29,"gold_loss":0},{"damage_healed":0,"gold_gain":99,"player_choice":"Steal","damage_taken":0,"max_hp_gain":0,"max_hp_loss":0,"event_name":"betterThird:BetterNest","floor":30,"gold_loss":0},{"damage_healed":0,"gold_gain":0,"player_choice":"Memory 1","damage_taken":0,"max_hp_gain":0,"max_hp_loss":0,"event_name":"SensoryStone","floor":37,"gold_loss":0},{"damage_healed":0,"gold_gain":0,"player_choice":"Fight","damage_taken":0,"max_hp_gain":0,"max_hp_loss":0,"event_name":"MindBloom","floor":44,"gold_loss":0}],"is_beta":false,"boss_relics":[{"not_picked":["Astrolabe","Empty Cage"],"picked":"Ectoplasm"},{"not_picked":["Snecko Eye","Pandora\u0027s Box"],"picked":"Black Star"}],"items_purged_floors":[0,0,0,0,0,0,0,0,0,0,0,0,0,0],"is_endless":false,"potions_floor_spawned":[1,5,7,8,10,11,13,16,18,19,22,23,24,27,28,31,33,35,36,39,40,42,44,45,47,48,54],"ascension_level":3}}