{"host":"lv3zv4svf9qrs9uo","time":1612858503,"event":{"mods":["AchievementEnabler","BaseMod","Minty Spire (QoL Compilation)"],"gold_per_floor":[115,115,132,152,152,179,195,210,233,258,273,293,318,337,337,435,435,451,451,66,66,66,97,112,142,142,142,172,28,28,45,45,144,144,155,21,35,0,0,0,32,32,32,60,71,100,100,120,120,120],"floor_reached":51,"language":"ENG","playtime":7140,"items_purged":["Well Laid Plans+1"],"score":1296,"play_id":"7a08d17d-a78d-40a5-818a-34b39aa578f5","local_time":"20210209001503","is_ascension_mode":true,"campfire_choices":[{"data":"Noxious Fumes","floor":15.0,"key":"SMITH"},{"data":"Well Laid Plans","floor":27.0,"key":"SMITH"},{"data":"Wraith Form v2","floor":30.0,"key":"SMITH"},{"data":"Neutralize","floor":32.0,"key":"SMITH"},{"data":"Panache","floor":40.0,"key":"SMITH"},{"data":"Dash","floor":42.0,"key":"SMITH"},{"data":"1","floor":47,"key":"LIFT"},{"data":"2","floor":49,"key":"LIFT"}],"circlet_count":0,"master_deck":["Defend_G","Defend_G","Defend_G","Survivor","Neutralize+1","Slice","Dash+1","Noxious Fumes+1","Crippling Poison+1","Poisoned Stab","Backflip+1","Backstab","Bouncing Flask+1","Outmaneuver+1","Wraith Form v2+1","Blade Dance+1","Bite","Bite","Bite","Bite","Bite","Phantasmal Killer+1","Deep Breath+1","Blur+1","PiercingWail+1","Cloak And Dagger+1","Finisher+1","Venomology+1","Leg Sweep+1","Panache+1","Cloak And Dagger+1","PiercingWail+1","Accuracy+1","Footwork+1","Deflect+1"],"relics":["Ring of the Snake","Happy Flower","Toxic Egg 2","Strawberry","Ancient Tea Set","Regal Pillow","Cursed Key","ClockworkSouvenir","Centennial Puzzle","InkBottle","Eternal Feather","Membership Card","Runic Pyramid","Red Mask","Orichalcum","Dream Catcher","Girya","Lantern"],"acts_visited":["Exordium","TheCity","TheBeyond"],"potions_floor_usage":[50,50,50,50],"damage_taken":[{"damage":0.0,"enemies":"Jaw Worm","floor":1.0,"turns":5.0},{"damage":0.0,"enemies":"Small Slimes","floor":3.0,"turns":5.0},{"damage":0.0,"enemies":"2 Louse","floor":4.0,"turns":4.0},{"damage":20.0,"enemies":"3 Sentries","floor":6.0,"turns":7.0},{"damage":0.0,"enemies":"Blue Slaver","floor":7.0,"turns":4.0},{"damage":8.0,"enemies":"Exordium Thugs","floor":8.0,"turns":5.0},{"damage":7.0,"enemies":"Lagavulin","floor":10.0,"turns":5.0},{"damage":0.0,"enemies":"3 Louse","floor":11.0,"turns":6.0},{"damage":0.0,"enemies":"Red Slaver","floor":12.0,"turns":3.0},{"damage":2.0,"enemies":"3 Sentries","floor":13.0,"turns":9.0},{"damage":0.0,"enemies":"Exordium Thugs","floor":14.0,"turns":3.0},{"damage":0.0,"enemies":"Hexaghost","floor":16.0,"turns":6.0},{"damage":12.0,"enemies":"Shell Parasite","floor":18.0,"turns":6.0},{"damage":13.0,"enemies":"Gremlin Leader","floor":23.0,"turns":5.0},{"damage":0.0,"enemies":"Spheric Guardian","floor":24.0,"turns":4.0},{"damage":11.0,"enemies":"Slavers","floor":25.0,"turns":5.0},{"damage":2.0,"enemies":"Book of Stabbing","floor":28.0,"turns":4.0},{"damage":0.0,"enemies":"Centurion and Healer","floor":31.0,"turns":3.0},{"damage":18.0,"enemies":"Collector","floor":33.0,"turns":6.0},{"damage":0.0,"enemies":"Orb Walker","floor":35.0,"turns":3.0},{"damage":0.0,"enemies":"3 Darklings","floor":37.0,"turns":3.0},{"damage":5.0,"enemies":"Reptomancer","floor":41.0,"turns":6.0},{"damage":7.0,"enemies":"Nemesis","floor":44.0,"turns":7.0},{"damage":0,"enemies":"Transient","floor":45,"turns":5},{"damage":0,"enemies":"Giant Head","floor":46,"turns":5},{"damage":0,"enemies":"Spire Growth","floor":48,"turns":4},{"damage":0,"enemies":"Donu and Deca","floor":50,"turns":6}],"seed_played":"1816810161917672834","potions_obtained":[{"floor":1.0,"key":"SpeedPotion"},{"floor":4.0,"key":"FearPotion"},{"floor":7.0,"key":"Energy Potion"},{"floor":10.0,"key":"BlessingOfTheForge"},{"floor":12.0,"key":"Poison Potion"},{"floor":16.0,"key":"Poison Potion"},{"floor":18.0,"key":"PowerPotion"},{"floor":24.0,"key":"PowerPotion"},{"floor":31.0,"key":"LiquidMemories"},{"floor":33.0,"key":"LiquidBronze"},{"floor":35.0,"key":"Weak Potion"},{"floor":46,"key":"DistilledChaos"}],"is_trial":false,"path_per_floor":["M","?","M","M","?","E","M","M","T","E","M","M","E","M","R","B",null,"M","?","$","?","?","E","M","E","T","R","E","$","R","M","R","B",null,"M","$","M","?","?","R","E","R","T","E","M","E","R","M","R","B",null],"character_chosen":"THE_SILENT","items_purchased":["Phantasmal Killer+1","ClockworkSouvenir","Deep Breath+1","Membership Card","Panache"],"campfire_rested":0,"item_purchase_floors":[20,20,20,29,36],"current_hp_per_floor":[63,63,63,63,63,43,43,35,42,35,35,35,33,33,33,33,66,54,53,53,53,53,44,52,50,50,50,53,53,53,53,53,45,51,53,53,53,53,53,53,53,53,53,53,53,53,53,53,53,53],"gold":120,"neow_bonus":"RANDOM_COMMON_RELIC","is_daily":false,"chose_seed":false,"campfire_upgraded":6,"win_rate":0.0,"timestamp":1612858503,"path_taken":["M","?","M","M","?","E","M","M","T","E","M","M","E","M","R","BOSS","M","?","$","?","?","E","M","E","T","R","E","?","R","M","R","BOSS","M","$","M","?","?","R","E","R","T","E","?","E","R","M","R","BOSS"],"items_purchased_type":["Card","Relic","Card","Relic","Card"],"build_version":"2020-12-22","purchased_purges":1,"victory":true,"max_hp_per_floor":[70,70,70,70,70,70,70,70,77,77,77,77,77,77,77,77,77,77,53,53,53,53,53,53,53,53,53,53,53,53,53,53,53,53,53,53,53,53,53,53,53,53,53,53,53,53,53,53,53,53],"card_choices":[{"not_picked":["Underhanded Strike","Dodge and Roll"],"picked":"Slice","floor":1.0},{"not_picked":["Deflect","Flying Knee"],"picked":"Dash","floor":3.0},{"not_picked":["Slice","Bane"],"picked":"Noxious Fumes","floor":4.0},{"not_picked":["Quick Slash","Predator"],"picked":"Crippling Poison+1","floor":6.0},{"not_picked":["Quick Slash","Flechettes"],"picked":"Poisoned Stab","floor":7.0},{"not_picked":["Dagger Throw","Distraction+1","Concentrate+1"],"picked":"SKIP","floor":8.0},{"not_picked":["Outmaneuver+1","Envenom"],"picked":"Backflip+1","floor":10.0},{"not_picked":["Flechettes","Riddle With Holes"],"picked":"Backstab","floor":11.0},{"not_picked":["Dagger Spray","Predator","Eviscerate"],"picked":"SKIP","floor":12.0},{"not_picked":["A Thousand Cuts","Poisoned Stab"],"picked":"Bouncing Flask+1","floor":13.0},{"not_picked":["Bane","Poisoned Stab"],"picked":"Outmaneuver+1","floor":14.0},{"not_picked":["Tools of the Trade","Die Die Die"],"picked":"Wraith Form v2","floor":16.0},{"not_picked":["Finisher","Deflect+1"],"picked":"Blade Dance+1","floor":18.0},{"not_picked":["Backstab","Flying Knee"],"picked":"Blur+1","floor":23.0},{"not_picked":["Masterful Stab","Blade Dance+1"],"picked":"PiercingWail+1","floor":24.0},{"not_picked":["Eviscerate","Blade Dance+1"],"picked":"Cloak And Dagger+1","floor":25.0},{"not_picked":["Escape Plan+1","Quick Slash"],"picked":"Finisher+1","floor":28.0},{"not_picked":["Quick Slash","Dagger Spray","Bouncing Flask+1"],"picked":"SKIP","floor":31.0},{"not_picked":["Adrenaline+1","Unload"],"picked":"Venomology+1","floor":33.0},{"not_picked":["Poisoned Stab+1","Finisher"],"picked":"Leg Sweep+1","floor":35.0},{"not_picked":["Flying Knee","Blur+1","Deflect+1"],"picked":"SKIP","floor":37.0},{"not_picked":["Flying Knee+1","Underhanded Strike+1"],"picked":"Cloak And Dagger+1","floor":41.0},{"not_picked":["Leg Sweep+1","Deflect+1"],"picked":"PiercingWail+1","floor":44.0},{"not_picked":["All Out Attack","Blur+1"],"picked":"Accuracy+1","floor":45},{"not_picked":["Infinite Blades","Blur+1"],"picked":"Footwork+1","floor":46},{"not_picked":["Backflip+1","Dagger Throw+1"],"picked":"Deflect+1","floor":48}],"player_experience":541394,"relics_obtained":[{"floor":6.0,"key":"Toxic Egg 2"},{"floor":9.0,"key":"Strawberry"},{"floor":10.0,"key":"Ancient Tea Set"},{"floor":13.0,"key":"Regal Pillow"},{"floor":23.0,"key":"Centennial Puzzle"},{"floor":25.0,"key":"InkBottle"},{"floor":28.0,"key":"Eternal Feather"},{"floor":41.0,"key":"Dream Catcher"},{"floor":44.0,"key":"Girya"},{"floor":46,"key":"Lantern"}],"event_choices":[{"damage_healed":0.0,"max_hp_gain":0.0,"max_hp_loss":0.0,"gold_gain":0.0,"event_name":"Liars Game","player_choice":"Ignored","floor":2.0,"gold_loss":0.0,"damage_taken":0.0},{"cards_removed":["Defend_G"],"damage_healed":0.0,"max_hp_gain":0.0,"max_hp_loss":0.0,"gold_gain":0.0,"event_name":"Living Wall","player_choice":"Forget","floor":5.0,"gold_loss":0.0,"damage_taken":0.0},{"damage_healed":0.0,"max_hp_gain":0.0,"max_hp_loss":24.0,"gold_gain":0.0,"event_name":"Vampires","player_choice":"Became a vampire","floor":19.0,"gold_loss":0.0,"damage_taken":0.0,"cards_obtained":["Bite","Bite","Bite","Bite","Bite"]},{"cards_removed":["Defend_G"],"damage_healed":0.0,"max_hp_gain":0.0,"max_hp_loss":0.0,"gold_gain":0.0,"event_name":"Back to Basics","player_choice":"Elegance","floor":21.0,"gold_loss":0.0,"damage_taken":0.0},{"damage_healed":0.0,"max_hp_gain":0.0,"max_hp_loss":0.0,"gold_gain":0.0,"event_name":"The Library","player_choice":"Read","floor":22.0,"gold_loss":0.0,"damage_taken":0.0,"cards_obtained":["Well Laid Plans"]},{"damage_healed":0.0,"max_hp_gain":0.0,"max_hp_loss":0.0,"gold_gain":0.0,"event_name":"Tomb of Lord Red Mask","player_choice":"Paid","floor":38.0,"gold_loss":35.0,"damage_taken":0.0,"relics_obtained":["Red Mask"]},{"damage_healed":0.0,"max_hp_gain":0.0,"max_hp_loss":0.0,"gold_gain":0.0,"event_name":"WeMeetAgain","player_choice":"Gave Potion","floor":39.0,"gold_loss":0.0,"damage_taken":0.0,"relics_obtained":["Orichalcum"]}],"is_beta":false,"boss_relics":[{"not_picked":["Ring of the Serpent","Ectoplasm"],"picked":"Cursed Key"},{"not_picked":["Pandora\u0027s Box","Busted Crown"],"picked":"Runic Pyramid"}],"items_purged_floors":[36],"is_endless":false,"potions_floor_spawned":[1,4,7,10,12,16,18,24,31,33,35,45,46],"ascension_level":8}}