{"host":"l4jj3li0klahglqo","time":1612847040,"event":{"mods":["BaseMod","Conspire","Hubris","Infinite Spire","Minty Spire (QoL Compilation)","Quick Restart","Replay The Spire","Shop Mod","StSLib","The Animator"],"gold_per_floor":[114,114,127,144,144,173,173,193,217,229,261,272,272,272],"floor_reached":13,"language":"ENG","playtime":694,"items_purged":[],"score":126,"play_id":"063a754c-dca6-4400-990e-eed257da56bf","local_time":"20210208230400","is_ascension_mode":true,"campfire_choices":[{"data":"Infinite Blades","floor":7,"key":"SMITH"}],"circlet_count":0,"master_deck":["Strike_G","Strike_G","Strike_G","Strike_G","Strike_G","Defend_G","Defend_G","Defend_G","Defend_G","Defend_G","Survivor","Neutralize","Replay:Poison Smokescreen","Deflect","Concentrate","Infinite Blades+1","Deadly Poison","ReplayTheSpireMod:Speed Training","Backstab","Flying Knee"],"relics":["Ring of the Snake","hubris:OldNail","Ninja Scroll","Bronze Scales","Replay:Wax Seal"],"acts_visited":["Exordium"],"potions_floor_usage":[6,6,6,11,12,13,13],"damage_taken":[{"damage":0,"enemies":"Small Slimes","floor":1,"turns":3},{"damage":1,"enemies":"Jaw Worm","floor":3,"turns":3},{"damage":2,"enemies":"Cultist","floor":4,"turns":4},{"damage":1,"enemies":"Replay:BlueRogue","floor":6,"turns":5},{"damage":19,"enemies":"Large Slime","floor":8,"turns":5},{"damage":1,"enemies":"Looter","floor":10,"turns":2},{"damage":14,"enemies":"Lagavulin","floor":11,"turns":6},{"damage":0,"enemies":"2 Fungi Beasts","floor":12,"turns":1},{"damage":12,"enemies":"Replay:BlueRogue","floor":13,"turns":3}],"seed_played":"-5922207933100407039","potions_obtained":[{"floor":3,"key":"Venom Potion"},{"floor":5,"key":"CultistPotion"},{"floor":5,"key":"Strength Potion"},{"floor":5,"key":"Flashbang"},{"floor":8,"key":"Fire Potion"},{"floor":11,"key":"SneckoOil"},{"floor":12,"key":"DistilledChaos"}],"is_trial":false,"path_per_floor":["M","?","M","M","?","E","R","M","T","M","E","M","E"],"character_chosen":"THE_SILENT","items_purchased":[],"campfire_rested":0,"item_purchase_floors":[],"current_hp_per_floor":[70,45,44,42,42,41,41,22,22,21,7,7,0,0],"gold":272,"neow_bonus":"TEN_PERCENT_HP_BONUS","is_daily":false,"chose_seed":false,"campfire_upgraded":1,"win_rate":0.0,"timestamp":1612847040,"path_taken":["M","?","M","M","?","E","R","?","T","M","E","M","E"],"items_purchased_type":[],"build_version":"2020-12-22","purchased_purges":0,"victory":false,"max_hp_per_floor":[77,77,77,77,77,77,77,77,77,77,77,77,77,77],"card_choices":[{"not_picked":["Blade Dance","Backflip"],"picked":"Replay:Poison Smokescreen","floor":1},{"not_picked":["Flechettes","Backflip"],"picked":"Deflect","floor":3},{"not_picked":["ReplayTheSpireMod:Speed Training","Prepared"],"picked":"Concentrate","floor":4},{"not_picked":["Calculated Gamble","Slice"],"picked":"Infinite Blades","floor":6},{"not_picked":["Phantasmal Killer","Dagger Spray"],"picked":"Deadly Poison","floor":8},{"not_picked":["Slice","Sucker Punch"],"picked":"ReplayTheSpireMod:Speed Training","floor":10},{"not_picked":["Sneak Up","Leg Sweep"],"picked":"Backstab","floor":11},{"not_picked":["Slice","Bane"],"picked":"Flying Knee","floor":12}],"player_experience":1190824,"relics_obtained":[{"floor":6,"key":"Ninja Scroll"},{"floor":9,"key":"Bronze Scales"},{"floor":11,"key":"Replay:Wax Seal"}],"event_choices":[{"damage_healed":0,"gold_gain":0,"player_choice":"Success","damage_taken":25,"relics_obtained":["hubris:OldNail"],"max_hp_gain":0,"max_hp_loss":0,"event_name":"Scrap Ooze","floor":2,"gold_loss":0},{"damage_healed":0,"gold_gain":0,"player_choice":"Got Potions","damage_taken":0,"max_hp_gain":0,"max_hp_loss":0,"event_name":"Lab","floor":5,"gold_loss":0}],"is_beta":false,"boss_relics":[],"items_purged_floors":[],"is_endless":false,"potions_floor_spawned":[3,8,11,12],"killed_by":"Replay:BlueRogue","ascension_level":6}}