{"host":"b7dyfc527bmrkvbm","time":1612884573,"event":{"mods":["2.2 Compatiblity","Act Like it!","BaseMod","BetterRewards","Conspire","Downfall","Hubris","Infinite Spire","Mimic Mod","Minty Spire (QoL Compilation)","Replay The Spire","Shop Mod","StSLib","The Jungle"],"gold_per_floor":[99,112,127,145,145,163,187,187,187,287,312,322,341,361,361,361,361,361],"floor_reached":16,"language":"ENG","playtime":2062,"items_purged":[],"score":117,"play_id":"edd05337-1d13-4fb5-aa45-c74962b2fa5c","local_time":"20210209102933","is_ascension_mode":true,"campfire_choices":[{"floor":1.0,"key":"RECALL"},{"data":"Guardian:BaubleBeam","floor":8.0,"key":"SMITH"}],"circlet_count":0,"master_deck":["Guardian:Strike_Guardian","Guardian:Strike_Guardian","Guardian:Strike_Guardian","Guardian:Defend_Guardian","Guardian:CurlUp","Guardian:TwinSlam","Guardian:PrimingBeam","Guardian:BaubleBeam+1","Guardian:Repulse","downfall:Icky","Guardian:BronzeOrb","Guardian:PrismaticBarrier","Guardian:Gem_Red","Guardian:Suspension","Guardian:DonusPower","Guardian:StasisField","Dark Shackles","Spreading Infection","Guardian:Gem_Cyan","Guardian:Gem_White","Guardian:Gem_Lightblue","Guardian:Gem_Cyan","Guardian:CrystalBeam"],"relics":["Guardian:ModeShifter","Bag of Marbles","Ancient Tea Set","downfall:GremlinSack","Durian"],"acts_visited":["Exordium"],"potions_floor_usage":[11,13,14,15],"damage_taken":[{"damage":1.0,"enemies":"Cultist","floor":2.0,"turns":3.0},{"damage":6.0,"enemies":"conspire:RoseBush","floor":3.0,"turns":2.0},{"damage":4.0,"enemies":"2 Louse","floor":4.0,"turns":2.0},{"damage":4.0,"enemies":"Lots of Slimes","floor":6.0,"turns":3.0},{"damage":26,"enemies":"Lots of Slimes","floor":10,"turns":4},{"damage":36,"enemies":"Lagavulin","floor":11,"turns":9},{"damage":7,"enemies":"Blue Slaver","floor":12,"turns":4},{"damage":0,"enemies":"Exordium Thugs","floor":13,"turns":5},{"damage":0,"enemies":"3 Louse","floor":14,"turns":5},{"damage":0,"enemies":"conspire:2 RoseBushes","floor":15,"turns":3},{"damage":1,"enemies":"SI_SHIV_ARCHETYPE","floor":16,"turns":2}],"seed_played":"-2576783881855785016","potions_obtained":[{"floor":2.0,"key":"SneckoOil"},{"floor":3.0,"key":"Swift Potion"},{"floor":10,"key":"Toxic Potion"},{"floor":12,"key":"SmokeBomb"}],"is_trial":false,"path_per_floor":["R","M","M","M","?","M","T","R","?","?","E","M","M","M","M","B"],"character_chosen":"GUARDIAN","items_purchased":[],"campfire_rested":0,"item_purchase_floors":[],"current_hp_per_floor":[80,79,73,69,69,65,65,65,65,39,8,1,1,1,1,0,0,0],"gold":361,"neow_bonus":"RANDOM_COMMON_RELIC","is_daily":false,"chose_seed":false,"campfire_upgraded":1,"win_rate":0.0,"timestamp":1612884573,"path_taken":["R","M","M","M","?","?","T","R","?","?","E","M","M","?","M","BOSS"],"items_purchased_type":[],"build_version":"2020-12-22","purchased_purges":0,"victory":false,"max_hp_per_floor":[80,80,80,80,80,80,80,80,80,80,85,85,85,85,85,85,85,85],"card_choices":[{"not_picked":["Guardian:TimeBomb","Guardian:TemporalStrike"],"picked":"Guardian:PrimingBeam","floor":2.0},{"not_picked":["Guardian:Gem_Cyan","Guardian:SentryBeam"],"picked":"Guardian:Gem_Crimson","floor":3.0},{"not_picked":["Guardian:ArmoredProtocol","Guardian:ShieldSpikes","Guardian:Incinerate"],"picked":"SKIP","floor":4.0},{"not_picked":["Guardian:ArmoredProtocol","Guardian:DonusPower"],"picked":"Guardian:PrismaticBarrier","floor":6.0},{"not_picked":["Guardian:TemporalStrike","Guardian:Recover"],"picked":"Guardian:Gem_Cyan","floor":10},{"not_picked":["Guardian:TemporalShield","Guardian:Gem_Red"],"picked":"Guardian:Gem_White","floor":11},{"not_picked":["Guardian:TimeBomb","Guardian:ChargeCore"],"picked":"Guardian:Gem_Lightblue","floor":12},{"not_picked":["Guardian:WalkerClaw","Guardian:ShieldCharger"],"picked":"Guardian:Gem_Cyan","floor":13},{"not_picked":["Guardian:ChargeCore","Guardian:FierceBash"],"picked":"Guardian:CrystalBeam","floor":14}],"player_experience":374508,"relics_obtained":[{"floor":7.0,"key":"Ancient Tea Set"},{"floor":10,"key":"downfall:GremlinSack"},{"floor":11,"key":"Durian"}],"event_choices":[],"is_beta":false,"boss_relics":[],"items_purged_floors":[],"is_endless":false,"potions_floor_spawned":[2,3,10,12],"killed_by":"SI_SHIV_ARCHETYPE","ascension_level":2}}