{"host":"zxd7sxkt31l2m2hb","time":1612894180,"event":{"mods":["AchievementEnabler","BaseMod","BetterRewards","Colored Map","Colored Powertips","Highlight Path","Minty Spire (QoL Compilation)","Quick Restart","StSLib","SuperFastMode","The Jungle","slay the spire mod where everything is the same but ironclad has a cowboy hat"],"gold_per_floor":[117,133,149,52,52,52,81,81,81,81,31,43,43,43,43,139,139,155,55,55,55,69,69,69,69,123,155,167,167],"floor_reached":28,"language":"DEU","playtime":2467,"items_purged":["Wraith Form v2","Armaments"],"score":239,"play_id":"9bcf0329-e3a6-4a3d-be2a-b3c277d70996","local_time":"20210209190940","daily_mods":["SealedDeck","Specialized","Vintage","Colorless Cards","Heirloom","Flight","Night Terrors","Terminal"],"is_ascension_mode":false,"campfire_choices":[{"data":"Flame Barrier","floor":6.0,"key":"SMITH"},{"data":"Demon Form","floor":13.0,"key":"SMITH"},{"data":"Heavy Blade","floor":15.0,"key":"SMITH"},{"data":"Armaments","floor":23.0,"key":"SMITH"},{"data":"Armaments","floor":24.0,"key":"SMITH"},{"data":"Armaments","floor":25.0,"key":"SMITH"}],"circlet_count":0,"master_deck":["Demon Form+1","DevaForm","Armaments+1","Armaments+1","Armaments+1","Cleave","Cleave","Warcry","Warcry","Heavy Blade+1","Anger","Anger","Flame Barrier+1","Flex","Flex","Shrug It Off","Clumsy"],"relics":["Burning Blood","Pocketwatch","Eternal Feather","Matryoshka","Bottled Lightning","Juzu Bracelet","Regal Pillow","Gambling Chip","Red Skull","Cursed Key","Mummified Hand","Question Card","Anchor","MawBank","Smiling Mask"],"acts_visited":["Exordium","TheCity"],"potions_floor_usage":[],"damage_taken":[{"damage":0.0,"enemies":"Cultist","floor":1.0,"turns":3.0},{"damage":0.0,"enemies":"Jaw Worm","floor":2.0,"turns":3.0},{"damage":0.0,"enemies":"Small Slimes","floor":3.0,"turns":4.0},{"damage":0.0,"enemies":"Lagavulin","floor":7.0,"turns":5.0},{"damage":0.0,"enemies":"3 Louse","floor":12.0,"turns":3.0},{"damage":4.0,"enemies":"The Guardian","floor":16.0,"turns":7.0},{"damage":10.0,"enemies":"Chosen","floor":18.0,"turns":6.0},{"damage":10.0,"enemies":"2 Thieves","floor":22.0,"turns":4.0},{"damage":10.0,"enemies":"Snake Plant","floor":27.0,"turns":5.0}],"seed_played":"-1936284537386485532","potions_obtained":[{"floor":1.0,"key":"Explosive Potion"},{"floor":5.0,"key":"LiquidMemories"},{"floor":5.0,"key":"CultistPotion"},{"floor":5.0,"key":"Weak Potion"},{"floor":16.0,"key":"Fruit Juice"},{"floor":27.0,"key":"DistilledChaos"}],"is_trial":true,"path_per_floor":["M","M","M","$","?","R","E","$","T","?","?","M","R","?","R","B",null,"M","$","?","?","M","R","R","R","T","M","?"],"character_chosen":"IRONCLAD","items_purchased":["Shrug It Off"],"campfire_rested":0,"item_purchase_floors":[4],"current_hp_per_floor":[78,77,76,75,74,73,72,71,70,69,68,67,66,65,64,68,67,63,63,52,52,48,57,65,64,63,59,59,59],"gold":167,"neow_bonus":"","is_daily":false,"chose_seed":false,"campfire_upgraded":6,"win_rate":0.0,"timestamp":1612894180,"path_taken":["M","?","?","$","?","R","E","$","T","?","?","M","R","?","R","BOSS","M","$","?","?","M","R","R","R","T","M","?"],"items_purchased_type":["Card"],"build_version":"2020-12-22","purchased_purges":2,"victory":false,"max_hp_per_floor":[78,77,76,75,74,73,72,71,70,69,68,67,66,65,64,68,67,66,65,69,68,67,66,65,64,63,62,62,62],"card_choices":[{"not_picked":["Iron Wave","Rampage","Shockwave"],"picked":"SKIP","floor":7.0}],"player_experience":130307,"relics_obtained":[{"floor":1.0,"key":"Eternal Feather"},{"floor":2.0,"key":"Matryoshka"},{"floor":3.0,"key":"Bottled Lightning"},{"floor":7.0,"key":"Juzu Bracelet"},{"floor":9.0,"key":"Regal Pillow"},{"floor":9.0,"key":"Gambling Chip"},{"floor":12.0,"key":"Red Skull"},{"floor":18.0,"key":"Mummified Hand"},{"floor":22.0,"key":"Question Card"},{"floor":26.0,"key":"Anchor"},{"floor":26.0,"key":"MawBank"},{"floor":27.0,"key":"Smiling Mask"}],"event_choices":[{"damage_healed":0.0,"max_hp_gain":0.0,"max_hp_loss":0.0,"gold_gain":0.0,"event_name":"Lab","player_choice":"Got Potions","floor":5.0,"gold_loss":0.0,"damage_taken":0.0},{"damage_healed":0.0,"max_hp_gain":0.0,"max_hp_loss":0.0,"gold_gain":0.0,"event_name":"Golden Idol","player_choice":"Ignored","floor":10.0,"gold_loss":0.0,"damage_taken":0.0},{"cards_removed":["Echo Form"],"damage_healed":0.0,"max_hp_gain":0.0,"max_hp_loss":0.0,"gold_gain":0.0,"event_name":"The Cleric","player_choice":"Card Removal","floor":11.0,"gold_loss":50.0,"damage_taken":0.0},{"damage_healed":0.0,"max_hp_gain":0.0,"max_hp_loss":0.0,"gold_gain":0.0,"event_name":"Scrap Ooze","player_choice":"Fled","floor":14.0,"gold_loss":0.0,"damage_taken":0.0},{"damage_healed":0.0,"max_hp_gain":5.0,"max_hp_loss":0.0,"gold_gain":0.0,"event_name":"Forgotten Altar","player_choice":"Shed Blood","floor":20.0,"gold_loss":0.0,"damage_taken":16.0},{"cards_removed":["Armaments"],"damage_healed":0.0,"max_hp_gain":0.0,"max_hp_loss":0.0,"gold_gain":0.0,"event_name":"Back to Basics","player_choice":"Elegance","floor":21.0,"gold_loss":0.0,"damage_taken":0.0}],"is_beta":false,"boss_relics":[{"not_picked":["Runic Dome","SlaversCollar"],"picked":"Cursed Key"}],"items_purged_floors":[4,19],"is_endless":false,"potions_floor_spawned":[1,16,27],"ascension_level":0}}