{"host":"5rycm1ajjg5acc5q","time":1612836377,"event":{"mods":["BaseMod","Better Third Choice","Downfall","Highlight Path","Minty Spire (QoL Compilation)","Replay The Spire","StSLib"],"gold_per_floor":[99,116,149,149,149,166,166,166,266,28,44,44,124,224,260,356,356,356,38,38,50,35,35,35,47,47,64,64,79,279,63,79,174,174,174,193,193,207,207,207,207],"floor_reached":39,"language":"ENG","playtime":5437,"items_purged":["Clumsy"],"score":444,"play_id":"3026469a-ec0f-46dd-94c8-810eccd64423","local_time":"20210208200617","is_ascension_mode":false,"campfire_choices":[{"data":"sneckomod:SnekBite","floor":1,"key":"SMITH"},{"data":"sneckomod:CheapStock","floor":8,"key":"SMITH"},{"data":"sneckomod:QuickBite","floor":12,"key":"SMITH"},{"data":"sneckomod:MorePower","floor":18,"key":"SMITH"},{"data":"expansioncontent:QuickStudy","floor":26,"key":"SMITH"},{"data":"sneckomod:SoulDraw","floor":28,"key":"SMITH"},{"floor":30,"key":"REST"},{"data":"sneckomod:UnlimitedRolls","floor":35,"key":"SMITH"}],"circlet_count":0,"master_deck":["sneckomod:Strike+1","sneckomod:Strike+1","sneckomod:Defend+1","sneckomod:Defend+1","sneckomod:SnekBite+1","sneckomod:Unknown","sneckomod:Unknown","sneckomod:SlitherStrike+1","sneckomod:UnknownCommonSkill","sneckomod:CheapStock+1","sneckomod:Unknown3Cost+1","sneckomod:TrashToTreasure","sneckomod:UnendingSupply","The Bomb","sneckomod:QuickBite+1","sneckomod:SoulDraw+1","sneckomod:UnknownBlock","sneckomod:Nope","sneckomod:MorePower+1","sneckomod:UnknownVulnerable+1","sneckomod:UnknownUncommonAttack","sneckomod:SlitherStrike","expansioncontent:QuickStudy+1","sneckomod:DefensiveFlair+1","sneckomod:UnendingSupply","sneckomod:UnknownCommonSkill","sneckomod:DiceBoulder","sneckomod:UnknownVulnerable","sneckomod:UnknownRareSkill+1","sneckomod:UnknownUncommonAttack","downfall:Bewildered","sneckomod:UnknownRarePower+1","sneckomod:UnendingSupply+1","sneckomod:UnknownRarePower+1","sneckomod:QuickMove+1","sneckomod:UnknownX","sneckomod:UnknownUncommonAttack+1","expansioncontent:DashGenerateEvil","sneckomod:UnknownStrike","sneckomod:UnknownStrike","sneckomod:UnknownUncommonPower","sneckomod:UnknownWeak","sneckomod:QuickBite+1","sneckomod:UnlimitedRolls+1","sneckomod:UnknownX+1","sneckomod:UnknownRareAttack+1","sneckomod:QuickBite+1","Shame","sneckomod:UnknownBoss+1","sneckomod:QuickMove"],"relics":["sneckomod:SneckoSoul","Blue Candle","Whetstone","downfall:GremlinWheel","SlaversCollar","ReplayTheSpireMod:CursedCoin","sneckomod:BabySnecko","Quantum Egg","Sling","ChewingGum"],"acts_visited":["Exordium","TheCity","TheBeyond"],"potions_floor_usage":[9,9,14,16,22,33,33,39,39],"damage_taken":[{"damage":6,"enemies":"2 Louse","floor":2,"turns":2},{"damage":0,"enemies":"Small Slimes","floor":6,"turns":2},{"damage":44,"enemies":"downfall:Heads","floor":9,"turns":5},{"damage":0,"enemies":"downfall:FleeingMerchant","floor":10,"turns":4},{"damage":0,"enemies":"Cultist","floor":11,"turns":2},{"damage":0,"enemies":"2 Fungi Beasts","floor":13,"turns":3},{"damage":17,"enemies":"2 Fungi Beasts","floor":14,"turns":4},{"damage":7,"enemies":"Blue Slaver","floor":15,"turns":4},{"damage":19,"enemies":"IC_STATUS_ARCHETYPE","floor":16,"turns":5},{"damage":7,"enemies":"downfall:FleeingMerchant","floor":19,"turns":4},{"damage":13,"enemies":"Shell Parasite","floor":21,"turns":4},{"damage":0,"enemies":"downfall:FleeingMerchant","floor":22,"turns":4},{"damage":16,"enemies":"Chosen","floor":25,"turns":5},{"damage":28,"enemies":"Snake Plant","floor":27,"turns":5},{"damage":8,"enemies":"Snecko","floor":29,"turns":5},{"damage":12,"enemies":"downfall:FleeingMerchant","floor":31,"turns":4},{"damage":31,"enemies":"Centurion and Healer","floor":32,"turns":5},{"damage":25,"enemies":"DF_ARCHETYPE_CLAW","floor":33,"turns":6},{"damage":0,"enemies":"3 Shapes","floor":36,"turns":3},{"damage":69,"enemies":"3 Darklings","floor":38,"turns":3},{"damage":34,"enemies":"Jaw Worm Horde","floor":39,"turns":4}],"seed_played":"-4318456909025637115","potions_obtained":[{"floor":3,"key":"Death Potion"},{"floor":3,"key":"FairyPotion"},{"floor":3,"key":"PowerPotion"},{"floor":11,"key":"Explosive Potion"},{"floor":14,"key":"BlessingOfTheForge"},{"floor":15,"key":"PowerPotion"},{"floor":27,"key":"Elixir"},{"floor":29,"key":"Flashbang"},{"floor":32,"key":"Slimebound:ThreeZeroPotion"},{"floor":36,"key":"Energy Potion"},{"floor":38,"key":"Fire Potion"}],"is_trial":false,"path_per_floor":["R","M","?","?","?","M","T","R","?","$","M","R","M","?","M","B",null,"R","$","?","M","$","?","T","M","R","M","R","M","R","$","M","B",null,"R","M","?","M","M"],"character_chosen":"THE_SNECKO","items_purchased":["The Bomb","sneckomod:QuickBite","sneckomod:SlitherStrike","expansioncontent:QuickStudy","sneckomod:DefensiveFlair+1","ReplayTheSpireMod:CursedCoin","sneckomod:UnendingSupply","expansioncontent:DashGenerateEvil","sneckomod:UnknownStrike","sneckomod:UnknownUncommonPower","Sling","sneckomod:UnknownWeak","sneckomod:QuickBite"],"campfire_rested":1,"item_purchase_floors":[10,10,19,19,19,19,19,31,31,31,31,31,31],"current_hp_per_floor":[99,93,93,88,88,88,88,88,44,51,51,51,51,34,27,8,99,99,92,92,79,79,79,79,63,63,35,35,27,56,44,13,21,99,99,99,99,30,0,0,0],"gold":207,"neow_bonus":"TEN_PERCENT_HP_BONUS","is_daily":false,"chose_seed":false,"campfire_upgraded":7,"win_rate":0.0,"timestamp":1612836377,"path_taken":["R","M","?","?","?","M","T","R","?","$","M","R","M","?","M","BOSS","R","?","?","M","$","?","T","M","R","M","R","?","R","$","M","BOSS","R","M","?","M","M"],"items_purchased_type":["Card","Card","Card","Card","Card","Relic","Card","Card","Card","Card","Relic","Card","Card"],"build_version":"2020-12-22","purchased_purges":1,"victory":false,"max_hp_per_floor":[99,99,99,99,99,99,99,99,99,99,99,99,99,99,99,99,99,99,99,99,99,99,99,99,99,99,99,99,99,99,99,99,99,99,99,99,99,99,99,99,99],"card_choices":[{"not_picked":["sneckomod:QuickMove","sneckomod:SoulDraw"],"picked":"sneckomod:SlitherStrike","floor":2},{"not_picked":["sneckomod:MasterEye","sneckomod:SoulRoll"],"picked":"sneckomod:UnknownCommonSkill","floor":3},{"not_picked":["sneckomod:UnknownStrike","sneckomod:Unknown2Cost"],"picked":"sneckomod:CheapStock","floor":6},{"not_picked":["sneckomod:RainOfDice","sneckomod:TrashToTreasure"],"picked":"sneckomod:Unknown3Cost","floor":9},{"not_picked":["sneckomod:CheapStock","sneckomod:SoulCleanse"],"picked":"sneckomod:UnendingSupply","floor":10},{"not_picked":["sneckomod:DiceBoulder","sneckomod:DiceBlock"],"picked":"sneckomod:SoulDraw","floor":11},{"not_picked":["sneckomod:DiceCrush","sneckomod:IronFang"],"picked":"sneckomod:UnknownBlock","floor":13},{"not_picked":["sneckomod:Unknown0Cost","sneckomod:UnknownWeak"],"picked":"sneckomod:Nope","floor":15},{"not_picked":["sneckomod:UnlimitedRolls","sneckomod:DangerNoodle"],"picked":"sneckomod:MorePower","floor":16},{"not_picked":["sneckomod:UnknownUncommonAttack+1","sneckomod:UnknownClassRED+1"],"picked":"sneckomod:UnknownVulnerable+1","floor":19},{"not_picked":["sneckomod:IronFang","sneckomod:UnknownCommonSkill"],"picked":"sneckomod:UnknownUncommonAttack","floor":19},{"not_picked":["sneckomod:DiceBoulder","sneckomod:UnknownClassGREEN"],"picked":"sneckomod:UnknownVulnerable","floor":21},{"not_picked":["sneckomod:UnknownRareAttack+1","sneckomod:UnknownCommonAttack+1"],"picked":"sneckomod:UnknownRareSkill+1","floor":22},{"not_picked":["sneckomod:Mudshield","sneckomod:SoulRoll"],"picked":"sneckomod:UnknownUncommonAttack","floor":22},{"not_picked":["sneckomod:UnknownRareSkill+1","sneckomod:UnknownUncommonSkill+1"],"picked":"sneckomod:UnknownRarePower+1","floor":25},{"not_picked":["sneckomod:UnknownWeak","sneckomod:RainOfDice+1"],"picked":"sneckomod:UnendingSupply+1","floor":25},{"not_picked":["sneckomod:UnknownWeak+1","sneckomod:Unknown1Cost+1"],"picked":"sneckomod:UnknownRarePower+1","floor":27},{"not_picked":["sneckomod:Unknown1Cost","sneckomod:SnakeSap"],"picked":"sneckomod:QuickMove+1","floor":27},{"not_picked":["sneckomod:UnknownClassGREEN","sneckomod:WideSting"],"picked":"sneckomod:UnknownX","floor":29},{"not_picked":["sneckomod:UnknownStrike","sneckomod:SoulRoll"],"picked":"sneckomod:UnknownUncommonAttack+1","floor":31},{"not_picked":["sneckomod:UnknownVulnerable","sneckomod:UnknownUncommonSkill"],"picked":"sneckomod:UnlimitedRolls","floor":32},{"not_picked":["sneckomod:Unknown2Cost+1","sneckomod:UnknownClassGREEN+1"],"picked":"sneckomod:UnknownX+1","floor":33},{"not_picked":["sneckomod:Restock","sneckomod:Mudshield"],"picked":"sneckomod:UnknownRareAttack","floor":33},{"not_picked":["sneckomod:Unknown1Cost+1","sneckomod:UnknownClassGREEN+1"],"picked":"sneckomod:QuickBite+1","floor":36},{"not_picked":["sneckomod:UnknownUncommonAttack+1","sneckomod:UnknownClassPURPLE+1"],"picked":"sneckomod:UnknownBoss+1","floor":38},{"not_picked":["sneckomod:UnknownClassGREEN+1","sneckomod:CheapStock+1"],"picked":"sneckomod:QuickMove","floor":38}],"player_experience":315783,"relics_obtained":[{"floor":7,"key":"Whetstone"},{"floor":14,"key":"downfall:GremlinWheel"},{"floor":24,"key":"Quantum Egg"}],"event_choices":[{"damage_healed":0,"gold_gain":0,"cards_transformed":["sneckomod:Defend","sneckomod:TailWhip"],"player_choice":"Became Test Subject","damage_taken":0,"max_hp_gain":0,"max_hp_loss":0,"event_name":"Drug Dealer","floor":20,"gold_loss":0,"cards_obtained":["sneckomod:UnknownCommonSkill","sneckomod:DiceBoulder"]},{"damage_healed":0,"gold_gain":200,"player_choice":"Gold","damage_taken":0,"max_hp_gain":0,"max_hp_loss":0,"event_name":"Wheel of Change","floor":30,"gold_loss":0}],"is_beta":false,"boss_relics":[{"not_picked":["Fusion Hammer","SacredBark"],"picked":"SlaversCollar"},{"not_picked":["Tiny House","Ring of Chaos"],"picked":"ChewingGum"}],"items_purged_floors":[19],"is_endless":false,"potions_floor_spawned":[11,14,15,27,29,32,36,38],"killed_by":"Jaw Worm Horde","ascension_level":0}}