{"host":"swavyr4ofmkhu42f","time":1612849679,"event":{"mods":["BaseMod","Colored Map","Minty Spire (QoL Compilation)","StSLib"],"gold_per_floor":[109,35,35,35,53,53,84,96,96,121,131,144,144,154,154,259,259,269,39,52,64,74,74,74],"floor_reached":23,"language":"ENG","playtime":925,"items_purged":["Strike_G"],"score":256,"play_id":"f07c0f97-199c-4b79-b7ec-a3e4dd42eff7","local_time":"20210209004759","is_ascension_mode":true,"campfire_choices":[{"data":"Blade Dance","floor":6.0,"key":"SMITH"},{"data":"Finisher","floor":13.0,"key":"SMITH"},{"data":"Blade Dance","floor":15,"key":"SMITH"}],"circlet_count":0,"master_deck":["Strike_G","Strike_G","Strike_G","Defend_G","Defend_G","Defend_G","Defend_G","Defend_G","Survivor","Neutralize","Finisher+1","Blur","Blade Dance+1","Blade Dance+1","CurseOfTheBell","Concentrate+1","Accuracy"],"relics":["Ring of the Snake","Eternal Feather","Shuriken","Blue Candle","Calling Bell","Pen Nib","Toxic Egg 2","Du-Vu Doll","Nunchaku"],"acts_visited":["Exordium","TheCity"],"potions_floor_usage":[14,16],"damage_taken":[{"damage":6.0,"enemies":"Cultist","floor":1.0,"turns":4.0},{"damage":12.0,"enemies":"Jaw Worm","floor":5.0,"turns":4.0},{"damage":15.0,"enemies":"Lagavulin","floor":7.0,"turns":6.0},{"damage":0.0,"enemies":"2 Louse","floor":8.0,"turns":2.0},{"damage":4.0,"enemies":"Gremlin Nob","floor":10.0,"turns":3.0},{"damage":0.0,"enemies":"Large Slime","floor":11.0,"turns":2.0},{"damage":3.0,"enemies":"3 Louse","floor":12.0,"turns":5.0},{"damage":16,"enemies":"Gremlin Gang","floor":14,"turns":6},{"damage":19,"enemies":"The Guardian","floor":16,"turns":8},{"damage":0,"enemies":"2 Thieves","floor":18,"turns":1},{"damage":0,"enemies":"Shell Parasite","floor":20,"turns":1},{"damage":0,"enemies":"Chosen and Byrds","floor":21,"turns":3},{"damage":0,"enemies":"3 Cultists","floor":22,"turns":4},{"damage":65,"enemies":"Gremlin Leader","floor":23,"turns":7}],"seed_played":"4213695640985934684","potions_obtained":[{"floor":1.0,"key":"SkillPotion"},{"floor":8.0,"key":"GamblersBrew"},{"floor":12.0,"key":"Strength Potion"},{"floor":14,"key":"Block Potion"},{"floor":22,"key":"SteroidPotion"}],"is_trial":false,"path_per_floor":["M","$","?","?","M","R","E","M","T","E","M","M","R","M","R","B",null,"M","$","M","M","M","E"],"character_chosen":"THE_SILENT","items_purchased":["Finisher","Nunchaku"],"campfire_rested":0,"item_purchase_floors":[2,19],"current_hp_per_floor":[64,64,64,64,52,52,37,37,37,33,33,30,36,20,29,10,55,55,55,55,55,55,0,0],"gold":74,"neow_bonus":"THREE_CARDS","is_daily":false,"chose_seed":false,"campfire_upgraded":3,"win_rate":0.0,"timestamp":1612849679,"path_taken":["M","$","?","?","M","R","E","M","T","E","M","?","R","M","R","BOSS","M","$","M","M","M","E"],"items_purchased_type":["Card","Relic"],"build_version":"2020-12-22","purchased_purges":1,"victory":false,"max_hp_per_floor":[70,70,70,70,70,70,70,70,70,70,70,70,70,70,70,70,70,70,70,70,70,70,70,70],"card_choices":[{"not_picked":["Setup","Deflect","Dagger Spray"],"picked":"SKIP","floor":1.0},{"not_picked":["Poisoned Stab","Sucker Punch"],"picked":"Blade Dance","floor":5.0},{"not_picked":["Die Die Die","Predator","Calculated Gamble"],"picked":"SKIP","floor":7.0},{"not_picked":["Choke","Deadly Poison","Deflect"],"picked":"SKIP","floor":8.0},{"not_picked":["Dagger Spray","Quick Slash","Dodge and Roll"],"picked":"SKIP","floor":10.0},{"not_picked":["Deflect","Outmaneuver","Setup"],"picked":"SKIP","floor":11.0},{"not_picked":["Dagger Spray","Underhanded Strike","Dodge and Roll"],"picked":"SKIP","floor":12.0},{"not_picked":["Blur","Accuracy"],"picked":"Blade Dance","floor":14},{"not_picked":["Caltrops","Dagger Spray"],"picked":"Concentrate+1","floor":18},{"not_picked":["Flying Knee","Deadly Poison+1","Distraction+1"],"picked":"SKIP","floor":20},{"not_picked":["Backflip+1","Skewer+1"],"picked":"Accuracy","floor":21},{"not_picked":["Poisoned Stab","Outmaneuver+1","Noxious Fumes"],"picked":"SKIP","floor":22}],"player_experience":196223,"relics_obtained":[{"floor":7.0,"key":"Eternal Feather"},{"floor":9.0,"key":"Shuriken"},{"floor":10.0,"key":"Blue Candle"},{"floor":17,"key":"Pen Nib"},{"floor":17,"key":"Toxic Egg 2"},{"floor":17,"key":"Du-Vu Doll"}],"event_choices":[{"damage_healed":0.0,"max_hp_gain":0.0,"max_hp_loss":0.0,"gold_gain":0.0,"event_name":"The Cleric","player_choice":"Leave","floor":3.0,"gold_loss":0.0,"damage_taken":0.0},{"damage_healed":0.0,"max_hp_gain":0.0,"max_hp_loss":0.0,"gold_gain":0.0,"cards_transformed":["Strike_G"],"event_name":"Transmorgrifier","player_choice":"Transformed","floor":4.0,"gold_loss":0.0,"damage_taken":0.0,"cards_obtained":["Blur"]}],"is_beta":false,"boss_relics":[{"not_picked":["Velvet Choker","SlaversCollar"],"picked":"Calling Bell"}],"items_purged_floors":[19],"is_endless":false,"potions_floor_spawned":[1,8,12,14,22],"killed_by":"Gremlin Leader","ascension_level":5}}