{"host":"y7b1p9nkx4idorr2","time":1612878745,"event":{"mods":["AchievementEnabler","Act Like it!","BaseMod","Colored Map","Downfall","GifTheSpireLib","Googly Eyes","Highlight Path","Mimic Mod","Minty Spire (QoL Compilation)","Shop Mod","Spicy Shops","StSLib","Unceasing Turn Reminder"],"gold_per_floor":[99,99,99,199,43,71,123,135,160,175,75,105,125,160,173,173,173,173],"floor_reached":16,"language":"ENG","playtime":843,"items_purged":[],"score":141,"play_id":"c553578b-403c-42d6-bbdf-735bbe2ce951","local_time":"20210209075225","is_ascension_mode":true,"campfire_choices":[{"floor":1,"key":"RECALL"},{"floor":11,"key":"REST"}],"circlet_count":0,"master_deck":["sneckomod:Strike","sneckomod:Strike","sneckomod:Strike","sneckomod:Defend","sneckomod:Defend","sneckomod:Defend","sneckomod:TailWhip","sneckomod:SnekBite","sneckomod:Unknown","sneckomod:Unknown","sneckomod:UnknownX","sneckomod:QuickBite","sneckomod:WideSting","sneckomod:SlitherStrike","sneckomod:UnknownBlock","sneckomod:UnknownStrike","sneckomod:UnknownCommonSkill","sneckomod:UnknownColorless","sneckomod:DiceBoulder","sneckomod:UnknownDexterity","sneckomod:QuickBite"],"relics":["sneckomod:SneckoSoul","downfall:HeartsMalice","Happy Flower","Omamori","Anchor","Blue Candle","downfall:HeartBlessingGreen","hexamod:CandleOfCauterizing","FossilizedHelix"],"acts_visited":["Exordium"],"potions_floor_usage":[10,12,16,16,16],"damage_taken":[{"damage":0,"enemies":"Small Slimes","floor":2,"turns":1},{"damage":0,"enemies":"Jaw Worm","floor":3,"turns":1},{"damage":0,"enemies":"downfall:FleeingMerchant","floor":5,"turns":1},{"damage":25,"enemies":"3 Sentries","floor":6,"turns":7},{"damage":0,"enemies":"2 Louse","floor":8,"turns":2},{"damage":15,"enemies":"Lagavulin","floor":9,"turns":4},{"damage":25,"enemies":"Gremlin Gang","floor":10,"turns":5},{"damage":21,"enemies":"Gremlin Nob","floor":12,"turns":4},{"damage":11,"enemies":"Exordium Wildlife","floor":13,"turns":4},{"damage":14,"enemies":"3 Sentries","floor":14,"turns":5},{"damage":0,"enemies":"Blue Slaver","floor":15,"turns":3},{"damage":9,"enemies":"IC_STATUS_ARCHETYPE","floor":16,"turns":4}],"seed_played":"6633473887193122637","potions_obtained":[{"floor":6,"key":"champ:CounterPotion"},{"floor":8,"key":"sneckomod:OffclassReductionPotion"},{"floor":10,"key":"FearPotion"},{"floor":12,"key":"champ:CounterPotion"},{"floor":13,"key":"EssenceOfSteel"}],"is_trial":false,"path_per_floor":["R","M","M","?","$","E","T","M","E","M","R","E","M","E","M","B"],"character_chosen":"THE_SNECKO","items_purchased":["Happy Flower"],"campfire_rested":1,"item_purchase_floors":[5],"current_hp_per_floor":[90,90,90,90,90,65,65,65,50,25,52,31,20,6,6,0,0,0],"gold":173,"neow_bonus":"THREE_ENEMY_KILL","is_daily":false,"chose_seed":false,"campfire_upgraded":0,"win_rate":0.0,"timestamp":1612878745,"path_taken":["R","M","M","?","$","E","T","M","E","M","R","E","M","E","M","BOSS"],"items_purchased_type":["Relic"],"build_version":"2020-12-22","purchased_purges":0,"victory":false,"max_hp_per_floor":[90,90,90,90,90,90,90,90,90,90,90,90,90,90,90,90,90,90],"card_choices":[{"not_picked":["sneckomod:Nope","sneckomod:CheapStock"],"picked":"sneckomod:UnknownX","floor":2},{"not_picked":["sneckomod:SoulRoll","sneckomod:UnknownCommonSkill"],"picked":"sneckomod:QuickBite","floor":3},{"not_picked":["sneckomod:QuickBite","sneckomod:ImprovisedGuard"],"picked":"sneckomod:WideSting","floor":5},{"not_picked":["sneckomod:DiceBlock","sneckomod:UnknownCommonAttack"],"picked":"sneckomod:SlitherStrike","floor":6},{"not_picked":["sneckomod:WideSting","sneckomod:UnknownUncommonSkill"],"picked":"sneckomod:UnknownBlock","floor":8},{"not_picked":["sneckomod:Restock","sneckomod:UnknownCommonSkill"],"picked":"sneckomod:UnknownStrike","floor":9},{"not_picked":["sneckomod:UnknownDraw","sneckomod:UnknownBlock"],"picked":"sneckomod:UnknownCommonSkill","floor":10},{"not_picked":["sneckomod:UnknownStrike","sneckomod:DiceBlock"],"picked":"sneckomod:UnknownColorless","floor":12},{"not_picked":["sneckomod:DiceBlock","sneckomod:SnekBeam"],"picked":"sneckomod:DiceBoulder","floor":13},{"not_picked":["sneckomod:UnknownVulnerable","sneckomod:UnknownCommonSkill"],"picked":"sneckomod:UnknownDexterity","floor":14},{"not_picked":["sneckomod:Rotation","sneckomod:CheapStock"],"picked":"sneckomod:QuickBite","floor":15}],"player_experience":2324197,"relics_obtained":[{"floor":6,"key":"Omamori"},{"floor":7,"key":"Anchor"},{"floor":9,"key":"Blue Candle"},{"floor":12,"key":"hexamod:CandleOfCauterizing"},{"floor":14,"key":"FossilizedHelix"}],"event_choices":[],"is_beta":false,"boss_relics":[],"items_purged_floors":[],"is_endless":false,"potions_floor_spawned":[6,8,10,12,13],"killed_by":"IC_STATUS_ARCHETYPE","ascension_level":2}}