{"host":"6p0attdrtjqaih7v","time":1612886982,"event":{"mods":["2.2 Compatiblity","AchievementEnabler","Aspiration","Bard","BaseMod","Better Skull","Better Third Choice","Colored Powertips","Hermit","Highlight Path","Key Reminder","Minty Spire (QoL Compilation)","Permanent Neow","Quick Restart","Random Character Button","Relic Stats","Reliquary","Replay The Spire","Robot Space Explorer","StSLib","The Hayseed","The Witch"],"gold_per_floor":[116,116,132,132,132,162,162],"floor_reached":6,"language":"ENG","playtime":104,"items_purged":[],"score":138,"play_id":"e3a80a80-571a-44ae-919d-9ec3ff604dec","local_time":"20210209110942","is_ascension_mode":true,"campfire_choices":[],"circlet_count":0,"master_deck":["AscendersBane","Strike_G","Strike_G","Strike_G","Strike_G","Strike_G","Defend_G","Defend_G","Defend_G","Defend_G","Defend_G","Survivor","Neutralize","Deadly Poison","Slice"],"relics":["NeowsBlessing","Sizzling Blood","CaptainsWheel"],"acts_visited":["Exordium"],"potions_floor_usage":[],"damage_taken":[{"damage":0,"enemies":"Jaw Worm","floor":1,"turns":1},{"damage":0,"enemies":"2 Louse","floor":3,"turns":1},{"damage":0,"enemies":"Gremlin Nob","floor":6,"turns":1}],"seed_played":"-4675030127390922276","potions_obtained":[{"floor":1,"key":"CunningPotion"},{"floor":3,"key":"Elixir"}],"is_trial":false,"path_per_floor":["M","?","M","?","?","E"],"character_chosen":"THE_SILENT","items_purchased":[],"campfire_rested":0,"item_purchase_floors":[],"current_hp_per_floor":[59,59,59,63,63,67,67],"gold":162,"neow_bonus":"THREE_ENEMY_KILL","is_daily":false,"chose_seed":false,"campfire_upgraded":0,"win_rate":0.0,"timestamp":1612886982,"path_taken":["M","?","M","?","?","E"],"items_purchased_type":[],"build_version":"2020-12-22","purchased_purges":0,"victory":false,"max_hp_per_floor":[66,66,66,70,70,70,70],"relic_stats":{"counters":[3,3],"obtain_stats":[{"CaptainsWheel":6,"NeowsBlessing":0,"Sizzling Blood":4,"Ring of the Snake":0},{"CaptainsWheel":3,"NeowsBlessing":0,"Sizzling Blood":2,"Ring of the Snake":0},{"CaptainsWheel":3,"NeowsBlessing":0,"Sizzling Blood":2,"Ring of the Snake":0}]},"card_choices":[{"not_picked":["Bane","Setup"],"picked":"Deadly Poison","floor":1},{"not_picked":["Concentrate","PiercingWail"],"picked":"Slice","floor":3}],"player_experience":1092116,"relics_obtained":[{"floor":6,"key":"CaptainsWheel"}],"event_choices":[{"damage_healed":0,"gold_gain":0,"player_choice":"Got Potions","damage_taken":0,"max_hp_gain":0,"max_hp_loss":0,"event_name":"Lab","floor":5,"gold_loss":0}],"is_beta":false,"boss_relics":[],"items_purged_floors":[],"is_endless":false,"potions_floor_spawned":[1,3,6],"killed_by":"Gremlin Nob","ascension_level":20}}