{"host":"mcmflfjoldkjkv7m","time":1612861155,"event":{"mods":["AchievementEnabler","BaseMod","DeckTracker","Minty Spire (QoL Compilation)","SuperFastMode"],"gold_per_floor":[113,188,188,188,188,219,219,244,271,271,303,313,313,326,326,326,326],"floor_reached":16,"language":"KOR","playtime":252,"items_purged":[],"score":266,"play_id":"68830efe-9ed5-48f4-8f24-d3ec860f2e0a","local_time":"20210209175915","is_ascension_mode":true,"campfire_choices":[{"data":"1","floor":7,"key":"LIFT"},{"data":"2","floor":10,"key":"LIFT"},{"floor":13,"key":"REST"},{"data":"3","floor":15,"key":"LIFT"}],"circlet_count":0,"master_deck":["AscendersBane","Strike_G","Strike_G","Strike_G","Strike_G","Strike_G","Defend_G+1","Defend_G","Defend_G","Defend_G","Defend_G","Survivor","Neutralize+1","Acrobatics","Crippling Poison","Prepared","Crippling Poison"],"relics":["Ring of the Snake","NeowsBlessing","NlothsMask","Girya","Centennial Puzzle","Kunai"],"acts_visited":["Exordium"],"potions_floor_usage":[16],"damage_taken":[{"damage":0,"enemies":"Small Slimes","floor":1,"turns":1},{"damage":0,"enemies":"Lagavulin","floor":6,"turns":1},{"damage":0,"enemies":"3 Sentries","floor":8,"turns":1},{"damage":35,"enemies":"Lagavulin","floor":11,"turns":8},{"damage":0,"enemies":"Jaw Worm","floor":12,"turns":5},{"damage":4,"enemies":"Cultist","floor":14,"turns":3},{"damage":27,"enemies":"Slime Boss","floor":16,"turns":7}],"seed_played":"-2691940493893355176","potions_obtained":[{"floor":11,"key":"Strength Potion"},{"floor":12,"key":"BlessingOfTheForge"}],"is_trial":false,"path_per_floor":["M","?","?","?","?","E","R","E","T","R","E","M","R","M","R","B"],"character_chosen":"THE_SILENT","items_purchased":[],"campfire_rested":1,"item_purchase_floors":[],"current_hp_per_floor":[63,52,38,38,38,38,38,38,38,38,3,3,24,20,20,0,0],"gold":326,"neow_bonus":"THREE_ENEMY_KILL","is_daily":false,"chose_seed":false,"campfire_upgraded":0,"win_rate":0.0,"timestamp":1612861155,"path_taken":["M","?","?","?","?","E","R","E","T","R","E","M","R","M","R","BOSS"],"items_purchased_type":[],"build_version":"2020-12-22","purchased_purges":0,"victory":false,"max_hp_per_floor":[70,70,70,70,70,70,70,70,70,70,70,70,70,70,70,70,70],"card_choices":[{"not_picked":["Quick Slash","Underhanded Strike","Setup"],"picked":"SKIP","floor":1},{"not_picked":["Sucker Punch","Deflect"],"picked":"Acrobatics","floor":6},{"not_picked":["Storm of Steel","Outmaneuver","Acrobatics"],"picked":"SKIP","floor":8},{"not_picked":["Deadly Poison","Poisoned Stab"],"picked":"Crippling Poison","floor":11},{"not_picked":["Outmaneuver","Concentrate"],"picked":"Prepared","floor":12},{"not_picked":["Sucker Punch","Terror"],"picked":"Crippling Poison","floor":14}],"player_experience":367790,"relics_obtained":[{"floor":6,"key":"Girya"},{"floor":8,"key":"Centennial Puzzle"},{"floor":11,"key":"Kunai"}],"event_choices":[{"damage_healed":0,"gold_gain":75,"player_choice":"Gather Gold","damage_taken":11,"max_hp_gain":0,"max_hp_loss":0,"event_name":"World of Goop","floor":2,"gold_loss":0},{"damage_healed":0,"gold_gain":0,"player_choice":"Entered Light","damage_taken":14,"max_hp_gain":0,"max_hp_loss":0,"event_name":"Shining Light","floor":3,"gold_loss":0,"cards_upgraded":["Neutralize","Defend_G"]},{"damage_healed":0,"gold_gain":0,"player_choice":"Ignored","damage_taken":0,"max_hp_gain":0,"max_hp_loss":0,"event_name":"Liars Game","floor":4,"gold_loss":0},{"damage_healed":0,"gold_gain":0,"player_choice":"Trade","damage_taken":0,"relics_obtained":["NlothsMask"],"max_hp_gain":0,"max_hp_loss":0,"event_name":"FaceTrader","floor":5,"gold_loss":0}],"is_beta":false,"boss_relics":[],"items_purged_floors":[],"is_endless":false,"potions_floor_spawned":[11,12],"killed_by":"Slime Boss","ascension_level":12}}