{"host":"qy1e0kd24tpj3i2m","time":1612890071,"event":{"mods":["Act Like it!","Alarm Clock","BaseMod","Better Skull","Better Vampires","Colored Map","Colored Powertips","Custom Start","Faster Ascension Climbing","Friendly Minions","GifTheSpireLib","Gremlin Skip","Highlight Path","Minty Spire (QoL Compilation)","Permanent Neow","Poor People Problems","Quick Restart","Red Circlet Mod","Relic Filter Mod","Relic Sorter","Reorder Act Four","SacredBarkPlus","Shop Mod","StSLib","SuperFastMode","Transform Curses","没有小屋子和绿帽子啦"],"gold_per_floor":[114,39,39,39,50,50,77,77,103,115,147,47,75,90,90,164,164,164,164],"floor_reached":18,"language":"ZHS","playtime":550,"items_purged":["Bash","Strike_R"],"score":406,"play_id":"6ae3320a-efff-4d24-96c9-cdf130792db9","local_time":"20210210020111","is_ascension_mode":true,"campfire_choices":[{"data":"True Grit","floor":6.0,"key":"SMITH"},{"data":"Entrench","floor":8.0,"key":"SMITH"},{"data":"Whirlwind","floor":15.0,"key":"SMITH"}],"circlet_count":0,"master_deck":["AscendersBane","Strike_R","Strike_R","Strike_R","Strike_R","Defend_R","Defend_R","Defend_R","Defend_R","Reckless Charge","True Grit+1","Entrench+1","Pommel Strike","Pommel Strike","Fire Breathing","Whirlwind+1","Fiend Fire"],"relics":["Burning Blood","Omamori","Incense Burner","Red Skull","Charon\u0027s Ashes","Darkstone Periapt","Runic Cube"],"acts_visited":["Exordium","TheCity"],"potions_floor_usage":[],"damage_taken":[{"damage":1.0,"enemies":"Cultist","floor":1.0,"turns":3.0},{"damage":3.0,"enemies":"2 Louse","floor":5.0,"turns":4.0},{"damage":5.0,"enemies":"3 Sentries","floor":7.0,"turns":22.0},{"damage":9.0,"enemies":"Jaw Worm","floor":10.0,"turns":6.0},{"damage":49.0,"enemies":"Lagavulin","floor":11.0,"turns":8.0},{"damage":0.0,"enemies":"3 Sentries","floor":13.0,"turns":4.0},{"damage":0.0,"enemies":"Lots of Slimes","floor":14.0,"turns":3.0},{"damage":5.0,"enemies":"Slime Boss","floor":16.0,"turns":7.0},{"damage":29,"enemies":"Shell Parasite","floor":18,"turns":4}],"seed_played":"-1118925519465284803","potions_obtained":[{"floor":5.0,"key":"PowerPotion"},{"floor":7.0,"key":"Fruit Juice"},{"floor":11.0,"key":"EntropicBrew"}],"is_trial":false,"path_per_floor":["M","$","?","$","M","R","E","R","T","M","E","$","E","M","R","B",null,"M"],"character_chosen":"IRONCLAD","items_purchased":[],"campfire_rested":0,"item_purchase_floors":[],"current_hp_per_floor":[73,73,73,73,75,75,80,80,80,77,34,34,40,46,46,47,72,43,43],"gold":164,"neow_bonus":"RANDOM_COMMON_RELIC","is_daily":false,"chose_seed":false,"campfire_upgraded":3,"win_rate":0.0,"timestamp":1612890071,"path_taken":["M","?","?","$","M","R","E","R","T","?","E","$","E","M","R","BOSS","M"],"items_purchased_type":[],"build_version":"2020-12-22","purchased_purges":2,"victory":false,"max_hp_per_floor":[75,75,75,75,75,75,80,80,80,80,80,80,80,80,80,80,80,80,80],"card_choices":[{"not_picked":["Twin Strike","Second Wind"],"picked":"Reckless Charge","floor":1.0},{"not_picked":["Hemokinesis","Pommel Strike"],"picked":"True Grit","floor":5.0},{"not_picked":["Armaments","Bloodletting"],"picked":"Entrench","floor":7.0},{"not_picked":["Warcry","Pummel"],"picked":"Pommel Strike","floor":10.0},{"not_picked":["Corruption","Headbutt"],"picked":"Pommel Strike","floor":11.0},{"not_picked":["Iron Wave","Dropkick"],"picked":"Fire Breathing","floor":13.0},{"not_picked":["True Grit","Ghostly Armor"],"picked":"Whirlwind","floor":14.0},{"not_picked":["Exhume","Limit Break"],"picked":"Fiend Fire","floor":16.0}],"player_experience":996252,"relics_obtained":[{"floor":7.0,"key":"Incense Burner"},{"floor":9.0,"key":"Red Skull"},{"floor":11.0,"key":"Charon\u0027s Ashes"},{"floor":13.0,"key":"Darkstone Periapt"}],"event_choices":[],"is_beta":false,"boss_relics":[{"not_picked":["Cursed Key","Astrolabe"],"picked":"Runic Cube"}],"items_purged_floors":[2,12],"is_endless":false,"potions_floor_spawned":[5,7,11],"killed_by":"Shell Parasite","ascension_level":20}}