{"host":"sian7qp8a9pc9xwd","time":1612906456,"event":{"mods":["BaseMod","Minty Spire (QoL Compilation)","StSLib","SuperFastMode"],"gold_per_floor":[112,128,143,293,312,312,312,312,312,325,325,337,369,381,381,460,460,476,476,656,668,668,668],"floor_reached":22,"language":"ENG","playtime":1028,"items_purged":[],"score":338,"play_id":"172e11ba-407c-49e7-a9eb-3d34b6d79f34","local_time":"20210209163416","is_ascension_mode":true,"campfire_choices":[{"data":"Genetic Algorithm","floor":6.0,"key":"SMITH"},{"data":"Beam Cell","floor":8.0,"key":"SMITH"},{"data":"Dualcast","floor":11.0,"key":"SMITH"},{"data":"Defragment","floor":15.0,"key":"SMITH"}],"circlet_count":0,"master_deck":["AscendersBane","Strike_B","Strike_B","Strike_B","Strike_B","Defend_B","Defend_B","Defend_B","Defend_B","Zap","Dualcast+1","Beam Cell+1","Genetic Algorithm+1","Conserve Battery","Doubt","Ball Lightning","Ball Lightning","Defragment+1","Conserve Battery","Buffer","Coolheaded"],"relics":["Cracked Core","Thread and Needle","Kunai","Cables","Runic Pyramid","Nilry\u0027s Codex"],"acts_visited":["Exordium","TheCity"],"potions_floor_usage":[21,22],"damage_taken":[{"damage":0.0,"enemies":"Cultist","floor":1.0,"turns":3.0},{"damage":4.0,"enemies":"2 Louse","floor":2.0,"turns":2.0},{"damage":0.0,"enemies":"Jaw Worm","floor":3.0,"turns":3.0},{"damage":2.0,"enemies":"Gremlin Gang","floor":5.0,"turns":6.0},{"damage":3.0,"enemies":"Looter","floor":10.0,"turns":4.0},{"damage":0.0,"enemies":"Large Slime","floor":12.0,"turns":4.0},{"damage":13.0,"enemies":"3 Sentries","floor":13.0,"turns":6.0},{"damage":6.0,"enemies":"Gremlin Gang","floor":14.0,"turns":4.0},{"damage":21.0,"enemies":"Slime Boss","floor":16.0,"turns":6.0},{"damage":0.0,"enemies":"Chosen","floor":18.0,"turns":5.0},{"damage":0,"enemies":"2 Thieves","floor":21,"turns":4},{"damage":20,"enemies":"Masked Bandits","floor":22,"turns":2}],"seed_played":"5602037060744683806","potions_obtained":[{"floor":1.0,"key":"SteroidPotion"},{"floor":10.0,"key":"BlessingOfTheForge"},{"floor":12.0,"key":"SkillPotion"},{"floor":13.0,"key":"LiquidBronze"},{"floor":16.0,"key":"BlessingOfTheForge"}],"is_trial":false,"path_per_floor":["M","M","M","?","M","R","?","R","T","M","R","M","E","M","R","B",null,"M","?","?","M","?"],"character_chosen":"DEFECT","items_purchased":[],"campfire_rested":0,"item_purchase_floors":[],"current_hp_per_floor":[46,42,42,42,40,40,45,45,45,42,42,42,29,23,23,2,58,58,37,18,18,0,0],"gold":668,"neow_bonus":"ONE_RARE_RELIC","is_daily":false,"chose_seed":false,"campfire_upgraded":4,"win_rate":0.0,"timestamp":1612906456,"path_taken":["M","M","?","?","M","R","?","R","T","?","R","?","E","M","R","BOSS","M","?","?","?","?"],"items_purchased_type":[],"build_version":"2020-12-22","purchased_purges":0,"victory":false,"max_hp_per_floor":[71,71,71,71,71,71,76,76,76,76,76,76,76,76,76,76,76,76,76,76,76,76,76],"card_choices":[{"not_picked":["Streamline","Barrage"],"picked":"Beam Cell","floor":1.0},{"not_picked":["Hello World","Coolheaded"],"picked":"Genetic Algorithm","floor":2.0},{"not_picked":["Streamline","Turbo"],"picked":"Conserve Battery","floor":3.0},{"not_picked":["Double Energy","Cold Snap"],"picked":"Ball Lightning","floor":5.0},{"not_picked":["Steam","Turbo"],"picked":"Ball Lightning","floor":10.0},{"not_picked":["Compile Driver","Sweeping Beam","Rebound"],"picked":"SKIP","floor":12.0},{"not_picked":["Biased Cognition","Genetic Algorithm"],"picked":"Defragment","floor":13.0},{"not_picked":["Turbo","Redo"],"picked":"Conserve Battery","floor":14.0},{"not_picked":["Reboot","Multi-Cast"],"picked":"Buffer","floor":16.0},{"not_picked":["Sweeping Beam","Redo","Double Energy"],"picked":"SKIP","floor":18.0},{"not_picked":["Redo","Turbo"],"picked":"Coolheaded","floor":21}],"player_experience":938040,"relics_obtained":[{"floor":9.0,"key":"Kunai"},{"floor":13.0,"key":"Cables"},{"floor":19.0,"key":"Nilry\u0027s Codex"}],"event_choices":[{"damage_healed":0.0,"max_hp_gain":0.0,"max_hp_loss":0.0,"gold_gain":150.0,"event_name":"Liars Game","player_choice":"AGREE","floor":4.0,"gold_loss":0.0,"damage_taken":0.0,"cards_obtained":["Doubt"]},{"damage_healed":0.0,"max_hp_gain":5.0,"max_hp_loss":0.0,"gold_gain":0.0,"event_name":"Big Fish","player_choice":"Donut","floor":7.0,"gold_loss":0.0,"damage_taken":0.0},{"damage_healed":0.0,"max_hp_gain":0.0,"max_hp_loss":0.0,"gold_gain":0.0,"event_name":"Cursed Tome","player_choice":"Obtained Book","floor":19.0,"gold_loss":0.0,"damage_taken":21.0},{"damage_healed":0.0,"max_hp_gain":0.0,"max_hp_loss":0.0,"gold_gain":180.0,"event_name":"Knowing Skull","player_choice":"GOLD GOLD ","floor":20.0,"potions_obtained":[],"gold_loss":0.0,"damage_taken":19.0,"cards_obtained":[]},{"damage_healed":0,"gold_gain":0,"player_choice":"Fought Bandits","damage_taken":0,"max_hp_gain":0,"max_hp_loss":0,"event_name":"Masked Bandits","floor":22,"gold_loss":0}],"is_beta":false,"boss_relics":[{"not_picked":["Fusion Hammer","Philosopher\u0027s Stone"],"picked":"Runic Pyramid"}],"items_purged_floors":[],"is_endless":false,"potions_floor_spawned":[1,10,12,13,16,18],"killed_by":"Masked Bandits","ascension_level":16}}