{"host":"sygfylmorsvdndbx","time":1612880486,"event":{"mods":["AchievementEnabler","BaseMod","Bestiary","Highlight Path","Minty Spire (QoL Compilation)","Permanent Neow","Quick Restart","Relic Stats"],"gold_per_floor":[366,366,382,393,393,393,393,419,419,449,468,483,483,118,118,221,221,231,245,262,281,281,281],"floor_reached":22,"language":"ENG","playtime":2273,"items_purged":["Strike_B"],"score":323,"play_id":"b0407901-4190-4f28-826a-b9e9c6a27fdc","local_time":"20210209092126","is_ascension_mode":true,"campfire_choices":[{"data":"Beam Cell","floor":6,"key":"SMITH"},{"floor":13,"key":"REST"},{"data":"Defragment","floor":15,"key":"SMITH"}],"circlet_count":0,"master_deck":["Strike_B","Strike_B","Defend_B","Defend_B","Defend_B","Zap","Dualcast","Compile Driver","Beam Cell+1","Heatsinks","Defragment+1","Leap","Go for the Eyes","Cold Snap","Conserve Battery","Self Repair","Seek","Rebound+1","Static Discharge+1","Loop+1"],"relics":["Cracked Core","Omamori","Orichalcum","Bottled Flame","StoneCalendar","Sling","Sozu"],"acts_visited":["Exordium","TheCity"],"potions_floor_usage":[8,11,12,16],"damage_taken":[{"damage":2,"enemies":"Jaw Worm","floor":1,"turns":3},{"damage":1,"enemies":"2 Louse","floor":3,"turns":2},{"damage":0,"enemies":"Cultist","floor":4,"turns":2},{"damage":0,"enemies":"Gremlin Nob","floor":8,"turns":2},{"damage":28,"enemies":"Lagavulin","floor":10,"turns":6},{"damage":10,"enemies":"Lots of Slimes","floor":11,"turns":3},{"damage":0,"enemies":"Exordium Thugs","floor":12,"turns":4},{"damage":4,"enemies":"The Guardian","floor":16,"turns":9},{"damage":36,"enemies":"2 Thieves","floor":18,"turns":4},{"damage":10,"enemies":"Chosen","floor":19,"turns":5},{"damage":9,"enemies":"3 Cultists","floor":20,"turns":6},{"damage":23,"enemies":"Snake Plant","floor":21,"turns":2},{"damage":13,"enemies":"Chosen and Byrds","floor":22,"turns":4}],"seed_played":"-6707485253303997219","potions_obtained":[{"floor":1,"key":"AttackPotion"},{"floor":3,"key":"Energy Potion"},{"floor":8,"key":"Ancient Potion"},{"floor":11,"key":"EssenceOfDarkness"},{"floor":12,"key":"LiquidBronze"}],"is_trial":false,"path_per_floor":["M","?","M","M","T","R","?","E","T","E","M","M","R","$","R","B",null,"M","M","M","M","M"],"character_chosen":"DEFECT","items_purchased":["Conserve Battery","SkillPotion","Self Repair","Sling"],"campfire_rested":1,"item_purchase_floors":[14,14,14,14],"current_hp_per_floor":[48,41,40,40,40,40,40,40,40,12,2,2,24,24,24,27,63,34,31,29,6,0,0],"gold":281,"neow_bonus":"TWO_FIFTY_GOLD","is_daily":false,"chose_seed":false,"campfire_upgraded":2,"win_rate":0.0,"timestamp":1612880486,"path_taken":["M","?","M","M","?","R","?","E","T","E","M","M","R","$","R","BOSS","M","?","M","?","M"],"items_purchased_type":["Card","Potion","Card","Relic"],"build_version":"2020-12-22","purchased_purges":1,"victory":false,"max_hp_per_floor":[75,75,75,75,75,75,75,75,75,75,75,75,75,75,75,75,75,75,75,75,75,75,75],"relic_stats":{"Sozu":2,"counters":[13,52],"StoneCalendar":[52],"Orichalcum":[96],"obtain_stats":[{"Sozu":17,"Bottled Flame":9,"StoneCalendar":10,"Omamori":5,"Orichalcum":8,"Cracked Core":0,"Sling":14},{"Sozu":8,"Bottled Flame":4,"StoneCalendar":5,"Omamori":3,"Orichalcum":4,"Cracked Core":0,"Sling":7},{"Sozu":31,"Bottled Flame":9,"StoneCalendar":15,"Omamori":7,"Orichalcum":9,"Cracked Core":0,"Sling":22}]},"card_choices":[{"not_picked":["Fusion","Hologram"],"picked":"Compile Driver","floor":1},{"not_picked":["Sweeping Beam","Barrage"],"picked":"Beam Cell","floor":3},{"not_picked":["Streamline","Heatsinks","Rebound"],"picked":"SKIP","floor":4},{"not_picked":["Conserve Battery","Turbo"],"picked":"Defragment","floor":8},{"not_picked":["FTL","Heatsinks"],"picked":"Leap","floor":10},{"not_picked":["Hello World","Double Energy"],"picked":"Go for the Eyes","floor":11},{"not_picked":["Conserve Battery","Coolheaded"],"picked":"Cold Snap","floor":12},{"not_picked":["Thunder Strike","Meteor Strike"],"picked":"Seek","floor":16},{"not_picked":["Loop","Go for the Eyes+1"],"picked":"Rebound+1","floor":18},{"not_picked":["Fusion","Recycle"],"picked":"Static Discharge+1","floor":19},{"not_picked":["Cold Snap","Redo","Steam+1"],"picked":"SKIP","floor":20},{"not_picked":["Barrage","Melter"],"picked":"Loop+1","floor":21}],"player_experience":446490,"relics_obtained":[{"floor":5,"key":"Omamori"},{"floor":8,"key":"Orichalcum"},{"floor":9,"key":"Bottled Flame"},{"floor":10,"key":"StoneCalendar"}],"event_choices":[{"cards_removed":["Defend_B"],"damage_healed":0,"gold_gain":0,"player_choice":"Card Removal","damage_taken":7,"max_hp_gain":0,"max_hp_loss":0,"event_name":"Golden Wing","floor":2,"gold_loss":0},{"damage_healed":0,"gold_gain":0,"cards_transformed":["Strike_B"],"player_choice":"Transformed","damage_taken":0,"max_hp_gain":0,"max_hp_loss":0,"event_name":"Transmorgrifier","floor":7,"gold_loss":0,"cards_obtained":["Heatsinks"]}],"is_beta":false,"boss_relics":[{"not_picked":["Busted Crown","Philosopher\u0027s Stone"],"picked":"Sozu"}],"items_purged_floors":[14],"is_endless":false,"potions_floor_spawned":[1,3,8,11,12,18,19],"killed_by":"Chosen and Byrds","ascension_level":9}}