{"host":"am551fa6890rb9vo","time":1612875911,"event":{"mods":["BaseMod","DeckTracker","Minty Spire (QoL Compilation)","Morshu Shopkeeper - ENHANCED","Rare Cards Sparkle","Relic Stats","Smile Girya","StSLib","The IronCluck","everything is the same but u backflip on backflip","slay the spire mod where everything is the same but ironclad has a cowboy hat"],"gold_per_floor":[361,376,376,376,64,94,105,132,132,157,99,110,39,73,73,170,170,187,187,222,31,45,45,115,132,158,170,204,204,230,192,192,296,296,307,325,370,383,383,383,416,416,495,524,537,553,197,213,213,213],"floor_reached":51,"language":"ENG","playtime":3025,"items_purged":["Strike_R","Strike_R"],"score":845,"play_id":"1600f7ea-57dc-41fe-a68d-cdbdae2c5da0","local_time":"20210209130511","is_ascension_mode":true,"campfire_choices":[{"floor":15,"key":"REST"},{"data":"Apotheosis","floor":23,"key":"SMITH"},{"floor":29,"key":"REST"},{"data":"Limit Break","floor":32,"key":"SMITH"},{"floor":40,"key":"REST"},{"floor":42,"key":"REST"},{"data":"Offering","floor":49,"key":"SMITH"}],"circlet_count":0,"master_deck":["Strike_R","Strike_R","Defend_R","Defend_R","Defend_R","Defend_R","Bash","Parasite","Sword Boomerang","Fire Breathing","Apotheosis+1","Offering+1","Dual Wield","Rupture+1","Inflame+1","Bloodletting","Combust+1","Pummel","Fire Breathing+1","Limit Break+1","Flame Barrier","Bandage Up","Flame Barrier","Immolate","Wild Strike+1","Secret Technique","Immolate+1"],"relics":["Burning Blood","Frozen Egg 2","Strawberry","Mercury Hourglass","Eternal Feather","MawBank","Bag of Preparation","Runic Cube","Red Mask","Membership Card","HornCleat","Potion Belt","MealTicket","Bottled Tornado","Busted Crown","Ginger","Unceasing Top","Molten Egg 2","Regal Pillow","Oddly Smooth Stone","ClockworkSouvenir"],"acts_visited":["Exordium","TheCity","TheBeyond"],"potions_floor_usage":[8,10,14,14,20,25,30,30,35,50,50],"damage_taken":[{"damage":3,"enemies":"2 Louse","floor":1,"turns":4},{"damage":8,"enemies":"Jaw Worm","floor":2,"turns":4},{"damage":24,"enemies":"3 Sentries","floor":6,"turns":3},{"damage":2,"enemies":"Cultist","floor":7,"turns":4},{"damage":14,"enemies":"Gremlin Nob","floor":8,"turns":3},{"damage":24,"enemies":"Lagavulin","floor":10,"turns":4},{"damage":5,"enemies":"Large Slime","floor":12,"turns":2},{"damage":11,"enemies":"Gremlin Nob","floor":14,"turns":3},{"damage":34,"enemies":"Hexaghost","floor":16,"turns":7},{"damage":45,"enemies":"Shell Parasite","floor":18,"turns":4},{"damage":13,"enemies":"Masked Bandits","floor":20,"turns":3},{"damage":12,"enemies":"Spheric Guardian","floor":22,"turns":3},{"damage":4,"enemies":"3 Cultists","floor":25,"turns":3},{"damage":19,"enemies":"Chosen and Byrds","floor":27,"turns":4},{"damage":39,"enemies":"Slavers","floor":28,"turns":4},{"damage":39,"enemies":"Book of Stabbing","floor":30,"turns":6},{"damage":29,"enemies":"Champ","floor":33,"turns":6},{"damage":9,"enemies":"Orb Walker","floor":35,"turns":3},{"damage":15,"enemies":"3 Shapes","floor":36,"turns":3},{"damage":60,"enemies":"2 Orb Walkers","floor":37,"turns":4},{"damage":9,"enemies":"3 Darklings","floor":38,"turns":2},{"damage":21,"enemies":"Reptomancer","floor":41,"turns":3},{"damage":20,"enemies":"Giant Head","floor":44,"turns":4},{"damage":9,"enemies":"Jaw Worm Horde","floor":45,"turns":1},{"damage":19,"enemies":"Sphere and 2 Shapes","floor":46,"turns":3},{"damage":13,"enemies":"4 Shapes","floor":48,"turns":1},{"damage":38,"enemies":"Donu and Deca","floor":50,"turns":5}],"seed_played":"4016174683169736262","potions_obtained":[{"floor":6,"key":"BlessingOfTheForge"},{"floor":7,"key":"AttackPotion"},{"floor":10,"key":"Weak Potion"},{"floor":12,"key":"Explosive Potion"},{"floor":14,"key":"Regen Potion"},{"floor":20,"key":"Explosive Potion"},{"floor":25,"key":"Dexterity Potion"},{"floor":28,"key":"Regen Potion"},{"floor":33,"key":"AttackPotion"},{"floor":35,"key":"EssenceOfSteel"},{"floor":37,"key":"ElixirPotion"},{"floor":48,"key":"EssenceOfSteel"}],"is_trial":false,"path_per_floor":["M","M","?","?","$","E","M","E","T","E","$","M","$","E","R","B",null,"M","?","?","$","M","R","T","M","T","M","E","R","E","$","R","B",null,"M","M","?","M","?","R","E","R","T","E","M","M","$","M","R","B",null],"character_chosen":"IRONCLAD","items_purchased":["Apotheosis","Offering","Combust+1","Fire Breathing+1","Membership Card","Bandage Up","Secret Technique","Immolate+1","Oddly Smooth Stone","ClockworkSouvenir"],"campfire_rested":4,"item_purchase_floors":[5,5,11,13,21,21,47,47,47,47],"current_hp_per_floor":[80,78,66,59,59,48,52,44,44,26,26,27,27,22,60,32,87,48,48,50,50,48,63,63,65,65,56,27,68,54,69,81,64,87,87,78,30,31,31,72,61,87,87,79,76,69,84,77,87,61],"gold":213,"neow_bonus":"TWO_FIFTY_GOLD","is_daily":false,"chose_seed":false,"campfire_upgraded":3,"win_rate":0.0,"timestamp":1612875911,"path_taken":["M","M","?","?","$","E","M","E","T","E","$","M","?","E","R","BOSS","M","?","?","$","M","R","?","M","T","?","E","R","E","?","R","BOSS","M","M","?","M","?","R","E","R","T","E","M","M","$","M","R","BOSS"],"items_purchased_type":["Card","Card","Card","Card","Relic","Card","Card","Card","Relic","Relic"],"build_version":"2020-12-22","purchased_purges":2,"victory":true,"max_hp_per_floor":[80,80,80,80,80,87,87,87,87,87,87,87,87,87,87,87,87,87,87,87,87,87,87,87,87,87,87,87,87,87,87,87,87,87,87,87,87,87,87,87,87,87,87,87,87,87,87,87,87,87],"relic_stats":{"Regal Pillow":0,"counters":[27,96],"Eternal Feather":94,"Bag of Preparation":[38],"Ginger":[2],"MawBank":12,"Burning Blood":158,"Mercury Hourglass":[317],"Busted Crown":18,"MealTicket":30,"obtain_stats":[{"Potion Belt":26,"Regal Pillow":44,"Oddly Smooth Stone":47,"Eternal Feather":9,"Bag of Preparation":14,"Ginger":37,"Frozen Egg 2":3,"Bottled Tornado":30,"MawBank":10,"Burning Blood":0,"Mercury Hourglass":8,"ClockworkSouvenir":47,"HornCleat":24,"Busted Crown":34,"Strawberry":6,"MealTicket":28,"Molten Egg 2":43,"Red Mask":20,"Membership Card":21,"Unceasing Top":41,"Runic Cube":17},{"Potion Belt":13,"Regal Pillow":23,"Oddly Smooth Stone":25,"Eternal Feather":5,"Bag of Preparation":8,"Ginger":20,"Frozen Egg 2":2,"Bottled Tornado":16,"MawBank":6,"Burning Blood":0,"Mercury Hourglass":5,"ClockworkSouvenir":25,"HornCleat":12,"Busted Crown":17,"Strawberry":3,"MealTicket":15,"Molten Egg 2":22,"Red Mask":11,"Membership Card":11,"Unceasing Top":22,"Runic Cube":9},{"Potion Belt":47,"Regal Pillow":86,"Oddly Smooth Stone":90,"Eternal Feather":18,"Bag of Preparation":27,"Ginger":77,"Frozen Egg 2":8,"Bottled Tornado":61,"MawBank":22,"Burning Blood":0,"Mercury Hourglass":18,"ClockworkSouvenir":90,"HornCleat":44,"Busted Crown":67,"Strawberry":11,"MealTicket":55,"Molten Egg 2":82,"Red Mask":41,"Membership Card":41,"Unceasing Top":82,"Runic Cube":34}],"Unceasing Top":[2],"Runic Cube":[91]},"card_choices":[{"not_picked":["Perfected Strike","Rage"],"picked":"Sword Boomerang","floor":1},{"not_picked":["Cleave","Spot Weakness"],"picked":"Fire Breathing","floor":2},{"not_picked":["Anger","Sentinel"],"picked":"Dual Wield","floor":6},{"not_picked":["Iron Wave","Anger"],"picked":"Rupture+1","floor":7},{"not_picked":["Flex","Anger"],"picked":"Inflame+1","floor":8},{"not_picked":["True Grit","Infernal Blade"],"picked":"Bloodletting","floor":10},{"not_picked":["Heavy Blade","Evolve+1"],"picked":"Pummel","floor":12},{"not_picked":["Bloodletting","Blood for Blood","Thunderclap"],"picked":"SKIP","floor":14},{"not_picked":["Double Tap","Feed"],"picked":"Limit Break","floor":16},{"not_picked":["Cleave","Sever Soul"],"picked":"Flame Barrier","floor":18},{"not_picked":["Body Slam","Cleave+1"],"picked":"Flame Barrier","floor":22},{"not_picked":["Flex+1","Sentinel","True Grit+1"],"picked":"SKIP","floor":25},{"not_picked":["Anger","Inflame+1","Fire Breathing+1"],"picked":"SKIP","floor":27},{"not_picked":["True Grit","Armaments","Flex"],"picked":"SKIP","floor":28},{"not_picked":["Battle Trance+1","Juggernaut+1","Anger"],"picked":"SKIP","floor":30},{"not_picked":["Juggernaut+1","Impervious"],"picked":"Immolate","floor":33},{"not_picked":["Perfected Strike+1"],"picked":"SKIP","floor":35},{"not_picked":["Sentinel"],"picked":"SKIP","floor":36},{"not_picked":["Flex+1"],"picked":"SKIP","floor":38},{"not_picked":[],"picked":"Wild Strike+1","floor":41},{"not_picked":["Flex"],"picked":"SKIP","floor":44},{"not_picked":["Havoc+1"],"picked":"SKIP","floor":45},{"not_picked":["Thunderclap+1"],"picked":"SKIP","floor":46},{"not_picked":["Evolve+1"],"picked":"SKIP","floor":48}],"player_experience":56692,"relics_obtained":[{"floor":6,"key":"Strawberry"},{"floor":8,"key":"Mercury Hourglass"},{"floor":9,"key":"Eternal Feather"},{"floor":10,"key":"MawBank"},{"floor":14,"key":"Bag of Preparation"},{"floor":20,"key":"Red Mask"},{"floor":24,"key":"HornCleat"},{"floor":26,"key":"Potion Belt"},{"floor":28,"key":"MealTicket"},{"floor":30,"key":"Bottled Tornado"},{"floor":37,"key":"Ginger"},{"floor":41,"key":"Unceasing Top"},{"floor":43,"key":"Molten Egg 2"},{"floor":44,"key":"Regal Pillow"}],"event_choices":[{"damage_healed":0,"gold_gain":0,"player_choice":"Success","damage_taken":12,"relics_obtained":["Frozen Egg 2"],"max_hp_gain":0,"max_hp_loss":0,"event_name":"Scrap Ooze","floor":3,"gold_loss":0},{"cards_removed":["Strike_R"],"damage_healed":0,"gold_gain":0,"player_choice":"Card Removal","damage_taken":7,"max_hp_gain":0,"max_hp_loss":0,"event_name":"Golden Wing","floor":4,"gold_loss":0},{"damage_healed":0,"gold_gain":0,"player_choice":"Ignored","damage_taken":0,"max_hp_gain":0,"max_hp_loss":0,"event_name":"Ghosts","floor":19,"gold_loss":0},{"damage_healed":0,"gold_gain":0,"player_choice":"Fought Bandits","damage_taken":0,"max_hp_gain":0,"max_hp_loss":0,"event_name":"Masked Bandits","floor":20,"gold_loss":0},{"damage_healed":0,"gold_gain":0,"player_choice":"Fight","damage_taken":0,"max_hp_gain":0,"max_hp_loss":0,"event_name":"Mysterious Sphere","floor":37,"gold_loss":0},{"damage_healed":0,"gold_gain":0,"player_choice":"Ignored","damage_taken":0,"max_hp_gain":0,"max_hp_loss":0,"event_name":"The Moai Head","floor":39,"gold_loss":0}],"is_beta":false,"boss_relics":[{"not_picked":["Runic Pyramid","Fusion Hammer"],"picked":"Runic Cube"},{"not_picked":["Runic Dome","Sozu"],"picked":"Busted Crown"}],"items_purged_floors":[31,47],"is_endless":false,"potions_floor_spawned":[6,7,10,12,14,20,25,28,33,35,37,48],"ascension_level":2}}