{"host":"j4g6ia6asvpyu2b0","time":1612873739,"event":{"mods":["BaseMod","Colored Map","Infinite Spire","Minty Spire (QoL Compilation)","Permanent Neow","Quick Restart","Relic Stats","StSLib","Unceasing Turn Reminder"],"gold_per_floor":[119,136,151,171,183,211,211,231,307,307,338,338,357,392,392,492,492,502,502,516,529,24,24,49,49,49,148,162,174,174,200,200,298,298,315,326,328,370,370,370,397,397,397,22,22,56,70,110,110,114,114,114,34,71,75],"floor_reached":56,"language":"ENG","playtime":2177,"items_purged":["Strike_G","Strike_G"],"score":1612,"play_id":"dbfa20f9-1ce5-4ad1-a7df-525cd2cef780","local_time":"20210209052859","is_ascension_mode":true,"campfire_choices":[{"data":"Skewer","floor":7,"key":"SMITH"},{"data":"Caltrops","floor":15,"key":"SMITH"},{"floor":23,"key":"REST"},{"data":"After Image","floor":25,"key":"SMITH"},{"data":"Apotheosis","floor":30,"key":"SMITH"},{"floor":32,"key":"REST"},{"floor":40,"key":"RECALL"},{"data":"Madness","floor":42,"key":"SMITH"},{"data":"Noxious Fumes","floor":49,"key":"SMITH"},{"data":"Caltrops","floor":52,"key":"SMITH"}],"circlet_count":0,"master_deck":["Strike_G","Strike_G","Strike_G","Defend_G","Defend_G","Defend_G","Defend_G","Defend_G","Survivor","Neutralize","Skewer+1","Quick Slash","Caltrops+1","Dodge and Roll","Predator+1","Riddle With Holes","Acrobatics","Deadly Poison","Die Die Die","After Image+1","Quick Slash+1","Terror","Crippling Poison","Apotheosis+1","Noxious Fumes+1","Blade Dance","Outmaneuver","Outmaneuver+1","Doppelganger","Acrobatics+1","Tactician","Madness+1","Violence","Cloak And Dagger+1","Footwork","Blade Dance","Caltrops+1","Noxious Fumes","Noxious Fumes","Caltrops","Cloak And Dagger","Bouncing Flask","Footwork","Infinite Blades","Cloak And Dagger+1"],"relics":["Busted Crown","Mummified Hand","The Courier","Dead Branch","Black Star","Sozu","Happy Flower","Medical Kit","Gremlin Horn","infinitespire:Midas Blood","Ninja Scroll","The Specimen","Bronze Scales","Coffee Dripper","Orichalcum","Smiling Mask","Lizard Tail","infinitespire:WardingShard","infinitespire:FocusingShard","infinitespire:CheckeredPen","infinitespire:ShieldingShard","Strawberry","Lantern"],"acts_visited":["Exordium","TheCity","TheBeyond","TheEnding"],"potions_floor_usage":[14,55,55,55],"damage_taken":[{"damage":0.0,"enemies":"Cultist","floor":1.0,"turns":4.0},{"damage":4.0,"enemies":"Jaw Worm","floor":2.0,"turns":3.0},{"damage":2.0,"enemies":"Small Slimes","floor":3.0,"turns":3.0},{"damage":0.0,"enemies":"2 Fungi Beasts","floor":4.0,"turns":3.0},{"damage":6.0,"enemies":"3 Louse","floor":5.0,"turns":3.0},{"damage":2.0,"enemies":"3 Sentries","floor":6.0,"turns":6.0},{"damage":3,"enemies":"Blue Slaver","floor":8,"turns":3},{"damage":13,"enemies":"Lagavulin","floor":11,"turns":8},{"damage":0,"enemies":"Red Slaver","floor":13,"turns":3},{"damage":0,"enemies":"Gremlin Nob","floor":14,"turns":2},{"damage":30,"enemies":"Hexaghost","floor":16,"turns":8},{"damage":17,"enemies":"Spheric Guardian","floor":18,"turns":4},{"damage":19,"enemies":"Shell Parasite","floor":20,"turns":3},{"damage":23,"enemies":"Snake Plant","floor":21,"turns":3},{"damage":10,"enemies":"Book of Stabbing","floor":24,"turns":4},{"damage":0,"enemies":"Sentry and Sphere","floor":28,"turns":1},{"damage":1,"enemies":"Shelled Parasite and Fungi","floor":29,"turns":3},{"damage":0,"enemies":"Nightmare","floor":31,"turns":5},{"damage":2,"enemies":"Automaton","floor":33,"turns":5},{"damage":0,"enemies":"3 Shapes","floor":35,"turns":3},{"damage":0,"enemies":"Orb Walker","floor":36,"turns":1},{"damage":0,"enemies":"3 Darklings","floor":38,"turns":3},{"damage":0,"enemies":"Nemesis","floor":41,"turns":4},{"damage":21,"enemies":"Reptomancer","floor":46,"turns":4},{"damage":4,"enemies":"Writhing Mass","floor":47,"turns":5},{"damage":22,"enemies":"Nightmare","floor":48,"turns":7},{"damage":11,"enemies":"Donu and Deca","floor":50,"turns":4},{"damage":5,"enemies":"Shield and Spear","floor":54,"turns":5},{"damage":24,"enemies":"The Heart","floor":55,"turns":6}],"seed_played":"-5115981010070788005","potions_obtained":[{"floor":2.0,"key":"DistilledChaos"},{"floor":5.0,"key":"Energy Potion"},{"floor":11,"key":"Block Potion"},{"floor":14,"key":"Regen Potion"},{"floor":16,"key":"Poison Potion"}],"is_trial":false,"path_per_floor":["M","M","M","M","M","E","R","M","T","?","E","?","M","E","R","B",null,"M","AVR","M","M","$","R","E","R","T","?","M","M","R","NM","R","B",null,"M","M","?","M","?","R","E","R","T","$","?","E","M","NM","R","B",null,"R","$","E","B",null],"character_chosen":"THE_SILENT","items_purchased":["Apotheosis","Happy Flower","Medical Kit","Noxious Fumes","Footwork","Blade Dance","Caltrops","Noxious Fumes","Noxious Fumes","Caltrops","Footwork","Infinite Blades"],"campfire_rested":2,"item_purchase_floors":[22,22,22,22,44,44,44,44,44,44,53,53],"current_hp_per_floor":[70,66,64,64,58,56,56,53,53,53,40,45,45,45,45,15,75,58,58,39,16,16,38,28,28,28,28,28,27,27,27,49,47,75,75,75,65,65,65,65,65,65,65,65,85,64,60,38,38,27,85,85,85,87,75],"gold":75,"neow_bonus":"BOSS_RELIC","is_daily":false,"chose_seed":false,"campfire_upgraded":7,"win_rate":0.0,"timestamp":1612873739,"path_taken":["M","?","M","M","M","E","R","M","T","?","E","?","M","E","R","BOSS","M","AVR","M","M","$","R","E","R","T","?","M","M","R","NM","R","BOSS","M","M","?","M","?","R","E","R","T","$","?","E","?","NM","R","BOSS","R","$","E","BOSS"],"items_purchased_type":["Card","Relic","Relic","Card","Card","Card","Card","Card","Card","Card","Card","Card"],"build_version":"2020-12-22","purchased_purges":2,"victory":true,"max_hp_per_floor":[70,70,70,70,70,70,70,70,70,70,70,75,75,75,75,75,75,75,75,75,75,75,75,75,75,75,75,75,75,75,75,75,75,75,75,75,75,75,75,75,75,75,75,75,85,85,85,85,85,85,85,85,85,92,92],"relic_stats":{"Happy Flower":[20],"Gremlin Horn":[13,14],"counters":[29,116],"Dead Branch":[246],"Orichalcum":[12],"Medical Kit":[6],"Smiling Mask":30,"Sozu":9,"Lizard Tail":0,"Busted Crown":80,"Mummified Hand":[122],"Bronze Scales":[144],"Black Star":6,"obtain_stats":[{"Lantern":54,"Happy Flower":22,"Gremlin Horn":24,"The Specimen":31,"Dead Branch":14,"The Courier":11,"infinitespire:FocusingShard":46,"infinitespire:CheckeredPen":48,"Orichalcum":41,"Medical Kit":22,"Smiling Mask":41,"Sozu":19,"Lizard Tail":43,"Busted Crown":0,"infinitespire:ShieldingShard":48,"infinitespire:WardingShard":46,"Mummified Hand":6,"Ninja Scroll":26,"Bronze Scales":31,"Strawberry":54,"Black Star":17,"Coffee Dripper":34,"Ring of the Snake":0,"infinitespire:Midas Blood":24},{"Lantern":28,"Happy Flower":14,"Gremlin Horn":15,"The Specimen":18,"Dead Branch":10,"The Courier":8,"infinitespire:FocusingShard":24,"infinitespire:CheckeredPen":26,"Orichalcum":23,"Medical Kit":14,"Smiling Mask":23,"Sozu":12,"Lizard Tail":23,"Busted Crown":0,"infinitespire:ShieldingShard":26,"infinitespire:WardingShard":24,"Mummified Hand":6,"Ninja Scroll":15,"Bronze Scales":18,"Strawberry":28,"Black Star":11,"Coffee Dripper":19,"Ring of the Snake":0,"infinitespire:Midas Blood":15},{"Lantern":110,"Happy Flower":56,"Gremlin Horn":60,"The Specimen":69,"Dead Branch":38,"The Courier":33,"infinitespire:FocusingShard":89,"infinitespire:CheckeredPen":101,"Orichalcum":85,"Medical Kit":56,"Smiling Mask":85,"Sozu":50,"Lizard Tail":85,"Busted Crown":0,"infinitespire:ShieldingShard":101,"infinitespire:WardingShard":89,"Mummified Hand":22,"Ninja Scroll":60,"Bronze Scales":69,"Strawberry":110,"Black Star":46,"Coffee Dripper":74,"Ring of the Snake":0,"infinitespire:Midas Blood":60}]},"card_choices":[{"not_picked":[],"picked":"Skewer","floor":1.0},{"not_picked":[],"picked":"Quick Slash","floor":2.0},{"not_picked":[],"picked":"Caltrops","floor":3.0},{"not_picked":[],"picked":"Dodge and Roll","floor":4.0},{"not_picked":[],"picked":"Predator","floor":5.0},{"not_picked":[],"picked":"Riddle With Holes","floor":6},{"not_picked":[],"picked":"Acrobatics","floor":8},{"not_picked":["Heel Hook"],"picked":"SKIP","floor":11},{"not_picked":[],"picked":"Deadly Poison","floor":13},{"not_picked":[],"picked":"Die Die Die","floor":14},{"not_picked":[],"picked":"After Image","floor":16},{"not_picked":[],"picked":"Quick Slash+1","floor":18},{"not_picked":[],"picked":"Terror","floor":20},{"not_picked":[],"picked":"Crippling Poison","floor":21},{"not_picked":[],"picked":"Blade Dance","floor":24},{"not_picked":[],"picked":"Outmaneuver","floor":28},{"not_picked":["Masterful Stab"],"picked":"SKIP","floor":29},{"not_picked":[],"picked":"Outmaneuver+1","floor":31},{"not_picked":[],"picked":"Doppelganger","floor":33},{"not_picked":[],"picked":"Acrobatics+1","floor":35},{"not_picked":[],"picked":"Tactician","floor":36},{"not_picked":[],"picked":"Madness","floor":37},{"not_picked":[],"picked":"HandOfGreed","floor":37},{"not_picked":[],"picked":"Violence","floor":37},{"not_picked":["Riddle With Holes+1"],"picked":"SKIP","floor":38},{"not_picked":[],"picked":"Cloak And Dagger+1","floor":41},{"not_picked":["Prepared"],"picked":"SKIP","floor":46},{"not_picked":[],"picked":"Cloak And Dagger","floor":47},{"not_picked":[],"picked":"Bouncing Flask","floor":48},{"not_picked":[],"picked":"Cloak And Dagger+1","floor":54}],"player_experience":1196416,"relics_obtained":[{"floor":6,"key":"Mummified Hand"},{"floor":11,"key":"The Courier"},{"floor":14,"key":"Dead Branch"},{"floor":24,"key":"Gremlin Horn"},{"floor":24,"key":"infinitespire:Midas Blood"},{"floor":26,"key":"Ninja Scroll"},{"floor":31,"key":"The Specimen"},{"floor":31,"key":"Bronze Scales"},{"floor":41,"key":"Orichalcum"},{"floor":41,"key":"Smiling Mask"},{"floor":43,"key":"Lizard Tail"},{"floor":46,"key":"infinitespire:WardingShard"},{"floor":46,"key":"infinitespire:FocusingShard"},{"floor":48,"key":"infinitespire:CheckeredPen"},{"floor":48,"key":"infinitespire:ShieldingShard"},{"floor":54,"key":"Strawberry"},{"floor":54,"key":"Lantern"}],"event_choices":[{"damage_healed":0,"gold_gain":0,"player_choice":"Grow","damage_taken":0,"max_hp_gain":0,"max_hp_loss":0,"event_name":"Living Wall","floor":10,"gold_loss":0,"cards_upgraded":["Predator"]},{"damage_healed":0,"gold_gain":0,"player_choice":"Donut","damage_taken":0,"max_hp_gain":5,"max_hp_loss":0,"event_name":"Big Fish","floor":12,"gold_loss":0},{"damage_healed":0,"gold_gain":99,"player_choice":"Stole From Cult","damage_taken":0,"max_hp_gain":0,"max_hp_loss":0,"event_name":"Nest","floor":27,"gold_loss":0},{"damage_healed":0,"gold_gain":0,"player_choice":"Memory 3","damage_taken":10,"max_hp_gain":0,"max_hp_loss":0,"event_name":"SensoryStone","floor":37,"gold_loss":0},{"damage_healed":0,"gold_gain":0,"player_choice":"Ignored","damage_taken":0,"max_hp_gain":0,"max_hp_loss":0,"event_name":"Tomb of Lord Red Mask","floor":39,"gold_loss":0},{"cards_removed":["HandOfGreed"],"damage_healed":10,"gold_gain":0,"player_choice":"Offered Rare","damage_taken":0,"max_hp_gain":10,"max_hp_loss":0,"event_name":"Bonfire Elementals","floor":45,"gold_loss":0}],"is_beta":false,"boss_relics":[{"not_picked":["Philosopher\u0027s Stone","Tiny House"],"picked":"Black Star"},{"not_picked":["Calling Bell","WristBlade"],"picked":"Coffee Dripper"}],"items_purged_floors":[22,44],"is_endless":false,"potions_floor_spawned":[2,5,11,14,16,21,28,29,33,35,41,46,48,54],"ascension_level":3}}