{"host":"miejrq8yypas90n2","time":1612857827,"event":{"mods":["100% Spire Juice","Act Like it!","BaseMod","Colored Powertips","Gensokyo","Marisa£®ÏF”Í°°ƒß¿Ì…≥£©","Minty Spire (QoL Compilation)","StSLib"],"gold_per_floor":[109,109,109,124,124,124,151,161,161,161,161,180,14,30,30,30,135,185,199,46,62,62,72,107,120,120,120,447,447,466,466,480,480,579,579,599,618,635,235,252,282,282,311,364,364,384,384,401,401,401,401,401],"floor_reached":53,"language":"ZHS","playtime":2954,"items_purged":["Pain"],"score":1198,"play_id":"6e7db07f-6bad-4dbb-969f-9edd09c5df31","local_time":"20210209160347","is_ascension_mode":true,"campfire_choices":[{"data":"LuminesStrike","floor":6.0,"key":"SMITH"},{"data":"MilkyWay","floor":11.0,"key":"SMITH"},{"data":"Deep Breath","floor":15.0,"key":"SMITH"},{"data":"OortCloud","floor":16.0,"key":"SMITH"},{"data":"BinaryStars","floor":26.0,"key":"SMITH"},{"data":"EarthLightRay","floor":29.0,"key":"SMITH"},{"data":"EarthLightRay","floor":33.0,"key":"SMITH"},{"data":"CasketOfStar","floor":42,"key":"SMITH"},{"data":"Orbital","floor":47,"key":"SMITH"},{"floor":50,"key":"REST"},{"floor":51,"key":"REST"}],"circlet_count":0,"master_deck":["Strike_MRS","Strike_MRS","Strike_MRS+1","Defend_MRS","Defend_MRS","Defend_MRS+1","Defend_MRS","MasterSpark","CasketOfStar+1","LuminesStrike+1","ShootingEcho","OortCloud+1","MilkyWay+1","EarthLightRay+1","Deep Breath+1","BinaryStars+1","AsteroidBelt+1","OortCloud+1","ShootTheMoon","Orbital+1","StarlightTyphoon+1","EarthLightRay+1","ManaConvection","MilkyWay+1","SuperPerseids+1","Orbital+1","PulseMagic+1","Orbital","CasketOfStar+1","Madness","Madness"],"relics":["BewitchedHakkero","Mango","Bottled Lightning","WarpedTongs","Tiny House","Orrery","Ornamental Fan","HornCleat","Old Coin","Bottled Tornado","Medical Kit","Question Card","Strawberry","Oddly Smooth Stone"],"acts_visited":["Exordium","TheCity","TheBeyond"],"potions_floor_usage":[43,43,52,52],"damage_taken":[{"damage":9.0,"enemies":"Jaw Worm","floor":1.0,"turns":3.0},{"damage":7.0,"enemies":"Small Slimes","floor":4.0,"turns":3.0},{"damage":22.0,"enemies":"Lagavulin","floor":7.0,"turns":7.0},{"damage":2.0,"enemies":"2 Louse","floor":8.0,"turns":2.0},{"damage":1.0,"enemies":"Gremlin Gang","floor":12.0,"turns":4.0},{"damage":2.0,"enemies":"Exordium Thugs","floor":14.0,"turns":3.0},{"damage":3.0,"enemies":"Hexaghost","floor":17.0,"turns":8.0},{"damage":30.0,"enemies":"3 Byrds","floor":19.0,"turns":4.0},{"damage":18.0,"enemies":"2 Thieves","floor":21.0,"turns":4.0},{"damage":6.0,"enemies":"Centurion and Healer","floor":23.0,"turns":7.0},{"damage":38.0,"enemies":"Slavers","floor":24.0,"turns":5.0},{"damage":17.0,"enemies":"Snake Plant","floor":25.0,"turns":4.0},{"damage":12.0,"enemies":"Book of Stabbing","floor":28.0,"turns":6.0},{"damage":0.0,"enemies":"Snecko","floor":30.0,"turns":4.0},{"damage":5.0,"enemies":"Centurion and Healer","floor":32.0,"turns":6.0},{"damage":9.0,"enemies":"Champ","floor":34.0,"turns":12.0},{"damage":24.0,"enemies":"3 Darklings","floor":36.0,"turns":6.0},{"damage":4.0,"enemies":"3 Shapes","floor":37.0,"turns":9.0},{"damage":68.0,"enemies":"Writhing Mass","floor":38.0,"turns":6.0},{"damage":11,"enemies":"Sphere and 2 Shapes","floor":40,"turns":5},{"damage":0,"enemies":"Giant Head","floor":41,"turns":6},{"damage":55,"enemies":"Reptomancer","floor":43,"turns":7},{"damage":2,"enemies":"Spire Growth","floor":46,"turns":4},{"damage":13,"enemies":"Jaw Worm Horde","floor":48,"turns":5},{"damage":66,"enemies":"Awakened One","floor":52,"turns":9}],"seed_played":"8613963185765658654","potions_obtained":[{"floor":12.0,"key":"StarNLove"},{"floor":14.0,"key":"Swift Potion"},{"floor":18.0,"key":"Swift Potion"},{"floor":19.0,"key":"SpeedPotion"},{"floor":23.0,"key":"Strength Potion"},{"floor":28.0,"key":"Regen Potion"},{"floor":32.0,"key":"Dexterity Potion"},{"floor":34.0,"key":"BottledSpark"},{"floor":40,"key":"Regen Potion"},{"floor":43,"key":"Swift Potion"},{"floor":48,"key":"SteroidPotion"}],"is_trial":false,"path_per_floor":["M","?","?","M","?","R","E","M","T","?","R","M","$","M","R","R","B",null,"M","$","M","$","M","E","M","R","T","E","R","M","?","M","R","B",null,"M","M","M","$","M","E","R","E","T","?","M","R","M","?","R","R","B",null],"character_chosen":"MARISA","items_purchased":["Deep Breath","Orrery","Bottled Tornado","Medical Kit"],"campfire_rested":2,"item_purchase_floors":[13,20,39,39],"current_hp_per_floor":[59,44,49,42,42,42,34,32,32,32,32,31,31,33,33,33,34,84,58,58,40,40,44,16,17,17,17,13,13,23,23,44,44,65,91,79,87,31,31,32,50,50,29,29,29,45,45,38,25,56,87,33],"gold":401,"neow_bonus":"ONE_RANDOM_RARE_CARD","is_daily":false,"chose_seed":false,"campfire_upgraded":9,"win_rate":0.0,"timestamp":1612857827,"path_taken":["M","?","?","M","?","R","E","?","T","?","R","?","?","M","R","R","BOSS","M","$","M","$","M","E","M","R","T","E","R","M","?","M","R","BOSS","M","M","M","$","M","E","R","E","T","?","M","R","M","?","R","R","BOSS"],"items_purchased_type":["Card","Relic","Relic","Relic"],"build_version":"2020-12-22","purchased_purges":1,"victory":true,"max_hp_per_floor":[75,75,80,80,80,80,94,94,94,94,94,94,94,94,94,94,94,99,99,99,99,99,99,99,99,99,99,99,99,99,99,99,99,99,99,99,99,99,99,99,99,99,106,106,106,106,106,106,106,106,106,106],"card_choices":[{"not_picked":["GalacticHalo","MachineGunSpark"],"picked":"LuminesStrike","floor":1.0},{"not_picked":["RefractionSpark","NonDirectionalLaser","EnergyRecoil"],"picked":"SKIP","floor":4.0},{"not_picked":["DoubleSpark","StarlightTyphoon"],"picked":"OortCloud","floor":7.0},{"not_picked":["RefractionSpark","IllusionStar"],"picked":"MilkyWay","floor":8.0},{"not_picked":["AsteroidBelt","IllusionStar"],"picked":"EarthLightRay","floor":12.0},{"not_picked":["WitchOfGreed","GrandCross","FairyDestructionRay"],"picked":"SKIP","floor":14.0},{"not_picked":["BigCrunch","CasketOfStar"],"picked":"BinaryStars","floor":17.0},{"not_picked":["ShootingEcho","GrandCross"],"picked":"AsteroidBelt+1","floor":19.0},{"not_picked":["DC","ChargeUpSpray"],"picked":"OortCloud+1","floor":20.0},{"not_picked":["DC","GravityBeat"],"picked":"ShootTheMoon","floor":20.0},{"not_picked":["IllusionStar","Occultation"],"picked":"Orbital","floor":20.0},{"not_picked":["DeepEcoloBomb","Occultation"],"picked":"StarlightTyphoon+1","floor":20.0},{"not_picked":["SporeBomb+1","GalacticHalo"],"picked":"EarthLightRay","floor":20.0},{"not_picked":["SporeBomb","EnergyRecoil"],"picked":"ManaConvection","floor":21.0},{"not_picked":["SuperPerseids","DragonMeteor"],"picked":"MilkyWay+1","floor":23.0},{"not_picked":["BlazingStar","DoubleSpark","MysteriousBeam"],"picked":"SKIP","floor":24.0},{"not_picked":["GravityBeat","SporeBomb","6A"],"picked":"SKIP","floor":25.0},{"not_picked":["GravityBeat+1","IllusionStar"],"picked":"SuperPerseids+1","floor":28.0},{"not_picked":["ManaConvection","GrandCross","Orbital+1"],"picked":"SKIP","floor":30.0},{"not_picked":["ManaConvection","GrandCross"],"picked":"Orbital+1","floor":30.0},{"not_picked":["AbsoluteMagnitude","GravityBeat","6A"],"picked":"SKIP","floor":32.0},{"not_picked":["Acceleration+1","DoubleSpark"],"picked":"PulseMagic+1","floor":36.0},{"not_picked":["StarlightTyphoon","MilkyWay","ShootingEcho+1"],"picked":"SKIP","floor":37.0},{"not_picked":["DC+1","EarthLightRay","SporeBomb"],"picked":"SKIP","floor":38.0},{"not_picked":["6A+1","GalacticHalo+1"],"picked":"Orbital","floor":40},{"not_picked":["FinalSpark","Occultation+1"],"picked":"CasketOfStar","floor":41},{"not_picked":["Singularity+1","DC+1","BlazeAway","OpenUniverse+1"],"picked":"SKIP","floor":43},{"not_picked":["WitchOfGreed+1","AsteroidBelt","ShootingEcho","DoubleSpark"],"picked":"SKIP","floor":46},{"not_picked":["ShootingEcho","EventHorizon","OortCloud","GravityBeat"],"picked":"SKIP","floor":48}],"player_experience":369074,"relics_obtained":[{"floor":7.0,"key":"Mango"},{"floor":9.0,"key":"Bottled Lightning"},{"floor":24.0,"key":"Ornamental Fan"},{"floor":27.0,"key":"HornCleat"},{"floor":28.0,"key":"Old Coin"},{"floor":41,"key":"Question Card"},{"floor":43,"key":"Strawberry"},{"floor":44,"key":"Oddly Smooth Stone"}],"event_choices":[{"damage_healed":0.0,"max_hp_gain":0.0,"max_hp_loss":0.0,"gold_gain":0.0,"event_name":"Shining Light","player_choice":"Entered Light","floor":2.0,"gold_loss":0.0,"damage_taken":15.0,"cards_upgraded":["Defend_MRS","Strike_MRS"]},{"damage_healed":0.0,"max_hp_gain":5.0,"max_hp_loss":0.0,"gold_gain":0.0,"event_name":"Big Fish","player_choice":"Donut","floor":3.0,"gold_loss":0.0,"damage_taken":0.0},{"damage_healed":0.0,"max_hp_gain":0.0,"max_hp_loss":0.0,"gold_gain":0.0,"cards_transformed":["Strike_MRS"],"event_name":"Living Wall","player_choice":"Change","floor":5.0,"gold_loss":0.0,"damage_taken":0.0,"cards_obtained":["ShootingEcho"]},{"damage_healed":0.0,"max_hp_gain":0.0,"max_hp_loss":0.0,"gold_gain":0.0,"event_name":"Accursed Blacksmith","player_choice":"Rummage","floor":10.0,"gold_loss":0.0,"damage_taken":0.0,"relics_obtained":["WarpedTongs"],"cards_obtained":["Pain"]},{"damage_healed":0.0,"max_hp_gain":0.0,"max_hp_loss":0.0,"gold_gain":0.0,"event_name":"Ghosts","player_choice":"Ignored","floor":31.0,"gold_loss":0.0,"damage_taken":0.0},{"cards_removed":["UpSweep"],"damage_healed":0,"gold_gain":0,"player_choice":"Removed Attack","damage_taken":0,"max_hp_gain":0,"max_hp_loss":0,"event_name":"Falling","floor":45,"gold_loss":0},{"damage_healed":0,"gold_gain":0,"player_choice":"Embrace Madness","damage_taken":13,"max_hp_gain":0,"max_hp_loss":0,"event_name":"Winding Halls","floor":49,"gold_loss":0,"cards_obtained":["Madness","Madness"]}],"is_beta":false,"boss_relics":[{"not_picked":["Velvet Choker","Ectoplasm"],"picked":"Tiny House"},{"not_picked":["Philosopher\u0027s Stone","Calling Bell"],"picked":"BewitchedHakkero"}],"items_purged_floors":[13],"is_endless":false,"potions_floor_spawned":[12,14,19,23,28,32,34,37,38,40,43,48],"ascension_level":8}}