{"host":"5p9hybygolzp0efr","time":1612873132,"event":{"mods":["AchievementEnabler","BaseMod","Bestiary","Colored Map","Minty Spire (QoL Compilation)","Permanent Neow","Relic Stats","StSLib"],"gold_per_floor":[110,122,171,183,195,195,195,70,93,104,104,126,126,49,49,145,145,163,262,262,281,6,6,6,22,22,22,50,50,62,62,62,162,162,172,172,189,203,216,216,69,69,69],"floor_reached":42,"language":"ENG","playtime":1751,"items_purged":["Pain","Strike_G","Defend_G"],"score":528,"play_id":"3a990a23-bc08-41c5-b447-14b21ccfe91e","local_time":"20210209201852","is_ascension_mode":true,"campfire_choices":[{"floor":6,"key":"REST"},{"data":"Neutralize","floor":11,"key":"SMITH"},{"data":"Noxious Fumes","floor":13,"key":"SMITH"},{"data":"Prepared","floor":15,"key":"SMITH"},{"data":"After Image","floor":23,"key":"SMITH"},{"data":"Corpse Explosion","floor":29,"key":"SMITH"},{"floor":32,"key":"REST"},{"floor":40,"key":"REST"}],"circlet_count":0,"master_deck":["Strike_G","Defend_G","Defend_G","Defend_G","Survivor","Neutralize+1","Sucker Punch","Prepared+1","Noxious Fumes+1","Predator","Terror","Corpse Explosion+1","After Image+1","Dagger Spray+1","Poisoned Stab","Noxious Fumes","Backflip","Flying Knee","Footwork","Accuracy+1","Masterful Stab+1","Blade Dance+1","Bane+1","Blade Dance"],"relics":["Ring of the Snake","The Specimen","Bag of Preparation","MealTicket","Oddly Smooth Stone","Odd Mushroom","Sozu","Bottled Lightning","Calipers","Astrolabe"],"acts_visited":["Exordium","TheCity","TheBeyond"],"potions_floor_usage":[28],"damage_taken":[{"damage":15,"enemies":"Cultist","floor":1,"turns":6},{"damage":8,"enemies":"Small Slimes","floor":2,"turns":4},{"damage":1,"enemies":"2 Louse","floor":4,"turns":3},{"damage":23,"enemies":"Exordium Thugs","floor":5,"turns":6},{"damage":3,"enemies":"Blue Slaver","floor":10,"turns":4},{"damage":0,"enemies":"The Mushroom Lair","floor":12,"turns":4},{"damage":34,"enemies":"Slime Boss","floor":16,"turns":9},{"damage":1,"enemies":"Shell Parasite","floor":18,"turns":6},{"damage":12,"enemies":"Spheric Guardian","floor":21,"turns":4},{"damage":10,"enemies":"Centurion and Healer","floor":25,"turns":4},{"damage":13,"enemies":"Book of Stabbing","floor":28,"turns":6},{"damage":18,"enemies":"Cultist and Chosen","floor":30,"turns":6},{"damage":34,"enemies":"Collector","floor":33,"turns":9},{"damage":6,"enemies":"Orb Walker","floor":35,"turns":4},{"damage":0,"enemies":"3 Shapes","floor":37,"turns":1},{"damage":9,"enemies":"3 Darklings","floor":38,"turns":3},{"damage":43,"enemies":"Spire Growth","floor":39,"turns":5},{"damage":42,"enemies":"Reptomancer","floor":42,"turns":4}],"seed_played":"-2008782340926056420","potions_obtained":[{"floor":5,"key":"BlessingOfTheForge"},{"floor":12,"key":"LiquidBronze"}],"is_trial":false,"path_per_floor":["M","M","T","M","M","R","?","$","T","M","R","?","R","$","R","B",null,"M","?","?","M","$","R","?","M","T","$","E","R","M","$","R","B",null,"M","?","M","M","M","R","$","E"],"character_chosen":"THE_SILENT","items_purchased":["AttackPotion","Corpse Explosion","Poisoned Stab","Noxious Fumes","Backflip","Blade Dance"],"campfire_rested":3,"item_purchase_floors":[8,14,22,22,22,41],"current_hp_per_floor":[48,40,40,39,16,37,34,49,49,46,46,46,46,61,61,27,59,58,58,58,46,61,61,48,38,38,53,40,40,22,37,59,25,63,57,57,57,48,5,27,42,0,0],"gold":69,"neow_bonus":"ONE_RARE_RELIC","is_daily":false,"chose_seed":false,"campfire_upgraded":5,"win_rate":0.0,"timestamp":1612873132,"path_taken":["M","M","?","M","M","R","?","$","T","M","R","?","R","$","R","BOSS","M","?","?","?","$","R","?","M","T","$","E","R","M","?","R","BOSS","M","?","M","M","M","R","$","E"],"items_purchased_type":["Potion","Card","Card","Card","Card","Card"],"build_version":"2020-12-22","purchased_purges":3,"victory":false,"max_hp_per_floor":[70,70,70,70,70,70,70,70,70,70,70,70,70,70,70,70,70,70,70,70,70,70,70,75,75,75,75,75,75,75,75,75,75,75,75,75,75,75,75,75,75,75,75],"relic_stats":{"Sozu":3,"counters":[18,88],"Astrolabe":["Accuracy","Masterful Stab","Blade Dance"],"MealTicket":90,"Bag of Preparation":[32],"obtain_stats":[{"Sozu":17,"Calipers":28,"The Specimen":0,"Astrolabe":34,"Oddly Smooth Stone":9,"MealTicket":7,"Bag of Preparation":3,"Bottled Lightning":26,"Odd Mushroom":12,"Ring of the Snake":0},{"Sozu":7,"Calipers":11,"The Specimen":0,"Astrolabe":13,"Oddly Smooth Stone":4,"MealTicket":4,"Bag of Preparation":2,"Bottled Lightning":10,"Odd Mushroom":6,"Ring of the Snake":0},{"Sozu":36,"Calipers":56,"The Specimen":0,"Astrolabe":71,"Oddly Smooth Stone":19,"MealTicket":19,"Bag of Preparation":10,"Bottled Lightning":50,"Odd Mushroom":27,"Ring of the Snake":0}],"Ring of the Snake":[36]},"card_choices":[{"not_picked":["Dodge and Roll","Distraction"],"picked":"Sucker Punch","floor":1},{"not_picked":["Heel Hook","Slice"],"picked":"Prepared","floor":2},{"not_picked":["Dagger Throw","Escape Plan"],"picked":"Noxious Fumes","floor":4},{"not_picked":["Outmaneuver","Cloak And Dagger"],"picked":"Predator","floor":5},{"not_picked":["Tactician","Dagger Throw"],"picked":"Terror","floor":10},{"not_picked":["Venomology","Malaise"],"picked":"After Image","floor":16},{"not_picked":["Outmaneuver","Underhanded Strike","Blade Dance"],"picked":"SKIP","floor":18},{"not_picked":["Heel Hook","Deflect+1"],"picked":"Dagger Spray+1","floor":21},{"not_picked":["Infinite Blades","Concentrate"],"picked":"Flying Knee","floor":25},{"not_picked":["Sucker Punch","Quick Slash"],"picked":"Footwork","floor":28},{"not_picked":["Cloak And Dagger","Acrobatics","Burst"],"picked":"SKIP","floor":30},{"not_picked":["Dagger Throw+1","Prepared+1","Backflip"],"picked":"SKIP","floor":35},{"not_picked":["Caltrops+1","Deflect","Underhanded Strike+1"],"picked":"SKIP","floor":37},{"not_picked":["Dagger Spray+1","Accuracy+1"],"picked":"Bane+1","floor":38},{"not_picked":["Acrobatics+1","Reflex","Well Laid Plans"],"picked":"SKIP","floor":39}],"player_experience":605755,"relics_obtained":[{"floor":3,"key":"Bag of Preparation"},{"floor":9,"key":"Oddly Smooth Stone"},{"floor":12,"key":"Odd Mushroom"},{"floor":26,"key":"Bottled Lightning"},{"floor":28,"key":"Calipers"}],"event_choices":[{"damage_healed":0,"gold_gain":0,"player_choice":"Success","damage_taken":3,"relics_obtained":["MealTicket"],"max_hp_gain":0,"max_hp_loss":0,"event_name":"Scrap Ooze","floor":7,"gold_loss":0},{"damage_healed":0,"gold_gain":0,"player_choice":"Fought Mushrooms","damage_taken":0,"max_hp_gain":0,"max_hp_loss":0,"event_name":"Mushrooms","floor":12,"gold_loss":0},{"damage_healed":0,"gold_gain":99,"player_choice":"Stole From Cult","damage_taken":0,"max_hp_gain":0,"max_hp_loss":0,"event_name":"Nest","floor":19,"gold_loss":0},{"damage_healed":0,"gold_gain":0,"player_choice":"Got Potions","damage_taken":0,"max_hp_gain":0,"max_hp_loss":0,"event_name":"Lab","floor":20,"gold_loss":0},{"damage_healed":0,"gold_gain":0,"player_choice":"Shed Blood","damage_taken":18,"max_hp_gain":5,"max_hp_loss":0,"event_name":"Forgotten Altar","floor":24,"gold_loss":0},{"cards_removed":["Strike_G"],"damage_healed":0,"gold_gain":0,"player_choice":"Purged","damage_taken":0,"max_hp_gain":0,"max_hp_loss":0,"event_name":"Purifier","floor":36,"gold_loss":0}],"is_beta":false,"boss_relics":[{"not_picked":["SacredBark","Ectoplasm"],"picked":"Sozu"},{"not_picked":["Runic Pyramid","Velvet Choker"],"picked":"Astrolabe"}],"items_purged_floors":[8,22,41],"is_endless":false,"potions_floor_spawned":[5,12,16,21,33,38,39],"killed_by":"Reptomancer","ascension_level":6}}