{"host":"9rehsd5oi9uaydbk","time":1612898277,"event":{"mods":["BaseMod","Curses Come First","Downfall","Hermit","Hubris","Minty Spire (QoL Compilation)","Reliquary","StSLib","The Disciple","The Jungle","The Necromancer","The Runesmith"],"gold_per_floor":[99,119,132,46,46,46,92,109,109,109,126,145,145,164,184,279,279,279,289,300,400,419,429,504,504,536,550,550,21,33,33,48,153,153,153,171,185,185,202,18,18,34,34,52,63,74,74,74,85,85,85,85],"floor_reached":50,"language":"ENG","playtime":3463,"items_purged":[],"score":514,"play_id":"56cc79e3-0bd4-432c-b12f-c06565cae6b8","local_time":"20210209141757","is_ascension_mode":false,"campfire_choices":[{"data":"Slimebound:CorrosiveSpit","floor":1,"key":"SMITH"},{"data":"Slimebound:Split","floor":10,"key":"SMITH"},{"data":"Slimebound:ItLooksTasty","floor":13,"key":"SMITH"},{"data":"Slimebound:Repurpose","floor":18,"key":"SMITH"},{"floor":28,"key":"REST"},{"data":"Slimebound:WasteNot","floor":35,"key":"SMITH"},{"floor":43,"key":"REST"},{"floor":47,"key":"REST"}],"circlet_count":0,"master_deck":["Slimebound:Strike_Slimebound","Slimebound:Strike_Slimebound","Slimebound:Strike_Slimebound","Slimebound:Tackle","Slimebound:Defend_Slimebound","Slimebound:Defend_Slimebound","Slimebound:Defend_Slimebound","Slimebound:Defend_Slimebound","Slimebound:Split+1","Slimebound:CorrosiveSpit+1","Slimebound:ItLooksTasty+1","Slimebound:SplitAcid","Slimebound:Repurpose+1","Slimebound:RejuvenatingLick","Slimebound:LivingWall","Slimebound:SamplingLick","Slimebound:LivingWall","Slimebound:WasteNot+1","Slimebound:SplitLeeching","Slimebound:SplitMire","Slimebound:SlimeSpikes","Slimebound:RallyTheTroops","Slimebound:GoopSpray","Slimebound:RainOfGoop","expansioncontent:QuickStudy","Slimebound:HauntingLick+1","Slimebound:HauntingLick","Slimebound:MassRepurpose","Slimebound:HauntingLick+1","Slimebound:GoopSpray+1","Slimebound:LeadByExample","Slimebound:Gluttony","Slimebound:SlimeTap","Slimebound:Schlurp+1","Parasite","Slimebound:Schlurp","Slimebound:LeechingTouch"],"relics":["Slimebound:AbsorbEndCombat","reliquary:PartyBalloon","SacredBark","InkBottle","reliquary:TuningFork","Art of War","hubris:Towel","Black Star","hubris:SphereOfDissonance"],"acts_visited":["Exordium","TheCity","TheBeyond"],"potions_floor_usage":[16,16,16,16,16,16,20,23,26,27,30,33,33,42,50,50],"damage_taken":[{"damage":3,"enemies":"Cultist","floor":2,"turns":4},{"damage":0,"enemies":"2 Louse","floor":3,"turns":2},{"damage":11,"enemies":"downfall:FleeingMerchant","floor":4,"turns":4},{"damage":6,"enemies":"Jaw Worm","floor":8,"turns":3},{"damage":8,"enemies":"Exordium Wildlife","floor":11,"turns":3},{"damage":0,"enemies":"Red Slaver","floor":12,"turns":3},{"damage":7,"enemies":"Gremlin Gang","floor":14,"turns":5},{"damage":7,"enemies":"2 Fungi Beasts","floor":15,"turns":2},{"damage":10,"enemies":"IC_STATUS_ARCHETYPE","floor":16,"turns":5},{"damage":18,"enemies":"Spheric Guardian","floor":19,"turns":6},{"damage":4,"enemies":"Shell Parasite","floor":20,"turns":5},{"damage":25,"enemies":"Snake Plant","floor":22,"turns":3},{"damage":0,"enemies":"Snecko","floor":23,"turns":4},{"damage":45,"enemies":"Book of Stabbing","floor":26,"turns":6},{"damage":2,"enemies":"Shelled Parasite and Fungi","floor":27,"turns":5},{"damage":0,"enemies":"downfall:FleeingMerchant","floor":29,"turns":4},{"damage":16,"enemies":"3 Cultists","floor":30,"turns":5},{"damage":2,"enemies":"Cultist and Chosen","floor":32,"turns":4},{"damage":38,"enemies":"WA_ARCHETYPE_CALM","floor":33,"turns":9},{"damage":5,"enemies":"Orb Walker","floor":36,"turns":4},{"damage":19,"enemies":"3 Darklings","floor":37,"turns":7},{"damage":18,"enemies":"3 Darklings","floor":38,"turns":5},{"damage":48,"enemies":"Sphere and 2 Shapes","floor":39,"turns":6},{"damage":8,"enemies":"downfall:FleeingMerchant","floor":40,"turns":4},{"damage":11,"enemies":"Transient","floor":42,"turns":5},{"damage":4,"enemies":"4 Shapes","floor":44,"turns":6},{"damage":17,"enemies":"Writhing Mass","floor":45,"turns":5},{"damage":38,"enemies":"Maw","floor":46,"turns":8},{"damage":66,"enemies":"Jaw Worm Horde","floor":49,"turns":5},{"damage":79,"enemies":"DF_ARCHETYPE_ORBS","floor":50,"turns":8}],"seed_played":"-7046680993808784594","potions_obtained":[{"floor":2,"key":"CultistPotion"},{"floor":3,"key":"EntropicBrew"},{"floor":12,"key":"Energy Potion"},{"floor":16,"key":"FearPotion"},{"floor":22,"key":"FearPotion"},{"floor":23,"key":"Fire Potion"},{"floor":26,"key":"CultistPotion"},{"floor":30,"key":"Slimebound:SlimyTonguePotion"},{"floor":36,"key":"Slimebound:SlimedPotion"},{"floor":42,"key":"hexamod:SoulburnPotion"},{"floor":49,"key":"DuplicationPotion"}],"is_trial":false,"path_per_floor":["R","M","M","$","?","?","T","M","?","R","M","M","R","M","M","B",null,"R","M","M","?","M","M","T","?","E","M","R","$","M","?","M","B",null,"R","M","M","?","M","$","T","M","R","M","M","M","R","?","M","B"],"character_chosen":"SLIMEBOUND","items_purchased":["Slimebound:RejuvenatingLick","FairyPotion","Art of War","expansioncontent:QuickStudy","Weak Potion","Explosive Potion","Fruit Juice","Slimebound:Gluttony"],"campfire_rested":3,"item_purchase_floors":[4,29,29,29,29,29,40,40],"current_hp_per_floor":[71,71,71,66,69,69,69,67,67,67,65,67,67,66,63,61,74,74,60,62,62,41,45,45,45,8,14,36,40,32,32,36,6,74,74,71,60,48,8,6,6,13,38,40,31,1,26,73,13,0,0,0],"gold":85,"neow_bonus":"TEN_PERCENT_HP_BONUS","is_daily":false,"chose_seed":false,"campfire_upgraded":5,"win_rate":0.0,"timestamp":1612898277,"path_taken":["R","M","M","?","?","?","T","?","?","R","M","M","R","M","M","BOSS","R","M","M","?","?","?","T","?","E","M","R","$","M","?","M","BOSS","R","M","M","?","M","$","T","M","R","M","M","M","R","?","M","BOSS"],"items_purchased_type":["Card","Potion","Relic","Card","Potion","Potion","Potion","Card"],"build_version":"2020-12-22","purchased_purges":0,"victory":false,"max_hp_per_floor":[71,71,71,71,74,74,74,74,74,74,74,74,74,74,74,74,74,74,74,74,74,74,74,74,74,74,74,74,74,74,74,74,74,74,74,74,74,74,74,74,74,84,84,84,84,84,84,73,73,73,73,73],"card_choices":[{"not_picked":["Slimebound:RainOfGoop","Slimebound:GrowthPunch"],"picked":"Slimebound:ItLooksTasty","floor":2},{"not_picked":["Slimebound:DivideAndConquer","Slimebound:FlameTackle"],"picked":"Slimebound:SplitAcid","floor":3},{"not_picked":["Slimebound:PressTheAttack","Slimebound:Prepare"],"picked":"Slimebound:Repurpose","floor":4},{"not_picked":["Slimebound:RollThrough","Slimebound:Chomp"],"picked":"Slimebound:LivingWall","floor":8},{"not_picked":["Slimebound:RollThrough","Slimebound:GoopTackle"],"picked":"Slimebound:SamplingLick","floor":11},{"not_picked":["Slimebound:SplitAcid","Slimebound:GoopTackle","Slimebound:Prepare"],"picked":"SKIP","floor":12},{"not_picked":["Slimebound:SlimeBrawl","Slimebound:Prepare","Slimebound:FinishingTackle"],"picked":"SKIP","floor":14},{"not_picked":["Slimebound:FinishingTackle","Slimebound:ForwardTackle"],"picked":"Slimebound:LivingWall","floor":15},{"not_picked":["Slimebound:OneTwoCombo","Slimebound:PrepareCrush"],"picked":"Slimebound:WasteNot","floor":16},{"not_picked":["Slimebound:DisruptingSlam+1","Slimebound:PressTheAttack"],"picked":"Slimebound:SplitLeeching","floor":19},{"not_picked":["Slimebound:FormOfPuddle","Slimebound:ComboTackle"],"picked":"Slimebound:SplitMire","floor":20},{"not_picked":["Slimebound:MegaLick","Slimebound:DisruptingSlam"],"picked":"Slimebound:SlimeSpikes","floor":22},{"not_picked":["Slimebound:SplitLeeching+1","Slimebound:SlimeSpikes+1"],"picked":"Slimebound:RallyTheTroops","floor":23},{"not_picked":["Slimebound:FormOfPuddle","Slimebound:DivideAndConquer","Slimebound:LeechEnergy"],"picked":"SKIP","floor":26},{"not_picked":["Slimebound:SlimeSpikes","Slimebound:LeechEnergy"],"picked":"Slimebound:GoopSpray","floor":27},{"not_picked":["Slimebound:DouseInSlime","Slimebound:Prepare"],"picked":"Slimebound:RainOfGoop","floor":29},{"not_picked":["Slimebound:GoopSpray+1","Slimebound:SlimeSpikes"],"picked":"Slimebound:HauntingLick+1","floor":30},{"not_picked":["Slimebound:Equalize+1","Slimebound:RainOfGoop"],"picked":"Slimebound:HauntingLick","floor":32},{"not_picked":["Slimebound:WasteNot","Slimebound:Overexert"],"picked":"Slimebound:MassRepurpose","floor":33},{"not_picked":["Slimebound:SlimeSpikes","Slimebound:FinishingTackle+1"],"picked":"Slimebound:HauntingLick+1","floor":36},{"not_picked":["Slimebound:SplitSpecialist+1","Slimebound:ComboTackle"],"picked":"Slimebound:GoopSpray+1","floor":37},{"not_picked":["Slimebound:SplitSpecialist+1","Slimebound:LivingWall+1"],"picked":"Slimebound:LeadByExample","floor":38},{"not_picked":["Slimebound:DisruptingSlam+1","Slimebound:ItLooksTasty","Slimebound:SlimeBrawl"],"picked":"SKIP","floor":39},{"not_picked":["Slimebound:SplitMire+1","Slimebound:ItLooksTasty","Slimebound:RainOfGoop"],"picked":"SKIP","floor":40},{"not_picked":["Slimebound:SlimeSpikes+1","Slimebound:BestDefense+1"],"picked":"Slimebound:SlimeTap","floor":42},{"not_picked":["Slimebound:AcidTongue+1","Slimebound:ComboTackle+1"],"picked":"Slimebound:Schlurp+1","floor":44},{"not_picked":["Slimebound:LeadByExample","Slimebound:SplitBruiser+1","Slimebound:Equalize"],"picked":"SKIP","floor":45},{"not_picked":["Slimebound:SpikyOuterGoop+1","Slimebound:SplitMire+1"],"picked":"Slimebound:Schlurp","floor":46},{"not_picked":["Slimebound:GoopSpray+1","Slimebound:FlameTackle+1"],"picked":"Slimebound:LeechingTouch","floor":49}],"player_experience":180294,"relics_obtained":[{"floor":7,"key":"reliquary:PartyBalloon"},{"floor":24,"key":"InkBottle"},{"floor":26,"key":"reliquary:TuningFork"},{"floor":41,"key":"hubris:SphereOfDissonance"}],"event_choices":[],"is_beta":false,"boss_relics":[{"not_picked":["Sozu","Coffee Dripper"],"picked":"SacredBark"},{"not_picked":["reliquary:WritOfMandamus","Velvet Choker"],"picked":"Black Star"}],"items_purged_floors":[],"is_endless":false,"potions_floor_spawned":[2,3,12,16,22,23,26,30,32,36,42,49],"killed_by":"DF_ARCHETYPE_ORBS","ascension_level":0}}