{"host":"8fl9fk3sx00hvnsh","time":1612889032,"event":{"mods":["BaseMod","Bestiary","Bossed Relics","Colored Powertips","Custom Start","Downfall","Minty Spire (QoL Compilation)","Reliquary","Replay The Spire","StSLib","The Blue Laboratory","The Dragon Tamer","The Gatherer","The Marked","The Wild Card"],"gold_per_floor":[349,359,369,388,35,61,61,76,89,89,131,31,31,44,57,157,157,157,171,191,191,205,205,231,34,89,142,142,142,142,200,211,307,307,307,322,445,502,502,502,502,502,532,584,640,676,731,162,174,174],"floor_reached":51,"language":"ENG","playtime":3534,"items_purged":["Amnesia","Pain"],"score":810,"play_id":"d7d4dbc4-29a2-47ee-8050-adc3e019d6e7","local_time":"20210209114352","is_ascension_mode":false,"campfire_choices":[{"floor":1,"key":"DIG"},{"data":"Guardian:CrystalBeam","floor":10,"key":"SMITH"},{"floor":12,"key":"REST"},{"data":"Guardian:BaubleBeam","floor":18,"key":"SMITH"},{"data":"Guardian:BaubleBeam","floor":23,"key":"SMITH"},{"data":"Guardian:TwinSlam","floor":28,"key":"SMITH"},{"data":"Guardian:BronzeOrb","floor":30,"key":"SMITH"},{"data":"Guardian:GemFire","floor":42,"key":"SMITH"}],"circlet_count":0,"master_deck":["Guardian:Strike_Guardian","Guardian:Strike_Guardian","Guardian:Strike_Guardian","Guardian:Defend_Guardian","Guardian:Defend_Guardian","Guardian:Defend_Guardian","Guardian:CurlUp","Guardian:TwinSlam+1","Guardian:CrystalBeam+1","Guardian:PrimingBeam","Guardian:ShieldCharger","Guardian:ChargeCore","Guardian:Recover","Guardian:BaubleBeam+1","Guardian:BronzeOrb+1","Guardian:PiercingHide","Guardian:PrimingBeam","Guardian:BaubleBeam+1","Guardian:TemporalStrike","Guardian:TimeBomb+1","Guardian:BaubleBeam+1","Guardian:CrystalBeam+1","Guardian:GemFire+1","Guardian:CrystalBeam","Guardian:CrystalBeam+1","Guardian:BodySlam","Guardian:RollAttack","Guardian:Clone+1","expansioncontent:YouAreMine","expansioncontent:LastStand","expansioncontent:Hexaburn","Guardian:ExploitGems","Guardian:Reroute","Guardian:CrystalBeam+1","Guardian:Gem_Cyan","Guardian:Gem_Purple","Guardian:StasisField","Guardian:Orbwalk"],"relics":["Guardian:ModeShifter","Replay:Ringing Soul","Divine Protection","reliquary:TridentHead","Onion Ring","downfall:HeartBlessingBlue","SlaversCollar","downfall:KnowingSkull","Happy Flower","DollysMirror","Astrolabe","ReplayTheSpireMod:Shallot","Pocketwatch","Du-Vu Doll","reliquary:Bookmark","Anchor"],"acts_visited":["Exordium","TheCity","TheBeyond"],"potions_floor_usage":[9,9,45],"damage_taken":[{"damage":1,"enemies":"Cultist","floor":2,"turns":4},{"damage":0,"enemies":"Small Slimes","floor":3,"turns":3},{"damage":6,"enemies":"2 Louse","floor":4,"turns":3},{"damage":0,"enemies":"downfall:FleeingMerchant","floor":5,"turns":4},{"damage":26,"enemies":"3 Sentries","floor":6,"turns":11},{"damage":3,"enemies":"Large Slime","floor":8,"turns":8},{"damage":0,"enemies":"Exordium Thugs","floor":9,"turns":2},{"damage":0,"enemies":"Gremlin Gang","floor":14,"turns":3},{"damage":0,"enemies":"2 Fungi Beasts","floor":15,"turns":1},{"damage":8,"enemies":"SI_SHIV_ARCHETYPE","floor":16,"turns":10},{"damage":0,"enemies":"Shell Parasite","floor":19,"turns":5},{"damage":0,"enemies":"Spheric Guardian","floor":20,"turns":3},{"damage":2,"enemies":"Centurion and Healer","floor":22,"turns":9},{"damage":3,"enemies":"downfall:FleeingMerchant","floor":25,"turns":4},{"damage":11,"enemies":"Snake Plant","floor":26,"turns":4},{"damage":3,"enemies":"Shelled Parasite and Fungi","floor":27,"turns":2},{"damage":0,"enemies":"Centurion and Healer","floor":31,"turns":2},{"damage":3,"enemies":"Chosen and Byrds","floor":32,"turns":5},{"damage":72,"enemies":"IC_MUSHROOM_ARCHETYPE","floor":33,"turns":9},{"damage":0,"enemies":"Orb Walker","floor":36,"turns":2},{"damage":7,"enemies":"downfall:FleeingMerchant","floor":37,"turns":4},{"damage":0,"enemies":"3 Darklings","floor":38,"turns":1},{"damage":0,"enemies":"Giant Head","floor":43,"turns":4},{"damage":0,"enemies":"Jaw Worm Horde","floor":44,"turns":2},{"damage":13,"enemies":"Transient","floor":45,"turns":5},{"damage":11,"enemies":"Maw","floor":46,"turns":5},{"damage":0,"enemies":"2 Orb Walkers","floor":47,"turns":1},{"damage":0,"enemies":"Sphere and 2 Shapes","floor":49,"turns":1},{"damage":25,"enemies":"DF_ARCHETYPE_ORBS","floor":50,"turns":4}],"seed_played":"-2599270047731215312","potions_obtained":[{"floor":3,"key":"DistilledChaos"},{"floor":6,"key":"SpeedPotion"},{"floor":8,"key":"FearPotion"},{"floor":16,"key":"Block Potion"},{"floor":19,"key":"ColorlessPotion"},{"floor":40,"key":"FairyPotion"},{"floor":40,"key":"BlessingOfTheForge"},{"floor":46,"key":"Ancient Potion"}],"is_trial":false,"path_per_floor":["R","M","M","M","$","E","T","M","M","R","?","R","?","M","M","B",null,"R","M","M","?","M","R","T","$","M","M","R","?","R","M","M","B",null,"R","M","$","M","?","?","T","R","E","M","M","M","?","$","M","B",null],"character_chosen":"GUARDIAN","items_purchased":["Divine Protection","Guardian:Gem_Red","Guardian:ShieldCharger","DollysMirror","Guardian:Gem_Red","Guardian:BodySlam","Guardian:RollAttack","reliquary:Bookmark","Anchor","Guardian:Gem_Purple","Guardian:StasisField","Guardian:Orbwalk"],"campfire_rested":1,"item_purchase_floors":[5,5,5,25,37,37,37,48,48,48,48,48],"current_hp_per_floor":[72,74,77,74,77,54,54,54,57,57,23,64,67,70,73,68,118,118,121,124,116,117,117,117,117,109,106,106,109,109,112,112,43,145,169,172,168,171,164,164,164,164,164,167,157,149,152,155,155,130],"gold":174,"neow_bonus":"TWO_FIFTY_GOLD","is_daily":false,"chose_seed":false,"campfire_upgraded":6,"win_rate":0.0,"timestamp":1612889032,"path_taken":["R","M","M","?","$","E","T","M","M","R","?","R","?","M","M","BOSS","R","M","M","?","M","R","T","$","?","M","R","?","R","M","M","BOSS","R","M","?","M","?","?","T","R","E","M","M","?","?","$","M","BOSS"],"items_purchased_type":["Relic","Card","Card","Relic","Card","Card","Card","Relic","Relic","Card","Card","Card"],"build_version":"2020-12-22","purchased_purges":2,"victory":true,"max_hp_per_floor":[72,75,78,81,84,87,87,90,93,93,96,106,109,112,115,118,118,118,121,124,124,127,127,127,130,133,133,133,136,136,139,142,145,145,169,172,175,178,181,181,181,181,181,184,187,190,193,196,196,196],"card_choices":[{"not_picked":["Guardian:WalkerClaw","Guardian:PiercingHide"],"picked":"Guardian:CrystalBeam","floor":2},{"not_picked":["Guardian:Gem_Cyan","Guardian:ArmoredProtocol"],"picked":"Guardian:Gem_Fragmented","floor":3},{"not_picked":["Guardian:WalkerClaw","Guardian:TemporalShield"],"picked":"Guardian:PrimingBeam","floor":4},{"not_picked":["Guardian:PrimingBeam","Guardian:FastForward"],"picked":"Guardian:Gem_Red","floor":5},{"not_picked":["Guardian:TemporalShield","Guardian:Incinerate"],"picked":"Guardian:FastForward","floor":6},{"not_picked":["Guardian:Suspension","Guardian:Gem_Green"],"picked":"Guardian:ChargeCore","floor":8},{"not_picked":["Guardian:ShieldCharger","Guardian:RollAttack"],"picked":"Guardian:Recover","floor":9},{"not_picked":["Guardian:VentSteam","Guardian:Recover"],"picked":"Guardian:Gem_Lightblue","floor":11},{"not_picked":["Guardian:TemporalStrike","Guardian:RollAttack"],"picked":"Guardian:Gem_Cyan","floor":11},{"not_picked":["Guardian:ShieldCharger","Guardian:Incinerate"],"picked":"Guardian:PiercingHide","floor":14},{"not_picked":["Guardian:ChargeCore","Guardian:PiercingHide"],"picked":"Guardian:PrimingBeam","floor":15},{"not_picked":["Guardian:AncientConstruct","Guardian:StasisField"],"picked":"Guardian:BaubleBeam","floor":16},{"not_picked":["Guardian:TemporalShield","Guardian:PrismaticBarrier+1"],"picked":"Guardian:TemporalStrike","floor":19},{"not_picked":["Guardian:EvasiveProtocol+1","Guardian:Reroute"],"picked":"Guardian:Gem_White","floor":20},{"not_picked":["Guardian:RefractedBeam","Guardian:SpikerProtocol"],"picked":"Guardian:TimeBomb+1","floor":22},{"not_picked":["Guardian:PrismaticBarrier","Guardian:TemporalShield+1"],"picked":"Guardian:Gem_Blue","floor":25},{"not_picked":["Guardian:ConstructionForm","Guardian:PrimingBeam+1"],"picked":"Guardian:CrystalBeam+1","floor":26},{"not_picked":["Guardian:TemporalStrike","Guardian:PrimingBeam","Guardian:ShieldCharger"],"picked":"SKIP","floor":27},{"not_picked":["Guardian:BodySlam","Guardian:Gem_Cyan"],"picked":"Guardian:Gem_Lightblue","floor":31},{"not_picked":["Guardian:Incinerate+1","Guardian:WalkerClaw"],"picked":"Guardian:Gem_Blue","floor":32},{"not_picked":["Guardian:TimeSifter","Guardian:RevengeProtocol"],"picked":"Guardian:GemFire","floor":33},{"not_picked":["Guardian:Gem_Red","Guardian:Gem_Cyan"],"picked":"Guardian:CrystalBeam","floor":36},{"not_picked":["Guardian:BodySlam","Guardian:Gem_Purple"],"picked":"Guardian:CrystalBeam+1","floor":37},{"not_picked":["Guardian:Gem_Cyan","Guardian:Incinerate"],"picked":"Guardian:Clone+1","floor":38},{"not_picked":["expansioncontent:Hexaburn","Replay:SS_forest_2"],"picked":"expansioncontent:YouAreMine","floor":39},{"not_picked":["Replay:SS_fish_1","expansioncontent:HyperBeam"],"picked":"expansioncontent:LastStand","floor":39},{"not_picked":["expansioncontent:HyperBeam","expansioncontent:PolyBeam"],"picked":"expansioncontent:Hexaburn","floor":39},{"not_picked":["Guardian:Repulse+1","Guardian:TemporalShield","Guardian:ChargeCore+1"],"picked":"SKIP","floor":43},{"not_picked":["Guardian:ChargeUp","Guardian:ChargeCore"],"picked":"Guardian:ExploitGems","floor":44},{"not_picked":["Guardian:ChargeCore+1","Guardian:TemporalStrike+1"],"picked":"Guardian:Reroute","floor":45},{"not_picked":["Guardian:TemporalStrike+1","Guardian:ChargeCore+1"],"picked":"Guardian:CrystalBeam+1","floor":46},{"not_picked":["Guardian:PiercingHide","Guardian:Orbwalk"],"picked":"Guardian:Gem_Cyan","floor":47},{"not_picked":["Guardian:AncientConstruct","Guardian:GuardianWhirl+1","Guardian:Gem_Cyan"],"picked":"SKIP","floor":49}],"player_experience":248346,"relics_obtained":[{"floor":1,"key":"Replay:Ringing Soul"},{"floor":6,"key":"reliquary:TridentHead"},{"floor":11,"key":"Onion Ring"},{"floor":24,"key":"Happy Flower"},{"floor":41,"key":"ReplayTheSpireMod:Shallot"},{"floor":43,"key":"Pocketwatch"},{"floor":47,"key":"Du-Vu Doll"}],"event_choices":[{"damage_healed":0,"gold_gain":0,"player_choice":"Got Potions","damage_taken":0,"max_hp_gain":0,"max_hp_loss":0,"event_name":"Lab","floor":40,"gold_loss":0},{"damage_healed":0,"gold_gain":0,"player_choice":"Fight","damage_taken":0,"max_hp_gain":0,"max_hp_loss":0,"event_name":"Mysterious Sphere","floor":47,"gold_loss":0}],"is_beta":false,"boss_relics":[{"not_picked":["SacredBark","Empty Cage"],"picked":"SlaversCollar"},{"not_picked":["Painkiller Herb","Ring of Chaos"],"picked":"Astrolabe"}],"items_purged_floors":[25,37],"is_endless":false,"potions_floor_spawned":[3,6,8,16,19,20,26,44,46,47,49],"ascension_level":0}}