{"host":"c6xy0a74zz7y4nf6","time":1612839450,"event":{"mods":["BaseMod","Colored Map","Downfall","Googly Eyes","Minty Spire (QoL Compilation)","Replay The Spire","Spire Arcade","StSLib","The Death Knight","The Exalted","thorton"],"gold_per_floor":[111,111,111,111,130,169,190,211,211,211,237,237,237,56,56,162,162,213,213,65,100,100,100],"floor_reached":21,"language":"ENG","playtime":853,"items_purged":[],"score":227,"play_id":"7e6b5245-4265-4e3d-bc03-07a09ddba857","local_time":"20210208205730","is_ascension_mode":false,"campfire_choices":[{"floor":10,"key":"REST"},{"floor":12,"key":"REST"},{"floor":15,"key":"REST"}],"circlet_count":0,"master_deck":["thethorton:Strike","thethorton:Strike","thethorton:Strike","thethorton:Strike","thethorton:Defend","thethorton:Defend","thethorton:Defend","thethorton:Defend","thethorton:Heckle","thethorton:CreditCard","Normality","thethorton:BusinessBash","thethorton:BusinessBurst","thethorton:DoubleRun","thethorton:BusinessCard","thethorton:ShoutAndRun","thethorton:SicklyRun+1","Transmutation+1","thethorton:Portfolio+1","thethorton:DoubleRun+1","thethorton:Hexaghostify+1"],"relics":["thethorton:CouragePotion","NeowsBlessing","Sundial","Toxic Egg 2","Question Card","thethorton:CrushedCigarette","Juzu Bracelet","thethorton:Resume"],"acts_visited":["Exordium","TheCity"],"potions_floor_usage":[8,16,21,21],"damage_taken":[{"damage":0,"enemies":"2 Louse","floor":1,"turns":1},{"damage":0,"enemies":"Cultist","floor":5,"turns":1},{"damage":0,"enemies":"Gremlin Nob","floor":6,"turns":2},{"damage":17,"enemies":"Jaw Worm","floor":7,"turns":6},{"damage":41,"enemies":"Gremlin Gang","floor":8,"turns":5},{"damage":29,"enemies":"Exordium Wildlife","floor":11,"turns":7},{"damage":2,"enemies":"Fading Forest","floor":16,"turns":11},{"damage":85,"enemies":"Spheric Guardian","floor":18,"turns":10},{"damage":4,"enemies":"Chosen","floor":21,"turns":3}],"seed_played":"-5172040237606363767","potions_obtained":[{"floor":3,"key":"FairyPotion"},{"floor":3,"key":"FearPotion"},{"floor":3,"key":"Venom Potion"},{"floor":6,"key":"sneckomod:MuddlingPotion"},{"floor":11,"key":"PowerPotion"},{"floor":16,"key":"Languid Potion"}],"is_trial":false,"path_per_floor":["M","$","?","$","M","E","M","M","T","R","M","R","?","$","R","B",null,"M","?","$","M"],"character_chosen":"THE_THORT","items_purchased":["Transmutation+1","thethorton:Resume"],"campfire_rested":3,"item_purchase_floors":[14,20],"current_hp_per_floor":[68,68,68,68,68,68,51,10,10,30,1,21,21,21,41,49,68,4,4,4,0,0,0],"gold":100,"neow_bonus":"THREE_ENEMY_KILL","is_daily":false,"chose_seed":false,"campfire_upgraded":0,"win_rate":0.0,"timestamp":1612839450,"path_taken":["M","$","?","?","M","E","?","M","T","R","M","R","?","$","R","BOSS","M","?","$","M"],"items_purchased_type":["Card","Relic"],"build_version":"2020-12-22","purchased_purges":0,"victory":false,"max_hp_per_floor":[68,68,68,68,68,68,68,68,68,68,68,68,68,68,68,68,68,68,68,68,68,68,68],"card_choices":[{"not_picked":["thethorton:HitAhead","thethorton:ShoutAndRun"],"picked":"thethorton:BusinessBash","floor":1},{"not_picked":["thethorton:DualBap","thethorton:ElbowSmash"],"picked":"thethorton:BusinessBurst","floor":5},{"not_picked":["thethorton:DockPay","thethorton:Rebalance"],"picked":"thethorton:DoubleRun","floor":6},{"not_picked":["thethorton:TakeAccounts","thethorton:DownPayment"],"picked":"thethorton:BusinessCard","floor":7},{"not_picked":["thethorton:BookBash","thethorton:BusinessCard"],"picked":"thethorton:ShoutAndRun","floor":8},{"not_picked":["thethorton:HedgeFund","thethorton:ShoutAndRun+1","thethorton:RunningKick"],"picked":"thethorton:SicklyRun+1","floor":11},{"not_picked":["thethorton:Fish+1","thethorton:AdministrativeActions+1","thethorton:MidnightStrike"],"picked":"thethorton:Portfolio+1","floor":16},{"not_picked":["thethorton:SeeingDouble+1","thethorton:WhirlingBriefcase","thethorton:Crash"],"picked":"thethorton:DoubleRun+1","floor":18}],"player_experience":109363,"relics_obtained":[{"floor":6,"key":"Sundial"},{"floor":9,"key":"Toxic Egg 2"}],"event_choices":[{"damage_healed":0,"gold_gain":0,"player_choice":"Got Potions","damage_taken":0,"max_hp_gain":0,"max_hp_loss":0,"event_name":"Lab","floor":3,"gold_loss":0},{"damage_healed":0,"gold_gain":0,"player_choice":"Ignored","damage_taken":0,"max_hp_gain":0,"max_hp_loss":0,"event_name":"NoteForYourself","floor":13,"gold_loss":0}],"is_beta":false,"boss_relics":[{"not_picked":["Coffee Dripper","Painkiller Herb"],"picked":"thethorton:CrushedCigarette"}],"items_purged_floors":[],"is_endless":false,"potions_floor_spawned":[6,7,11,16],"killed_by":"Chosen","ascension_level":0}}