{"host":"yans4pr1zf0lm9bx","time":1612910955,"event":{"mods":["AchievementEnabler","Act Like it!","BaseMod","Hermit","Minty Spire (QoL Compilation)","Replay The Spire","StSLib","SuperFastMode"],"gold_per_floor":[111,169,219,241,273,313,170,210,284,320,320,85,110,192,192,299,299,375,375,375,51,114,114,64,64,64,82,154,154,69,118,118,248,248,318,18,100,7,34,79,79,0,0,0,0,23,23,54,54,64,64,64,13,61,73],"floor_reached":56,"language":"ENG","playtime":3187,"items_purged":["hermit:Strike_Hermit"],"score":1309,"play_id":"1416f947-3142-4b41-b9ec-a06fb0099819","local_time":"20210209174915","is_ascension_mode":false,"campfire_choices":[{"floor":11,"key":"REST"},{"data":"hermit:Covet","floor":15,"key":"SMITH"},{"data":"hermit:Cheat","floor":29,"key":"SMITH"},{"data":"Panache","floor":32,"key":"SMITH"},{"floor":41,"key":"RECALL"},{"data":"hermit:ShadowCloak","floor":47,"key":"SMITH"},{"data":"hermit:Reprieve","floor":49,"key":"SMITH"},{"data":"hermit:LoneWolf","floor":52,"key":"SMITH"}],"circlet_count":0,"master_deck":["hermit:Strike_Hermit","hermit:Defend_Hermit","hermit:Snapshot","hermit:Covet+1","hermit:TrackingShot","hermit:LuckOfTheDraw+1","Sickly","hermit:Deadeye+1","hermit:Midnight","hermit:Glare","hermit:ShadowCloak","hermit:ShadowCloak+1","hermit:EyeOfTheStorm","Sickly","hermit:FlashPowder","Looming Evil","hermit:SprayPray","hermit:Roulette+1","Good Instincts","Good Instincts","ReplayTheSpireMod:Doomed","hermit:Reprieve+1","CurseOfTheBell","Replay:Hysterical Blindness","Decay","Panache+1","hermit:Dissolve","hermit:Gestalt","hermit:LoneWolf+1","hermit:LoneWolf","hermit:Cheat+1","hermit:ShadowCloak+1","hermit:Enervate+1","hermit:ImpendingDoom","hermit:Coalescence+1","hermit:HeroicBravado+1","CommonCold","hermit:RoundhouseKick+1","hermit:Cheat+1","Decay","Survey Options+1","hermit:BodyArmor+1","Secret Weapon+1","CommonCold"],"relics":["hermit:Momento","ReplayTheSpireMod:Ring of Challenge","Ring of Greed","Blue Doll","Replay:Bandana","Du-Vu Doll","Unceasing Top","Guide Book","Happy Flower","Pantograph","Calling Bell","Tiny Chest","Chameleon Ring","Replay:Kaleidoscope","Vajra","Orrery","Replay:Mystery Machine","Molten Egg 2","Toxic Egg 2","Shuriken","Ornamental Fan","Empty Cage","Gremlin Food","TungstenRod","Mummified Hand","Bronze Scales","Red Mask","Iron Hammer","Boot","ReplayFunnel"],"acts_visited":["Exordium","TheCity","TheBeyond","TheEnding"],"potions_floor_usage":[6,10,31,40,40,40,50,55,55],"damage_taken":[{"damage":0,"enemies":"Cultist","floor":1,"turns":4},{"damage":0,"enemies":"Small Slimes","floor":4,"turns":4},{"damage":1,"enemies":"Jaw Worm","floor":5,"turns":3},{"damage":31,"enemies":"Gremlin Nob","floor":6,"turns":5},{"damage":13,"enemies":"Lagavulin","floor":8,"turns":5},{"damage":0,"enemies":"Exordium Thugs","floor":10,"turns":5},{"damage":20,"enemies":"3 Sentries","floor":14,"turns":11},{"damage":0,"enemies":"Fading Forest","floor":16,"turns":11},{"damage":6,"enemies":"Chosen","floor":18,"turns":4},{"damage":0,"enemies":"Spheric Guardian","floor":22,"turns":3},{"damage":48,"enemies":"Cultist and Chosen","floor":27,"turns":9},{"damage":8,"enemies":"3 Cultists","floor":28,"turns":5},{"damage":2,"enemies":"Book of Stabbing","floor":31,"turns":3},{"damage":3,"enemies":"Champ","floor":33,"turns":13},{"damage":13,"enemies":"Orb Walker","floor":35,"turns":3},{"damage":24,"enemies":"3 Darklings","floor":39,"turns":4},{"damage":17,"enemies":"Reptomancer","floor":40,"turns":5},{"damage":0,"enemies":"4 Shapes","floor":46,"turns":2},{"damage":11,"enemies":"Sphere and 2 Shapes","floor":48,"turns":4},{"damage":10,"enemies":"Replay:Hell Engine","floor":50,"turns":14},{"damage":12,"enemies":"Shield and Spear","floor":54,"turns":6},{"damage":10,"enemies":"The Heart","floor":55,"turns":7}],"seed_played":"802370144730124503","potions_obtained":[{"floor":2,"key":"hermit:Tonic"},{"floor":2,"key":"Reflective Coating"},{"floor":2,"key":"Fire Potion"},{"floor":6,"key":"Ancient Potion"},{"floor":8,"key":"LifebloodPotion"},{"floor":14,"key":"EntropicBrew"},{"floor":27,"key":"Dexterity Potion"},{"floor":31,"key":"FearPotion"}],"is_trial":false,"path_per_floor":["M","?","?","M","M","E","$","E","T","M","R","$","T","E","R","B",null,"M","?","?","$","M","T","$","?","T","M","M","R","?","E","R","B",null,"M","$","T","$","M","E","R","?","T","?","T","M","R","M","R","B",null,"R","$","E","B",null],"character_chosen":"HERMIT","items_purchased":["hermit:ShadowCloak","hermit:EyeOfTheStorm","hermit:Roulette+1","Guide Book","Good Instincts","Panache","Orrery","hermit:ShadowCloak+1","TungstenRod","Survey Options+1","Swift Potion"],"campfire_rested":1,"item_purchase_floors":[7,7,12,12,12,21,21,24,36,38,53],"current_hp_per_floor":[68,68,68,68,67,36,36,23,23,23,43,43,43,23,23,48,68,68,68,68,68,68,68,68,68,68,24,36,36,36,34,34,65,68,68,68,68,68,44,51,51,51,51,51,51,68,68,57,57,58,68,68,68,64,61],"gold":73,"neow_bonus":"REMOVE_TWO","is_daily":false,"chose_seed":false,"campfire_upgraded":6,"win_rate":0.0,"timestamp":1612910955,"path_taken":["M","?","?","M","M","E","?","E","T","?","R","$","?","E","R","BOSS","M","?","?","?","M","?","$","?","T","M","?","R","?","E","R","BOSS","M","$","?","?","M","E","R","?","T","?","?","?","R","M","R","BOSS","R","$","E","BOSS"],"items_purchased_type":["Card","Card","Card","Relic","Card","Card","Relic","Card","Relic","Card","Potion"],"build_version":"2020-12-22","purchased_purges":1,"victory":true,"max_hp_per_floor":[68,68,68,68,68,68,68,68,68,68,68,68,68,68,68,68,68,68,68,68,68,68,68,68,68,68,68,68,68,68,68,68,68,68,68,68,68,68,68,68,68,68,68,68,68,68,68,68,68,68,68,68,68,68,68],"card_choices":[{"not_picked":["hermit:Misfire","hermit:LowProfile"],"picked":"hermit:TrackingShot","floor":1},{"not_picked":["hermit:Malice","hermit:SprayPray"],"picked":"hermit:LuckOfTheDraw","floor":2},{"not_picked":["hermit:Ricochet","hermit:Roulette"],"picked":"hermit:Deadeye","floor":4},{"not_picked":["hermit:Misfire","hermit:Feint"],"picked":"hermit:Midnight","floor":5},{"not_picked":["hermit:Snipe","hermit:FullyLoaded"],"picked":"hermit:Glare","floor":6},{"not_picked":["hermit:Ricochet","hermit:Snipe"],"picked":"hermit:FlashPowder","floor":8},{"not_picked":["hermit:Dive","hermit:Purgatory"],"picked":"hermit:SprayPray","floor":10},{"not_picked":["hermit:Horror","hermit:EyeOfTheStorm","hermit:Manifest"],"picked":"SKIP","floor":14},{"not_picked":["hermit:Purgatory","hermit:Adapt"],"picked":"hermit:Reprieve","floor":16},{"not_picked":["hermit:Shortfuse","hermit:Dive","hermit:TakeAim"],"picked":"SKIP","floor":18},{"not_picked":["hermit:Ricochet+1","hermit:LoneWolf"],"picked":"hermit:Dissolve","floor":21},{"not_picked":["hermit:Vantage","hermit:Headshot+1"],"picked":"hermit:Gestalt","floor":21},{"not_picked":["hermit:Misfire","hermit:DeadMansHand"],"picked":"hermit:LoneWolf","floor":21},{"not_picked":["hermit:HighNoon","hermit:Headshot"],"picked":"hermit:LoneWolf","floor":21},{"not_picked":["hermit:Roulette","hermit:Vantage"],"picked":"hermit:Cheat","floor":22},{"not_picked":["hermit:HoleUp+1","hermit:Grudge+1"],"picked":"hermit:Enervate+1","floor":27},{"not_picked":["hermit:Horror+1","hermit:TrackingShot+1"],"picked":"hermit:Coalescence+1","floor":28},{"not_picked":["hermit:Manifest+1","hermit:Ricochet+1"],"picked":"hermit:HeroicBravado+1","floor":31},{"not_picked":["hermit:EternalForm","hermit:BlackWind+1"],"picked":"hermit:RoundhouseKick+1","floor":33},{"not_picked":["hermit:LowProfile+1","hermit:WideOpen+1"],"picked":"hermit:Cheat+1","floor":35},{"not_picked":["hermit:WideOpen+1","hermit:Glare+1","hermit:NoHoldsBarred+1"],"picked":"SKIP","floor":39},{"not_picked":["hermit:Vantage+1","hermit:HoleUp+1"],"picked":"hermit:BodyArmor+1","floor":40},{"not_picked":["Bandage Up+1","Forethought+1"],"picked":"Secret Weapon+1","floor":44},{"not_picked":["hermit:Desperado+1","hermit:Deadeye+1","hermit:WideOpen+1"],"picked":"SKIP","floor":46},{"not_picked":["hermit:TakeCover+1","hermit:FlashPowder+1","hermit:Spite+1"],"picked":"SKIP","floor":48},{"not_picked":["hermit:TrackingShot+1","hermit:Brawl","hermit:Feint+1"],"picked":"SKIP","floor":54}],"player_experience":258645,"relics_obtained":[{"floor":3,"key":"ReplayTheSpireMod:Ring of Challenge"},{"floor":3,"key":"Ring of Greed"},{"floor":3,"key":"Blue Doll"},{"floor":3,"key":"Replay:Bandana"},{"floor":6,"key":"Du-Vu Doll"},{"floor":8,"key":"Unceasing Top"},{"floor":13,"key":"Happy Flower"},{"floor":14,"key":"Pantograph"},{"floor":17,"key":"Tiny Chest"},{"floor":17,"key":"Chameleon Ring"},{"floor":17,"key":"Replay:Kaleidoscope"},{"floor":22,"key":"Replay:Mystery Machine"},{"floor":23,"key":"Molten Egg 2"},{"floor":26,"key":"Toxic Egg 2"},{"floor":31,"key":"Ornamental Fan"},{"floor":35,"key":"Gremlin Food"},{"floor":37,"key":"Mummified Hand"},{"floor":40,"key":"Bronze Scales"},{"floor":43,"key":"Iron Hammer"},{"floor":45,"key":"Boot"},{"floor":54,"key":"ReplayFunnel"}],"event_choices":[{"damage_healed":0,"gold_gain":0,"player_choice":"Smashed Altar","damage_taken":0,"max_hp_gain":0,"max_hp_loss":0,"event_name":"Forgotten Altar","floor":19,"gold_loss":0,"cards_obtained":["Decay"]},{"cards_removed":["hermit:Defend_Hermit"],"damage_healed":0,"gold_gain":0,"player_choice":"Purged","damage_taken":0,"max_hp_gain":0,"max_hp_loss":0,"event_name":"Purifier","floor":25,"gold_loss":0},{"damage_healed":0,"gold_gain":0,"player_choice":"Obtained Relic","damage_taken":0,"relics_obtained":["Shuriken"],"max_hp_gain":0,"max_hp_loss":0,"event_name":"Addict","floor":30,"gold_loss":85},{"damage_healed":0,"gold_gain":0,"player_choice":"Paid","damage_taken":0,"relics_obtained":["Red Mask"],"max_hp_gain":0,"max_hp_loss":0,"event_name":"Tomb of Lord Red Mask","floor":42,"gold_loss":79},{"damage_healed":0,"gold_gain":0,"player_choice":"Memory 1","damage_taken":0,"max_hp_gain":0,"max_hp_loss":0,"event_name":"SensoryStone","floor":44,"gold_loss":0}],"is_beta":false,"boss_relics":[{"not_picked":["ChewingGum","Ring of Chaos"],"picked":"Calling Bell"},{"not_picked":["Tiny House","hermit:BartenderGlass"],"picked":"Empty Cage"}],"items_purged_floors":[7],"is_endless":false,"potions_floor_spawned":[6,8,14,27,31,40,46,48],"ascension_level":0}}