{"host":"36t3qd3wjvajtu1z","time":1612830721,"event":{"mods":["2.2 Compatiblity","AchievementEnabler","BaseMod","Block Reminder","Colored Powertips","Minty Spire (QoL Compilation)","Permanent Neow","Quick Restart","Random Character Button","Rare Cards Sparkle","Relic Stats","Slay-I","StSLib"],"gold_per_floor":[364,62,27,39,56,87,100,100,100,100,118,128,158,174,174,251,251,262,272,272,322,340,340,340,340],"floor_reached":24,"language":"ENG","playtime":1557,"items_purged":[],"score":532,"play_id":"e09830c8-61ef-4396-8aca-c774ca6cfb00","local_time":"20210208163201","is_ascension_mode":true,"campfire_choices":[{"data":"Bouncing Flask","floor":8.0,"key":"SMITH"},{"floor":10.0,"key":"REST"},{"data":"Flechettes","floor":15.0,"key":"SMITH"},{"floor":23,"key":"REST"}],"circlet_count":0,"master_deck":["AscendersBane","Defend_G","Defend_G","Defend_G","Defend_G","Defend_G","Survivor","Neutralize","Bouncing Flask+1","Terror","Deadly Poison","Well Laid Plans","Backstab","Cloak And Dagger","Poisoned Stab","Flechettes+1","Venomology","Catalyst+1","Bite","Bite","Bite","Bite","Bite","After Image"],"relics":["Ring of the Snake","Vajra","Snake Skull","StrikeDummy","Dead Branch","Empty Cage"],"acts_visited":["Exordium","TheCity"],"potions_floor_usage":[18,19,22,24,24,24],"damage_taken":[{"damage":14.0,"enemies":"Cultist","floor":1.0,"turns":6.0},{"damage":0.0,"enemies":"Small Slimes","floor":4.0,"turns":2.0},{"damage":2.0,"enemies":"Jaw Worm","floor":5.0,"turns":4.0},{"damage":25.0,"enemies":"3 Sentries","floor":6.0,"turns":8.0},{"damage":21.0,"enemies":"Gremlin Gang","floor":7.0,"turns":6.0},{"damage":0.0,"enemies":"Looter","floor":11.0,"turns":1.0},{"damage":0.0,"enemies":"Exordium Wildlife","floor":12.0,"turns":2.0},{"damage":2.0,"enemies":"Gremlin Nob","floor":13.0,"turns":3.0},{"damage":1.0,"enemies":"Large Slime","floor":14.0,"turns":3.0},{"damage":0,"enemies":"Slime Boss","floor":16,"turns":5},{"damage":25,"enemies":"Shell Parasite","floor":18,"turns":4},{"damage":0,"enemies":"Spheric Guardian","floor":19,"turns":4},{"damage":15,"enemies":"Centurion and Healer","floor":22,"turns":7},{"damage":37,"enemies":"Book of Stabbing","floor":24,"turns":5}],"seed_played":"-1034868313001572929","potions_obtained":[{"floor":1.0,"key":"DistilledChaos"},{"floor":12.0,"key":"FearPotion"},{"floor":13.0,"key":"Explosive Potion"},{"floor":14.0,"key":"Block Potion"}],"is_trial":false,"path_per_floor":["M","$","?","M","M","E","M","R","T","R","M","M","E","M","R","B",null,"M","M","?","?","M","R","E"],"character_chosen":"THE_SILENT","items_purchased":["Vajra","Terror","Explosive Potion"],"campfire_rested":2,"item_purchase_floors":[2,2,2],"current_hp_per_floor":[45,45,60,60,58,33,12,12,12,30,30,30,28,27,27,27,52,27,27,27,27,20,32,0,0],"gold":340,"neow_bonus":"TWO_FIFTY_GOLD","is_daily":false,"chose_seed":false,"campfire_upgraded":2,"win_rate":0.0,"timestamp":1612830721,"path_taken":["M","?","?","M","M","E","M","R","T","R","M","M","E","?","R","BOSS","M","?","?","?","M","R","E"],"items_purchased_type":["Relic","Card","Potion"],"build_version":"2020-12-22","purchased_purges":0,"victory":false,"max_hp_per_floor":[60,60,60,60,60,60,60,60,60,60,60,60,60,60,60,60,60,60,60,42,42,42,42,42,42],"relic_stats":{"counters":[14,60],"Dead Branch":[34],"Snake Skull":[46],"obtain_stats":[{"Dead Branch":13,"Vajra":2,"Snake Skull":6,"StrikeDummy":9,"Empty Cage":17,"Ring of the Snake":0},{"Dead Branch":8,"Vajra":1,"Snake Skull":4,"StrikeDummy":5,"Empty Cage":10,"Ring of the Snake":0},{"Dead Branch":32,"Vajra":6,"Snake Skull":20,"StrikeDummy":26,"Empty Cage":40,"Ring of the Snake":0}],"Ring of the Snake":[28]},"card_choices":[{"not_picked":["Underhanded Strike","Acrobatics"],"picked":"Bouncing Flask","floor":1.0},{"not_picked":["Accuracy","Backflip"],"picked":"Deadly Poison","floor":4.0},{"not_picked":["Flying Knee","Setup"],"picked":"Well Laid Plans","floor":5.0},{"not_picked":["Choke","Underhanded Strike","Prepared"],"picked":"SKIP","floor":6.0},{"not_picked":["All Out Attack","Envenom"],"picked":"Backstab","floor":7.0},{"not_picked":["Heel Hook","Distraction"],"picked":"Cloak And Dagger","floor":11.0},{"not_picked":["Deadly Poison","Slice"],"picked":"Poisoned Stab","floor":12.0},{"not_picked":["Flying Knee","Deflect","Prepared"],"picked":"SKIP","floor":13.0},{"not_picked":["Endless Agony","Backflip"],"picked":"Flechettes","floor":14.0},{"not_picked":["Grand Finale","Doppelganger"],"picked":"Venomology","floor":16},{"not_picked":["Acrobatics","Setup"],"picked":"Catalyst+1","floor":18},{"not_picked":["Dagger Spray","Cloak And Dagger","Prepared"],"picked":"SKIP","floor":19},{"not_picked":["Bane","Setup"],"picked":"After Image","floor":22}],"player_experience":445055,"relics_obtained":[{"floor":6.0,"key":"Snake Skull"},{"floor":9.0,"key":"StrikeDummy"},{"floor":13.0,"key":"Dead Branch"}],"event_choices":[{"damage_healed":15.0,"max_hp_gain":0.0,"max_hp_loss":0.0,"gold_gain":0.0,"event_name":"The Cleric","player_choice":"Healed","floor":3.0,"gold_loss":35.0,"damage_taken":0.0},{"damage_healed":0,"gold_gain":0,"player_choice":"Became a vampire","damage_taken":0,"max_hp_gain":0,"max_hp_loss":18,"event_name":"Vampires","floor":20,"gold_loss":0,"cards_obtained":["Bite","Bite","Bite","Bite","Bite"]},{"damage_healed":0,"gold_gain":50,"player_choice":"Stole From Cult","damage_taken":0,"max_hp_gain":0,"max_hp_loss":0,"event_name":"Nest","floor":21,"gold_loss":0}],"is_beta":false,"boss_relics":[{"not_picked":["Busted Crown","Sozu"],"picked":"Empty Cage"}],"items_purged_floors":[],"is_endless":false,"potions_floor_spawned":[1,4,12,13,14,16,22],"killed_by":"Book of Stabbing","ascension_level":19}}