{"host":"41vgbr386mrj4p17","time":1612839902,"event":{"mods":["AchievementEnabler","AlwaysNeverKeys","BaseMod","Bestiary","Better Altar","Better Match","Better Note","Better Sensory Stone","Better Skull","Better Third Choice","Colored Map","Curses Come First","Downfall","Googly Eyes","Hermit","Highlight Path","Minty Spire (QoL Compilation)","Shade Mod","StSLib","The Cursed"],"gold_per_floor":[111,130,141,91,16,43,43,73,121,151,151,151,151,181,181,282,282,300,318,233,233,233],"floor_reached":21,"language":"ENG","playtime":978,"items_purged":["Shade:Strike_Shade"],"score":392,"play_id":"5028d320-9830-45d5-9e95-5ff25f31ecec","local_time":"20210208220502","is_ascension_mode":true,"campfire_choices":[{"data":"Shade:FreshBones","floor":7,"key":"SMITH"},{"data":"Shade:LichForm","floor":12,"key":"SMITH"},{"data":"Shade:AnimateDead","floor":15,"key":"SMITH"}],"circlet_count":0,"master_deck":["Shade:Strike_Shade","Shade:Strike_Shade","Shade:Strike_Shade","Shade:Defend_Shade","Shade:Defend_Shade","Shade:AnimateDead+1","Shade:CarefulCut","Shade:Bonestorm","Shade:FreshBones+1","Shade:FuneraryArmor","Shade:Bite_Shade","Shade:FleshLikeOak","Shade:LichForm+1"],"relics":["Shade:YorickSkull","Bag of Marbles","Eternal Feather","Nunchaku","Dream Catcher","Juzu Bracelet","Slimebound:PreparedRelic","Busted Crown","Blood Vial"],"acts_visited":["Exordium","TheCity"],"potions_floor_usage":[14],"damage_taken":[{"damage":0,"enemies":"2 Louse","floor":1,"turns":2},{"damage":0,"enemies":"Small Slimes","floor":2,"turns":3},{"damage":4,"enemies":"Jaw Worm","floor":3,"turns":2},{"damage":17,"enemies":"Lagavulin","floor":6,"turns":4},{"damage":6,"enemies":"Gremlin Nob","floor":8,"turns":3},{"damage":17,"enemies":"3 Sentries","floor":10,"turns":6},{"damage":0,"enemies":"Gremlin Nob","floor":14,"turns":2},{"damage":0,"enemies":"Slime Boss","floor":16,"turns":5},{"damage":28,"enemies":"2 Thieves","floor":18,"turns":3},{"damage":5,"enemies":"3 Byrds","floor":19,"turns":4},{"damage":44,"enemies":"Shelled Parasite and Fungi","floor":21,"turns":5}],"seed_played":"-142764971636610687","potions_obtained":[{"floor":8,"key":"SteroidPotion"},{"floor":10,"key":"SpeedPotion"},{"floor":19,"key":"LiquidBronze"}],"is_trial":false,"path_per_floor":["M","M","M","?","$","E","R","E","T","E","?","R","?","E","R","B",null,"M","M","?","M"],"character_chosen":"SHADE","items_purchased":[],"campfire_rested":0,"item_purchase_floors":[],"current_hp_per_floor":[59,59,55,55,55,38,44,40,40,27,32,38,38,40,46,48,65,39,38,38,0,0],"gold":233,"neow_bonus":"RANDOM_COMMON_RELIC","is_daily":false,"chose_seed":false,"campfire_upgraded":3,"win_rate":0.0,"timestamp":1612839902,"path_taken":["M","M","M","?","$","E","R","E","T","E","?","R","?","E","R","BOSS","M","M","?","M"],"items_purchased_type":[],"build_version":"2020-12-22","purchased_purges":1,"victory":false,"max_hp_per_floor":[65,65,65,65,65,65,65,65,65,65,70,70,70,70,70,70,70,70,70,70,70,70],"card_choices":[{"not_picked":["Shade:FingerOfDeath","Shade:Frenzy"],"picked":"Shade:Bonestorm","floor":1},{"not_picked":["Shade:RavenousHorde","Shade:FleshOffering"],"picked":"Shade:FreshBones","floor":2},{"not_picked":["Shade:Frenzy","Shade:LyeBath"],"picked":"Shade:FuneraryArmor","floor":3},{"not_picked":["Shade:PoundOfFlesh","Shade:Frenzy"],"picked":"Shade:Bite_Shade","floor":6},{"not_picked":["Shade:SanguineRitual","Shade:Frenzy"],"picked":"Shade:FleshLikeOak","floor":8},{"not_picked":["Shade:CoffinDance","Shade:FuneraryArmor"],"picked":"Shade:LichForm","floor":10},{"not_picked":["Shade:AblativeArmor","Shade:LastGasp","Shade:FeralStrike"],"picked":"SKIP","floor":14},{"not_picked":["Shade:ExtraLimbs"],"picked":"SKIP","floor":18},{"not_picked":["Shade:SpectralStrikes"],"picked":"SKIP","floor":19}],"player_experience":1056953,"relics_obtained":[{"floor":6,"key":"Eternal Feather"},{"floor":8,"key":"Nunchaku"},{"floor":9,"key":"Dream Catcher"},{"floor":10,"key":"Juzu Bracelet"},{"floor":14,"key":"Slimebound:PreparedRelic"}],"event_choices":[{"cards_removed":["Shade:Defend_Shade"],"damage_healed":0,"gold_gain":0,"player_choice":"Card Removal","damage_taken":0,"max_hp_gain":0,"max_hp_loss":0,"event_name":"The Cleric","floor":4,"gold_loss":50},{"damage_healed":0,"gold_gain":0,"player_choice":"Donut","damage_taken":0,"max_hp_gain":5,"max_hp_loss":0,"event_name":"Big Fish","floor":11,"gold_loss":0},{"cards_removed":["Shade:Defend_Shade"],"damage_healed":0,"gold_gain":0,"player_choice":"Forget","damage_taken":0,"max_hp_gain":0,"max_hp_loss":0,"event_name":"Living Wall","floor":13,"gold_loss":0},{"damage_healed":0,"gold_gain":0,"player_choice":"Obtained Relic","damage_taken":0,"relics_obtained":["Blood Vial"],"max_hp_gain":0,"max_hp_loss":0,"event_name":"Addict","floor":20,"gold_loss":85}],"is_beta":false,"boss_relics":[{"not_picked":["Empty Cage","Tiny House"],"picked":"Busted Crown"}],"items_purged_floors":[5],"is_endless":false,"potions_floor_spawned":[8,10,19],"killed_by":"Shelled Parasite and Fungi","ascension_level":8}}