{"host":"t7tlgebqkr0de6rl","time":1612863567,"event":{"mods":["BaseMod","Gold Saver","Hero for Fun","Minty Spire (QoL Compilation)","Quick Restart","Shop Mod","Spicy Shops","StSLib","The Alterego","Thieving Mod","Uncapped","[IsaacMod]ÒÔÈö¼âËþ"],"gold_per_floor":[110,110,129,145,107,107,141,197,197,215,179,208,208,208,208,208,208],"floor_reached":16,"language":"ZHS","playtime":431,"items_purged":["True Grit"],"score":113,"play_id":"69f21d3c-65c8-4d52-a8a6-bb50aba6dbe7","local_time":"20210209173927","is_ascension_mode":true,"campfire_choices":[{"data":"Limit Break","floor":6,"key":"SMITH"},{"data":"Uppercut","floor":15,"key":"SMITH"}],"circlet_count":0,"master_deck":["Strike_R","Strike_R","Strike_R","Strike_R","Strike_R","Defend_R","Defend_R","Defend_R","Defend_R","Bash","BloodyBrimstone","Thunderclap","Wild Strike","Spot Weakness","Bludgeon","Twin Strike+1","Limit Break+1","Uppercut+1","Flex","Whirlwind"],"relics":["Burning Blood","HushsDoor","SteamSale","NeowsBlessing","Kunai","Regal Pillow","Potion Belt","Eternal Feather"],"acts_visited":["Exordium"],"potions_floor_usage":[8,16],"damage_taken":[{"damage":0,"enemies":"Small Slimes","floor":1,"turns":1},{"damage":0,"enemies":"2 Louse","floor":3,"turns":1},{"damage":0,"enemies":"Cultist","floor":4,"turns":1},{"damage":14,"enemies":"Gremlin Nob","floor":7,"turns":4},{"damage":27,"enemies":"3 Sentries","floor":8,"turns":5},{"damage":18,"enemies":"Large Slime","floor":10,"turns":5},{"damage":24,"enemies":"3 Sentries","floor":12,"turns":5},{"damage":34,"enemies":"The Guardian","floor":16,"turns":6}],"seed_played":"3082234417338981814","potions_obtained":[{"floor":4,"key":"SpeedPotion"},{"floor":7,"key":"AttackPotion"},{"floor":10,"key":"SmokeBomb"},{"floor":12,"key":"Strength Potion"}],"is_trial":false,"path_per_floor":["M","?","M","M","$","R","E","?","T","M","$","E","?","?","R","B"],"character_chosen":"IRONCLAD","items_purchased":["Potion Belt"],"campfire_rested":0,"item_purchase_floors":[11],"current_hp_per_floor":[80,80,80,80,80,80,72,51,51,39,39,21,21,21,33,0,0],"gold":208,"neow_bonus":"THREE_ENEMY_KILL","is_daily":false,"chose_seed":false,"campfire_upgraded":2,"win_rate":0.0,"timestamp":1612863567,"path_taken":["M","?","M","M","$","R","E","?","T","M","$","E","?","?","R","BOSS"],"items_purchased_type":["Relic"],"build_version":"2020-12-22","purchased_purges":1,"victory":false,"max_hp_per_floor":[80,80,80,80,80,80,80,80,80,80,80,77,77,77,77,74,74],"card_choices":[{"not_picked":[],"picked":"BloodyBrimstone","floor":0},{"not_picked":["Shrug It Off","Evolve"],"picked":"Thunderclap","floor":1},{"not_picked":["Sword Boomerang","Bomb"],"picked":"Limit Break","floor":3},{"not_picked":["Wild Strike","Armaments"],"picked":"Uppercut","floor":4},{"not_picked":["Wild Strike","Double Tap"],"picked":"Flex","floor":7},{"not_picked":["Shockwave","Perfected Strike","Clothesline"],"picked":"SKIP","floor":10},{"not_picked":["Armaments","Metallicize"],"picked":"Whirlwind","floor":12}],"player_experience":36322,"relics_obtained":[{"floor":7,"key":"Kunai"},{"floor":8,"key":"Regal Pillow"},{"floor":12,"key":"Eternal Feather"}],"event_choices":[{"damage_healed":0,"gold_gain":0,"player_choice":"Searched \u00271\u0027 times","damage_taken":0,"max_hp_gain":0,"max_hp_loss":0,"event_name":"Dead Adventurer","floor":8,"gold_loss":0},{"damage_healed":0,"gold_gain":0,"player_choice":"Forge","damage_taken":0,"max_hp_gain":0,"max_hp_loss":0,"event_name":"Accursed Blacksmith","floor":14,"gold_loss":0,"cards_upgraded":["Twin Strike"]}],"is_beta":false,"boss_relics":[],"items_purged_floors":[5],"is_endless":false,"potions_floor_spawned":[4,7,10,12],"killed_by":"The Guardian","ascension_level":1}}