{"host":"u2tqs5prbwebzr58","time":1612854258,"event":{"mods":["BaseMod","Better Skull","Hermit","Jorbs\u0027s Wanderer Trilogy","Marisa????????","Minty Spire (QoL Compilation)","Prisma Mod","READ ME - Guardian Mod","Shade Mod","StSLib","The Bug Knight","The Cursed","The Disciple","The Druid","The Hierophant","The Necromancer","The Senshi","The Servant 0.9.4"],"gold_per_floor":[10,26,26,42,42,42,42],"floor_reached":6,"language":"ENG","playtime":386,"items_purged":[],"score":36,"play_id":"ef09bfc9-d99b-423b-bd66-8f833905a201","local_time":"20210208230418","is_ascension_mode":false,"campfire_choices":[],"circlet_count":0,"master_deck":["Strike_W","Strike_W","Strike_W","Strike_W","Defend_W","Defend_W","Defend_W","Defend_W","Negative_Energy_Arrows","Bone_Wall","Skeleton_Dragon","Thousand_Bone_Knives","Bone_Spikes","Regret"],"relics":["Vampire_Amulet","Juzu Bracelet"],"acts_visited":["Exordium"],"potions_floor_usage":[6],"damage_taken":[{"damage":1,"enemies":"Cultist","floor":1,"turns":4},{"damage":5,"enemies":"Jaw Worm","floor":2,"turns":4},{"damage":2,"enemies":"Small Slimes","floor":4,"turns":3},{"damage":26,"enemies":"3 Sentries","floor":6,"turns":7}],"seed_played":"4745454453128482197","potions_obtained":[{"floor":1,"key":"Explosive Potion"},{"floor":2,"key":"SkillPotion"},{"floor":4,"key":"Block Potion"}],"is_trial":false,"path_per_floor":["M","M","$","M","?","E"],"character_chosen":"NECROMANCER","items_purchased":[],"campfire_rested":0,"item_purchase_floors":[],"current_hp_per_floor":[75,72,72,74,74,52,52],"gold":42,"neow_bonus":"THREE_RARE_CARDS","is_daily":false,"chose_seed":false,"campfire_upgraded":0,"win_rate":0.0,"timestamp":1612854258,"path_taken":["M","M","?","M","?","E"],"items_purchased_type":[],"build_version":"2020-12-22","purchased_purges":0,"victory":false,"max_hp_per_floor":[75,75,75,75,75,75,75],"card_choices":[{"not_picked":["Cloudkill","Blood_Wake"],"picked":"Skeleton_Dragon","floor":0},{"not_picked":["Bone_Armor","Bone_Bullets"],"picked":"Thousand_Bone_Knives","floor":1},{"not_picked":["Acid_Javelin","Negative_Energy_Burst"],"picked":"Bone_Spikes","floor":2},{"not_picked":["Bones_to_Steel","Blood_Curse","Death_Coil"],"picked":"SKIP","floor":4}],"player_experience":513781,"relics_obtained":[],"event_choices":[{"damage_healed":0,"gold_gain":0,"player_choice":"Box","damage_taken":0,"relics_obtained":["Juzu Bracelet"],"max_hp_gain":0,"max_hp_loss":0,"event_name":"Big Fish","floor":5,"gold_loss":0,"cards_obtained":["Regret"]}],"is_beta":false,"boss_relics":[],"items_purged_floors":[],"is_endless":false,"potions_floor_spawned":[1,2,4],"killed_by":"3 Sentries","ascension_level":0}}