{"host":"kx62hxkutszy5nb0","time":1612882453,"event":{"mods":["2.2 Compatiblity","AchievementEnabler","Aspiration","BaseMod","Better Altar","Better Match","Better Note","Better Sensory Stone","Better Skull","Better Third Choice","Better Vampires","CCEM2","Colored Map","Colored Powertips","Conspire","Custom Start","Dark Map","Defuse TimeMaze Blight","Displayed Cursed Tome","Downfall","Fiend Mod","Hermit","Hubris","Infinite Spire","Jorbs\u0027s Wanderer Trilogy","Koishi","Marked Mod","Minty Spire (QoL Compilation)","Prisma Mod","Relic Sorter","Relic Stats","Replay The Spire","Shade Mod","Shop Mod","Spikes Relics","StSLib","Td1madao Mod","The Alterego","The Construct","The Cursed","The Exalted","The Forsaken","The Judge","The Jungle","The Marked","TheSwordswoman","TheVacant","Uncapped","Virulent Crown","Yuri Mod","everything is the same but u backflip on backflip"],"gold_per_floor":[119,119,139,119,137,164,179,179,204,130,141,18,38,51,51,150,150,167,178,178,178,178],"floor_reached":21,"language":"ENG","playtime":1449,"items_purged":[],"score":183,"play_id":"1270e53e-9d5a-4f34-b8c5-88dbc67e0154","local_time":"20210210005413","is_ascension_mode":false,"campfire_choices":[{"floor":8,"key":"REST"},{"floor":15,"key":"REST"}],"circlet_count":0,"master_deck":["theextravagant:SlyStrike","theextravagant:SlyStrike","theextravagant:SlyStrike","theextravagant:Fence","theextravagant:Fence","theextravagant:Fence","theextravagant:Fence","theextravagant:QuickAttack","theextravagant:Triumph","theextravagant:SpontaneousStrike","theextravagant:Firework","theextravagant:Thrill","theextravagant:Firework","theextravagant:FocusStab","theextravagant:Ravage","theextravagant:Glamour","theextravagant:Shove","theextravagant:CuttingEdge","theextravagant:Thrill","theextravagant:AuroraForm","Looming Evil","stsjorbsmod:Withering","theextravagant:Outrun","Degenerate","infinitespire:UltimateForm","theextravagant:ShootingStar","theextravagant:Shove"],"relics":["theextravagant:TranslucentFeather","NeowsBlessing","CCEMRelics:PorcelainBowl","ReplayTheSpireMod:SealedPack"],"acts_visited":["Exordium","TheCity"],"potions_floor_usage":[7,7,7,16,16,19,20,21,21],"damage_taken":[{"damage":0,"enemies":"Cultist","floor":1,"turns":1},{"damage":0,"enemies":"conspire:RoseBush","floor":3,"turns":1},{"damage":0,"enemies":"infinitespire:Voidling","floor":5,"turns":1},{"damage":61,"enemies":"Lagavulin","floor":6,"turns":8},{"damage":0,"enemies":"Looter","floor":7,"turns":2},{"damage":14,"enemies":"2 Fungi Beasts","floor":11,"turns":3},{"damage":5,"enemies":"Exordium Wildlife","floor":13,"turns":2},{"damage":0,"enemies":"Looter","floor":14,"turns":3},{"damage":21,"enemies":"The Guardian","floor":16,"turns":10},{"damage":34,"enemies":"Spheric Guardian","floor":18,"turns":5},{"damage":32,"enemies":"Chosen","floor":19,"turns":6},{"damage":15,"enemies":"Snake Plant","floor":21,"turns":3}],"seed_played":"-2984270935931377371","potions_obtained":[{"floor":1,"key":"Energy Potion"},{"floor":3,"key":"Fire Potion"},{"floor":4,"key":"Languid Potion"},{"floor":11,"key":"champ:CounterPotion"},{"floor":14,"key":"CultistPotion"},{"floor":18,"key":"AttackPotion"},{"floor":20,"key":"Ancient Potion"},{"floor":20,"key":"Weak Potion"},{"floor":20,"key":"Fruit Juice"}],"is_trial":false,"path_per_floor":["M","?","M","?","M","E","M","R","T","$","M","$","M","M","R","B",null,"M","M","?","M"],"character_chosen":"THE_EXTRAVAGANT","items_purchased":["theextravagant:Ravage","theextravagant:Glamour","theextravagant:Shove"],"campfire_rested":2,"item_purchase_floors":[10,12,12],"current_hp_per_floor":[75,75,75,75,75,14,14,36,36,36,22,22,17,17,39,18,75,41,9,14,0,0],"gold":178,"neow_bonus":"THREE_ENEMY_KILL","is_daily":false,"chose_seed":false,"campfire_upgraded":0,"win_rate":0.0,"timestamp":1612882453,"path_taken":["M","?","?","?","M","E","M","R","T","$","?","$","M","M","R","BOSS","M","?","?","M"],"items_purchased_type":["Card","Card","Card"],"build_version":"2020-12-22","purchased_purges":0,"victory":false,"max_hp_per_floor":[75,75,75,75,75,75,75,75,75,75,75,75,75,75,75,75,75,75,75,80,80,80],"relic_stats":{"counters":[12,45],"obtain_stats":[{"CCEMRelics:PorcelainBowl":6,"NeowsBlessing":0,"ReplayTheSpireMod:SealedPack":17,"theextravagant:TranslucentFeather":0},{"CCEMRelics:PorcelainBowl":4,"NeowsBlessing":0,"ReplayTheSpireMod:SealedPack":9,"theextravagant:TranslucentFeather":0},{"CCEMRelics:PorcelainBowl":11,"NeowsBlessing":0,"ReplayTheSpireMod:SealedPack":31,"theextravagant:TranslucentFeather":0}]},"card_choices":[{"not_picked":["theextravagant:Riot","theextravagant:SpiritBolt"],"picked":"theextravagant:SpontaneousStrike","floor":1},{"not_picked":["theextravagant:Comeback","theextravagant:Masquerade"],"picked":"theextravagant:Firework","floor":3},{"not_picked":["theextravagant:Flashback","theextravagant:Twostep"],"picked":"theextravagant:Thrill","floor":5},{"not_picked":["theextravagant:SharpTalons","theextravagant:Castle"],"picked":"theextravagant:Firework","floor":6},{"not_picked":["theextravagant:PerfectTheBasics","theextravagant:Clairvoyance"],"picked":"theextravagant:FocusStab","floor":7},{"not_picked":["theextravagant:Shatter","theextravagant:Urgency","theextravagant:Pushthrough"],"picked":"SKIP","floor":11},{"not_picked":["theextravagant:Foil","theextravagant:Firework"],"picked":"theextravagant:CuttingEdge","floor":13},{"not_picked":["theextravagant:ManifestIllusion","theextravagant:PerfectTheBasics"],"picked":"theextravagant:Thrill","floor":14},{"not_picked":["theextravagant:Stella","theextravagant:Overpower"],"picked":"theextravagant:AuroraForm","floor":16},{"not_picked":["yuri:yuriStab","hermit:Snapshot"],"picked":"stsjorbsmod:Withering","floor":17},{"not_picked":["theextravagant:RiskyStrike","theextravagant:Pluck"],"picked":"theextravagant:Outrun","floor":17},{"not_picked":["Assess","Survey Options"],"picked":"Degenerate","floor":17},{"not_picked":["hubris:InfiniteBlow","infinitespire:SevenWalls"],"picked":"infinitespire:UltimateForm","floor":17},{"not_picked":["theextravagant:Flashback","theextravagant:Erase"],"picked":"theextravagant:ShootingStar","floor":18},{"not_picked":["theextravagant:Pushthrough","theextravagant:PerfectTheBasics"],"picked":"theextravagant:Shove","floor":19}],"player_experience":754146,"relics_obtained":[{"floor":6,"key":"CCEMRelics:PorcelainBowl"}],"event_choices":[{"cards_removed":["theextravagant:SlyStrike"],"damage_healed":0,"gold_gain":0,"player_choice":"Offered Basic","damage_taken":0,"max_hp_gain":0,"max_hp_loss":0,"event_name":"Bonfire Elementals","floor":2,"gold_loss":0},{"damage_healed":0,"gold_gain":0,"player_choice":"Bought 1 Potion","damage_taken":0,"max_hp_gain":0,"max_hp_loss":0,"event_name":"The Woman in Blue","floor":4,"gold_loss":0},{"damage_healed":0,"gold_gain":0,"player_choice":"Got Potions","damage_taken":0,"max_hp_gain":0,"max_hp_loss":0,"event_name":"Lab","floor":20,"gold_loss":0}],"is_beta":false,"boss_relics":[{"not_picked":["conspire:SeveredTorchhead","Velvet Choker"],"picked":"ReplayTheSpireMod:SealedPack"}],"items_purged_floors":[],"is_endless":false,"potions_floor_spawned":[1,3,11,14,18],"killed_by":"Snake Plant","ascension_level":0}}