{"host":"81vb4cbob60wa1na","time":1612862245,"event":{"mods":["BaseMod","Dio Mod","Downfall","GifTheSpireLib","Hermit","Highlight Path","Minty Spire (QoL Compilation)","StSLib","The Bug Knight","The Cursed","The Disciple"],"gold_per_floor":[0,17,17,32,45,45,45,55,55,69,54,87,87,99,119,222,222,222,232,47,66,66,93,118,118,134,149,249,249,349,369,389,491,491,491,502,522,572,572,585,608,608,608],"floor_reached":42,"language":"ENG","playtime":1467,"items_purged":[],"score":422,"play_id":"5ec48735-43bd-409d-b4b5-d85bf2864870","local_time":"20210209041725","is_ascension_mode":false,"campfire_choices":[{"data":"bronze:Virus","floor":1,"key":"SMITH"},{"data":"bronze:Backtrace","floor":6,"key":"SMITH"},{"floor":13,"key":"REST"},{"data":"bronze:ChosenStrike","floor":18,"key":"SMITH"},{"data":"expansioncontent:DashGenerateEvil","floor":25,"key":"SMITH"},{"floor":29,"key":"REST"},{"data":"bronze:RecursiveStrike","floor":35,"key":"SMITH"}],"circlet_count":0,"master_deck":["bronze:Strike","bronze:Strike","bronze:Strike","bronze:Defend","bronze:Defend+1","bronze:Defend","bronze:Defend+1","bronze:Replicate","bronze:Goto","bronze:Virus+1","bronze:Separator+1","bronze:Backtrace+1","bronze:WhirlingStrike","bronze:ChosenStrike","bronze:Flail","bronze:DelayedSlice","bronze:ChosenStrike+1","bronze:BronzeArmor+1","expansioncontent:DashGenerateEvil+1","bronze:RecursiveStrike+1"],"relics":["bronze:BronzeCore","Orichalcum","Mango","Runic Pyramid","Du-Vu Doll","War Paint","Busted Crown","WingedGreaves","Bronze Scales"],"acts_visited":["Exordium","TheCity","TheBeyond"],"potions_floor_usage":[5,16,16,33,33,42,42],"damage_taken":[{"damage":0,"enemies":"Cultist","floor":2,"turns":3},{"damage":0,"enemies":"2 Louse","floor":4,"turns":2},{"damage":0,"enemies":"Jaw Worm","floor":5,"turns":1},{"damage":0,"enemies":"Gremlin Gang","floor":8,"turns":2},{"damage":8,"enemies":"Red Slaver","floor":10,"turns":2},{"damage":5,"enemies":"downfall:FleeingMerchant","floor":11,"turns":4},{"damage":24,"enemies":"Lagavulin","floor":12,"turns":4},{"damage":12,"enemies":"3 Louse","floor":14,"turns":2},{"damage":0,"enemies":"Lots of Slimes","floor":15,"turns":1},{"damage":21,"enemies":"IC_STATUS_ARCHETYPE","floor":16,"turns":6},{"damage":1,"enemies":"3 Byrds","floor":19,"turns":3},{"damage":9,"enemies":"downfall:FleeingMerchant","floor":20,"turns":4},{"damage":9,"enemies":"Snecko","floor":21,"turns":3},{"damage":3,"enemies":"Gremlin Leader","floor":23,"turns":4},{"damage":14,"enemies":"Centurion and Healer","floor":26,"turns":3},{"damage":15,"enemies":"Snake Plant","floor":27,"turns":3},{"damage":0,"enemies":"Cultist and Chosen","floor":31,"turns":4},{"damage":0,"enemies":"3 Cultists","floor":32,"turns":3},{"damage":22,"enemies":"DF_ARCHETYPE_CLAW","floor":33,"turns":5},{"damage":2,"enemies":"Orb Walker","floor":36,"turns":2},{"damage":70,"enemies":"3 Shapes","floor":37,"turns":2},{"damage":6,"enemies":"3 Shapes","floor":38,"turns":3},{"damage":27,"enemies":"4 Shapes","floor":40,"turns":4},{"damage":8,"enemies":"downfall:FleeingMerchant","floor":42,"turns":2}],"seed_played":"5712254709464491669","potions_obtained":[{"floor":4,"key":"FearPotion"},{"floor":14,"key":"Block Potion"},{"floor":15,"key":"LiquidBronze"},{"floor":19,"key":"sneckomod:MuddlingPotion"},{"floor":21,"key":"FairyPotion"},{"floor":23,"key":"Weak Potion"},{"floor":32,"key":"Strength Potion"},{"floor":36,"key":"Guardian:BlockOnCardUsePotion"},{"floor":38,"key":"Fire Potion"}],"is_trial":false,"path_per_floor":["R","M","?","M","M","R","T","M","?","M","$","E","R","M","M","B",null,"R","M","$","M","?","E","T","R","M","M","?","R","?","M","M","B",null,"R","M","M","?","?","M","T","$"],"character_chosen":"THE_AUTOMATON","items_purchased":["expansioncontent:DashGenerateEvil"],"campfire_rested":2,"item_purchase_floors":[20],"current_hp_per_floor":[70,70,70,70,70,70,70,70,70,62,57,47,72,60,60,39,84,84,83,74,65,65,62,62,62,48,33,33,58,58,58,58,36,84,84,82,12,6,6,5,5,0,0],"gold":608,"neow_bonus":"THREE_RARE_CARDS","is_daily":false,"chose_seed":false,"campfire_upgraded":5,"win_rate":0.0,"timestamp":1612862245,"path_taken":["R","?","?","?","M","R","T","M","?","?","$","E","R","M","M","BOSS","R","M","$","?","?","E","T","R","?","M","?","R","?","?","M","BOSS","R","M","M","?","?","M","T","$"],"items_purchased_type":["Card"],"build_version":"2020-12-22","purchased_purges":0,"victory":false,"max_hp_per_floor":[70,70,70,70,70,70,70,70,70,70,70,84,84,84,84,84,84,84,84,84,84,84,84,84,84,84,84,84,84,84,84,84,84,84,84,84,84,84,84,84,84,84,84],"card_choices":[{"not_picked":["bronze:ThunderWave","bronze:Mutator"],"picked":"bronze:Virus","floor":0},{"not_picked":["bronze:Invalidate","bronze:Branch"],"picked":"bronze:Separator","floor":2},{"not_picked":["bronze:FollowUp","bronze:Overheat","bronze:Philosophize"],"picked":"SKIP","floor":4},{"not_picked":["bronze:Boost","bronze:Terminator"],"picked":"bronze:Backtrace","floor":5},{"not_picked":["bronze:BugBarrage","bronze:Boost"],"picked":"bronze:WhirlingStrike","floor":8},{"not_picked":["bronze:Shield","bronze:NullPointer"],"picked":"bronze:ChosenStrike","floor":10},{"not_picked":["bronze:Terminator","bronze:Break"],"picked":"bronze:Flail","floor":11},{"not_picked":["bronze:BitShift","bronze:Separator","bronze:Branch"],"picked":"SKIP","floor":12},{"not_picked":["bronze:CutThrough","bronze:Optimize"],"picked":"bronze:DelayedSlice","floor":14},{"not_picked":["bronze:ForceShield","bronze:WildBeam"],"picked":"bronze:ChosenStrike","floor":15},{"not_picked":["bronze:OilSpill+1","bronze:Terminator"],"picked":"bronze:BronzeArmor+1","floor":19},{"not_picked":["bronze:HyperBeam","bronze:ClassDefault","bronze:CutThrough"],"picked":"SKIP","floor":20},{"not_picked":["bronze:Invalidate","bronze:Fortify","bronze:ChildClass"],"picked":"SKIP","floor":21},{"not_picked":["bronze:Branch","bronze:Backtrace","bronze:Safeguard"],"picked":"SKIP","floor":23},{"not_picked":["bronze:DelayedSlice","bronze:OilSpill","bronze:Turbo"],"picked":"SKIP","floor":26},{"not_picked":["bronze:DelayedGuard","bronze:Overheat","bronze:BronzeOrb"],"picked":"SKIP","floor":27},{"not_picked":["bronze:Frontload","bronze:Constructor","bronze:ForceShield+1"],"picked":"SKIP","floor":31},{"not_picked":["bronze:Boost","bronze:Invalidate","bronze:Constructor"],"picked":"SKIP","floor":32},{"not_picked":["bronze:AlphaBuild","bronze:Format"],"picked":"bronze:RecursiveStrike","floor":33},{"not_picked":["bronze:Shield"],"picked":"SKIP","floor":36},{"not_picked":["bronze:ForLoop"],"picked":"SKIP","floor":37},{"not_picked":["bronze:BitShift"],"picked":"SKIP","floor":40}],"player_experience":310910,"relics_obtained":[{"floor":7,"key":"Orichalcum"},{"floor":12,"key":"Mango"},{"floor":23,"key":"Du-Vu Doll"},{"floor":24,"key":"War Paint"},{"floor":38,"key":"WingedGreaves"},{"floor":41,"key":"Bronze Scales"}],"event_choices":[{"cards_removed":["bronze:Strike"],"damage_healed":0,"gold_gain":0,"player_choice":"Offered Basic","damage_taken":0,"max_hp_gain":0,"max_hp_loss":0,"event_name":"Bonfire Elementals","floor":22,"gold_loss":0},{"damage_healed":0,"gold_gain":0,"player_choice":"Ignored","damage_taken":0,"max_hp_gain":0,"max_hp_loss":0,"event_name":"Mysterious Sphere","floor":39,"gold_loss":0}],"is_beta":false,"boss_relics":[{"not_picked":["Fusion Hammer","Empty Cage"],"picked":"Runic Pyramid"},{"not_picked":["Snecko Eye","SlaversCollar"],"picked":"Busted Crown"}],"items_purged_floors":[],"is_endless":false,"potions_floor_spawned":[4,14,15,19,21,23,26,32,36,38],"killed_by":"downfall:FleeingMerchant","ascension_level":0}}