{"host":"1ekl8hlbnopmdapi","time":1612849305,"event":{"mods":["AchievementEnabler","BaseMod","Colored Map","Colored Powertips","DeckTracker","Downfall","Googly Eyes","Highlight Path","Minty Spire (QoL Compilation)","Relic Sorter","StSLib","Synergy Search"],"gold_per_floor":[99,115,135,148,148,133,178,194,194,194,294,329,329,329,341,341,341,341],"floor_reached":16,"language":"ENG","playtime":512,"items_purged":[],"score":100,"play_id":"d4096652-bcf2-4e9f-bb71-1e0dfd01e8f8","local_time":"20210209004145","is_ascension_mode":false,"campfire_choices":[{"floor":1,"key":"RECALL"},{"floor":10,"key":"REST"}],"circlet_count":0,"master_deck":["sneckomod:Strike","sneckomod:Strike","sneckomod:Strike","sneckomod:Defend","sneckomod:Defend","sneckomod:Defend","sneckomod:TailWhip","sneckomod:SnekBite","sneckomod:Unknown","sneckomod:Unknown","sneckomod:IronFang","sneckomod:Nope+1","sneckomod:DiceCrush","sneckomod:UnknownX","sneckomod:SlitherStrike","sneckomod:DiceCrush","CarveReality","sneckomod:UnknownBlock"],"relics":["sneckomod:SneckoSoul","PreservedInsect","Happy Flower"],"acts_visited":["Exordium"],"potions_floor_usage":[8],"damage_taken":[{"damage":13,"enemies":"Jaw Worm","floor":2,"turns":4},{"damage":0,"enemies":"Small Slimes","floor":3,"turns":3},{"damage":8,"enemies":"2 Louse","floor":4,"turns":2},{"damage":10,"enemies":"downfall:FleeingMerchant","floor":6,"turns":4},{"damage":51,"enemies":"Gremlin Gang","floor":8,"turns":6},{"damage":25,"enemies":"3 Sentries","floor":12,"turns":6},{"damage":12,"enemies":"Exordium Wildlife","floor":15,"turns":3},{"damage":34,"enemies":"IC_STATUS_ARCHETYPE","floor":16,"turns":6}],"seed_played":"1585863026408118762","potions_obtained":[{"floor":3,"key":"Block Potion"},{"floor":4,"key":"BlessingOfTheForge"},{"floor":15,"key":"sneckomod:MuddlingPotion"}],"is_trial":false,"path_per_floor":["R","M","M","M","?","$","T","M","?","R","?","E","?","?","M","B"],"character_chosen":"THE_SNECKO","items_purchased":[],"campfire_rested":1,"item_purchase_floors":[],"current_hp_per_floor":[99,86,86,78,78,68,68,17,17,46,46,21,45,45,33,0,0,0],"gold":341,"neow_bonus":"TEN_PERCENT_HP_BONUS","is_daily":false,"chose_seed":false,"campfire_upgraded":0,"win_rate":0.0,"timestamp":1612849305,"path_taken":["R","M","M","M","?","$","T","M","?","R","?","E","?","?","M","BOSS"],"items_purchased_type":[],"build_version":"2020-12-22","purchased_purges":0,"victory":false,"max_hp_per_floor":[99,99,99,99,99,99,99,99,99,99,99,99,99,96,96,96,96,96],"card_choices":[{"not_picked":["sneckomod:Nope","sneckomod:TrashToTreasure"],"picked":"sneckomod:IronFang","floor":2},{"not_picked":["sneckomod:UnknownCommonSkill","sneckomod:UnknownDraw"],"picked":"sneckomod:Nope","floor":3},{"not_picked":["sneckomod:QuickBite","sneckomod:SoulRoll"],"picked":"sneckomod:DiceCrush","floor":4},{"not_picked":["sneckomod:ImprovisedGuard","sneckomod:RainOfDice"],"picked":"sneckomod:UnknownX","floor":6},{"not_picked":["sneckomod:UnknownStrike","sneckomod:UnknownX"],"picked":"sneckomod:SlitherStrike","floor":8},{"not_picked":["sneckomod:QuickBite","sneckomod:UnknownBlock"],"picked":"sneckomod:DiceCrush","floor":12},{"not_picked":["sneckomod:CheapStock","sneckomod:Unknown3Cost"],"picked":"sneckomod:UnknownBlock","floor":15}],"player_experience":536935,"relics_obtained":[{"floor":7,"key":"PreservedInsect"},{"floor":12,"key":"Happy Flower"}],"event_choices":[{"damage_healed":0,"gold_gain":0,"player_choice":"Grow","damage_taken":0,"max_hp_gain":0,"max_hp_loss":0,"event_name":"Living Wall","floor":9,"gold_loss":0,"cards_upgraded":["sneckomod:Nope"]},{"damage_healed":24,"gold_gain":0,"player_choice":"Healed and dodged fight","damage_taken":0,"max_hp_gain":0,"max_hp_loss":0,"event_name":"Mushrooms","floor":13,"gold_loss":0,"cards_obtained":["Parasite"]},{"cards_removed":["Parasite"],"damage_healed":0,"gold_gain":0,"player_choice":"Took Card","damage_taken":0,"max_hp_gain":0,"max_hp_loss":0,"event_name":"NoteForYourself","floor":14,"gold_loss":0,"cards_obtained":["CarveReality"]}],"is_beta":false,"boss_relics":[],"items_purged_floors":[],"is_endless":false,"potions_floor_spawned":[3,4,15],"killed_by":"IC_STATUS_ARCHETYPE","ascension_level":0}}