{"host":"e1pm3b7xpcm97e5w","time":1612903370,"event":{"mods":["BaseMod","Better Skull","Googly Eyes","Minty Spire (QoL Compilation)","Relic Stats","Shop Mod","Spicy Shops","StSLib"],"gold_per_floor":[112,62,82,82,96,128,128,155,155,169,188,188,204,216,216,288,288,302,318,318,318,348,348,348,132,132,163,176,19,19,36,36,110,110,128,128,350,196,196,196,214,214,214,232,245,245,67,78,78,78,78],"floor_reached":50,"language":"ENG","playtime":2151,"items_purged":[],"score":779,"play_id":"9ae12e24-1b4a-467f-9b7a-962cb2bf57c1","local_time":"20210209154250","is_ascension_mode":true,"campfire_choices":[{"data":"Zap","floor":7.0,"key":"SMITH"},{"floor":12.0,"key":"REST"},{"data":"Hologram","floor":15.0,"key":"SMITH"},{"floor":23.0,"key":"REST"},{"data":"Consume","floor":30.0,"key":"SMITH"},{"floor":32.0,"key":"REST"},{"data":"Multi-Cast","floor":40,"key":"SMITH"},{"floor":42,"key":"REST"},{"data":"Defragment","floor":49,"key":"SMITH"}],"circlet_count":0,"master_deck":["AscendersBane","Defend_B","Defend_B","Defend_B","Defend_B","Zap+1","Dualcast","Rainbow+1","Hologram+1","Capacitor","Compile Driver","Genetic Algorithm","Genetic Algorithm","Hello World","Electrodynamics","Cold Snap","Echo Form","Redo","Capacitor","Compile Driver","Skim","Consume+1","Multi-Cast+1","Barrage+1","Echo Form","Defragment+1","Capacitor"],"relics":["Cracked Core","Nunchaku","InkBottle","DataDisk","Runic Dome","Enchiridion","Red Mask","Runic Capacitor","TungstenRod","Molten Egg 2","Blue Candle","Orrery","Runic Pyramid","OrangePellets","Toxic Egg 2","Frozen Eye"],"acts_visited":["Exordium","TheCity","TheBeyond"],"potions_floor_usage":[],"damage_taken":[{"damage":8.0,"enemies":"Small Slimes","floor":1.0,"turns":3.0},{"damage":0.0,"enemies":"2 Louse","floor":3.0,"turns":2.0},{"damage":0.0,"enemies":"Cultist","floor":5.0,"turns":4.0},{"damage":16.0,"enemies":"Lagavulin","floor":6.0,"turns":7.0},{"damage":24.0,"enemies":"3 Sentries","floor":8.0,"turns":7.0},{"damage":2.0,"enemies":"3 Louse","floor":10.0,"turns":3.0},{"damage":5.0,"enemies":"2 Fungi Beasts","floor":11.0,"turns":4.0},{"damage":1.0,"enemies":"Looter","floor":13.0,"turns":3.0},{"damage":3.0,"enemies":"Red Slaver","floor":14.0,"turns":3.0},{"damage":15.0,"enemies":"Hexaghost","floor":16.0,"turns":10.0},{"damage":17.0,"enemies":"3 Byrds","floor":18.0,"turns":5.0},{"damage":7.0,"enemies":"Chosen","floor":19.0,"turns":4.0},{"damage":7.0,"enemies":"Masked Bandits","floor":22.0,"turns":4.0},{"damage":10.0,"enemies":"Book of Stabbing","floor":27.0,"turns":5.0},{"damage":0.0,"enemies":"Snecko","floor":28.0,"turns":5.0},{"damage":1.0,"enemies":"Cultist and Chosen","floor":31.0,"turns":4.0},{"damage":13.0,"enemies":"Champ","floor":33.0,"turns":8.0},{"damage":0,"enemies":"3 Shapes","floor":35,"turns":4},{"damage":36,"enemies":"3 Darklings","floor":41,"turns":3},{"damage":26,"enemies":"Spire Growth","floor":44,"turns":7},{"damage":10,"enemies":"Maw","floor":45,"turns":7},{"damage":19,"enemies":"Writhing Mass","floor":48,"turns":6},{"damage":53,"enemies":"Donu and Deca","floor":50,"turns":3}],"seed_played":"2807726206779922816","potions_obtained":[{"floor":3.0,"key":"BlessingOfTheForge"},{"floor":5.0,"key":"Block Potion"},{"floor":11.0,"key":"Explosive Potion"},{"floor":16.0,"key":"Regen Potion"},{"floor":27.0,"key":"PotionOfCapacity"},{"floor":45,"key":"SpeedPotion"}],"is_trial":false,"path_per_floor":["M","?","M","?","M","E","R","E","T","M","M","R","M","M","R","B",null,"M","M","?","?","?","R","?","$","T","E","M","$","R","M","R","B",null,"M","$","?","$","?","R","M","R","T","M","M","?","$","M","R","B"],"character_chosen":"DEFECT","items_purchased":["Runic Capacitor","TungstenRod","Orrery","OrangePellets","Frozen Eye","Capacitor"],"campfire_rested":4,"item_purchase_floors":[25,25,29,38,47,47],"current_hp_per_floor":[60,60,60,60,60,44,44,20,20,18,13,33,32,29,29,14,55,38,31,15,15,20,40,40,40,40,30,30,30,30,29,49,36,60,60,60,60,60,60,60,24,44,44,18,8,59,59,40,40,0,0],"gold":78,"neow_bonus":"THREE_RARE_CARDS","is_daily":false,"chose_seed":false,"campfire_upgraded":5,"win_rate":0.0,"timestamp":1612903370,"path_taken":["M","?","M","?","M","E","R","E","T","M","M","R","?","M","R","BOSS","M","M","?","?","?","R","?","$","T","E","M","$","R","M","R","BOSS","M","?","?","$","?","R","M","R","T","M","M","?","$","M","R","BOSS"],"items_purchased_type":["Relic","Relic","Relic","Relic","Relic","Card"],"build_version":"2020-12-22","purchased_purges":0,"victory":false,"max_hp_per_floor":[68,68,68,68,68,68,68,68,68,68,68,68,68,68,68,68,68,68,68,68,68,68,68,68,68,68,68,68,68,68,68,68,68,68,68,68,68,68,68,68,68,68,68,68,68,59,59,59,59,59,59],"relic_stats":{"OrangePellets":[5],"Nunchaku":[8],"counters":[23,111],"Blue Candle":[0],"obtain_stats":[{"Blue Candle":27,"Enchiridion":20,"Runic Capacitor":25,"Runic Dome":17,"OrangePellets":38,"Frozen Eye":47,"Nunchaku":6,"DataDisk":9,"Orrery":29,"Molten Egg 2":26,"Red Mask":22,"Toxic Egg 2":43,"Cracked Core":0,"InkBottle":8,"TungstenRod":25,"Runic Pyramid":34},{"Blue Candle":14,"Enchiridion":12,"Runic Capacitor":13,"Runic Dome":10,"OrangePellets":18,"Frozen Eye":21,"Nunchaku":4,"DataDisk":5,"Orrery":15,"Molten Egg 2":13,"Red Mask":13,"Toxic Egg 2":19,"Cracked Core":0,"InkBottle":5,"TungstenRod":13,"Runic Pyramid":17},{"Blue Candle":64,"Enchiridion":55,"Runic Capacitor":59,"Runic Dome":46,"OrangePellets":85,"Frozen Eye":102,"Nunchaku":16,"DataDisk":23,"Orrery":69,"Molten Egg 2":59,"Red Mask":59,"Toxic Egg 2":88,"Cracked Core":0,"InkBottle":23,"TungstenRod":59,"Runic Pyramid":81}],"InkBottle":[33],"TungstenRod":24},"card_choices":[{"not_picked":["Thunder Strike","Fission"],"picked":"Rainbow","floor":0.0},{"not_picked":["Hello World","Reprogram"],"picked":"Hologram","floor":1.0},{"not_picked":["Cold Snap","Sweeping Beam"],"picked":"Capacitor","floor":3.0},{"not_picked":["Beam Cell","Rebound"],"picked":"Compile Driver","floor":5.0},{"not_picked":["Reinforced Body","Heatsinks"],"picked":"Genetic Algorithm","floor":6.0},{"not_picked":["Steam","Go for the Eyes"],"picked":"Genetic Algorithm","floor":8.0},{"not_picked":["Heatsinks","Go for the Eyes","Sweeping Beam"],"picked":"SKIP","floor":10.0},{"not_picked":["Double Energy","Reprogram"],"picked":"Hello World","floor":11.0},{"not_picked":["Aggregate","Beam Cell"],"picked":"Electrodynamics","floor":13.0},{"not_picked":["Conserve Battery","Barrage"],"picked":"Cold Snap","floor":14.0},{"not_picked":["Fission","Hyperbeam"],"picked":"Echo Form","floor":16.0},{"not_picked":["Turbo","Leap"],"picked":"Redo","floor":18.0},{"not_picked":["Genetic Algorithm","Reinforced Body","Tempest"],"picked":"SKIP","floor":19.0},{"not_picked":["Heatsinks","Turbo"],"picked":"Skim","floor":27.0},{"not_picked":["Compile Driver+1","Steam","Conserve Battery"],"picked":"SKIP","floor":28.0},{"not_picked":["Barrage+1","Conserve Battery+1"],"picked":"Consume","floor":29.0},{"not_picked":["Recycle","Scrape+1"],"picked":"Multi-Cast","floor":29.0},{"not_picked":["Gash+1","Go for the Eyes+1"],"picked":"Barrage+1","floor":31.0},{"not_picked":["Machine Learning","Seek"],"picked":"Echo Form","floor":33.0},{"not_picked":["Steam","Skim+1","Hologram"],"picked":"SKIP","floor":35},{"not_picked":["Reprogram","Ball Lightning+1","Skim+1"],"picked":"SKIP","floor":41},{"not_picked":["Go for the Eyes+1","Melter+1"],"picked":"Defragment","floor":44},{"not_picked":["Hologram+1","Rebound+1","Skim+1"],"picked":"SKIP","floor":45},{"not_picked":["Leap+1","Redo+1","Coolheaded+1"],"picked":"SKIP","floor":48}],"player_experience":717631,"relics_obtained":[{"floor":6.0,"key":"Nunchaku"},{"floor":8.0,"key":"InkBottle"},{"floor":9.0,"key":"DataDisk"},{"floor":20.0,"key":"Enchiridion"},{"floor":22.0,"key":"Red Mask"},{"floor":26.0,"key":"Molten Egg 2"},{"floor":27.0,"key":"Blue Candle"},{"floor":43,"key":"Toxic Egg 2"}],"event_choices":[{"cards_removed":["Strike_B"],"damage_healed":0.0,"max_hp_gain":0.0,"max_hp_loss":0.0,"gold_gain":0.0,"event_name":"The Cleric","player_choice":"Card Removal","floor":2.0,"gold_loss":50.0,"damage_taken":0.0},{"damage_healed":0.0,"max_hp_gain":0.0,"max_hp_loss":0.0,"gold_gain":0.0,"event_name":"Upgrade Shrine","player_choice":"Upgraded","floor":4.0,"gold_loss":0.0,"damage_taken":0.0,"cards_upgraded":["Rainbow"]},{"damage_healed":0.0,"max_hp_gain":0.0,"max_hp_loss":0.0,"gold_gain":0.0,"event_name":"Cursed Tome","player_choice":"Obtained Book","floor":20.0,"gold_loss":0.0,"damage_taken":16.0},{"damage_healed":0.0,"max_hp_gain":0.0,"max_hp_loss":0.0,"gold_gain":0.0,"cards_transformed":["Strike_B","Strike_B"],"event_name":"Drug Dealer","player_choice":"Became Test Subject","floor":21.0,"gold_loss":0.0,"damage_taken":0.0,"cards_obtained":["Capacitor","Compile Driver"]},{"damage_healed":0.0,"max_hp_gain":0.0,"max_hp_loss":0.0,"gold_gain":0.0,"event_name":"Masked Bandits","player_choice":"Fought Bandits","floor":22.0,"gold_loss":0.0,"damage_taken":0.0},{"cards_removed":["Strike_B"],"damage_healed":0.0,"max_hp_gain":0.0,"max_hp_loss":0.0,"gold_gain":0.0,"event_name":"Wheel of Change","player_choice":"Card Removal","floor":24.0,"gold_loss":0.0,"damage_taken":0.0},{"damage_healed":0,"gold_gain":222,"player_choice":"Wore Mask","damage_taken":0,"max_hp_gain":0,"max_hp_loss":0,"event_name":"Tomb of Lord Red Mask","floor":37,"gold_loss":0},{"damage_healed":0,"gold_gain":0,"player_choice":"Memory 1","damage_taken":0,"max_hp_gain":0,"max_hp_loss":0,"event_name":"SensoryStone","floor":39,"gold_loss":0},{"damage_healed":59,"gold_gain":0,"player_choice":"Heal","damage_taken":0,"max_hp_gain":0,"max_hp_loss":9,"event_name":"The Moai Head","floor":46,"gold_loss":0}],"is_beta":false,"boss_relics":[{"not_picked":["FrozenCore","Cursed Key"],"picked":"Runic Dome"},{"not_picked":["Black Star","Velvet Choker"],"picked":"Runic Pyramid"}],"items_purged_floors":[],"is_endless":false,"potions_floor_spawned":[3,5,11,16,18,27,31,33,44,45],"killed_by":"Donu and Deca","ascension_level":13}}