{"host":"vdcd40ahtleuz1u4","time":1612903678,"event":{"mods":["AchievementEnabler","BaseMod","BetterRewards","Colored Map","Colored Powertips","Curses Come First","Highlight Path","Minty Spire (QoL Compilation)","Quick Restart","Relic Stats","Shop Mod","StSLib","SuperFastMode","Weighted Paths"],"gold_per_floor":[116,116,128,203,203,232,232,259,259,287,304,329,329,356,356,461,461,481,495,495,511,137,171,17,17,63,91,102,131,131,230,230,328,328,346,364,264,264,264,291,343,343,343,343,374,374,374,394,394,394],"floor_reached":51,"language":"ENG","playtime":1777,"items_purged":["Bash","Defend_R"],"score":1467,"play_id":"d6a5f14e-af42-4b81-88c4-0ea614b7973f","local_time":"20210209204758","is_ascension_mode":true,"campfire_choices":[{"floor":7,"key":"REST"},{"data":"Rampage","floor":13,"key":"SMITH"},{"data":"Inflame","floor":15,"key":"SMITH"},{"data":"Limit Break","floor":25,"key":"SMITH"},{"floor":30,"key":"REST"},{"data":"Limit Break","floor":32,"key":"SMITH"},{"data":"Flex","floor":42,"key":"SMITH"},{"data":"Spot Weakness","floor":44,"key":"SMITH"},{"data":"Rage","floor":46,"key":"SMITH"},{"floor":49,"key":"REST"}],"circlet_count":0,"master_deck":["Strike_R+1","Defend_R+1","Inflame+1","Inflame+1","Rage+1","Spot Weakness+1","Flex+1","Rampage+1","Limit Break+1","Limit Break+1","Cleave+1","Heavy Blade+1","Heavy Blade+1","Flex+1"],"relics":["Burning Blood","White Beast Statue","Calipers","Vajra","Odd Mushroom","Pear","Darkstone Periapt","SlaversCollar","Nloth\u0027s Gift","StoneCalendar","Ancient Tea Set","Lee\u0027s Waffle","Regal Pillow","Ornamental Fan","Strawberry","Sozu","Dead Branch","Juzu Bracelet","Bottled Lightning","Mark of the Bloom"],"acts_visited":["Exordium","TheCity","TheBeyond"],"potions_floor_usage":[10,11,12,16,18,18,18,21,23,27,36],"damage_taken":[{"damage":9,"enemies":"Jaw Worm","floor":1,"turns":3},{"damage":1,"enemies":"Cultist","floor":3,"turns":3},{"damage":31,"enemies":"Gremlin Nob","floor":6,"turns":4},{"damage":26,"enemies":"Lagavulin","floor":8,"turns":5},{"damage":48,"enemies":"The Mushroom Lair","floor":10,"turns":5},{"damage":0,"enemies":"Small Slimes","floor":11,"turns":2},{"damage":36,"enemies":"3 Sentries","floor":12,"turns":8},{"damage":40,"enemies":"Gremlin Nob","floor":14,"turns":4},{"damage":68,"enemies":"The Guardian","floor":16,"turns":8},{"damage":12,"enemies":"Chosen","floor":18,"turns":3},{"damage":30,"enemies":"Spheric Guardian","floor":19,"turns":4},{"damage":48,"enemies":"Snake Plant","floor":21,"turns":3},{"damage":43,"enemies":"Book of Stabbing","floor":23,"turns":4},{"damage":83,"enemies":"Gremlin Leader","floor":27,"turns":5},{"damage":53,"enemies":"Snecko","floor":28,"turns":6},{"damage":95,"enemies":"Slavers","floor":29,"turns":7},{"damage":43,"enemies":"Collector","floor":33,"turns":4},{"damage":39,"enemies":"Orb Walker","floor":35,"turns":4},{"damage":27,"enemies":"3 Shapes","floor":36,"turns":4},{"damage":21,"enemies":"Giant Head","floor":40,"turns":4},{"damage":51,"enemies":"2 Orb Walkers","floor":41,"turns":4},{"damage":73,"enemies":"Reptomancer","floor":45,"turns":3},{"damage":12,"enemies":"Writhing Mass","floor":48,"turns":2},{"damage":67,"enemies":"Awakened One","floor":50,"turns":4}],"seed_played":"7939098004786008512","potions_obtained":[{"floor":3,"key":"ElixirPotion"},{"floor":8,"key":"BloodPotion"},{"floor":10,"key":"AttackPotion"},{"floor":11,"key":"BloodPotion"},{"floor":12,"key":"Regen Potion"},{"floor":14,"key":"Strength Potion"},{"floor":16,"key":"AttackPotion"},{"floor":18,"key":"Strength Potion"},{"floor":19,"key":"ColorlessPotion"},{"floor":21,"key":"SpeedPotion"},{"floor":23,"key":"Weak Potion"},{"floor":27,"key":"EssenceOfSteel"},{"floor":28,"key":"GamblersBrew"}],"is_trial":false,"path_per_floor":["M","?","M","?","?","E","R","E","T","?","M","E","R","E","R","B",null,"M","M","?","M","$","E","$","R","T","E","M","E","R","?","R","B",null,"M","M","$","?","?","E","?","R","T","R","E","R","?","M","R","B",null],"character_chosen":"IRONCLAD","items_purchased":["Inflame","Frozen Egg 2","Inflame+1","StoneCalendar","Lee\u0027s Waffle"],"campfire_rested":3,"item_purchase_floors":[0,0,0,22,24],"current_hp_per_floor":[69,69,74,63,56,31,55,35,35,71,77,73,73,39,39,88,90,88,64,64,90,90,53,97,97,97,90,43,94,104,104,104,67,95,104,99,99,99,99,84,99,99,99,99,99,99,99,87,87,20],"gold":394,"neow_bonus":"","is_daily":false,"chose_seed":false,"campfire_upgraded":7,"win_rate":0.0,"timestamp":1612903678,"path_taken":["M","?","?","?","?","E","R","E","T","?","M","E","R","E","R","BOSS","M","M","?","?","$","E","$","R","T","E","M","E","R","?","R","BOSS","M","M","$","?","?","E","?","R","T","R","E","R","?","M","R","BOSS"],"items_purchased_type":["Card","Relic","Card","Relic","Relic"],"build_version":"2020-12-22","purchased_purges":2,"victory":true,"max_hp_per_floor":[80,80,80,80,80,80,80,80,80,80,80,90,90,90,90,90,90,90,90,90,90,90,90,97,97,97,97,97,104,104,104,104,104,104,104,104,104,99,99,99,99,99,99,99,99,99,99,99,99,99],"relic_stats":{"Darkstone Periapt":0,"Lee\u0027s Waffle":44,"Regal Pillow":0,"Mark of the Bloom":326,"counters":[45,239],"Dead Branch":[0],"StoneCalendar":[6],"Juzu Bracelet":4,"Burning Blood":224,"Sozu":2,"Ornamental Fan":[8],"Nloth\u0027s Gift":5,"obtain_stats":[{"Darkstone Periapt":14,"Lantern":11,"Regal Pillow":26,"Mark of the Bloom":47,"Calipers":8,"Vajra":9,"StoneCalendar":22,"Juzu Bracelet":0,"Ancient Tea Set":6,"Smiling Mask":47,"Burning Blood":0,"Blood Vial":26,"Sozu":34,"Dream Catcher":27,"Strawberry":29,"Red Mask":48,"Kunai":23,"Toxic Egg 2":23,"Lee\u0027s Waffle":24,"Pear":12,"Happy Flower":29,"Blue Candle":12,"Dead Branch":41,"Pen Nib":27,"PreservedInsect":44,"Letter Opener":9,"Orichalcum":44,"Frozen Egg 2":0,"Odd Mushroom":10,"White Beast Statue":6,"Strange Spoon":38,"SlaversCollar":17,"Ornamental Fan":27,"MutagenicStrength":30,"Bronze Scales":43,"Snecko Eye":34,"Black Star":17,"Bag of Marbles":31,"Nloth\u0027s Gift":20,"Bottled Lightning":45,"Toy Ornithopter":47},{"Darkstone Periapt":29,"Lantern":4,"Regal Pillow":34,"Mark of the Bloom":43,"Calipers":25,"Vajra":25,"StoneCalendar":33,"Juzu Bracelet":0,"Ancient Tea Set":3,"Smiling Mask":20,"Burning Blood":0,"Blood Vial":12,"Sozu":38,"Dream Catcher":13,"Strawberry":37,"Red Mask":20,"Kunai":10,"Toxic Egg 2":10,"Lee\u0027s Waffle":34,"Pear":28,"Happy Flower":13,"Blue Candle":5,"Dead Branch":42,"Pen Nib":13,"PreservedInsect":19,"Letter Opener":3,"Orichalcum":19,"Frozen Egg 2":21,"Odd Mushroom":26,"White Beast Statue":24,"Strange Spoon":16,"SlaversCollar":30,"Ornamental Fan":35,"MutagenicStrength":13,"Bronze Scales":18,"Snecko Eye":14,"Black Star":7,"Bag of Marbles":13,"Nloth\u0027s Gift":32,"Bottled Lightning":43,"Toy Ornithopter":20},{"Darkstone Periapt":170,"Lantern":22,"Regal Pillow":192,"Mark of the Bloom":233,"Calipers":151,"Vajra":151,"StoneCalendar":188,"Juzu Bracelet":0,"Ancient Tea Set":12,"Smiling Mask":127,"Burning Blood":0,"Blood Vial":79,"Sozu":214,"Dream Catcher":86,"Strawberry":210,"Red Mask":127,"Kunai":67,"Toxic Egg 2":67,"Lee\u0027s Waffle":192,"Pear":166,"Happy Flower":86,"Blue Candle":32,"Dead Branch":230,"Pen Nib":86,"PreservedInsect":122,"Letter Opener":12,"Orichalcum":122,"Frozen Egg 2":136,"Odd Mushroom":156,"White Beast Statue":146,"Strange Spoon":105,"SlaversCollar":178,"Ornamental Fan":197,"MutagenicStrength":86,"Bronze Scales":112,"Snecko Eye":99,"Black Star":47,"Bag of Marbles":86,"Nloth\u0027s Gift":185,"Bottled Lightning":233,"Toy Ornithopter":127}]},"card_choices":[{"not_picked":["Reckless Charge","Warcry","Sentinel"],"picked":"SKIP","floor":1},{"not_picked":["Armaments","Wild Strike"],"picked":"Rage","floor":3},{"not_picked":["Carnage","Perfected Strike","Hemokinesis"],"picked":"SKIP","floor":6},{"not_picked":["Clash","Wild Strike"],"picked":"Spot Weakness","floor":8},{"not_picked":["True Grit","Perfected Strike"],"picked":"Flex","floor":10},{"not_picked":["Havoc","Cleave"],"picked":"Flex","floor":11},{"not_picked":["Clothesline","Iron Wave"],"picked":"Rampage","floor":12},{"not_picked":["Headbutt","Pommel Strike","Armaments"],"picked":"SKIP","floor":14},{"not_picked":["Double Tap","Immolate"],"picked":"Limit Break","floor":16},{"not_picked":["Warcry","Iron Wave","Disarm"],"picked":"SKIP","floor":18},{"not_picked":["Pommel Strike","Perfected Strike+1","Sword Boomerang"],"picked":"SKIP","floor":19},{"not_picked":["Fiend Fire","Sword Boomerang","Shrug It Off"],"picked":"SKIP","floor":21},{"not_picked":["Clothesline","Armaments","Corruption"],"picked":"SKIP","floor":23},{"not_picked":["True Grit","Double Tap"],"picked":"Limit Break","floor":27},{"not_picked":["Warcry+1","Twin Strike"],"picked":"Cleave+1","floor":28},{"not_picked":["Fiend Fire","Intimidate","Feel No Pain"],"picked":"SKIP","floor":29},{"not_picked":["Sword Boomerang+1","Shrug It Off+1","Iron Wave"],"picked":"SKIP","floor":35},{"not_picked":["Heavy Blade","Twin Strike+1","Shrug It Off+1"],"picked":"SKIP","floor":36},{"not_picked":["True Grit","Wild Strike","Juggernaut"],"picked":"SKIP","floor":40},{"not_picked":["Shrug It Off","True Grit+1"],"picked":"Flex+1","floor":41},{"not_picked":["Reckless Charge+1","Bludgeon","Sentinel+1"],"picked":"SKIP","floor":45},{"not_picked":["Juggernaut","Wild Strike+1","Iron Wave"],"picked":"SKIP","floor":48}],"player_experience":184000,"relics_obtained":[{"floor":6,"key":"White Beast Statue"},{"floor":8,"key":"Calipers"},{"floor":9,"key":"Vajra"},{"floor":10,"key":"Odd Mushroom"},{"floor":12,"key":"Pear"},{"floor":14,"key":"Darkstone Periapt"},{"floor":23,"key":"Ancient Tea Set"},{"floor":26,"key":"Regal Pillow"},{"floor":27,"key":"Ornamental Fan"},{"floor":29,"key":"Strawberry"},{"floor":41,"key":"Dead Branch"},{"floor":43,"key":"Juzu Bracelet"},{"floor":45,"key":"Bottled Lightning"}],"event_choices":[{"cards_removed":["Defend_R"],"damage_healed":0,"gold_gain":0,"player_choice":"Purged","damage_taken":0,"max_hp_gain":0,"max_hp_loss":0,"event_name":"Purifier","floor":2,"gold_loss":0},{"damage_healed":0,"gold_gain":75,"player_choice":"Gather Gold","damage_taken":11,"max_hp_gain":0,"max_hp_loss":0,"event_name":"World of Goop","floor":4,"gold_loss":0},{"cards_removed":["Defend_R"],"damage_healed":0,"gold_gain":0,"player_choice":"Card Removal","damage_taken":7,"max_hp_gain":0,"max_hp_loss":0,"event_name":"Golden Wing","floor":5,"gold_loss":0},{"damage_healed":0,"gold_gain":0,"player_choice":"Fought Mushrooms","damage_taken":0,"max_hp_gain":0,"max_hp_loss":0,"event_name":"Mushrooms","floor":10,"gold_loss":0},{"damage_healed":0,"gold_gain":0,"player_choice":"Traded Relic","damage_taken":0,"relics_obtained":["Nloth\u0027s Gift"],"max_hp_gain":0,"max_hp_loss":0,"event_name":"N\u0027loth","floor":20,"relics_lost":["Frozen Egg 2"],"gold_loss":0},{"damage_healed":0,"gold_gain":99,"player_choice":"Stole From Cult","damage_taken":0,"max_hp_gain":0,"max_hp_loss":0,"event_name":"Nest","floor":31,"gold_loss":0},{"damage_healed":0,"gold_gain":0,"player_choice":"Max HP","damage_taken":0,"max_hp_gain":0,"max_hp_loss":5,"event_name":"Winding Halls","floor":38,"gold_loss":0},{"cards_removed":["Flex"],"damage_healed":0,"gold_gain":0,"player_choice":"Removed Skill","damage_taken":0,"max_hp_gain":0,"max_hp_loss":0,"event_name":"Falling","floor":39,"gold_loss":0},{"damage_healed":0,"gold_gain":0,"player_choice":"Fight","damage_taken":0,"max_hp_gain":0,"max_hp_loss":0,"event_name":"Mysterious Sphere","floor":41,"gold_loss":0},{"damage_healed":0,"gold_gain":0,"player_choice":"Upgrade","damage_taken":0,"relics_obtained":["Mark of the Bloom"],"max_hp_gain":0,"max_hp_loss":0,"event_name":"MindBloom","floor":47,"gold_loss":0,"cards_upgraded":["Strike_R","Defend_R"]}],"is_beta":false,"boss_relics":[{"not_picked":["Pandora\u0027s Box","Snecko Eye"],"picked":"SlaversCollar"},{"not_picked":["Mark of Pain","Fusion Hammer"],"picked":"Sozu"}],"items_purged_floors":[22,37],"is_endless":false,"potions_floor_spawned":[3,8,10,11,12,14,16,18,19,21,23,27,28,29,33,35,36,40,41,45,48],"ascension_level":9}}