{"host":"sum4dy402bbv9y4o","time":1612904207,"event":{"mods":["Aspiration","BaseMod","Conspire","Highlight Path","Minty Spire (QoL Compilation)","StSLib"],"gold_per_floor":[113,3,18,18,34,67,67,86,86,86,104,120,139,174,174,253,253,265,3,3,14,14,14,43,55,67,79,117,129,129],"floor_reached":29,"language":"ENG","playtime":1096,"items_purged":[],"score":546,"play_id":"d4a69b7b-0fc6-48b5-9293-5440946ef244","local_time":"20210209235647","is_ascension_mode":true,"campfire_choices":[{"data":"Eruption","floor":7,"key":"SMITH"},{"data":"Masterful Stab","floor":15,"key":"SMITH"},{"data":"Setup","floor":23,"key":"SMITH"},{"floor":27,"key":"REST"}],"circlet_count":0,"master_deck":["AscendersBane","Strike_P","Defend_P","Defend_P","Defend_P","Eruption+1","Vigilance","BowlingBash","BowlingBash","EmptyBody+1","FollowUp","FollowUp","WindmillStrike","Masterful Stab+1","Dagger Spray","Setup+1","FlurryOfBlows","Protect","Brilliance","Evaluate","Brilliance","TalkToTheHand","LessonLearned","EmptyBody","Halt","InnerPeace"],"relics":["PureWater","aspiration:Nostalgia","Burning Blood","CaptainsWheel","Du-Vu Doll","Bottled Flame","VioletLotus","MutagenicStrength","MawBank","Happy Flower","GoldenEye"],"acts_visited":["Exordium","TheCity"],"potions_floor_usage":[12,16,16],"damage_taken":[{"damage":19,"enemies":"Small Slimes","floor":1,"turns":2},{"damage":1,"enemies":"2 Louse","floor":3,"turns":2},{"damage":7,"enemies":"Jaw Worm","floor":5,"turns":3},{"damage":12,"enemies":"3 Sentries","floor":6,"turns":9},{"damage":5,"enemies":"3 Louse","floor":8,"turns":2},{"damage":13,"enemies":"Blue Slaver","floor":11,"turns":4},{"damage":0,"enemies":"Gremlin Gang","floor":12,"turns":2},{"damage":0,"enemies":"Looter","floor":13,"turns":3},{"damage":14,"enemies":"Gremlin Nob","floor":14,"turns":4},{"damage":41,"enemies":"The Guardian","floor":16,"turns":11},{"damage":0,"enemies":"Spheric Guardian","floor":18,"turns":2},{"damage":7,"enemies":"Chosen","floor":21,"turns":7},{"damage":35,"enemies":"Gremlin Leader","floor":24,"turns":9},{"damage":47,"enemies":"conspire:SneckoGhost","floor":28,"turns":11},{"damage":47,"enemies":"Snake Plant","floor":29,"turns":2}],"seed_played":"-1783258922063867518","potions_obtained":[{"floor":1,"key":"Fire Potion"},{"floor":6,"key":"SteroidPotion"},{"floor":12,"key":"LiquidMemories"},{"floor":18,"key":"FairyPotion"}],"is_trial":false,"path_per_floor":["M","$","M","?","M","E","R","M","T","?","M","M","M","E","R","B",null,"M","$","?","M","?","R","E","?","T","R","E","M"],"character_chosen":"WATCHER","items_purchased":["BowlingBash","PowerPotion","LessonLearned","EmptyBody","Halt"],"campfire_rested":1,"item_purchase_floors":[2,2,19,19,19],"current_hp_per_floor":[48,48,53,58,57,51,51,52,52,52,45,51,57,49,49,14,58,64,64,64,63,63,63,34,34,34,55,14,0,0],"gold":129,"neow_bonus":"NOSTALGIA","is_daily":false,"chose_seed":false,"campfire_upgraded":3,"win_rate":0.0,"timestamp":1612904207,"path_taken":["M","$","M","?","M","E","R","M","T","?","M","M","M","E","R","BOSS","M","$","?","M","?","R","E","?","T","R","E","M"],"items_purchased_type":["Card","Potion","Card","Card","Card"],"build_version":"2020-12-22","purchased_purges":0,"victory":false,"max_hp_per_floor":[68,68,68,73,73,73,73,73,73,73,73,73,73,73,73,73,73,73,73,73,73,73,73,73,73,73,73,73,73,73],"card_choices":[{"not_picked":["Nirvana","Consecrate"],"picked":"BowlingBash","floor":1},{"not_picked":["Pray","BowlingBash"],"picked":"EmptyBody","floor":3},{"not_picked":["Sanctity","CutThroughFate"],"picked":"FollowUp","floor":5},{"not_picked":["ForeignInfluence","Crescendo"],"picked":"FollowUp","floor":6},{"not_picked":["FollowUp","FlyingSleeves"],"picked":"WindmillStrike","floor":8},{"not_picked":["Halt","DeceiveReality"],"picked":"FlurryOfBlows","floor":11},{"not_picked":["Consecrate","Study"],"picked":"Protect","floor":12},{"not_picked":["ReachHeaven","SandsOfTime"],"picked":"Brilliance","floor":13},{"not_picked":["Consecrate","Wireheading"],"picked":"Evaluate","floor":14},{"not_picked":["Vault","DevaForm"],"picked":"Brilliance","floor":16},{"not_picked":["FlurryOfBlows","JustLucky"],"picked":"TalkToTheHand","floor":18},{"not_picked":["Worship","CrushJoints","EmptyMind"],"picked":"SKIP","floor":21},{"not_picked":["Meditate","WaveOfTheHand"],"picked":"InnerPeace","floor":24},{"not_picked":["Evaluate","InnerPeace","ForeignInfluence"],"picked":"SKIP","floor":28}],"player_experience":3080126,"relics_obtained":[{"floor":6,"key":"CaptainsWheel"},{"floor":9,"key":"Du-Vu Doll"},{"floor":14,"key":"Bottled Flame"},{"floor":24,"key":"MawBank"},{"floor":26,"key":"Happy Flower"},{"floor":28,"key":"GoldenEye"}],"event_choices":[{"damage_healed":0,"gold_gain":0,"player_choice":"Donut","damage_taken":0,"max_hp_gain":5,"max_hp_loss":0,"event_name":"Big Fish","floor":4,"gold_loss":0},{"damage_healed":0,"gold_gain":0,"player_choice":"Inject Mutagens","damage_taken":0,"relics_obtained":["MutagenicStrength"],"max_hp_gain":0,"max_hp_loss":0,"event_name":"Drug Dealer","floor":20,"gold_loss":0},{"damage_healed":0,"gold_gain":0,"player_choice":"Ignored","damage_taken":0,"max_hp_gain":0,"max_hp_loss":0,"event_name":"Vampires","floor":22,"gold_loss":0},{"cards_removed":["Strike_P"],"damage_healed":0,"gold_gain":0,"player_choice":"Purged","damage_taken":0,"max_hp_gain":0,"max_hp_loss":0,"event_name":"Purifier","floor":25,"gold_loss":0}],"is_beta":false,"boss_relics":[{"not_picked":["Sozu","Tiny House"],"picked":"VioletLotus"}],"items_purged_floors":[],"is_endless":false,"potions_floor_spawned":[1,6,11,12,13,18],"killed_by":"Snake Plant","ascension_level":20}}