{"host":"uv5ws9rdk87e8i5k","time":1612846666,"event":{"mods":["AchievementEnabler","BaseMod","Colored Map","Minty Spire (QoL Compilation)","Permanent Neow","Quick Restart","StSLib","SuperFastMode","The Necromancer"],"gold_per_floor":[119,132,132,143,156,185,185,215,215,243,260,280,280,36,36,138,138,153,153,171,189,15,47,47,21,21,40,54,54,54,71,71,170,170,187,187,203,217,217,242,242,2,2,2,22,36,50,379,379,379],"floor_reached":51,"language":"ENG","playtime":1348,"items_purged":["Decay"],"score":1148,"play_id":"1d8977c4-49ca-48c9-b7f0-624add5a69ef","local_time":"20210208225746","is_ascension_mode":true,"campfire_choices":[{"data":"Rampage","floor":7.0,"key":"SMITH"},{"data":"Impervious","floor":15.0,"key":"SMITH"},{"data":"Barricade","floor":24,"key":"SMITH"},{"data":"Metallicize","floor":29,"key":"SMITH"},{"data":"Body Slam","floor":32,"key":"SMITH"},{"data":"Body Slam","floor":41,"key":"SMITH"},{"data":"Juggernaut","floor":49,"key":"SMITH"}],"circlet_count":0,"master_deck":["Strike_R","Strike_R","Strike_R","Strike_R","Strike_R","Defend_R","Defend_R","Defend_R","Defend_R","Bash","Iron Wave","Body Slam+1","Second Wind","Metallicize+1","Rampage+1","Shrug It Off","Flame Barrier","Flame Barrier","Body Slam+1","Impervious+1","Barricade+1","CurseOfTheBell","Metallicize","Power Through+1","Shrug It Off+1","Impervious+1","Intimidate+1","Juggernaut+1","Body Slam+1","Thinking Ahead+1","Ghostly Armor+1","Writhe","Body Slam","Shrug It Off+1","Power Through+1","Havoc+1","Body Slam+1","Fire Breathing+1"],"relics":["Coffee Dripper","Oddly Smooth Stone","Ginger","Bottled Tornado","Matryoshka","Calling Bell","Vajra","Self Forming Clay","Charon\u0027s Ashes","Membership Card","Ancient Tea Set","The Courier","Toxic Egg 2","Busted Crown","Centennial Puzzle","Mercury Hourglass","Dream Catcher","Turnip","Old Coin"],"acts_visited":["Exordium","TheCity","TheBeyond"],"potions_floor_usage":[21,21,28,31,33,33,42,46,50,50,50],"damage_taken":[{"damage":2.0,"enemies":"Jaw Worm","floor":1.0,"turns":3.0},{"damage":0.0,"enemies":"Cultist","floor":2.0,"turns":3.0},{"damage":2.0,"enemies":"Small Slimes","floor":4.0,"turns":3.0},{"damage":4.0,"enemies":"Exordium Wildlife","floor":5.0,"turns":4.0},{"damage":13.0,"enemies":"3 Sentries","floor":6.0,"turns":5.0},{"damage":24.0,"enemies":"Gremlin Nob","floor":8.0,"turns":4.0},{"damage":22.0,"enemies":"3 Sentries","floor":10.0,"turns":8.0},{"damage":0.0,"enemies":"Large Slime","floor":11.0,"turns":6.0},{"damage":0.0,"enemies":"Gremlin Gang","floor":12.0,"turns":3.0},{"damage":8.0,"enemies":"Slime Boss","floor":16.0,"turns":10.0},{"damage":3.0,"enemies":"Chosen","floor":18.0,"turns":7.0},{"damage":17.0,"enemies":"3 Byrds","floor":20.0,"turns":7.0},{"damage":0,"enemies":"Shelled Parasite and Fungi","floor":21,"turns":3},{"damage":26,"enemies":"Book of Stabbing","floor":23,"turns":9},{"damage":0,"enemies":"Snake Plant","floor":27,"turns":2},{"damage":0,"enemies":"Sentry and Sphere","floor":28,"turns":6},{"damage":0,"enemies":"Centurion and Healer","floor":31,"turns":4},{"damage":0,"enemies":"Champ","floor":33,"turns":9},{"damage":1,"enemies":"3 Shapes","floor":35,"turns":4},{"damage":0,"enemies":"Orb Walker","floor":37,"turns":3},{"damage":37,"enemies":"Transient","floor":38,"turns":5},{"damage":24,"enemies":"Giant Head","floor":40,"turns":9},{"damage":1,"enemies":"Spire Growth","floor":45,"turns":4},{"damage":0,"enemies":"3 Darklings","floor":46,"turns":3},{"damage":5,"enemies":"Maw","floor":47,"turns":5},{"damage":4,"enemies":"Nemesis","floor":48,"turns":7},{"damage":19,"enemies":"Awakened One","floor":50,"turns":8}],"seed_played":"2709271452330857754","potions_obtained":[{"floor":2.0,"key":"PowerPotion"},{"floor":4.0,"key":"Energy Potion"},{"floor":8.0,"key":"Ancient Potion"},{"floor":10.0,"key":"Explosive Potion"},{"floor":18.0,"key":"GamblersBrew"},{"floor":19.0,"key":"BlessingOfTheForge"},{"floor":19.0,"key":"FearPotion"},{"floor":19.0,"key":"FearPotion"},{"floor":27,"key":"FearPotion"},{"floor":31,"key":"Dexterity Potion"},{"floor":38,"key":"Explosive Potion"},{"floor":40,"key":"Explosive Potion"},{"floor":45,"key":"EssenceOfSteel"},{"floor":46,"key":"SpeedPotion"},{"floor":48,"key":"Regen Potion"}],"is_trial":false,"path_per_floor":["M","M","?","M","M","E","R","E","T","E","M","M","?","$","R","B",null,"M","?","M","M","$","E","R","$","T","M","M","R","?","M","R","B",null,"M","?","M","M","?","E","R","$","T","?","M","M","M","E","R","B",null],"character_chosen":"IRONCLAD","items_purchased":["EntropicBrew","Impervious","Membership Card","Metallicize","Block Potion","Fruit Juice","Body Slam","Shrug It Off+1","Power Through+1","Havoc+1","Mercury Hourglass","BlessingOfTheForge"],"campfire_rested":0,"item_purchase_floors":[14,14,22,22,25,42,42,42,42,42,42,42],"current_hp_per_floor":[70,70,70,68,64,51,51,27,27,5,5,5,5,5,5,12,63,60,60,43,43,43,17,17,17,17,17,17,17,17,17,17,17,64,63,63,63,26,46,22,22,27,27,74,73,73,68,64,64,58],"gold":379,"neow_bonus":"BOSS_RELIC","is_daily":false,"chose_seed":false,"campfire_upgraded":7,"win_rate":0.0,"timestamp":1612846666,"path_taken":["M","M","?","M","M","E","R","E","T","E","M","?","?","?","R","BOSS","M","?","?","M","$","E","R","?","T","M","M","R","?","M","R","BOSS","M","?","M","M","?","E","R","$","T","?","?","M","M","E","R","BOSS"],"items_purchased_type":["Potion","Card","Relic","Card","Potion","Potion","Card","Card","Card","Card","Relic","Potion"],"build_version":"2020-12-22","purchased_purges":1,"victory":true,"max_hp_per_floor":[80,80,80,80,80,80,80,80,80,80,80,80,80,80,80,80,80,80,80,80,80,80,80,80,80,80,80,80,80,80,80,80,80,80,80,80,80,80,80,80,80,85,85,74,74,74,74,74,74,74],"card_choices":[{"not_picked":["Sword Boomerang","Heavy Blade"],"picked":"Iron Wave","floor":1.0},{"not_picked":["Heavy Blade","Warcry"],"picked":"Body Slam","floor":2.0},{"not_picked":["Armaments","Heavy Blade"],"picked":"Second Wind","floor":4.0},{"not_picked":["Sentinel","Body Slam"],"picked":"Metallicize","floor":5.0},{"not_picked":["Hemokinesis","Body Slam"],"picked":"Rampage","floor":6.0},{"not_picked":["Twin Strike","Armaments"],"picked":"Shrug It Off","floor":8.0},{"not_picked":["Inflame","Thunderclap"],"picked":"Flame Barrier","floor":10.0},{"not_picked":["Second Wind","Infernal Blade"],"picked":"Flame Barrier","floor":11.0},{"not_picked":["Heavy Blade","Disarm"],"picked":"Body Slam","floor":12.0},{"not_picked":["Fiend Fire","Brutality"],"picked":"Barricade","floor":16.0},{"not_picked":["Clash+1","Thunderclap+1","Sword Boomerang"],"picked":"SKIP","floor":18.0},{"not_picked":["Wild Strike","Uppercut","Second Wind+1"],"picked":"SKIP","floor":20.0},{"not_picked":["Immolate","Whirlwind+1","Inflame"],"picked":"SKIP","floor":21},{"not_picked":["Warcry","Spot Weakness+1"],"picked":"Power Through+1","floor":23},{"not_picked":["Hemokinesis+1","Flex+1"],"picked":"Shrug It Off+1","floor":27},{"not_picked":["Thunderclap+1","Anger","Heavy Blade"],"picked":"SKIP","floor":28},{"not_picked":["Infernal Blade+1","Pommel Strike"],"picked":"Intimidate+1","floor":31},{"not_picked":["Exhume+1","Demon Form"],"picked":"Juggernaut","floor":33},{"not_picked":[],"picked":"Body Slam+1","floor":35},{"not_picked":[],"picked":"Thinking Ahead+1","floor":36},{"not_picked":["Cleave+1"],"picked":"SKIP","floor":37},{"not_picked":[],"picked":"Ghostly Armor+1","floor":38},{"not_picked":["Headbutt"],"picked":"SKIP","floor":40},{"not_picked":[],"picked":"Body Slam+1","floor":45},{"not_picked":[],"picked":"Fire Breathing+1","floor":46},{"not_picked":["Flex+1"],"picked":"SKIP","floor":47},{"not_picked":["Twin Strike"],"picked":"SKIP","floor":48}],"player_experience":277144,"relics_obtained":[{"floor":6.0,"key":"Oddly Smooth Stone"},{"floor":8.0,"key":"Ginger"},{"floor":9.0,"key":"Bottled Tornado"},{"floor":10.0,"key":"Matryoshka"},{"floor":17.0,"key":"Vajra"},{"floor":17.0,"key":"Self Forming Clay"},{"floor":17.0,"key":"Charon\u0027s Ashes"},{"floor":23,"key":"Ancient Tea Set"},{"floor":26,"key":"The Courier"},{"floor":26,"key":"Toxic Egg 2"},{"floor":40,"key":"Centennial Puzzle"},{"floor":43,"key":"Dream Catcher"},{"floor":43,"key":"Turnip"},{"floor":48,"key":"Old Coin"}],"event_choices":[{"damage_healed":0.0,"max_hp_gain":0.0,"max_hp_loss":0.0,"gold_gain":0.0,"event_name":"Wheel of Change","player_choice":"Cursed","floor":3.0,"gold_loss":0.0,"damage_taken":0.0,"cards_obtained":["Decay"]},{"damage_healed":0.0,"max_hp_gain":0.0,"max_hp_loss":0.0,"gold_gain":0.0,"event_name":"Golden Wing","player_choice":"Ignored","floor":13.0,"gold_loss":0.0,"damage_taken":0.0},{"damage_healed":0.0,"max_hp_gain":0.0,"max_hp_loss":0.0,"gold_gain":0.0,"event_name":"Lab","player_choice":"Got Potions","floor":19.0,"gold_loss":0.0,"damage_taken":0.0},{"damage_healed":0,"gold_gain":0,"player_choice":"Copied","damage_taken":0,"max_hp_gain":0,"max_hp_loss":0,"event_name":"Duplicator","floor":30,"gold_loss":0,"cards_obtained":["Impervious"]},{"damage_healed":0,"gold_gain":0,"player_choice":"Memory 1","damage_taken":0,"max_hp_gain":0,"max_hp_loss":0,"event_name":"SensoryStone","floor":36,"gold_loss":0},{"damage_healed":20,"gold_gain":0,"player_choice":"Writhe","damage_taken":0,"max_hp_gain":0,"max_hp_loss":0,"event_name":"Winding Halls","floor":39,"gold_loss":0,"cards_obtained":["Writhe"]},{"damage_healed":74,"gold_gain":0,"player_choice":"Heal","damage_taken":0,"max_hp_gain":0,"max_hp_loss":11,"event_name":"The Moai Head","floor":44,"gold_loss":0}],"is_beta":false,"boss_relics":[{"not_picked":["SacredBark","Runic Cube"],"picked":"Calling Bell"},{"not_picked":["Runic Pyramid","Fusion Hammer"],"picked":"Busted Crown"}],"items_purged_floors":[14],"is_endless":false,"potions_floor_spawned":[2,4,8,10,18,27,31,38,40,45,46,48],"ascension_level":7}}