{"host":"7wi4qgm5yw4j7oz0","time":1612886121,"event":{"mods":["AchievementEnabler","BaseMod","Block Reminder","Colored Map","Colored Powertips","Highlight Path","Minty Spire (QoL Compilation)","Permanent Neow","Random Character Button","Rare Cards Sparkle","StSLib","everything is the same but u backflip on backflip"],"gold_per_floor":[216,135,135,154,165,185,185,213,213,213,229,260,279,305,305,405,405,425,55,74,90,100,126,126,126,152,152,168,197,197,230,230,329,329,341,163,175,191,191,220,220,239,239,239,257,275,275,118,118,118],"floor_reached":51,"language":"KOR","playtime":3751,"items_purged":[],"score":1185,"play_id":"24c8b6de-3dee-424b-8ad3-4e9840587b5f","local_time":"20210210005521","is_ascension_mode":true,"campfire_choices":[{"data":"Fiend Fire","floor":7.0,"key":"SMITH"},{"data":"Battle Trance","floor":10.0,"key":"SMITH"},{"data":"Inflame","floor":15.0,"key":"SMITH"},{"data":"Offering","floor":25.0,"key":"SMITH"},{"data":"Fiend Fire","floor":27.0,"key":"SMITH"},{"data":"Flex","floor":30.0,"key":"SMITH"},{"data":"Warcry","floor":32.0,"key":"SMITH"},{"floor":41.0,"key":"REST"},{"data":"1","floor":44.0,"key":"LIFT"},{"data":"Limit Break","floor":49.0,"key":"SMITH"}],"circlet_count":0,"master_deck":["Strike_R","Strike_R","Strike_R","Strike_R","Defend_R","Defend_R","Defend_R","Defend_R","Bash","Iron Wave","Fiend Fire+1","Fiend Fire+1","Inflame+1","Anger","Battle Trance+1","Shrug It Off","Disarm","Evolve","Thunderclap","Dark Embrace","Flex+1","Headbutt","Offering+1","Offering","Warcry+1","Demon Form","Warcry+1","Heavy Blade","Rupture+1","Warcry+1","Limit Break+1","Warcry"],"relics":["Burning Blood","Centennial Puzzle","Ornamental Fan","Charon\u0027s Ashes","Art of War","SlaversCollar","Gambling Chip","Dead Branch","Toy Ornithopter","Nunchaku","Girya","Cursed Key","Membership Card","Lantern","Ancient Tea Set","TheAbacus"],"acts_visited":["Exordium","TheCity","TheBeyond"],"potions_floor_usage":[],"damage_taken":[{"damage":15.0,"enemies":"Jaw Worm","floor":1.0,"turns":6.0},{"damage":0.0,"enemies":"Small Slimes","floor":4.0,"turns":4.0},{"damage":0.0,"enemies":"Cultist","floor":5.0,"turns":3.0},{"damage":14.0,"enemies":"3 Louse","floor":6.0,"turns":3.0},{"damage":15.0,"enemies":"3 Sentries","floor":8.0,"turns":7.0},{"damage":9.0,"enemies":"Red Slaver","floor":11.0,"turns":2.0},{"damage":12.0,"enemies":"Gremlin Nob","floor":12.0,"turns":3.0},{"damage":5.0,"enemies":"Lots of Slimes","floor":13.0,"turns":2.0},{"damage":15.0,"enemies":"3 Sentries","floor":14.0,"turns":4.0},{"damage":33.0,"enemies":"Slime Boss","floor":16.0,"turns":6.0},{"damage":6.0,"enemies":"Spheric Guardian","floor":18.0,"turns":3.0},{"damage":12.0,"enemies":"3 Byrds","floor":20.0,"turns":2.0},{"damage":6.0,"enemies":"Shelled Parasite and Fungi","floor":21.0,"turns":2.0},{"damage":22.0,"enemies":"Centurion and Healer","floor":22.0,"turns":3.0},{"damage":6.0,"enemies":"Book of Stabbing","floor":23.0,"turns":1.0},{"damage":6.0,"enemies":"Snake Plant","floor":28.0,"turns":1.0},{"damage":6.0,"enemies":"Gremlin Leader","floor":29.0,"turns":1.0},{"damage":3.0,"enemies":"Slavers","floor":31.0,"turns":2.0},{"damage":6.0,"enemies":"Automaton","floor":33.0,"turns":1.0},{"damage":14.0,"enemies":"Orb Walker","floor":35.0,"turns":2.0},{"damage":6.0,"enemies":"3 Shapes","floor":37.0,"turns":1.0},{"damage":15.0,"enemies":"Maw","floor":38.0,"turns":1.0},{"damage":12.0,"enemies":"Nemesis","floor":40.0,"turns":1.0},{"damage":6.0,"enemies":"Jaw Worm Horde","floor":42.0,"turns":2.0},{"damage":38.0,"enemies":"Transient","floor":45.0,"turns":5.0},{"damage":1.0,"enemies":"4 Shapes","floor":46.0,"turns":4.0},{"damage":39,"enemies":"Awakened One","floor":50,"turns":6}],"seed_played":"8939802309972072292","potions_obtained":[{"floor":4.0,"key":"DuplicationPotion"},{"floor":5.0,"key":"ColorlessPotion"},{"floor":11.0,"key":"ColorlessPotion"},{"floor":12.0,"key":"Explosive Potion"},{"floor":13.0,"key":"Explosive Potion"},{"floor":18.0,"key":"Ancient Potion"},{"floor":20.0,"key":"LiquidBronze"},{"floor":23.0,"key":"Fire Potion"},{"floor":35.0,"key":"Dexterity Potion"}],"is_trial":false,"path_per_floor":["M","$","?","M","M","M","R","E","T","R","M","E","M","E","R","B",null,"M","$","M","M","M","E","$","R","T","R","M","E","R","E","R","B",null,"M","$","M","M","?","E","R","M","T","R","M","M","?","$","R","B",null],"character_chosen":"IRONCLAD","items_purchased":["Fiend Fire","Gambling Chip","Dark Embrace","Membership Card","Heavy Blade","Limit Break","TheAbacus","Warcry"],"campfire_rested":1,"item_purchase_floors":[2,19,19,36,36,48,48,48],"current_hp_per_floor":[63,63,63,69,75,67,67,58,58,58,55,49,50,41,41,14,64,64,64,58,58,42,42,42,42,42,42,42,42,42,50,50,50,73,65,65,65,56,56,50,74,74,74,74,42,47,47,47,47,14],"gold":118,"neow_bonus":"HUNDRED_GOLD","is_daily":false,"chose_seed":false,"campfire_upgraded":8,"win_rate":0.0,"timestamp":1612886121,"path_taken":["M","$","?","M","M","M","R","E","T","R","M","E","M","E","R","BOSS","M","$","M","M","M","E","$","R","T","R","M","E","R","E","R","BOSS","M","$","M","M","?","E","R","M","T","R","?","M","?","$","R","BOSS"],"items_purchased_type":["Card","Relic","Card","Relic","Card","Card","Relic","Card"],"build_version":"2020-12-22","purchased_purges":0,"victory":true,"max_hp_per_floor":[80,80,80,80,80,80,80,80,80,80,80,80,80,80,80,80,80,80,80,80,80,80,80,80,80,80,80,80,80,80,80,80,80,80,80,80,80,80,80,80,80,80,80,80,80,80,77,77,77,77],"card_choices":[{"not_picked":["Sword Boomerang","Body Slam"],"picked":"Iron Wave","floor":1.0},{"not_picked":["Uppercut","Disarm"],"picked":"Inflame","floor":4.0},{"not_picked":["Havoc","Headbutt"],"picked":"Anger","floor":5.0},{"not_picked":["Searing Blow","Havoc","True Grit"],"picked":"SKIP","floor":6.0},{"not_picked":["Fiend Fire","Anger"],"picked":"Battle Trance","floor":8.0},{"not_picked":["Anger","Clothesline"],"picked":"Shrug It Off","floor":11.0},{"not_picked":["Whirlwind","Rampage"],"picked":"Disarm","floor":12.0},{"not_picked":["Flex","True Grit"],"picked":"Evolve","floor":13.0},{"not_picked":["Juggernaut","Havoc"],"picked":"Thunderclap","floor":14.0},{"not_picked":["Twin Strike","Shrug It Off","Sword Boomerang+1"],"picked":"SKIP","floor":18.0},{"not_picked":["Anger","Twin Strike"],"picked":"Flex","floor":20.0},{"not_picked":["Wild Strike","Anger"],"picked":"Headbutt","floor":21.0},{"not_picked":["Shrug It Off+1","Bloodletting+1"],"picked":"Offering","floor":22.0},{"not_picked":["Clothesline","True Grit","Iron Wave"],"picked":"SKIP","floor":23.0},{"not_picked":["Dark Embrace","Clash"],"picked":"Offering","floor":28.0},{"not_picked":["Rupture","Headbutt","Perfected Strike"],"picked":"SKIP","floor":29.0},{"not_picked":["Sever Soul","Uppercut"],"picked":"Warcry","floor":31.0},{"not_picked":["Juggernaut","Impervious"],"picked":"Demon Form","floor":33.0},{"not_picked":["Clothesline","Power Through"],"picked":"Warcry+1","floor":35.0},{"not_picked":["Ghostly Armor+1","Wild Strike","Armaments"],"picked":"SKIP","floor":37.0},{"not_picked":["Ghostly Armor","Blood for Blood+1"],"picked":"Rupture+1","floor":38.0},{"not_picked":["Evolve","Wild Strike","Perfected Strike"],"picked":"SKIP","floor":40.0},{"not_picked":["Perfected Strike+1","Reckless Charge+1"],"picked":"Warcry+1","floor":42.0},{"not_picked":["Thunderclap+1","Blood for Blood+1","Headbutt+1"],"picked":"SKIP","floor":45.0},{"not_picked":["Reckless Charge+1","Twin Strike","Clothesline"],"picked":"SKIP","floor":46.0}],"player_experience":275412,"relics_obtained":[{"floor":8.0,"key":"Centennial Puzzle"},{"floor":9.0,"key":"Ornamental Fan"},{"floor":12.0,"key":"Charon\u0027s Ashes"},{"floor":14.0,"key":"Art of War"},{"floor":23.0,"key":"Dead Branch"},{"floor":26.0,"key":"Toy Ornithopter"},{"floor":29.0,"key":"Nunchaku"},{"floor":31.0,"key":"Girya"},{"floor":40.0,"key":"Lantern"},{"floor":43.0,"key":"Ancient Tea Set"}],"event_choices":[{"damage_healed":0.0,"max_hp_gain":0.0,"max_hp_loss":0.0,"gold_gain":0.0,"cards_transformed":["Strike_R"],"event_name":"Living Wall","player_choice":"Change","floor":3.0,"gold_loss":0.0,"damage_taken":0.0,"cards_obtained":["Fiend Fire"]},{"damage_healed":0.0,"max_hp_gain":0.0,"max_hp_loss":0.0,"gold_gain":0.0,"event_name":"The Woman in Blue","player_choice":"Bought 0 Potions","floor":39.0,"gold_loss":0.0,"damage_taken":0.0},{"cards_removed":["Parasite"],"damage_healed":0.0,"max_hp_gain":0.0,"max_hp_loss":0.0,"gold_gain":0.0,"event_name":"Fountain of Cleansing","player_choice":"Removed Curses","floor":47.0,"gold_loss":0.0,"damage_taken":0.0}],"is_beta":false,"boss_relics":[{"not_picked":["Empty Cage","Velvet Choker"],"picked":"SlaversCollar"},{"not_picked":["Runic Cube","Astrolabe"],"picked":"Cursed Key"}],"items_purged_floors":[],"is_endless":false,"potions_floor_spawned":[4,5,11,12,13,18,20,23,28,35,38,42],"ascension_level":7}}