{"host":"z7aqijtw6ph01z7j","time":1612857376,"event":{"mods":["AchievementEnabler","BaseMod","BetterRewards","Card Forge","Colored Map","Energized Spire","Hermit","Koishi","KomeijiMod","Marisa£¨Ùöéë¡¡Øª×âÞÞ£©","Minty Spire (QoL Compilation)","Reimu£¨ÚÏ???£©","Remilia£¨?Ú·×é?£©","Replay The Spire","StSLib","SuperFastMode","Td1madao Mod","The Cursed","The Hierophant","The Mystic","The Necromancer","The Runesmith","The Servant 0.9.4","TheSwordswoman"],"gold_per_floor":[116,116,129,148,158,186,198,198,221,221,247,247,267,329,329,425,425,445,495,545,130,146,174,190,220,220,220,270,305,319,333,333,437,437,449,863,930,650,563,563,563],"floor_reached":40,"language":"KOR","playtime":1985,"items_purged":["Strike_R+1"],"score":537,"play_id":"32e19621-30e7-4e48-9e90-1888dd05e3f2","local_time":"20210209165616","is_ascension_mode":false,"campfire_choices":[{"floor":10,"key":"RECALL"},{"floor":12,"key":"REST"},{"floor":15,"key":"REST"},{"floor":27,"key":"REST"},{"floor":32,"key":"REST"}],"circlet_count":0,"master_deck":["Strike_R+1","Strike_R+1","Strike_R+1","Defend_R+1","Defend_R+1","Defend_R+1","Defend_R+1","Bash+1","Thunderclap+1","Iron Wave+1","Flex+1","Infernal Blade+1","Sword Boomerang+1","Flex+1","Pot Of Greed+1","Pot Of Greed+1","Disarm+1","Barricade+1","Demon Form+1","Body Slam+1","Metallicize+1","Disarm+1","Inflame+1","Iron Wave+1","Pot Of Greed+1","Bludgeon+1","Warcry+1","Dual Wield+1","Headbutt+1","Flex+1","ReplayTheSpireMod:Muscle Training+1","Shockwave+1","Pot Of Greed"],"relics":["Burning Blood","Hammer of Thor","Seething Fire","Anvil of the Gods","NeowsBlessing","WarpedTongs","Matryoshka","SsserpentHead","Grinning Jar","ReplayFunnel","Cursed Key","Thread and Needle","Replay:Mystery Machine","Gambling Chip","Runesmith:AutoHammer","Nunchaku","Runesmith:Nanobots","Replay:Wax Seal","Omamori","ReplayTheSpireMod:CursedCoin"],"acts_visited":["Exordium","TheCity","TheBeyond"],"potions_floor_usage":[6,16,22,33,33,33,40,40],"damage_taken":[{"damage":0,"enemies":"Jaw Worm","floor":1,"turns":1},{"damage":0,"enemies":"Cultist","floor":3,"turns":1},{"damage":0,"enemies":"2 Louse","floor":4,"turns":1},{"damage":8,"enemies":"Red Slaver","floor":5,"turns":3},{"damage":14,"enemies":"3 Sentries","floor":6,"turns":9},{"damage":14,"enemies":"Exordium Wildlife","floor":7,"turns":5},{"damage":16,"enemies":"Gremlin Nob","floor":11,"turns":3},{"damage":5,"enemies":"Looter","floor":13,"turns":2},{"damage":8,"enemies":"3 Louse","floor":14,"turns":2},{"damage":21,"enemies":"The Guardian","floor":16,"turns":10},{"damage":2,"enemies":"Spheric Guardian","floor":18,"turns":3},{"damage":8,"enemies":"2 Thieves","floor":22,"turns":4},{"damage":16,"enemies":"Gremlin Leader","floor":23,"turns":6},{"damage":13,"enemies":"3 Cultists","floor":24,"turns":5},{"damage":11,"enemies":"Book of Stabbing","floor":25,"turns":5},{"damage":0,"enemies":"Replay:Snechameleon","floor":29,"turns":8},{"damage":0,"enemies":"Centurion and Healer","floor":30,"turns":5},{"damage":0,"enemies":"Shelled Parasite and Fungi","floor":31,"turns":6},{"damage":67,"enemies":"Automaton","floor":33,"turns":8},{"damage":9,"enemies":"3 Shapes","floor":35,"turns":4},{"damage":7,"enemies":"Orb Walker","floor":37,"turns":4},{"damage":41,"enemies":"3 Darklings","floor":38,"turns":7},{"damage":17,"enemies":"Sphere and 2 Shapes","floor":39,"turns":3},{"damage":36,"enemies":"Reptomancer","floor":40,"turns":2}],"seed_played":"-918439176188636810","potions_obtained":[{"floor":3,"key":"Energy Potion"},{"floor":6,"key":"FearPotion"},{"floor":13,"key":"Milkshake"},{"floor":16,"key":"SneckoOil"},{"floor":18,"key":"ZuzhouPotion:ReiMu"},{"floor":23,"key":"FearPotion"},{"floor":25,"key":"Strength Potion"},{"floor":30,"key":"LiquidMemories"},{"floor":35,"key":"Energy Potion"},{"floor":39,"key":"JyouchiReiPotion"}],"is_trial":false,"path_per_floor":["M","?","M","M","M","E","M","?","T","R","E","R","M","M","R","B",null,"M","?","?","$","M","E","M","E","T","R","?","E","M","M","R","B",null,"M","$","M","M","M","E"],"character_chosen":"IRONCLAD","items_purchased":["Thread and Needle","Body Slam","Replay:Wax Seal","Omamori","ReplayTheSpireMod:CursedCoin","Headbutt+1"],"campfire_rested":4,"item_purchase_floors":[21,21,36,36,36,36],"current_hp_per_floor":[80,80,80,80,78,70,62,62,62,62,52,76,77,75,80,65,80,80,65,65,65,63,53,46,41,41,66,66,72,78,84,85,24,85,82,82,81,46,35,0,0],"gold":563,"neow_bonus":"THREE_ENEMY_KILL","is_daily":false,"chose_seed":false,"campfire_upgraded":0,"win_rate":0.0,"timestamp":1612857376,"path_taken":["M","?","?","M","?","E","M","?","T","R","E","R","M","?","R","BOSS","M","?","?","$","M","E","M","E","T","R","?","E","M","M","R","BOSS","M","$","?","M","M","E"],"items_purchased_type":["Relic","Card","Relic","Relic","Relic","Card"],"build_version":"2020-12-22","purchased_purges":1,"victory":false,"max_hp_per_floor":[80,80,80,80,80,80,80,80,80,80,80,80,80,80,80,80,80,80,85,85,85,85,85,85,85,85,85,85,85,85,85,85,85,85,85,85,85,85,85,85,85],"card_choices":[{"not_picked":["Shrug It Off","Clothesline"],"picked":"Thunderclap","floor":1},{"not_picked":["Warcry","Wild Strike"],"picked":"Iron Wave","floor":3},{"not_picked":["Run Through","Twin Strike"],"picked":"Flex","floor":4},{"not_picked":["Heavy Blade","Twin Strike"],"picked":"Infernal Blade","floor":5},{"not_picked":["Fire Breathing","Cleave"],"picked":"Sword Boomerang","floor":6},{"not_picked":["ReplayReversal","Infernal Blade"],"picked":"Flex","floor":7},{"not_picked":["ReplayTheSpireMod:Limb From Limb","Defy Death","Abandon"],"picked":"SKIP","floor":11},{"not_picked":["Searing Blow","Perfected Strike"],"picked":"Disarm","floor":13},{"not_picked":["Body Slam","Clash"],"picked":"Barricade","floor":14},{"not_picked":["Fiend Fire","Limit Break"],"picked":"Demon Form","floor":16},{"not_picked":["Anger","Headbutt","Second Wind"],"picked":"SKIP","floor":18},{"not_picked":["Flex","Reckless Charge"],"picked":"Metallicize+1","floor":22},{"not_picked":["Shockwave","Perfected Strike"],"picked":"Disarm+1","floor":23},{"not_picked":["Pommel Strike","Entrench"],"picked":"Inflame+1","floor":24},{"not_picked":["Sword Boomerang","Sentinel"],"picked":"Iron Wave","floor":25},{"not_picked":["ReplayTheSpireMod:Limb From Limb","Cleave","Bloodletting"],"picked":"SKIP","floor":29},{"not_picked":["Cleave+1","Anger"],"picked":"Warcry","floor":30},{"not_picked":["Evolve+1","Demon Form"],"picked":"Dual Wield","floor":31},{"not_picked":["Run Through","Perfected Strike+1","Abandon+1"],"picked":"SKIP","floor":35},{"not_picked":["ReplayTheSpireMod:Stacked+1","Inflame"],"picked":"Flex+1","floor":37},{"not_picked":["Flex+1","Havoc+1"],"picked":"ReplayTheSpireMod:Muscle Training+1","floor":38},{"not_picked":["Thunderclap+1","Disarm+1"],"picked":"Shockwave+1","floor":39}],"player_experience":359846,"relics_obtained":[{"floor":6,"key":"Matryoshka"},{"floor":9,"key":"Grinning Jar"},{"floor":11,"key":"ReplayFunnel"},{"floor":23,"key":"Replay:Mystery Machine"},{"floor":25,"key":"Gambling Chip"},{"floor":26,"key":"Runesmith:AutoHammer"},{"floor":26,"key":"Nunchaku"},{"floor":29,"key":"Runesmith:Nanobots"}],"event_choices":[{"damage_healed":0,"gold_gain":0,"player_choice":"Rummage","damage_taken":0,"relics_obtained":["WarpedTongs"],"max_hp_gain":0,"max_hp_loss":0,"event_name":"Accursed Blacksmith","floor":2,"gold_loss":0,"cards_obtained":["Pain"]},{"damage_healed":0,"gold_gain":0,"player_choice":"Trade","damage_taken":0,"relics_obtained":["SsserpentHead"],"max_hp_gain":0,"max_hp_loss":0,"event_name":"FaceTrader","floor":8,"gold_loss":0},{"damage_healed":0,"gold_gain":0,"player_choice":"Shed Blood","damage_taken":20,"max_hp_gain":5,"max_hp_loss":0,"event_name":"Forgotten Altar","floor":19,"gold_loss":0},{"damage_healed":0,"gold_gain":0,"player_choice":"Simplicity","damage_taken":0,"max_hp_gain":0,"max_hp_loss":0,"event_name":"Back to Basics","floor":20,"gold_loss":0,"cards_upgraded":["Strike_R","Strike_R","Strike_R","Strike_R","Strike_R","Defend_R","Defend_R","Defend_R","Defend_R"]},{"damage_healed":0,"gold_gain":0,"cards_transformed":["Strike_R"],"player_choice":"Transformed","damage_taken":0,"max_hp_gain":0,"max_hp_loss":0,"event_name":"Transmorgrifier","floor":28,"gold_loss":0,"cards_obtained":["Bludgeon"]}],"is_beta":false,"boss_relics":[{"not_picked":["Ooze Armor","ReplayTheSpireMod:DimensionalGlitch"],"picked":"Cursed Key"},{"not_picked":[]}],"items_purged_floors":[21],"is_endless":false,"potions_floor_spawned":[3,6,13,16,18,23,25,30,31,35,39],"killed_by":"Reptomancer","ascension_level":0}}