{"host":"9l1knhxfturzliqa","time":1612851050,"event":{"mods":["AchievementEnabler","BaseMod","Colored Map","Colored Powertips","DeckTracker","Highlight Path","Keyboard Shortcuts","Minty Spire (QoL Compilation)","Random Character Button"],"gold_per_floor":[109,109,127,139,214,214,225,18,18,36,48,48,68,33,33,33,33],"floor_reached":16,"language":"KOR","playtime":1168,"items_purged":[],"score":141,"play_id":"c9a07921-b21f-458c-a206-5fc8b03561d9","local_time":"20210209151050","is_ascension_mode":true,"campfire_choices":[{"data":"Hyperbeam","floor":6.0,"key":"SMITH"},{"floor":15.0,"key":"DIG"}],"circlet_count":0,"master_deck":["AscendersBane","Strike_B","Strike_B","Strike_B","Strike_B","Defend_B","Defend_B","Defend_B","Defend_B","Zap","Dualcast","Hyperbeam+1","Beam Cell","Buffer","Recycle","Sweeping Beam","Hologram","Rebound","Core Surge","Sweeping Beam"],"relics":["Cracked Core","Membership Card","Shovel","Boot","Torii"],"acts_visited":["Exordium"],"potions_floor_usage":[16,16],"damage_taken":[{"damage":3.0,"enemies":"2 Louse","floor":1.0,"turns":3.0},{"damage":1.0,"enemies":"Small Slimes","floor":3.0,"turns":3.0},{"damage":0.0,"enemies":"Jaw Worm","floor":4.0,"turns":2.0},{"damage":0.0,"enemies":"3 Louse","floor":7.0,"turns":1.0},{"damage":0.0,"enemies":"Large Slime","floor":10.0,"turns":3.0},{"damage":0.0,"enemies":"2 Fungi Beasts","floor":11.0,"turns":2.0},{"damage":0.0,"enemies":"Blue Slaver","floor":13.0,"turns":1.0},{"damage":53,"enemies":"The Guardian","floor":16,"turns":6}],"seed_played":"-7663679855529880826","potions_obtained":[{"floor":1.0,"key":"AttackPotion"},{"floor":10.0,"key":"Weak Potion"},{"floor":11.0,"key":"FocusPotion"}],"is_trial":false,"path_per_floor":["M","?","M","M","?","R","M","$","T","M","M","T","M","?","R","B"],"character_chosen":"DEFECT","items_purchased":["Membership Card","Hologram","Fire Potion"],"campfire_rested":0,"item_purchase_floors":[8,8,8],"current_hp_per_floor":[47,47,46,46,35,35,35,35,35,35,35,35,35,53,53,0,0],"gold":33,"neow_bonus":"THREE_RARE_CARDS","is_daily":false,"chose_seed":false,"campfire_upgraded":1,"win_rate":0.0,"timestamp":1612851050,"path_taken":["M","?","M","M","?","R","M","$","T","M","M","?","M","?","R","BOSS"],"items_purchased_type":["Relic","Card","Potion"],"build_version":"2020-12-22","purchased_purges":0,"victory":false,"max_hp_per_floor":[75,75,75,75,75,75,75,75,75,75,75,75,75,75,75,75,75],"card_choices":[{"not_picked":["Rainbow","Thunder Strike"],"picked":"Hyperbeam","floor":0.0},{"not_picked":["Go for the Eyes","Sweeping Beam"],"picked":"Beam Cell","floor":1.0},{"not_picked":["Consume","Steam"],"picked":"Buffer","floor":3.0},{"not_picked":["Sweeping Beam","Loop"],"picked":"Recycle","floor":4.0},{"not_picked":["Ball Lightning","Consume"],"picked":"Sweeping Beam","floor":7.0},{"not_picked":["Conserve Battery","Hologram"],"picked":"Rebound","floor":10.0},{"not_picked":["Turbo","Auto Shields"],"picked":"Core Surge","floor":11.0},{"not_picked":["Darkness","Ball Lightning"],"picked":"Sweeping Beam","floor":13.0}],"player_experience":646040,"relics_obtained":[{"floor":9.0,"key":"Shovel"},{"floor":12.0,"key":"Boot"},{"floor":15.0,"key":"Torii"}],"event_choices":[{"damage_healed":0.0,"max_hp_gain":0.0,"max_hp_loss":0.0,"gold_gain":0.0,"event_name":"Liars Game","player_choice":"Ignored","floor":2.0,"gold_loss":0.0,"damage_taken":0.0},{"damage_healed":0.0,"max_hp_gain":0.0,"max_hp_loss":0.0,"gold_gain":75.0,"event_name":"World of Goop","player_choice":"Gather Gold","floor":5.0,"gold_loss":0.0,"damage_taken":11.0},{"damage_healed":18.0,"max_hp_gain":0.0,"max_hp_loss":0.0,"gold_gain":0.0,"event_name":"The Cleric","player_choice":"Healed","floor":14.0,"gold_loss":35.0,"damage_taken":0.0}],"is_beta":false,"boss_relics":[],"items_purged_floors":[],"is_endless":false,"potions_floor_spawned":[1,10,11],"killed_by":"The Guardian","ascension_level":10}}