{"host":"3498uni0c31c9bdm","time":1612856650,"event":{"mods":["BaseMod","Better Match","Better Note","Better Sensory Stone","Better Skull","Better Third Choice","Colored Map","Minty Spire (QoL Compilation)","Quick Restart","RNG Fix","Random Character Button","Replay The Spire","Shop Mod","Smile Girya","StSLib","Unceasing Turn Reminder"],"gold_per_floor":[112,127,127,50,50,84,134,175,175,197,197,271,310,310,310,328,328],"floor_reached":16,"language":"ENG","playtime":510,"items_purged":[],"score":219,"play_id":"4ada6de8-a9ae-40e5-a85f-f4a9c9afc195","local_time":"20210209184410","is_ascension_mode":true,"campfire_choices":[{"floor":11,"key":"REST"},{"floor":15,"key":"REST"}],"circlet_count":0,"master_deck":["AscendersBane","Strike_B","Strike_B","Strike_B","Strike_B","Defend_B","Defend_B","Defend_B","Defend_B","Zap","Dualcast+1","Turbo","Sweeping Beam","Burn","Hello World","Double Energy","Hologram","Compile Driver+1","Gash","Turbo"],"relics":["Cracked Core","NeowsBlessing","Gremlin Food","Durian","Replay:Bandana","HornCleat","StrikeDummy","Unceasing Top"],"acts_visited":["Exordium"],"potions_floor_usage":[8,8,12],"damage_taken":[{"damage":0,"enemies":"2 Louse","floor":1,"turns":1},{"damage":0,"enemies":"Cultist","floor":2,"turns":1},{"damage":0,"enemies":"3 Sentries","floor":6,"turns":1},{"damage":39,"enemies":"Lagavulin","floor":8,"turns":8},{"damage":0,"enemies":"Small Slimes","floor":10,"turns":2},{"damage":21,"enemies":"Gremlin Nob","floor":12,"turns":4},{"damage":9,"enemies":"Gremlin Gang","floor":13,"turns":3},{"damage":57,"enemies":"Fading Forest","floor":16,"turns":11}],"seed_played":"-5668402749986442500","potions_obtained":[{"floor":1,"key":"Elixir"},{"floor":6,"key":"GamblersBrew"},{"floor":8,"key":"Languid Potion"}],"is_trial":false,"path_per_floor":["M","M","?","$","?","E","T","E","T","M","R","?","M","?","R","B"],"character_chosen":"DEFECT","items_purchased":["Hello World"],"campfire_rested":2,"item_purchase_floors":[4],"current_hp_per_floor":[68,68,68,68,68,73,73,34,34,34,58,37,28,28,52,0,0],"gold":328,"neow_bonus":"THREE_ENEMY_KILL","is_daily":false,"chose_seed":false,"campfire_upgraded":0,"win_rate":0.0,"timestamp":1612856650,"path_taken":["M","?","?","$","?","E","?","E","T","M","R","?","M","?","R","BOSS"],"items_purchased_type":["Card"],"build_version":"2020-12-22","purchased_purges":0,"victory":false,"max_hp_per_floor":[75,75,75,75,75,80,80,80,80,80,80,80,80,80,80,80,80],"card_choices":[{"not_picked":["Compile Driver","Barrage"],"picked":"Turbo","floor":1},{"not_picked":["FTL","Reprogram"],"picked":"Sweeping Beam","floor":2},{"not_picked":["Barrage","All For One"],"picked":"Double Energy","floor":6},{"not_picked":["Scrape","Rebound"],"picked":"Hologram","floor":8},{"not_picked":["Leap","Rebound"],"picked":"Compile Driver","floor":10},{"not_picked":["Panic Button","Rebound"],"picked":"Gash","floor":12},{"not_picked":["Panic Button","Compile Driver"],"picked":"Turbo","floor":13}],"player_experience":858851,"relics_obtained":[{"floor":6,"key":"Durian"},{"floor":7,"key":"Replay:Bandana"},{"floor":8,"key":"HornCleat"},{"floor":9,"key":"StrikeDummy"}],"event_choices":[{"damage_healed":68,"gold_gain":0,"player_choice":"Embrace Burn","damage_taken":0,"max_hp_gain":0,"max_hp_loss":75,"event_name":"betterThird:BetterShining","floor":3,"gold_loss":0},{"damage_healed":0,"gold_gain":0,"player_choice":"Box","damage_taken":0,"relics_obtained":["Gremlin Food"],"max_hp_gain":0,"max_hp_loss":0,"event_name":"Big Fish","floor":5,"gold_loss":0,"cards_obtained":["Regret"]},{"damage_healed":0,"gold_gain":0,"player_choice":"Searched \u00273\u0027 times","damage_taken":0,"relics_obtained":["Unceasing Top"],"max_hp_gain":0,"max_hp_loss":0,"event_name":"Dead Adventurer","floor":12,"gold_loss":0},{"cards_removed":["Regret"],"damage_healed":0,"gold_gain":0,"player_choice":"Purged","damage_taken":0,"max_hp_gain":0,"max_hp_loss":0,"event_name":"Purifier","floor":14,"gold_loss":0}],"is_beta":false,"boss_relics":[],"items_purged_floors":[],"is_endless":false,"potions_floor_spawned":[1,6,8],"killed_by":"Fading Forest","ascension_level":13}}