{"host":"am551fa6890rb9vo","time":1612899572,"event":{"mods":["BaseMod","DeckTracker","Downfall","Minty Spire (QoL Compilation)","Morshu Shopkeeper - ENHANCED","Rare Cards Sparkle","Relic Stats","Smile Girya","StSLib","The IronCluck","everything is the same but u backflip on backflip","slay the spire mod where everything is the same but ironclad has a cowboy hat"],"gold_per_floor":[99,109,109,121,121,196,196,96,111,142,157,67,86,86,104,205,205,105,125,125,140,1,20,44,78,89,74,74,74,74,59,76,177,177,177,193,193,193,193],"floor_reached":37,"language":"ENG","playtime":2392,"items_purged":["Slimebound:Strike_Slimebound","Slimebound:LeadByExample"],"score":464,"play_id":"02332ac2-83cf-4f25-8aae-78cc0815deaf","local_time":"20210209193932","is_ascension_mode":false,"campfire_choices":[{"floor":1,"key":"RECALL"},{"data":"Slimebound:CorrosiveSpit","floor":8,"key":"SMITH"},{"data":"Slimebound:Schlurp","floor":18,"key":"SMITH"},{"floor":30,"key":"REST"},{"data":"Slimebound:Schlurp","floor":35,"key":"SMITH"}],"circlet_count":0,"master_deck":["Slimebound:Strike_Slimebound","Slimebound:Strike_Slimebound","Slimebound:Tackle","Slimebound:Defend_Slimebound","Slimebound:Defend_Slimebound","Slimebound:Defend_Slimebound","Slimebound:Defend_Slimebound","Slimebound:Split","Slimebound:CorrosiveSpit+1","Slimebound:FinishingTackle","Slimebound:ItLooksTasty","Slimebound:SplitAcid","Slimebound:LeadByExample","Slimebound:LeechEnergy","Slimebound:MegaLick","Slimebound:Schlurp+1","Slimebound:OneTwoCombo","Slimebound:TongueLash+1","Slimebound:GoopSpray","Slimebound:SamplingLick","Slimebound:SpikyOuterGoop","Slimebound:LeechEnergy","Slimebound:LeechingTouch+1","Slimebound:Gluttony","Slimebound:AcidTongue+1","Slimebound:Schlurp+1","Slimebound:LeechLife","Slimebound:LeechingTouch"],"relics":["Slimebound:AbsorbEndCombatUpgraded","Question Card","downfall:HeartBlessingBlue","Pantograph","downfall:HeartBlessingRed","Pear","downfall:RedIOU","Black Star"],"acts_visited":["Exordium","TheCity","TheBeyond"],"potions_floor_usage":[21],"damage_taken":[{"damage":8,"enemies":"2 Louse","floor":2,"turns":3},{"damage":10,"enemies":"Jaw Worm","floor":4,"turns":3},{"damage":6,"enemies":"Small Slimes","floor":9,"turns":3},{"damage":23,"enemies":"Gremlin Nob","floor":10,"turns":3},{"damage":0,"enemies":"3 Louse","floor":11,"turns":3},{"damage":11,"enemies":"downfall:FleeingMerchant","floor":12,"turns":4},{"damage":8,"enemies":"Blue Slaver","floor":13,"turns":3},{"damage":7,"enemies":"Exordium Thugs","floor":15,"turns":3},{"damage":66,"enemies":"IC_STATUS_ARCHETYPE","floor":16,"turns":9},{"damage":19,"enemies":"Chosen","floor":19,"turns":5},{"damage":25,"enemies":"3 Byrds","floor":21,"turns":4},{"damage":8,"enemies":"downfall:FleeingMerchant","floor":22,"turns":4},{"damage":29,"enemies":"Snecko","floor":23,"turns":5},{"damage":26,"enemies":"Slavers","floor":25,"turns":6},{"damage":10,"enemies":"3 Cultists","floor":26,"turns":5},{"damage":1,"enemies":"downfall:FleeingMerchant","floor":27,"turns":4},{"damage":31,"enemies":"downfall:FleeingMerchant","floor":31,"turns":4},{"damage":30,"enemies":"Snake Plant","floor":32,"turns":5},{"damage":43,"enemies":"WA_ARCHETYPE_CALM","floor":33,"turns":9},{"damage":49,"enemies":"3 Darklings","floor":36,"turns":7},{"damage":0,"enemies":"Orb Walker","floor":37,"turns":1}],"seed_played":"2483584281622108752","potions_obtained":[{"floor":4,"key":"Dexterity Potion"},{"floor":11,"key":"EssenceOfSteel"},{"floor":13,"key":"Energy Potion"},{"floor":25,"key":"Weak Potion"},{"floor":29,"key":"CultistPotion"}],"is_trial":false,"path_per_floor":["R","M","?","M","T","?","T","R","M","E","M","$","M","?","M","B",null,"R","M","?","M","$","M","T","E","M","$","?","?","R","$","M","B",null,"R","M","M"],"character_chosen":"SLIMEBOUND","items_purchased":["Slimebound:SamplingLick"],"campfire_rested":1,"item_purchase_floors":[22],"current_hp_per_floor":[71,65,65,57,57,57,57,67,63,46,50,47,45,45,46,13,81,81,62,47,37,41,18,18,17,22,24,24,24,52,33,18,15,96,96,53,53,53,53],"gold":193,"neow_bonus":"TEN_PERCENT_HP_BONUS","is_daily":false,"chose_seed":false,"campfire_upgraded":3,"win_rate":0.0,"timestamp":1612899572,"path_taken":["R","M","?","M","?","?","T","R","M","E","M","$","M","?","M","BOSS","R","M","?","M","?","M","T","E","M","$","?","?","R","?","M","BOSS","R","M","?"],"items_purchased_type":["Card"],"build_version":"2020-12-22","purchased_purges":2,"victory":false,"max_hp_per_floor":[71,71,71,71,71,71,71,81,81,81,81,81,81,81,81,81,81,81,81,86,86,86,86,86,96,96,96,96,96,96,96,96,96,96,96,96,96,96,96],"relic_stats":{"counters":[21,92],"Pantograph":50,"Black Star":0,"Question Card":18,"obtain_stats":[{"Pear":25,"downfall:HeartBlessingRed":18,"downfall:HeartBlessingBlue":8,"Pantograph":10,"Oddly Smooth Stone":24,"downfall:RedIOU":28,"Slimebound:AbsorbEndCombat":0,"Black Star":34,"Question Card":7,"Slimebound:AbsorbEndCombatUpgraded":17},{"Pear":14,"downfall:HeartBlessingRed":9,"downfall:HeartBlessingBlue":2,"Pantograph":4,"Oddly Smooth Stone":13,"downfall:RedIOU":16,"Slimebound:AbsorbEndCombat":0,"Black Star":19,"Question Card":2,"Slimebound:AbsorbEndCombatUpgraded":9},{"Pear":57,"downfall:HeartBlessingRed":34,"downfall:HeartBlessingBlue":6,"Pantograph":12,"Oddly Smooth Stone":51,"downfall:RedIOU":66,"Slimebound:AbsorbEndCombat":0,"Black Star":84,"Question Card":6,"Slimebound:AbsorbEndCombatUpgraded":34}]},"card_choices":[{"not_picked":["Slimebound:ItLooksTasty","Slimebound:Prepare"],"picked":"Slimebound:FinishingTackle","floor":2},{"not_picked":["Slimebound:PressTheAttack","Slimebound:LeechEnergy"],"picked":"Slimebound:ItLooksTasty","floor":4},{"not_picked":["Slimebound:LevelUp","Slimebound:LeechingTouch","Slimebound:FlameTackle"],"picked":"Slimebound:SplitAcid","floor":9},{"not_picked":["Slimebound:SelfFormingGoo","Slimebound:LivingWall","Slimebound:SplitBruiser"],"picked":"Slimebound:LeadByExample","floor":10},{"not_picked":["Slimebound:Replication","Slimebound:SplitLeeching","Slimebound:BestDefense"],"picked":"Slimebound:LeechEnergy","floor":11},{"not_picked":["Slimebound:DisruptingSlam","Slimebound:SplitMire","Slimebound:FlameTackle"],"picked":"Slimebound:MegaLick","floor":12},{"not_picked":["Slimebound:Prepare","Slimebound:LeechEnergy","Slimebound:GoopTackle"],"picked":"Slimebound:Schlurp","floor":13},{"not_picked":["Slimebound:LevelUp","Slimebound:TongueLash","Slimebound:GrowthPunch","Slimebound:SplitBruiser"],"picked":"SKIP","floor":15},{"not_picked":["Slimebound:RallyTheTroops","Slimebound:WasteNot","Slimebound:MassFeed"],"picked":"Slimebound:OneTwoCombo","floor":16},{"not_picked":["Slimebound:RollThrough","Slimebound:SplitBruiser","Slimebound:SlimeSpikes"],"picked":"Slimebound:TongueLash+1","floor":19},{"not_picked":["Slimebound:FlameTackle","Slimebound:FormOfPuddle","Slimebound:SplitBruiser"],"picked":"Slimebound:LeadByExample","floor":21},{"not_picked":["Slimebound:SlimeSpikes","Slimebound:MegaLick","Slimebound:LevelUp"],"picked":"Slimebound:GoopSpray","floor":22},{"not_picked":["Slimebound:ItLooksTasty","Slimebound:LeechingTouch","Slimebound:GoopTackle"],"picked":"Slimebound:SpikyOuterGoop","floor":23},{"not_picked":["Slimebound:GoopTackle","Slimebound:Prepare","Slimebound:SplitBruiser+1"],"picked":"Slimebound:LeechEnergy","floor":25},{"not_picked":["Slimebound:SlimeSlap","Slimebound:SlimeSpikes","Slimebound:LeechEnergy"],"picked":"Slimebound:LeechingTouch+1","floor":26},{"not_picked":["Slimebound:Grow","Slimebound:LeechEnergy","Slimebound:Teamwork"],"picked":"Slimebound:Gluttony","floor":27},{"not_picked":["Slimebound:GrowthPunch+1","Slimebound:FinishingTackle","Slimebound:ProtectTheBoss+1"],"picked":"Slimebound:AcidTongue+1","floor":31},{"not_picked":["Slimebound:ViciousTackle","Slimebound:FinishingTackle+1","Slimebound:ComboTackle"],"picked":"Slimebound:Schlurp","floor":32},{"not_picked":["Slimebound:OneTwoCombo","Slimebound:MassRepurpose","Slimebound:RallyTheTroops"],"picked":"Slimebound:LeechLife","floor":33},{"not_picked":["Slimebound:Replication","Slimebound:BestDefense","Slimebound:SplitBruiser"],"picked":"Slimebound:LeechingTouch","floor":36}],"player_experience":65986,"relics_obtained":[{"floor":7,"key":"Question Card"},{"floor":10,"key":"Pantograph"},{"floor":24,"key":"Oddly Smooth Stone"},{"floor":25,"key":"Pear"}],"event_choices":[],"is_beta":false,"boss_relics":[{"not_picked":["bronze:MakeshiftBattery","Velvet Choker"],"picked":"Slimebound:AbsorbEndCombatUpgraded"},{"not_picked":["Runic Dome","Busted Crown"],"picked":"Black Star"}],"items_purged_floors":[12,22],"is_endless":false,"potions_floor_spawned":[4,11,13,16,25,26,32,33],"killed_by":"Orb Walker","ascension_level":0}}