{"host":"q5twaoo3ngmfp14g","time":1612871696,"event":{"mods":["AchievementEnabler","BaseMod","Minty Spire (QoL Compilation)","Relic Stats","StSLib"],"gold_per_floor":[215,215,215,215,5,36,36,75,156,156,156,174,188,113,113,207,207,161,76,1,1,1,1,1,1],"floor_reached":24,"language":"ENG","playtime":616,"items_purged":["Injury"],"score":396,"play_id":"a39d5f31-60cd-4438-bb69-220c7e2c2b8a","local_time":"20210209125456","is_ascension_mode":true,"campfire_choices":[{"data":"Reprogram","floor":7.0,"key":"SMITH"},{"floor":10.0,"key":"REST"},{"data":"Barrage","floor":15.0,"key":"SMITH"},{"floor":23,"key":"REST"}],"circlet_count":0,"master_deck":["AscendersBane","Strike_B","Strike_B","Strike_B","Defend_B","Defend_B","Defend_B","Defend_B","Zap","Reprogram+1","Reprogram+1","Barrage+1","Machine Learning","Conserve Battery","Capacitor","Creative AI","Self Repair"],"relics":["Cracked Core","Golden Idol","Darkstone Periapt","Incense Burner","Ancient Tea Set","Mummified Hand","Inserter","Juzu Bracelet","Cables"],"acts_visited":["Exordium","TheCity"],"potions_floor_usage":[],"damage_taken":[{"damage":2.0,"enemies":"Small Slimes","floor":1.0,"turns":4.0},{"damage":16.0,"enemies":"Lagavulin","floor":6.0,"turns":13.0},{"damage":53.0,"enemies":"Gremlin Nob","floor":8.0,"turns":5.0},{"damage":0.0,"enemies":"2 Louse","floor":12.0,"turns":3.0},{"damage":2.0,"enemies":"Jaw Worm","floor":13.0,"turns":5.0},{"damage":27.0,"enemies":"Slime Boss","floor":16.0,"turns":13.0},{"damage":49,"enemies":"2 Thieves","floor":18,"turns":5},{"damage":37,"enemies":"Slavers","floor":24,"turns":2}],"seed_played":"-5865457709068823797","potions_obtained":[{"floor":1.0,"key":"Regen Potion"},{"floor":13.0,"key":"Fire Potion"}],"is_trial":false,"path_per_floor":["M","?","?","T","$","E","R","E","T","R","?","M","M","?","R","B",null,"M","?","?","T","?","R","E"],"character_chosen":"DEFECT","items_purchased":["Reprogram","Barrage"],"campfire_rested":2,"item_purchase_floors":[5,5],"current_hp_per_floor":[62,62,62,62,62,61,61,8,8,29,34,34,32,32,32,5,58,9,9,9,9,9,31,0,0],"gold":1,"neow_bonus":"HUNDRED_GOLD","is_daily":false,"chose_seed":false,"campfire_upgraded":2,"win_rate":0.0,"timestamp":1612871696,"path_taken":["M","?","?","?","$","E","R","E","T","R","?","M","?","?","R","BOSS","M","?","?","?","?","R","E"],"items_purchased_type":["Card","Card"],"build_version":"2020-12-22","purchased_purges":1,"victory":false,"max_hp_per_floor":[71,71,71,71,71,71,71,71,71,71,76,76,76,76,76,76,76,76,76,76,76,76,76,76,76],"relic_stats":{"Darkstone Periapt":0,"Inserter":[3],"counters":[8,50],"Golden Idol":43,"Mummified Hand":[12],"Juzu Bracelet":1,"obtain_stats":[{"Darkstone Periapt":4,"Inserter":17,"Golden Idol":3,"Mummified Hand":9,"Incense Burner":6,"Juzu Bracelet":19,"Cracked Core":0,"Ancient Tea Set":8,"Cables":21},{"Darkstone Periapt":1,"Inserter":6,"Golden Idol":1,"Mummified Hand":3,"Incense Burner":2,"Juzu Bracelet":7,"Cracked Core":0,"Ancient Tea Set":3,"Cables":7},{"Darkstone Periapt":4,"Inserter":43,"Golden Idol":4,"Mummified Hand":22,"Incense Burner":17,"Juzu Bracelet":48,"Cracked Core":0,"Ancient Tea Set":22,"Cables":48}],"Cables":[2,2,0,0,0]},"card_choices":[{"not_picked":["Steam Power","Go for the Eyes"],"picked":"Reprogram","floor":1.0},{"not_picked":["Rebound","Steam","Streamline"],"picked":"SKIP","floor":6.0},{"not_picked":["Machine Learning","Rebound","Tempest"],"picked":"SKIP","floor":8.0},{"not_picked":["Rebound","Tempest"],"picked":"Machine Learning","floor":8.0},{"not_picked":["Turbo","Go for the Eyes"],"picked":"Conserve Battery","floor":12.0},{"not_picked":["Barrage","Sweeping Beam"],"picked":"Capacitor","floor":13.0},{"not_picked":["Multi-Cast","Amplify"],"picked":"Creative AI","floor":16.0},{"not_picked":["Aggregate","Go for the Eyes"],"picked":"Self Repair","floor":18}],"player_experience":823815,"relics_obtained":[{"floor":4.0,"key":"Darkstone Periapt"},{"floor":6.0,"key":"Incense Burner"},{"floor":8.0,"key":"Ancient Tea Set"},{"floor":9.0,"key":"Mummified Hand"},{"floor":21,"key":"Cables"}],"event_choices":[{"damage_healed":0.0,"max_hp_gain":0.0,"max_hp_loss":0.0,"gold_gain":0.0,"event_name":"Living Wall","player_choice":"Grow","floor":2.0,"gold_loss":0.0,"damage_taken":0.0,"cards_upgraded":["Reprogram"]},{"damage_healed":0.0,"max_hp_gain":0.0,"max_hp_loss":0.0,"gold_gain":0.0,"event_name":"Golden Idol","player_choice":"Take Wound","floor":3.0,"gold_loss":0.0,"damage_taken":0.0,"relics_obtained":["Golden Idol"],"cards_obtained":["Injury"]},{"damage_healed":0.0,"max_hp_gain":5.0,"max_hp_loss":0.0,"gold_gain":0.0,"event_name":"Big Fish","player_choice":"Donut","floor":11.0,"gold_loss":0.0,"damage_taken":0.0},{"cards_removed":["Dualcast"],"damage_healed":0.0,"max_hp_gain":0.0,"max_hp_loss":0.0,"gold_gain":0.0,"event_name":"The Cleric","player_choice":"Card Removal","floor":14.0,"gold_loss":75.0,"damage_taken":0.0},{"damage_healed":0,"gold_gain":0,"player_choice":"Obtained Relic","damage_taken":0,"relics_obtained":["Juzu Bracelet"],"max_hp_gain":0,"max_hp_loss":0,"event_name":"Addict","floor":19,"gold_loss":85},{"cards_removed":["Strike_B"],"damage_healed":0,"gold_gain":0,"player_choice":"Gave Gold","damage_taken":0,"max_hp_gain":0,"max_hp_loss":0,"event_name":"Beggar","floor":20,"gold_loss":75},{"damage_healed":0,"gold_gain":0,"player_choice":"Ignored","damage_taken":0,"max_hp_gain":0,"max_hp_loss":0,"event_name":"Ghosts","floor":22,"gold_loss":0}],"is_beta":false,"boss_relics":[{"not_picked":["Tiny House","Cursed Key"],"picked":"Inserter"}],"items_purged_floors":[5],"is_endless":false,"potions_floor_spawned":[1,13],"killed_by":"Slavers","ascension_level":20}}