{"host":"y2kfqdipa4rrljwb","time":1612880719,"event":{"mods":["ATMod(°¢èªMod)","AchievementEnabler","Act Like it!","Aspiration","BaseMod","Energized Spire","Friendly Minions","Infinite Spire","Lobotomy","Minty Spire (QoL Compilation)","Random Character Button","Random Character Mod","Relic Stats","Reliquary","Replay The Spire","RumiaBox-Â¶Ã×æ«µÄÉñÃØºÐ×Ó","StSLib","TestMod","¡¾¹¦ÄÜMod¡¿»ìãçÖ®»·ÐÞ¸´²¹¶¡","¡¾ÒÅÎï¿¨ÅÆ¡¿REMEMod"],"gold_per_floor":[115,40,55,55,71,71,71,71,71,101,114,114,114,114],"floor_reached":13,"language":"ZHS","playtime":647,"items_purged":["Strike_P"],"score":130,"play_id":"9f41341f-3db1-4baa-beb4-8b0124899a86","local_time":"20210209222519","is_ascension_mode":true,"campfire_choices":[{"data":"Eruption","floor":6,"key":"SMITH"},{"data":"infinitespire:Collect","floor":8,"key":"SMITH"},{"data":"BowlingBash","floor":12,"key":"SMITH"}],"circlet_count":0,"master_deck":["Strike_P","Strike_P","Strike_P","Defend_P","Defend_P","Defend_P","Defend_P","Eruption+1","Vigilance","CrumblingArmor","FlyingSleeves","MeatLantern","Scorched","BowlingBash+1","infinitespire:Collect+1","Freischutz","MentalFortress","Wallop"],"relics":["PureWater","REME_ComplimentaryCards","AT_ATBox","testmod-TestBox","CogitoBucket","Iron Hammer","Dream Catcher"],"acts_visited":["Exordium"],"potions_floor_usage":[],"damage_taken":[{"damage":0,"enemies":"2 Louse","floor":1,"turns":2},{"damage":0,"enemies":"Cultist","floor":3,"turns":2},{"damage":5,"enemies":"Small Slimes","floor":5,"turns":3},{"damage":0,"enemies":"Replay:BlueRogue","floor":10,"turns":3},{"damage":0,"enemies":"Looter","floor":11,"turns":2},{"damage":50,"enemies":"Lagavulin","floor":13,"turns":1}],"seed_played":"-372306231852798821","potions_obtained":[{"floor":3,"key":"FearPotion"},{"floor":4,"key":"Regen Potion"},{"floor":4,"key":"Toxic Potion"}],"is_trial":false,"path_per_floor":["M","$","M","?","M","R","?","R","T","E","M","R","E"],"character_chosen":"WATCHER","items_purchased":[],"campfire_rested":0,"item_purchase_floors":[],"current_hp_per_floor":[72,72,72,72,67,67,50,50,50,50,50,50,0,0],"gold":114,"neow_bonus":"","is_daily":false,"chose_seed":false,"campfire_upgraded":3,"win_rate":0.0,"timestamp":1612880719,"path_taken":["M","$","M","?","?","R","?","R","T","E","M","R","E"],"items_purchased_type":[],"build_version":"2020-12-22","purchased_purges":1,"victory":false,"max_hp_per_floor":[72,72,72,72,72,72,72,72,72,72,72,72,72,72],"relic_stats":{"Dream Catcher":0,"counters":[6,13],"obtain_stats":[{"CogitoBucket":0,"Dream Catcher":10,"AT_ATBox":0,"testmod-TestBox":0,"Iron Hammer":9,"PureWater":0,"REME_ComplimentaryCards":0},{"CogitoBucket":0,"Dream Catcher":4,"AT_ATBox":0,"testmod-TestBox":0,"Iron Hammer":3,"PureWater":0,"REME_ComplimentaryCards":0},{"CogitoBucket":0,"Dream Catcher":10,"AT_ATBox":0,"testmod-TestBox":0,"Iron Hammer":7,"PureWater":0,"REME_ComplimentaryCards":0}]},"card_choices":[{"not_picked":["BeautyBeast","Laetitia"],"picked":"CrumblingArmor","floor":1},{"not_picked":["CrushJoints","SashWhip"],"picked":"FlyingSleeves","floor":1},{"not_picked":["BeautyBeast","SpiderBud"],"picked":"MeatLantern","floor":3},{"not_picked":["Omniscience","PathToVictory","Replay:AtTheReady"],"picked":"SKIP","floor":3},{"not_picked":["Murderer","Freischutz"],"picked":"Scorched","floor":5},{"not_picked":["JustLucky","ForeignInfluence"],"picked":"BowlingBash","floor":5},{"not_picked":["infinitespire:Gouge","ReplayTheSpireMod:Black Plague"],"picked":"infinitespire:Collect","floor":7},{"not_picked":["WallGazer","MHz","LittlePrince"],"picked":"Singing Bowl","floor":10},{"not_picked":["DespairKnight","MeltingLove"],"picked":"Freischutz","floor":10},{"not_picked":["EmptyFist","Halt"],"picked":"MentalFortress","floor":10},{"not_picked":["Consecrate","REME_EmptyShield"],"picked":"Wallop","floor":11}],"player_experience":219447,"relics_obtained":[{"floor":9,"key":"Iron Hammer"},{"floor":10,"key":"Dream Catcher"}],"event_choices":[{"damage_healed":0,"gold_gain":0,"player_choice":"Got Potions","damage_taken":0,"max_hp_gain":0,"max_hp_loss":0,"event_name":"Lab","floor":4,"gold_loss":0}],"is_beta":false,"boss_relics":[],"items_purged_floors":[2],"is_endless":false,"potions_floor_spawned":[3,5],"killed_by":"Lagavulin","ascension_level":4}}