{"host":"w8xisjf5mgmfjvmt","time":1612854352,"event":{"mods":["ATMod(°¢èªMod)","BaseMod","BetterRewards","Challenge The Spire","Conspire","Energized Spire","Minty Spire (QoL Compilation)","Quarter Circle Forward PUNCH!","Quick Restart","Relic Filter Mod","Relic Stats","Reliquary","Replay The Spire","Shop Mod","Spicy Shops","StSLib","Thieving Mod","¡¾ÒÅÎï¿¨ÅÆ¡¿REMEMod","óô»ðÖ¸ÄÏ"],"gold_per_floor":[117,127,145,145,158,199,199,199,222,266,51,71,91,124,124,218,218,267,267,267,306,320,384,384,417,417,487,570,633,633,729,89,232,232,306,387,462,462,535,619,687,190,190,298,298,138,174,229,229,399,419,419,419,10,46,46],"floor_reached":57,"language":"ZHS","playtime":3192,"items_purged":["conspire:GhostlyStrike","Parasite","conspire:GhostlyDefend"],"score":2794,"play_id":"ff342693-51ab-4803-a44e-caf41af1efb9","local_time":"20210209150552","is_ascension_mode":true,"campfire_choices":[{"data":"AT_RightCognition","floor":7.0,"key":"SMITH"},{"data":"AT_StudyProgram","floor":15.0,"key":"SMITH"},{"data":"AT_FamilyPortrait","floor":45.0,"key":"SMITH"},{"data":"Defragment","floor":45.0,"key":"SMITH"},{"floor":49.0,"key":"RECALL"},{"data":"Biased Cognition","floor":53.0,"key":"SMITH"},{"data":"AT_WaterDrop","floor":53.0,"key":"SMITH"}],"circlet_count":0,"master_deck":["AscendersBane","conspire:GhostlyDefend+1","conspire:GhostlyDefend+1","conspire:GhostlyDefend+1","Zap+1","AT_FamilyPortrait+1","REME_Flogging","Compile Driver","Ball Lightning","AT_RightCognition+1","Turbo","AT_ThunderBolt","AT_StudyProgram+1","Self Repair","Skim","AT_HeatAcrobatics","Cold Snap","Glacier","Hologram","Wish","Biased Cognition+1","Protect","AT_WaterDrop+1","Panic Button","Leap","Defragment+1","Reboot","Hologram+1","AT_DarkMatter","White Noise+1","Storm+1"],"relics":["Cracked Core","REME_ComplimentaryCards","AT_ATBox","NeowsBlessing","Golden Idol","War Paint","Tiny Chest","qcfpunch:Wrestler\u0027s_Cloak","Orrery","qcfpunch:School_Backpack","Coffee Dripper","Boot","Quantum Egg","ReplayTheSpireMod:Shallot","AT_Manta","Onion Ring","Replay:Arrowhead","Torii","Empty Cage","conspire:Boomerang","Prayer Wheel","Pondfish Scales","Replay:Bottled Snecko","AT_TimeSand","Simple Rune","Runic Capacitor","reliquary:QuartzCube","qcfpunch:Red_Beret","conspire:Dentures","Replay:Bottled Flurry"],"acts_visited":["Exordium","TheCity","TheBeyond","TheEnding"],"potions_floor_usage":[56,56],"damage_taken":[{"damage":0.0,"enemies":"Cultist","floor":1.0,"turns":1.0},{"damage":0.0,"enemies":"Jaw Worm","floor":2.0,"turns":1.0},{"damage":0.0,"enemies":"Small Slimes","floor":3.0,"turns":1.0},{"damage":6.0,"enemies":"2 Fungi Beasts","floor":5.0,"turns":3.0},{"damage":16.0,"enemies":"Replay:BlueRogue","floor":6.0,"turns":5.0},{"damage":8.0,"enemies":"Gremlin Nob","floor":10.0,"turns":3.0},{"damage":0.0,"enemies":"Looter","floor":12.0,"turns":2.0},{"damage":0.0,"enemies":"3 Louse","floor":13.0,"turns":3.0},{"damage":9.0,"enemies":"Lagavulin","floor":14.0,"turns":6.0},{"damage":0.0,"enemies":"Fading Forest","floor":16.0,"turns":11.0},{"damage":8.0,"enemies":"Chosen","floor":18.0,"turns":6.0},{"damage":8.0,"enemies":"Shell Parasite","floor":21.0,"turns":5.0},{"damage":11.0,"enemies":"Sentry and Sphere","floor":22.0,"turns":4.0},{"damage":1.0,"enemies":"Gremlin Leader","floor":23.0,"turns":6.0},{"damage":0.0,"enemies":"conspire:SneckoGhost","floor":25.0,"turns":7.0},{"damage":16.0,"enemies":"Centurion and Healer","floor":27.0,"turns":8.0},{"damage":0.0,"enemies":"Gremlin Leader","floor":28.0,"turns":6.0},{"damage":9.0,"enemies":"Snake Plant","floor":29.0,"turns":4.0},{"damage":23.0,"enemies":"Cultist and Chosen","floor":31.0,"turns":8.0},{"damage":16.0,"enemies":"conspire:MysteriousRune","floor":33.0,"turns":8.0},{"damage":11.0,"enemies":"3 Darklings","floor":35.0,"turns":6.0},{"damage":0.0,"enemies":"Mind Bloom Boss Battle","floor":36.0,"turns":9.0},{"damage":0.0,"enemies":"3 Shapes","floor":37.0,"turns":5.0},{"damage":16.0,"enemies":"3 Darklings","floor":39.0,"turns":5.0},{"damage":0.0,"enemies":"Nemesis","floor":40.0,"turns":8.0},{"damage":1.0,"enemies":"Writhing Mass","floor":41.0,"turns":6.0},{"damage":0.0,"enemies":"Reptomancer","floor":44.0,"turns":4.0},{"damage":0.0,"enemies":"Giant Head","floor":47.0,"turns":4.0},{"damage":12.0,"enemies":"Time Eater","floor":50.0,"turns":8.0},{"damage":6.0,"enemies":"Replay:Hell Engine","floor":51.0,"turns":5.0},{"damage":21,"enemies":"Shield and Spear","floor":55,"turns":3},{"damage":7,"enemies":"The Heart","floor":56,"turns":8}],"seed_played":"6846714207370420644","potions_obtained":[{"floor":3.0,"key":"Explosive Potion"},{"floor":5.0,"key":"Milkshake"},{"floor":13.0,"key":"Adrenaline Potion"},{"floor":21.0,"key":"ColorlessPotion"},{"floor":31.0,"key":"PotionOfCapacity"},{"floor":33.0,"key":"FearPotion"},{"floor":44.0,"key":"BlessingOfTheForge"}],"is_trial":false,"path_per_floor":["M","M","M","?","M","E","R","?","T","E","$","M","M","E","R","B",null,"M","?","?","M","M","E","T","E","T","M","E","M","?","M","R","B",null,"M","?","M","?","M","E","M","R","T","E","R","$","E","T","R","B","B",null,"R","$","E","B",null],"character_chosen":"DEFECT","items_purchased":["Orrery","Cold Snap","Defragment","Replay:Arrowhead","Torii","Replay:Bottled Snecko","AT_TimeSand","Runic Capacitor","conspire:Dentures"],"campfire_rested":0,"item_purchase_floors":[11,11,32,32,32,42,42,46,54],"current_hp_per_floor":[64,64,64,64,58,42,42,42,42,34,34,34,34,32,32,47,60,59,59,59,58,54,60,60,64,64,55,55,53,58,42,42,56,62,58,64,66,62,53,60,66,63,63,63,63,63,63,63,63,51,52,60,60,60,46,46],"gold":46,"neow_bonus":"THREE_ENEMY_KILL","is_daily":false,"chose_seed":false,"campfire_upgraded":6,"win_rate":0.0,"timestamp":1612854352,"path_taken":["M","M","?","?","M","E","R","?","T","E","$","M","M","E","R","BOSS","M","?","?","M","?","E","?","E","T","M","E","M","?","M","R","BOSS","M","?","M","?","M","E","M","R","T","E","R","$","E","?","R","BOSS","BOSS","R","$","E","BOSS"],"items_purchased_type":["Relic","Card","Card","Relic","Relic","Relic","Relic","Relic","Relic"],"build_version":"2020-12-22","purchased_purges":3,"victory":true,"max_hp_per_floor":[71,71,71,64,64,64,64,64,64,64,64,64,64,64,64,64,64,64,64,64,64,64,64,64,64,64,64,64,64,64,64,64,64,64,64,64,66,66,66,66,66,63,63,63,63,63,63,63,63,63,63,63,63,63,63,63],"relic_stats":{"Torii":5,"counters":[32,169],"Golden Idol":227,"Tiny Chest":2,"Prayer Wheel":1,"War Paint":["Zap","Defend_B"],"Boot":[100],"obtain_stats":[{"AT_ATBox":0,"Torii":32,"AT_TimeSand":42,"Runic Capacitor":46,"qcfpunch:Red_Beret":48,"Boot":23,"Empty Cage":34,"reliquary:QuartzCube":47,"Tiny Chest":9,"Prayer Wheel":40,"qcfpunch:Wrestler\u0027s_Cloak":10,"Replay:Bottled Flurry":55,"Replay:Bottled Snecko":42,"Cracked Core":0,"conspire:Dentures":54,"NeowsBlessing":0,"AT_Manta":26,"Golden Idol":4,"Quantum Egg":24,"conspire:Boomerang":36,"War Paint":6,"Replay:Arrowhead":32,"Pondfish Scales":40,"ReplayTheSpireMod:Shallot":25,"qcfpunch:School_Backpack":14,"Orrery":11,"Onion Ring":28,"Simple Rune":44,"Coffee Dripper":17,"REME_ComplimentaryCards":0},{"AT_ATBox":0,"Torii":19,"AT_TimeSand":26,"Runic Capacitor":27,"qcfpunch:Red_Beret":28,"Boot":14,"Empty Cage":20,"reliquary:QuartzCube":28,"Tiny Chest":5,"Prayer Wheel":25,"qcfpunch:Wrestler\u0027s_Cloak":6,"Replay:Bottled Flurry":31,"Replay:Bottled Snecko":26,"Cracked Core":0,"conspire:Dentures":30,"NeowsBlessing":0,"AT_Manta":15,"Golden Idol":3,"Quantum Egg":14,"conspire:Boomerang":22,"War Paint":5,"Replay:Arrowhead":19,"Pondfish Scales":25,"ReplayTheSpireMod:Shallot":15,"qcfpunch:School_Backpack":9,"Orrery":6,"Onion Ring":17,"Simple Rune":27,"Coffee Dripper":10,"REME_ComplimentaryCards":0},{"AT_ATBox":0,"Torii":90,"AT_TimeSand":137,"Runic Capacitor":141,"qcfpunch:Red_Beret":145,"Boot":57,"Empty Cage":98,"reliquary:QuartzCube":145,"Tiny Chest":11,"Prayer Wheel":125,"qcfpunch:Wrestler\u0027s_Cloak":14,"Replay:Bottled Flurry":161,"Replay:Bottled Snecko":137,"Cracked Core":0,"conspire:Dentures":158,"NeowsBlessing":0,"AT_Manta":64,"Golden Idol":3,"Quantum Egg":57,"conspire:Boomerang":113,"War Paint":11,"Replay:Arrowhead":90,"Pondfish Scales":131,"ReplayTheSpireMod:Shallot":64,"qcfpunch:School_Backpack":25,"Orrery":14,"Onion Ring":78,"Simple Rune":141,"Coffee Dripper":36,"REME_ComplimentaryCards":0}]},"card_choices":[{"not_picked":["AT_HeatAcrobatics","Streamline"],"picked":"Compile Driver","floor":1.0},{"not_picked":["Leap","Conserve Battery"],"picked":"Ball Lightning","floor":2.0},{"not_picked":["Redo","Ball Lightning"],"picked":"AT_RightCognition","floor":3.0},{"not_picked":["Barrage","Leap","Gash"],"picked":"SKIP","floor":5.0},{"not_picked":["Gash","Rebound"],"picked":"Turbo","floor":6.0},{"not_picked":["Force Field","Rip and Tear"],"picked":"AT_ThunderBolt","floor":10.0},{"not_picked":["Storm","Core Surge"],"picked":"AT_StudyProgram","floor":11.0},{"not_picked":["Sweeping Beam","ReplayTheSpireMod:Omega Cannon"],"picked":"Self Repair","floor":11.0},{"not_picked":["ReplayTheSpireMod:Calculation Training","Chaos"],"picked":"Skim","floor":11.0},{"not_picked":["Aggregate","Hologram"],"picked":"AT_HeatAcrobatics","floor":11.0},{"not_picked":["conspire:SharedLibrary","Static Discharge"],"picked":"Glacier","floor":12.0},{"not_picked":["Leap","Barrage","Rebound"],"picked":"SKIP","floor":13.0},{"not_picked":["Stack","Ball Lightning"],"picked":"Hologram","floor":14.0},{"not_picked":["MasterReality","AT_IrregularMenstruation"],"picked":"Wish","floor":16.0},{"not_picked":["Mirror Shield","Electrodynamics"],"picked":"Biased Cognition","floor":16.0},{"not_picked":["Replay:Vibes","Collect"],"picked":"Protect","floor":18.0},{"not_picked":["AT_HeatAcrobatics","Compile Driver","Steam"],"picked":"SKIP","floor":18.0},{"not_picked":["Replay:Hum","EmptyBody","FlyingSleeves"],"picked":"SKIP","floor":21.0},{"not_picked":["Rebound","REME_DataAnalysis","ReplayTheSpireMod:GoodbyeWorld+1"],"picked":"SKIP","floor":21.0},{"not_picked":["Spot Weakness","Clothesline","conspire:Charge"],"picked":"SKIP","floor":22.0},{"not_picked":["Stack","Aggregate","Barrage"],"picked":"SKIP","floor":22.0},{"not_picked":["Beam Cell","Steam"],"picked":"AT_WaterDrop","floor":23.0},{"not_picked":["Sever Soul","Sword Boomerang","Wild Strike+1"],"picked":"SKIP","floor":23.0},{"not_picked":["Sever Soul","Sword Boomerang","Wild Strike+1"],"picked":"SKIP","floor":23.0},{"not_picked":["Ball Lightning+1","Redo","Turbo"],"picked":"SKIP","floor":25.0},{"not_picked":["Turbo+1","Gash","Doom and Gloom"],"picked":"SKIP","floor":27.0},{"not_picked":["REME_SelfUpgrade","Compile Driver","Steam"],"picked":"SKIP","floor":28.0},{"not_picked":["Panic Button","Beam Cell","conspire:Rain"],"picked":"SKIP","floor":29.0},{"not_picked":["Beam Cell","conspire:Rain"],"picked":"Panic Button","floor":29.0},{"not_picked":["Stack+1","REME_DataAnalysis"],"picked":"Leap","floor":31.0},{"not_picked":["Biased Cognition","Meteor Strike"],"picked":"Reboot","floor":33.0},{"not_picked":["Self Repair","Leap"],"picked":"Hologram+1","floor":35.0},{"not_picked":["AT_RobotInSpace+1","AT_WaterDrop"],"picked":"AT_DarkMatter","floor":36.0},{"not_picked":["Gash","REME_Whirling","Leap+1"],"picked":"SKIP","floor":37.0},{"not_picked":["Steam","Panic Button","Ball Lightning"],"picked":"SKIP","floor":39.0},{"not_picked":["Gash+1","Steam","Leap"],"picked":"SKIP","floor":40.0},{"not_picked":["Stack","AT_StudyProgram"],"picked":"White Noise+1","floor":41.0},{"not_picked":["Rebound","Streamline+1","Redo"],"picked":"SKIP","floor":41.0},{"not_picked":["Go for the Eyes","ReplayTheSpireMod:GoodbyeWorld+1","REME_SelfUpgrade+1"],"picked":"SKIP","floor":44.0},{"not_picked":["Compile Driver","Lockon"],"picked":"Storm+1","floor":47.0},{"not_picked":["AT_HeatAcrobatics","ReplayTheSpireMod:Omega Cannon","ReplayTheSpireMod:GoodbyeWorld+1"],"picked":"SKIP","floor":55}],"player_experience":1322944,"relics_obtained":[{"floor":6.0,"key":"War Paint"},{"floor":9.0,"key":"Tiny Chest"},{"floor":10.0,"key":"qcfpunch:Wrestler\u0027s_Cloak"},{"floor":14.0,"key":"qcfpunch:School_Backpack"},{"floor":23.0,"key":"Boot"},{"floor":24.0,"key":"Quantum Egg"},{"floor":25.0,"key":"ReplayTheSpireMod:Shallot"},{"floor":26.0,"key":"AT_Manta"},{"floor":28.0,"key":"Onion Ring"},{"floor":36.0,"key":"conspire:Boomerang"},{"floor":40.0,"key":"Pondfish Scales"},{"floor":44.0,"key":"Simple Rune"},{"floor":47.0,"key":"reliquary:QuartzCube"},{"floor":48.0,"key":"qcfpunch:Red_Beret"},{"floor":55,"key":"Replay:Bottled Flurry"}],"event_choices":[{"damage_healed":0.0,"max_hp_gain":0.0,"max_hp_loss":7.0,"gold_gain":0.0,"event_name":"Golden Idol","player_choice":"Lose Max HP","floor":4.0,"gold_loss":0.0,"damage_taken":0.0,"relics_obtained":["Golden Idol"]},{"damage_healed":0.0,"max_hp_gain":0.0,"max_hp_loss":0.0,"gold_gain":0.0,"event_name":"conspire:LoneGhost","player_choice":"Agree","floor":8.0,"gold_loss":0.0,"damage_taken":0.0},{"cards_removed":["conspire:GhostlyStrike"],"damage_healed":0.0,"max_hp_gain":0.0,"max_hp_loss":0.0,"gold_gain":0.0,"event_name":"Back to Basics","player_choice":"Elegance","floor":19.0,"gold_loss":0.0,"damage_taken":0.0},{"damage_healed":0.0,"max_hp_gain":0.0,"max_hp_loss":0.0,"gold_gain":0.0,"event_name":"Ghosts","player_choice":"Ignored","floor":20.0,"gold_loss":0.0,"damage_taken":0.0},{"cards_removed":["conspire:GhostlyStrike"],"damage_healed":5.0,"max_hp_gain":0.0,"max_hp_loss":0.0,"gold_gain":0.0,"event_name":"Bonfire Elementals","player_choice":"Offered Special","floor":30.0,"gold_loss":0.0,"damage_taken":0.0},{"damage_healed":0.0,"max_hp_gain":0.0,"max_hp_loss":0.0,"gold_gain":0.0,"event_name":"MindBloom","player_choice":"Fight","floor":36.0,"gold_loss":0.0,"damage_taken":0.0},{"damage_healed":0.0,"max_hp_gain":0.0,"max_hp_loss":0.0,"gold_gain":0.0,"event_name":"conspire:Investor","player_choice":"Leave","floor":38.0,"gold_loss":0.0,"damage_taken":0.0}],"is_beta":false,"boss_relics":[{"not_picked":["qcfpunch:Killian_Engine_Alpha","Astrolabe"],"picked":"Coffee Dripper"},{"not_picked":["conspire:RunicOctahedron","reliquary:Ember"],"picked":"Empty Cage"}],"items_purged_floors":[32,42,54],"is_endless":false,"potions_floor_spawned":[3,5,12,13,16,21,28,31,33,41,44],"ascension_level":20}}