{"host":"rl3s470f8onwqc1s","time":1612869127,"event":{"mods":["BaseMod","Gold Saver","Minty Spire (QoL Compilation)","MostiFishMod","RumiaBox-露米娅的神秘盒子","Shop Mod","Spicy Shops","StSLib","TestMod","【功能Mod】强力的原版药水"],"gold_per_floor":[1905,1925,1321,1342,1364,1407,1438,1473,1473,1518,1518,1518,1443,1843,1843,1944,1944,1965,1965,1965,1965,1099,1128,569,596,678,678,678,678,705,103,103,190,190,211,23,298,321,1320,1361,1361,736,805,823,882,904,904,344,344,354,372,372,372,4,42,88],"floor_reached":57,"language":"ZHS","playtime":2483,"items_purged":["Strike_G","Pain","Strike_G","Pain","Normality","Normality","Normality","Regret"],"score":3594,"play_id":"18435b8a-599d-4c19-9cd5-89c4e191f579","local_time":"20210209191207","is_ascension_mode":true,"campfire_choices":[{"floor":15.0,"key":"RECALL"},{"data":"MostiFishMod:LethalBlade","floor":29.0,"key":"SMITH"},{"data":"MostiFishMod:PerfectForm","floor":32,"key":"SMITH"},{"data":"Doppelganger","floor":41,"key":"SMITH"},{"data":"MostiFishMod:WinterMarkForm","floor":47,"key":"SMITH"},{"data":"A Thousand Cuts","floor":49,"key":"SMITH"},{"data":"Skewer","floor":53,"key":"SMITH"}],"circlet_count":0,"master_deck":["AscendersBane","Strike_G","Defend_G","Defend_G","Defend_G","Defend_G","Defend_G","Survivor","Neutralize+1","Blade Dance+1","Bouncing Flask","Well Laid Plans+1","Good Instincts+1","Skewer+1","Deflect","Doppelganger+1","Prepared","Cloak And Dagger+1","MostiFishMod:LethalBlade+1","CurseOfTheBell","Glacier+1","Acrobatics+1","Deflect+1","MostiFishMod:AdrenalineArouse+1","MostiFishMod:PerfectForm+1","Accuracy","MostiFishMod:AdrenalineArouse+1","MostiFishMod:WinterMarkForm+1","Distraction+1","MostiFishMod:IntelligentEquipment","Glacier+1","MostiFishMod:RacingGame+1","Acrobatics+1","Writhe","Decay","Tactician+1","A Thousand Cuts+1","Reflex+1","MostiFishMod:AdrenalineArouse+1"],"relics":["Ring of the Snake","testmod-DeterminationOfClimber","Membership Card","NeowsBlessing","SynthV:TestCard","GodSword1","testmod-HeartOfDaVinci","TimeFreeze","Bronze Scales","SentryEyes","Odd Mushroom","Juzu Bracelet","Toxic Egg 2","Smiling Mask","DaveBox","OriginationStaff","Calling Bell","Oddly Smooth Stone","Symbiotic Virus","ChaoDraw","PreservedInsect","WarpedTongs","ClockworkSouvenir","testmod-Brilliant","Toolbox","Letter Opener","Bottled Tornado","testmod-Antiphasic","GodSword7","Lee\u0027s Waffle","MagicDraw1","FossilizedHelix","testmod-Muramasa","SynthV:C4","Cables","Self Forming Clay","War Paint","Singing Bowl","Dodecahedron","testmod-Laevatain","ImprovedEquipment","Runic Pyramid","Mummified Hand","MetatronsCube","testmod-Justice","Mercury Hourglass","Snake Skull","testmod-ThousandKnives","GodSword5","Technique","DollysMirror","Happy Flower","Vajra"],"acts_visited":["Exordium","TheCity","TheBeyond","TheEnding"],"potions_floor_usage":[48],"damage_taken":[{"damage":0.0,"enemies":"Jaw Worm","floor":1.0,"turns":1.0},{"damage":0.0,"enemies":"Small Slimes","floor":2.0,"turns":1.0},{"damage":0.0,"enemies":"2 Louse","floor":4.0,"turns":1.0},{"damage":0.0,"enemies":"Large Slime","floor":5.0,"turns":1.0},{"damage":0.0,"enemies":"Gremlin Nob","floor":6.0,"turns":3.0},{"damage":0.0,"enemies":"The Mushroom Lair","floor":7.0,"turns":1.0},{"damage":0.0,"enemies":"3 Sentries","floor":8.0,"turns":2.0},{"damage":0.0,"enemies":"Gremlin Nob","floor":10.0,"turns":1.0},{"damage":0.0,"enemies":"The Guardian","floor":16.0,"turns":3.0},{"damage":0.0,"enemies":"Spheric Guardian","floor":18.0,"turns":2.0},{"damage":0.0,"enemies":"Slavers","floor":23.0,"turns":1.0},{"damage":0.0,"enemies":"Gremlin Leader","floor":25.0,"turns":1.0},{"damage":0.0,"enemies":"Slavers","floor":30.0,"turns":1.0},{"damage":0,"enemies":"Champ","floor":33,"turns":4},{"damage":0,"enemies":"Orb Walker","floor":35,"turns":1},{"damage":0,"enemies":"3 Darklings","floor":38,"turns":1},{"damage":0,"enemies":"Maw","floor":40,"turns":2},{"damage":0,"enemies":"Sphere and 2 Shapes","floor":44,"turns":1},{"damage":0,"enemies":"Transient","floor":45,"turns":2},{"damage":0,"enemies":"Writhing Mass","floor":46,"turns":1},{"damage":0,"enemies":"Time Eater","floor":50,"turns":2},{"damage":0,"enemies":"Awakened One","floor":51,"turns":2},{"damage":0,"enemies":"Shield and Spear","floor":55,"turns":1},{"damage":0,"enemies":"The Heart","floor":56,"turns":4}],"seed_played":"1402357147484768183","potions_obtained":[{"floor":4.0,"key":"Explosive Potion"},{"floor":8.0,"key":"Explosive Potion"},{"floor":35,"key":"BlessingOfTheForge"},{"floor":55,"key":"Block Potion"}],"is_trial":false,"path_per_floor":["M","M","$","M","M","E","?","E","T","E","?","?","?","?","R","B",null,"M","?","T","?","$","E","$","E","T","?","?","R","E","$","R","B",null,"M","$","?","M","?","M","R","$","T","M","M","M","R","$","R","B","B",null,"R","$","E","B",null],"character_chosen":"THE_SILENT","items_purchased":["GodSword1","testmod-SpacePotion","FairyPotion","testmod-HeartOfDaVinci","TimeFreeze","Well Laid Plans","Good Instincts","Bronze Scales","ClockworkSouvenir","testmod-Brilliant","Toolbox","Letter Opener","Bottled Tornado","MostiFishMod:PerfectForm","Accuracy","MostiFishMod:AdrenalineArouse+1","GodSword7","Lee\u0027s Waffle","MagicDraw1","FossilizedHelix","testmod-Muramasa","War Paint","Singing Bowl","Dodecahedron","testmod-Laevatain","ImprovedEquipment","Mummified Hand","MetatronsCube","testmod-Justice","Snake Skull","A Thousand Cuts","testmod-ThousandKnives","Reflex+1","testmod-SpacePotion","GhostInAJar","GodSword5","Technique","DollysMirror","Happy Flower"],"campfire_rested":0,"item_purchase_floors":[3,3,3,3,3,3,3,3,22,22,22,22,22,22,22,22,24,24,24,24,24,31,31,31,31,31,36,42,42,48,48,48,48,48,48,54,54,54,54],"current_hp_per_floor":[59,59,59,61,66,66,66,66,66,66,66,66,66,66,66,66,66,66,66,66,66,66,66,73,73,73,73,73,73,73,73,73,75,75,77,77,77,79,79,79,79,79,79,81,83,85,85,85,85,85,85,85,85,85,87,87],"gold":88,"neow_bonus":"THREE_ENEMY_KILL","is_daily":false,"chose_seed":false,"campfire_upgraded":6,"win_rate":0.0,"timestamp":1612869127,"path_taken":["M","M","$","M","M","E","?","E","T","E","?","?","?","?","R","BOSS","M","?","?","?","$","E","$","E","T","?","?","R","E","?","R","BOSS","M","$","?","M","?","M","R","$","T","M","M","M","R","$","R","BOSS","BOSS","R","$","E","BOSS"],"items_purchased_type":["Relic","Potion","Potion","Relic","Relic","Card","Card","Relic","Relic","Relic","Relic","Relic","Relic","Card","Card","Card","Relic","Relic","Relic","Relic","Relic","Relic","Relic","Relic","Relic","Relic","Relic","Relic","Relic","Relic","Card","Relic","Card","Potion","Potion","Relic","Relic","Relic","Relic"],"build_version":"2020-12-22","purchased_purges":8,"victory":true,"max_hp_per_floor":[66,66,66,66,66,66,66,66,66,66,66,66,66,66,66,66,66,66,66,66,66,66,66,73,73,73,73,73,73,73,73,73,75,75,77,77,77,79,79,79,79,79,79,81,83,85,85,85,85,85,85,85,85,85,87,87],"card_choices":[{"not_picked":["Backflip","Cloak And Dagger"],"picked":"Blade Dance","floor":1.0},{"not_picked":["Footwork","Dagger Spray","Dodge and Roll","Choke"],"picked":"Bouncing Flask","floor":2.0},{"not_picked":["Leg Sweep","Setup","Footwork","Deadly Poison"],"picked":"Skewer","floor":4.0},{"not_picked":["Deadly Poison","Slice","Backflip","Outmaneuver"],"picked":"Deflect","floor":5.0},{"not_picked":["Deadly Poison","Deflect","MostiFishMod:Confrontation","Riddle With Holes"],"picked":"Doppelganger","floor":6.0},{"not_picked":["MostiFishMod:ThornCasing","Crippling Poison","Distraction","MostiFishMod:PerfectParry"],"picked":"Prepared","floor":7.0},{"not_picked":["Sucker Punch","PiercingWail","Flying Knee","Terror","Dagger Spray"],"picked":"SKIP","floor":8.0},{"not_picked":["Backstab","Footwork","Choke","Blade Dance+1"],"picked":"Cloak And Dagger+1","floor":10.0},{"not_picked":["Bullet Time+1","MostiFishMod:HiddenBlade+1","Storm of Steel+1","Die Die Die"],"picked":"MostiFishMod:LethalBlade","floor":16.0},{"not_picked":["Cloak And Dagger+1","Dagger Throw","Deflect+1","Well Laid Plans"],"picked":"Acrobatics+1","floor":18.0},{"not_picked":["Blade Dance+1","Terror+1","Outmaneuver+1","Bane"],"picked":"MostiFishMod:WinterMarkForm","floor":23.0},{"not_picked":["Acrobatics+1","Masterful Stab","Blade Dance+1","Choke"],"picked":"Distraction+1","floor":25.0},{"not_picked":["Expertise+1","MostiFishMod:FrostNova+1","Quick Slash","Tools of the Trade"],"picked":"Acrobatics+1","floor":30},{"not_picked":["MostiFishMod:LethalBlade","Corpse Explosion+1","Envenom","MostiFishMod:Confrontation+1","Tools of the Trade"],"picked":"Singing Bowl","floor":33},{"not_picked":["Masterful Stab","Well Laid Plans","Dagger Throw","MostiFishMod:PerfectParry+1","Dodge and Roll+1"],"picked":"Singing Bowl","floor":35},{"not_picked":["Crippling Poison+1","Poisoned Stab","Slice","MostiFishMod:VineMother","Cloak And Dagger+1"],"picked":"Singing Bowl","floor":38},{"not_picked":["MostiFishMod:ThornCasing+1","Escape Plan+1","Bane","Slice"],"picked":"Tactician+1","floor":40},{"not_picked":["Dagger Throw","Finisher+1","Quick Slash+1","Acrobatics+1","PiercingWail+1"],"picked":"Singing Bowl","floor":44},{"not_picked":["Dodge and Roll+1","Terror+1","Concentrate+1","Underhanded Strike","Riddle With Holes+1"],"picked":"Singing Bowl","floor":45},{"not_picked":["Infinite Blades+1","Accuracy","Concentrate+1","Outmaneuver+1","Tools of the Trade"],"picked":"Singing Bowl","floor":46},{"not_picked":["Bane","Dodge and Roll+1","Flechettes+1","Slice","Blur+1"],"picked":"Singing Bowl","floor":55}],"player_experience":1354471,"relics_obtained":[{"floor":1.0,"key":"SynthV:TestCard"},{"floor":6.0,"key":"SentryEyes"},{"floor":7.0,"key":"Odd Mushroom"},{"floor":8.0,"key":"Juzu Bracelet"},{"floor":10.0,"key":"Toxic Egg 2"},{"floor":17.0,"key":"Oddly Smooth Stone"},{"floor":17.0,"key":"Symbiotic Virus"},{"floor":17.0,"key":"ChaoDraw"},{"floor":20.0,"key":"PreservedInsect"},{"floor":23.0,"key":"testmod-Antiphasic"},{"floor":25.0,"key":"SynthV:C4"},{"floor":26.0,"key":"Cables"},{"floor":30,"key":"Self Forming Clay"},{"floor":43,"key":"Mercury Hourglass"},{"floor":55,"key":"Vajra"}],"event_choices":[{"damage_healed":0.0,"max_hp_gain":0.0,"max_hp_loss":0.0,"gold_gain":0.0,"event_name":"Mushrooms","player_choice":"Fought Mushrooms","floor":7.0,"gold_loss":0.0,"damage_taken":0.0},{"damage_healed":0.0,"max_hp_gain":0.0,"max_hp_loss":0.0,"gold_gain":0.0,"event_name":"Big Fish","player_choice":"Box","floor":11.0,"gold_loss":0.0,"damage_taken":0.0,"relics_obtained":["Smiling Mask"],"cards_obtained":["Regret"]},{"damage_healed":0.0,"max_hp_gain":0.0,"max_hp_loss":0.0,"gold_gain":0.0,"event_name":"给自己的盒子","player_choice":"Swap Relic","floor":12.0,"relics_lost":["DaveBox"],"gold_loss":0.0,"damage_taken":0.0,"relics_obtained":["DaveBox"]},{"cards_removed":["Regret"],"damage_healed":0.0,"max_hp_gain":0.0,"max_hp_loss":0.0,"gold_gain":0.0,"event_name":"The Cleric","player_choice":"Card Removal","floor":13.0,"gold_loss":75.0,"damage_taken":0.0},{"damage_healed":0.0,"max_hp_gain":0.0,"max_hp_loss":0.0,"gold_gain":400.0,"event_name":"恩洛斯的盘子","player_choice":"Sell","floor":14.0,"relics_lost":["testmod-TestBox"],"gold_loss":0.0,"damage_taken":0.0},{"damage_healed":0.0,"max_hp_gain":0.0,"max_hp_loss":0.0,"gold_gain":0.0,"cards_transformed":["Strike_G","Strike_G"],"event_name":"Drug Dealer","player_choice":"Became Test Subject","floor":19.0,"gold_loss":0.0,"damage_taken":0.0,"cards_obtained":["Deflect","MostiFishMod:AdrenalineArouse"]},{"damage_healed":0.0,"max_hp_gain":0.0,"max_hp_loss":0.0,"gold_gain":0.0,"event_name":"Accursed Blacksmith","player_choice":"Rummage","floor":21.0,"gold_loss":0.0,"damage_taken":0.0,"relics_obtained":["WarpedTongs"],"cards_obtained":["Pain"]},{"damage_healed":0.0,"max_hp_gain":0.0,"max_hp_loss":0.0,"gold_gain":0.0,"event_name":"Vampires","player_choice":"Ignored","floor":27.0,"gold_loss":0.0,"damage_taken":0.0},{"damage_healed":0.0,"max_hp_gain":0.0,"max_hp_loss":0.0,"gold_gain":0.0,"event_name":"Duplicator","player_choice":"Copied","floor":28.0,"gold_loss":0.0,"damage_taken":0.0,"cards_obtained":["Glacier"]},{"damage_healed":0,"gold_gain":275,"player_choice":"Desecrate","damage_taken":0,"max_hp_gain":0,"max_hp_loss":0,"event_name":"Golden Shrine","floor":37,"gold_loss":0,"cards_obtained":["Regret"]},{"damage_healed":0,"gold_gain":999,"player_choice":"Gold","damage_taken":0,"max_hp_gain":0,"max_hp_loss":0,"event_name":"MindBloom","floor":39,"gold_loss":0,"cards_obtained":["Normality","Normality"]}],"is_beta":false,"boss_relics":[{"not_picked":["MoonlightInvasionPlan","Cursed Key"],"picked":"Calling Bell"},{"not_picked":["HoveringKite","EE1DDrone"],"picked":"Runic Pyramid"}],"items_purged_floors":[3,22,24,31,36,42,48,54],"is_endless":false,"potions_floor_spawned":[4,8,10,16,25,30,35,44,45,55],"ascension_level":20}}