{"host":"627up2rvtmm0cf0r","time":1612861070,"event":{"mods":["ATMod(阿瑾Mod)","Act Like it!","BaseMod","Better Vampires","CapriCore","Card Filter","Card Forge","Colored Powertips","DeckTracker","Dota2Spire","Downfall","Energized Spire","Friendly Minions","Highlight Path","Infinite Spire","Jedi Mod","Minty Spire (QoL Compilation)","MostiFishMod","Permanent Neow","Practice Mode","Quick Restart","Relic Stats","Reliquary","Shop Mod","Spicy Shops","StSLib","SuperFastMode","TestMod","Warlord Emblem","【遗物卡牌】REMEMod","篝火指南"],"gold_per_floor":[99,109,119,119,119,135,189,205,220,11,36,63,63,94,111,206,206,206,216,56,56,56,74,74,93,104,104,131,144,175,175,189,294,294,219,232,412,428,443,443,519,519,519,553,571,606,624,644,658,658],"floor_reached":51,"language":"ZHS","playtime":2671,"items_purged":["Pain","bronze:Strike","bronze:Defend"],"score":1174,"play_id":"2b079476-44e5-4c76-8c6c-31abb06f03d3","local_time":"20210209165750","is_ascension_mode":true,"campfire_choices":[{"data":"bronze:Replicate","floor":1,"key":"SMITH"},{"data":"bronze:Mutator","floor":13,"key":"SMITH"},{"data":"bronze:AlphaBuild","floor":18,"key":"SMITH"},{"data":"bronze:CleanCode","floor":27,"key":"SMITH"}],"circlet_count":0,"master_deck":["bronze:Strike","bronze:Strike","bronze:Strike","bronze:Defend","bronze:Defend","bronze:Replicate+1","bronze:Goto","bronze:Defend","bronze:CleanCode+1","bronze:Mutator+1","bronze:WildBeam","bronze:AlphaBuild+1","bronze:BronzeOrb","bronze:OilSpill","bronze:MaxOutput"],"relics":["bronze:BronzeCore","Hammer of Thor","Seething Fire","Anvil of the Gods","DaveBox","testmod-TestBox","REME_ComplimentaryCards","AT_ATBox","testmod-Hope","JellyFishMachine","Dota2Spire:UrnOfShadows","WarpedTongs","jedi:cryingmask","Dota2Spire:BattleFury","Tiny Chest","hexamod:Sixitude","xbg","AT_BladeRuinedKing","Dead Branch","Dota2Spire:ShivaGuard","jedi:archwizardhat","Eternal Feather","testmod-Fanaticism","Slimebound:PreparedRelic","testmod-Justice","hexamod:BolsterEngine","Guardian:PocketSentry"],"acts_visited":["Exordium","TheCity","TheBeyond"],"potions_floor_usage":[],"damage_taken":[{"damage":1,"enemies":"2 Louse","floor":2,"turns":2},{"damage":4,"enemies":"Jaw Worm","floor":3,"turns":3},{"damage":5,"enemies":"Cultist","floor":6,"turns":4},{"damage":5,"enemies":"Exordium Wildlife","floor":8,"turns":3},{"damage":5,"enemies":"2 Fungi Beasts","floor":9,"turns":4},{"damage":7,"enemies":"downfall:FleeingMerchant","floor":10,"turns":4},{"damage":19,"enemies":"3 Sentries","floor":11,"turns":9},{"damage":20,"enemies":"Lagavulin","floor":14,"turns":6},{"damage":4,"enemies":"3 Louse","floor":15,"turns":2},{"damage":26,"enemies":"IC_STATUS_ARCHETYPE","floor":16,"turns":6},{"damage":3,"enemies":"Chosen","floor":19,"turns":3},{"damage":6,"enemies":"downfall:FleeingMerchant","floor":20,"turns":4},{"damage":0,"enemies":"Shell Parasite","floor":23,"turns":1},{"damage":4,"enemies":"Cultist and Chosen","floor":25,"turns":3},{"damage":16,"enemies":"Shelled Parasite and Fungi","floor":26,"turns":3},{"damage":16,"enemies":"Book of Stabbing","floor":28,"turns":3},{"damage":8,"enemies":"Snecko","floor":29,"turns":3},{"damage":6,"enemies":"Gremlin Leader","floor":30,"turns":4},{"damage":1,"enemies":"Snake Plant","floor":32,"turns":2},{"damage":5,"enemies":"SI_MIRROR_ARCHETYPE","floor":33,"turns":1},{"damage":5,"enemies":"3 Shapes","floor":36,"turns":2},{"damage":0,"enemies":"downfall:FleeingMerchant","floor":37,"turns":2},{"damage":0,"enemies":"Orb Walker","floor":38,"turns":1},{"damage":0,"enemies":"Spire Growth","floor":39,"turns":2},{"damage":0,"enemies":"Giant Head","floor":44,"turns":4},{"damage":21,"enemies":"Writhing Mass","floor":45,"turns":2},{"damage":8,"enemies":"Nemesis","floor":46,"turns":3},{"damage":9,"enemies":"3 Darklings","floor":47,"turns":2},{"damage":4,"enemies":"4 Shapes","floor":48,"turns":2},{"damage":0,"enemies":"Transient","floor":49,"turns":4},{"damage":0,"enemies":"WA_ARCHETYPE_DIVINITY","floor":50,"turns":3}],"seed_played":"-3509909475777743069","potions_obtained":[{"floor":9,"key":"Weak Potion"},{"floor":11,"key":"Guardian:BlockOnCardUsePotion"},{"floor":14,"key":"bronze:FreeFunctionsPotion"},{"floor":39,"key":"Fruit Juice"}],"is_trial":false,"path_per_floor":["R","M","M","?","?","M","T","M","M","$","E","T","R","E","M","B",null,"R","M","$","?","?","M","T","M","M","R","E","M","E","T","M","B",null,"R","M","$","M","M","?","T","?","T","E","M","E","M","M","M","B",null],"character_chosen":"THE_AUTOMATON","items_purchased":["bronze:Mutator","bronze:WildBeam","AT_BladeRuinedKing"],"campfire_rested":0,"item_purchase_floors":[10,10,20],"current_hp_per_floor":[70,69,65,65,65,66,66,61,56,61,48,48,48,34,30,10,70,70,67,61,61,61,61,61,57,41,41,25,17,11,11,10,70,70,70,65,65,65,65,65,65,65,65,65,54,50,50,47,47,47],"gold":658,"neow_bonus":"RANDOM_COMMON_RELIC","is_daily":false,"chose_seed":false,"campfire_upgraded":4,"win_rate":0.0,"timestamp":1612861070,"path_taken":["R","M","M","?","?","?","T","M","M","$","E","?","R","E","M","BOSS","R","M","$","?","?","M","T","M","?","R","E","M","E","?","M","BOSS","R","M","$","M","?","?","T","?","?","E","M","E","M","M","M","BOSS"],"items_purchased_type":["Card","Card","Relic"],"build_version":"2020-12-22","purchased_purges":3,"victory":true,"max_hp_per_floor":[70,70,70,70,70,70,70,70,70,70,70,70,70,70,70,70,70,70,70,70,70,70,70,70,70,70,70,70,70,70,70,70,70,70,70,70,70,70,70,70,70,70,70,70,70,70,70,70,70,70],"relic_stats":{"counters":[31,97],"Dead Branch":[62],"Tiny Chest":2,"Eternal Feather":0,"obtain_stats":[{"bronze:BronzeCore":0,"AT_ATBox":0,"DaveBox":0,"Hammer of Thor":0,"jedi:archwizardhat":30,"testmod-Fanaticism":34,"jedi:cryingmask":7,"Tiny Chest":12,"testmod-TestBox":0,"Dota2Spire:UrnOfShadows":0,"JellyFishMachine":0,"Dead Branch":24,"hexamod:Sixitude":14,"Dota2Spire:ShivaGuard":28,"Eternal Feather":31,"Dota2Spire:BattleFury":11,"AT_BladeRuinedKing":20,"Guardian:PocketSentry":46,"Seething Fire":0,"testmod-Justice":43,"WarpedTongs":5,"Anvil of the Gods":0,"testmod-Hope":0,"Slimebound:PreparedRelic":41,"xbg":17,"hexamod:BolsterEngine":44,"REME_ComplimentaryCards":0},{"bronze:BronzeCore":0,"AT_ATBox":0,"DaveBox":0,"Hammer of Thor":0,"jedi:archwizardhat":18,"testmod-Fanaticism":20,"jedi:cryingmask":3,"Tiny Chest":7,"testmod-TestBox":0,"Dota2Spire:UrnOfShadows":0,"JellyFishMachine":0,"Dead Branch":13,"hexamod:Sixitude":8,"Dota2Spire:ShivaGuard":16,"Eternal Feather":18,"Dota2Spire:BattleFury":7,"AT_BladeRuinedKing":12,"Guardian:PocketSentry":27,"Seething Fire":0,"testmod-Justice":24,"WarpedTongs":2,"Anvil of the Gods":0,"testmod-Hope":0,"Slimebound:PreparedRelic":24,"xbg":10,"hexamod:BolsterEngine":25,"REME_ComplimentaryCards":0},{"bronze:BronzeCore":0,"AT_ATBox":0,"DaveBox":0,"Hammer of Thor":0,"jedi:archwizardhat":67,"testmod-Fanaticism":70,"jedi:cryingmask":9,"Tiny Chest":29,"testmod-TestBox":0,"Dota2Spire:UrnOfShadows":0,"JellyFishMachine":0,"Dead Branch":51,"hexamod:Sixitude":35,"Dota2Spire:ShivaGuard":60,"Eternal Feather":67,"Dota2Spire:BattleFury":29,"AT_BladeRuinedKing":50,"Guardian:PocketSentry":86,"Seething Fire":0,"testmod-Justice":77,"WarpedTongs":5,"Anvil of the Gods":0,"testmod-Hope":0,"Slimebound:PreparedRelic":77,"xbg":43,"hexamod:BolsterEngine":81,"REME_ComplimentaryCards":0}],"WarpedTongs":[92]},"card_choices":[{"not_picked":["bronze:Shield","bronze:Overheat","bronze:Frontload"],"picked":"SKIP","floor":2},{"not_picked":["bronze:WildBeam","bronze:Shield","bronze:Flail"],"picked":"SKIP","floor":3},{"not_picked":["bronze:Separator","bronze:Allocate","bronze:Fortify"],"picked":"SKIP","floor":6},{"not_picked":["bronze:ItsAFeature","bronze:Turbo","bronze:DelayedGuard"],"picked":"SKIP","floor":8},{"not_picked":["bronze:Constructor","bronze:OilSpill","bronze:Overheat"],"picked":"SKIP","floor":9},{"not_picked":["bronze:WhirlingStrike","bronze:BitShift"],"picked":"bronze:CleanCode","floor":10},{"not_picked":["bronze:FollowUp","bronze:CutThrough","bronze:DarkDash"],"picked":"SKIP","floor":11},{"not_picked":["bronze:FollowUp","bronze:CutThrough","bronze:DarkDash"],"picked":"SKIP","floor":11},{"not_picked":["bronze:FollowUp","bronze:Refactor","bronze:Safeguard"],"picked":"SKIP","floor":14},{"not_picked":["bronze:WhirlingStrike","bronze:Deprecate","bronze:OilSpill"],"picked":"SKIP","floor":15},{"not_picked":["bronze:Format","bronze:ShipIt"],"picked":"bronze:AlphaBuild","floor":16},{"not_picked":["bronze:ForLoop+1","bronze:Frontload+1","bronze:Overheat"],"picked":"SKIP","floor":19},{"not_picked":["bronze:Invalidate+1","bronze:WildBeam","bronze:FineTuning"],"picked":"SKIP","floor":20},{"not_picked":["bronze:BitShift","bronze:Overload+1","bronze:ChosenStrike"],"picked":"SKIP","floor":23},{"not_picked":["bronze:Frontload+1","bronze:Flail","bronze:ItsAFeature+1"],"picked":"SKIP","floor":25},{"not_picked":["bronze:Iterate","bronze:InfiniteBeams","bronze:BitShift"],"picked":"SKIP","floor":26},{"not_picked":["bronze:Shield","bronze:FollowUp+1","bronze:FindAndReplace"],"picked":"SKIP","floor":28},{"not_picked":["bronze:Shield+1","bronze:Constructor+1","bronze:BugBarrage"],"picked":"SKIP","floor":29},{"not_picked":["bronze:DelayedSlice","bronze:DigitalCarnage+1","bronze:Shield+1"],"picked":"SKIP","floor":30},{"not_picked":["bronze:BugBarrage","bronze:WildBeam","bronze:Turbo+1"],"picked":"SKIP","floor":32},{"not_picked":["bronze:Terminator","bronze:InfiniteBeams","bronze:Iterate"],"picked":"SKIP","floor":36},{"not_picked":["bronze:FollowUp+1","bronze:DigitalCarnage+1"],"picked":"bronze:OilSpill","floor":37},{"not_picked":["bronze:Shield","bronze:ForceShield","bronze:FineTuning"],"picked":"SKIP","floor":38},{"not_picked":["bronze:BugBarrage","bronze:DelayedSlice+1"],"picked":"bronze:MaxOutput","floor":39},{"not_picked":["bronze:BugBarrage","bronze:DelayedSlice","bronze:NullPointer+1"],"picked":"SKIP","floor":44},{"not_picked":["bronze:BuggyMess","bronze:Invalidate+1","bronze:OilSpill"],"picked":"SKIP","floor":45},{"not_picked":["bronze:Virus","bronze:DelayedGuard+1","bronze:Mutator"],"picked":"SKIP","floor":46},{"not_picked":["bronze:DelayedGuard+1","bronze:FineTuning+1","bronze:Overheat"],"picked":"SKIP","floor":47},{"not_picked":["bronze:Optimize+1","bronze:Refactor+1","bronze:Turbo+1"],"picked":"SKIP","floor":48},{"not_picked":["bronze:ForLoop","bronze:Turbo+1","bronze:Iterate+1"],"picked":"SKIP","floor":49}],"player_experience":150096,"relics_obtained":[{"floor":7,"key":"jedi:cryingmask"},{"floor":11,"key":"Dota2Spire:BattleFury"},{"floor":12,"key":"Tiny Chest"},{"floor":14,"key":"hexamod:Sixitude"},{"floor":24,"key":"Dead Branch"},{"floor":28,"key":"Dota2Spire:ShivaGuard"},{"floor":30,"key":"jedi:archwizardhat"},{"floor":31,"key":"Eternal Feather"},{"floor":41,"key":"Slimebound:PreparedRelic"},{"floor":43,"key":"testmod-Justice"},{"floor":44,"key":"hexamod:BolsterEngine"},{"floor":46,"key":"Guardian:PocketSentry"}],"event_choices":[{"damage_healed":0,"gold_gain":0,"player_choice":"Ignored","damage_taken":0,"max_hp_gain":0,"max_hp_loss":0,"event_name":"给自己的盒子","floor":21,"gold_loss":0},{"damage_healed":0,"gold_gain":0,"player_choice":"Read","damage_taken":0,"max_hp_gain":0,"max_hp_loss":0,"event_name":"The Library","floor":22,"gold_loss":0,"cards_obtained":["bronze:BronzeOrb"]}],"is_beta":false,"boss_relics":[{"not_picked":["Philosopher\u0027s Stone","testmod-HarvestTotem"],"picked":"xbg"},{"not_picked":["Calling Bell","AT_TrinityForce"],"picked":"testmod-Fanaticism"}],"items_purged_floors":[35,37,37],"is_endless":false,"potions_floor_spawned":[9,11,14,15,23,25,30,33,38,39,44,46],"ascension_level":2}}