{"host":"vumwfieg2b2mnrfl","time":1612839764,"event":{"mods":["AchievementEnabler","BaseMod","Minty Spire (QoL Compilation)","Rare Cards Sparkle","Relic Stats"],"gold_per_floor":[118,135,60,210,485,485,519,537,537,313,313,347,360,370,370,442,442,455,468,668,281,331,357,272,28,28,28,57,57,91,104,104,104,104],"floor_reached":33,"language":"ENG","playtime":1191,"items_purged":["Strike_R","Regret","Doubt"],"score":697,"play_id":"59789ca9-e008-49bf-bfa9-a89c612ac4af","local_time":"20210208210244","is_ascension_mode":true,"campfire_choices":[{"data":"Bash","floor":6,"key":"SMITH"},{"data":"Disarm","floor":11,"key":"SMITH"},{"data":"Armaments","floor":15,"key":"SMITH"},{"floor":27,"key":"RECALL"},{"floor":29,"key":"REST"},{"floor":32,"key":"REST"}],"circlet_count":0,"master_deck":["AscendersBane","Strike_R","Strike_R","Strike_R","Strike_R","Defend_R","Defend_R","Defend_R","Defend_R","Bash+1","Shrug It Off","Reaper","Disarm+1","Spot Weakness","Whirlwind","Pummel","Armaments+1","Uppercut","Limit Break","Headbutt+1","True Grit+1","Apotheosis","Flex","Twin Strike","Limit Break","Heavy Blade"],"relics":["Burning Blood","NeowsBlessing","TungstenRod","InkBottle","Potion Belt","Fusion Hammer","Self Forming Clay","Charon\u0027s Ashes","Lee\u0027s Waffle","Pen Nib","StrikeDummy","CeramicFish"],"acts_visited":["Exordium","TheCity"],"potions_floor_usage":[16,23,30,30,30,30,30,33,33],"damage_taken":[{"damage":0,"enemies":"Jaw Worm","floor":1,"turns":1},{"damage":0,"enemies":"2 Louse","floor":2,"turns":1},{"damage":0,"enemies":"Gremlin Nob","floor":7,"turns":1},{"damage":25,"enemies":"Cultist","floor":8,"turns":6},{"damage":28,"enemies":"3 Sentries","floor":12,"turns":10},{"damage":5,"enemies":"Blue Slaver","floor":13,"turns":7},{"damage":18,"enemies":"Exordium Thugs","floor":14,"turns":5},{"damage":4,"enemies":"The Guardian","floor":16,"turns":14},{"damage":30,"enemies":"Spheric Guardian","floor":18,"turns":9},{"damage":20,"enemies":"Shell Parasite","floor":19,"turns":6},{"damage":29,"enemies":"Gremlin Leader","floor":23,"turns":8},{"damage":31,"enemies":"Book of Stabbing","floor":28,"turns":5},{"damage":68,"enemies":"Slavers","floor":30,"turns":7},{"damage":21,"enemies":"Snake Plant","floor":31,"turns":4},{"damage":83,"enemies":"Collector","floor":33,"turns":8}],"seed_played":"5802235946368168236","potions_obtained":[{"floor":1,"key":"Ancient Potion"},{"floor":12,"key":"BlessingOfTheForge"},{"floor":13,"key":"SpeedPotion"},{"floor":16,"key":"BlessingOfTheForge"},{"floor":19,"key":"AttackPotion"},{"floor":28,"key":"EntropicBrew"},{"floor":31,"key":"PowerPotion"}],"is_trial":false,"path_per_floor":["M","M","$","?","?","R","E","M","T","$","R","E","M","M","R","B",null,"M","M","?","$","?","E","?","$","T","R","E","R","E","M","R","B"],"character_chosen":"IRONCLAD","items_purchased":["Spot Weakness","Whirlwind","Apotheosis","Flex","Lee\u0027s Waffle","Limit Break"],"campfire_rested":2,"item_purchase_floors":[10,10,21,21,25,25],"current_hp_per_floor":[74,75,75,75,75,75,75,56,56,56,56,34,42,35,35,37,66,45,34,34,34,34,16,16,82,82,82,57,81,67,71,82,0,0],"gold":104,"neow_bonus":"THREE_ENEMY_KILL","is_daily":false,"chose_seed":false,"campfire_upgraded":3,"win_rate":0.0,"timestamp":1612839764,"path_taken":["M","M","$","?","?","R","E","M","T","$","R","E","M","M","R","BOSS","M","?","?","?","?","E","?","$","T","R","E","R","E","M","R","BOSS"],"items_purchased_type":["Card","Card","Card","Card","Relic","Card"],"build_version":"2020-12-22","purchased_purges":3,"victory":false,"max_hp_per_floor":[75,75,75,75,75,75,75,75,75,75,75,75,75,75,75,75,75,75,75,75,75,75,75,75,82,82,82,82,82,82,82,82,82,82],"relic_stats":{"Lee\u0027s Waffle":66,"counters":[15,92],"Self Forming Clay":[69],"CeramicFish":9,"Charon\u0027s Ashes":[75],"Pen Nib":[2],"obtain_stats":[{"Potion Belt":12,"Lee\u0027s Waffle":25,"NeowsBlessing":0,"Self Forming Clay":23,"CeramicFish":30,"Fusion Hammer":17,"Charon\u0027s Ashes":24,"Pen Nib":26,"StrikeDummy":28,"Burning Blood":0,"TungstenRod":7,"InkBottle":9},{"Potion Belt":5,"Lee\u0027s Waffle":11,"NeowsBlessing":0,"Self Forming Clay":11,"CeramicFish":13,"Fusion Hammer":8,"Charon\u0027s Ashes":11,"Pen Nib":11,"StrikeDummy":12,"Burning Blood":0,"TungstenRod":3,"InkBottle":4},{"Potion Belt":19,"Lee\u0027s Waffle":68,"NeowsBlessing":0,"Self Forming Clay":68,"CeramicFish":80,"Fusion Hammer":45,"Charon\u0027s Ashes":68,"Pen Nib":68,"StrikeDummy":73,"Burning Blood":0,"TungstenRod":3,"InkBottle":9}],"Burning Blood":73,"TungstenRod":65,"InkBottle":[19]},"card_choices":[{"not_picked":["Wild Strike","Feel No Pain","Seeing Red"],"picked":"SKIP","floor":1},{"not_picked":["Iron Wave","Wild Strike"],"picked":"Shrug It Off","floor":2},{"not_picked":["Hemokinesis","Flex"],"picked":"Reaper","floor":7},{"not_picked":["Shrug It Off","Dark Embrace"],"picked":"Disarm","floor":8},{"not_picked":["Thunderclap","Bloodletting"],"picked":"Pummel","floor":12},{"not_picked":["Anger","Sword Boomerang"],"picked":"Armaments","floor":13},{"not_picked":["Pommel Strike","Sentinel"],"picked":"Uppercut","floor":14},{"not_picked":["Berserk","Demon Form"],"picked":"Limit Break","floor":16},{"not_picked":["Shrug It Off","Metallicize"],"picked":"Headbutt+1","floor":18},{"not_picked":["Anger","Wild Strike"],"picked":"True Grit+1","floor":19},{"not_picked":["Bludgeon","Sever Soul"],"picked":"Twin Strike","floor":23},{"not_picked":["Intimidate","Blood for Blood+1","Combust"],"picked":"SKIP","floor":28},{"not_picked":["Cleave+1","Thunderclap"],"picked":"Heavy Blade","floor":30},{"not_picked":["Thunderclap","Fire Breathing","Twin Strike"],"picked":"SKIP","floor":31}],"player_experience":538987,"relics_obtained":[{"floor":7,"key":"TungstenRod"},{"floor":9,"key":"InkBottle"},{"floor":12,"key":"Potion Belt"},{"floor":23,"key":"Self Forming Clay"},{"floor":26,"key":"Pen Nib"},{"floor":28,"key":"StrikeDummy"},{"floor":30,"key":"CeramicFish"}],"event_choices":[{"damage_healed":0,"gold_gain":150,"player_choice":"AGREE","damage_taken":0,"max_hp_gain":0,"max_hp_loss":0,"event_name":"Liars Game","floor":4,"gold_loss":0,"cards_obtained":["Doubt"]},{"damage_healed":0,"gold_gain":275,"player_choice":"Desecrate","damage_taken":0,"max_hp_gain":0,"max_hp_loss":0,"event_name":"Golden Shrine","floor":5,"gold_loss":0,"cards_obtained":["Regret"]},{"damage_healed":0,"gold_gain":200,"player_choice":"Gold","damage_taken":0,"max_hp_gain":0,"max_hp_loss":0,"event_name":"Wheel of Change","floor":20,"gold_loss":0},{"damage_healed":0,"gold_gain":50,"player_choice":"Stole From Cult","damage_taken":0,"max_hp_gain":0,"max_hp_loss":0,"event_name":"Nest","floor":22,"gold_loss":0},{"damage_healed":0,"gold_gain":0,"player_choice":"Obtained Relic","damage_taken":0,"relics_obtained":["Charon\u0027s Ashes"],"max_hp_gain":0,"max_hp_loss":0,"event_name":"Addict","floor":24,"gold_loss":85}],"is_beta":false,"boss_relics":[{"not_picked":["Coffee Dripper","Calling Bell"],"picked":"Fusion Hammer"}],"items_purged_floors":[3,10,21],"is_endless":false,"potions_floor_spawned":[1,12,13,16,19,28,31],"killed_by":"Collector","ascension_level":20}}