{"host":"v4tuy5ykrbdcm9o9","time":1612843229,"event":{"mods":["BaseMod","Duelist Mod","Minty Spire (QoL Compilation)","Replay The Spire","StSLib"],"gold_per_floor":[112,91,103,14,64,90,107,107,107],"floor_reached":8,"language":"ENG","playtime":731,"items_purged":[],"score":78,"play_id":"bf016ef4-42d9-4150-901b-380e07481a7f","local_time":"20210208230029","is_ascension_mode":true,"campfire_choices":[],"circlet_count":0,"master_deck":["Strike_P","Strike_P","Strike_P","Strike_P","Defend_P","Defend_P","Defend_P","Defend_P","Eruption","Vigilance","Halt","Wireheading","WindmillStrike","FollowUp","CommonCold","Establishment","Protect"],"relics":["PureWater","Ring of Greed","Tiny Chest","Membership Card","Sundial"],"acts_visited":["Exordium"],"potions_floor_usage":[],"damage_taken":[{"damage":0,"enemies":"Small Slimes","floor":1,"turns":3},{"damage":2,"enemies":"2 Louse","floor":3,"turns":2},{"damage":22,"enemies":"Lagavulin","floor":6,"turns":5},{"damage":7,"enemies":"Jaw Worm","floor":7,"turns":3},{"damage":3,"enemies":"Replay:BlueRogue","floor":8,"turns":3}],"seed_played":"2748399379085885838","potions_obtained":[{"floor":3,"key":"Fire Potion"},{"floor":7,"key":"SmokeBomb"}],"is_trial":false,"path_per_floor":["M","?","M","$","?","E","M","E"],"character_chosen":"WATCHER","items_purchased":["WindmillStrike","FollowUp"],"campfire_rested":0,"item_purchase_floors":[4,4],"current_hp_per_floor":[72,72,70,70,70,48,41,38,38],"gold":107,"neow_bonus":"TEN_PERCENT_HP_BONUS","is_daily":false,"chose_seed":false,"campfire_upgraded":0,"win_rate":0.0,"timestamp":1612843229,"path_taken":["M","?","M","$","?","E","M","E"],"items_purchased_type":["Card","Card"],"build_version":"2020-12-22","purchased_purges":0,"victory":false,"max_hp_per_floor":[79,79,79,79,79,79,79,79,79],"card_choices":[{"not_picked":["Replay:BluntJabs","Prostrate"],"picked":"Halt","floor":1},{"not_picked":["Replay:BluntJabs","Crescendo"],"picked":"Wireheading","floor":3},{"not_picked":["Study","EmptyFist"],"picked":"Establishment","floor":6},{"not_picked":["FlyingSleeves","Prostrate"],"picked":"Protect","floor":7}],"player_experience":816865,"relics_obtained":[{"floor":5,"key":"Ring of Greed"},{"floor":5,"key":"Tiny Chest"},{"floor":5,"key":"Membership Card"},{"floor":6,"key":"Sundial"}],"event_choices":[{"damage_healed":0,"gold_gain":0,"player_choice":"Left Gold","damage_taken":0,"max_hp_gain":0,"max_hp_loss":0,"event_name":"World of Goop","floor":2,"gold_loss":21}],"is_beta":false,"boss_relics":[],"items_purged_floors":[],"is_endless":false,"potions_floor_spawned":[3,7],"killed_by":"Replay:BlueRogue","ascension_level":8}}