{"host":"sum4dy402bbv9y4o","time":1612906502,"event":{"mods":["Aspiration","BaseMod","Conspire","Highlight Path","Minty Spire (QoL Compilation)","StSLib"],"gold_per_floor":[119,119,137,149,164,192,202,220,220,220,220,231,231,231,231],"floor_reached":14,"language":"ENG","playtime":521,"items_purged":[],"score":208,"play_id":"1fe80e5c-6bfd-4bd1-88f4-601be6291d33","local_time":"20210210003502","is_ascension_mode":true,"campfire_choices":[{"floor":10,"key":"REST"},{"data":"LikeWater","floor":13,"key":"SMITH"}],"circlet_count":0,"master_deck":["AscendersBane","Strike_P","Strike_P","Strike_P","Strike_P","Defend_P","Defend_P","Defend_P","Eruption+1","Vigilance","Swivel","EmptyBody","CrushJoints","FlurryOfBlows","Brilliance","Halt","DeceiveReality","Perseverance","LikeWater+1"],"relics":["PureWater","Sundial","Bottled Lightning"],"acts_visited":["Exordium"],"potions_floor_usage":[6,8,11,14],"damage_taken":[{"damage":2,"enemies":"2 Louse","floor":1,"turns":3},{"damage":3,"enemies":"Cultist","floor":3,"turns":4},{"damage":0,"enemies":"Jaw Worm","floor":4,"turns":3},{"damage":16,"enemies":"Exordium Wildlife","floor":5,"turns":5},{"damage":20,"enemies":"3 Sentries","floor":6,"turns":10},{"damage":11,"enemies":"Looter","floor":7,"turns":3},{"damage":1,"enemies":"Exordium Thugs","floor":8,"turns":5},{"damage":16,"enemies":"Lagavulin","floor":11,"turns":5},{"damage":0,"enemies":"Blue Slaver","floor":12,"turns":2},{"damage":17,"enemies":"Gremlin Nob","floor":14,"turns":3}],"seed_played":"9011141145342930806","potions_obtained":[{"floor":4,"key":"SpeedPotion"},{"floor":6,"key":"DistilledChaos"},{"floor":8,"key":"SmokeBomb"},{"floor":12,"key":"Weak Potion"}],"is_trial":false,"path_per_floor":["M","?","M","M","M","E","M","M","T","R","E","M","R","E"],"character_chosen":"WATCHER","items_purchased":[],"campfire_rested":1,"item_purchase_floors":[],"current_hp_per_floor":[59,59,56,56,40,20,9,8,8,28,12,12,12,0,0],"gold":231,"neow_bonus":"TRANSFORM_CARD","is_daily":false,"chose_seed":false,"campfire_upgraded":1,"win_rate":0.0,"timestamp":1612906502,"path_taken":["M","?","M","?","M","E","M","M","T","R","E","M","R","E"],"items_purchased_type":[],"build_version":"2020-12-22","purchased_purges":0,"victory":false,"max_hp_per_floor":[68,68,68,68,68,68,68,68,68,68,68,68,68,68,68],"card_choices":[{"not_picked":["Evaluate","Worship"],"picked":"EmptyBody","floor":1},{"not_picked":["SashWhip","Prostrate"],"picked":"CrushJoints","floor":3},{"not_picked":["Halt","ClearTheMind"],"picked":"FlurryOfBlows","floor":4},{"not_picked":["ClearTheMind","Consecrate"],"picked":"Brilliance","floor":5},{"not_picked":["Fasting2","ThirdEye"],"picked":"Halt","floor":6},{"not_picked":["Pray","Evaluate"],"picked":"DeceiveReality","floor":7},{"not_picked":["Evaluate","PathToVictory"],"picked":"Perseverance","floor":8},{"not_picked":["Collect","BowlingBash"],"picked":"LikeWater","floor":12}],"player_experience":3082938,"relics_obtained":[{"floor":6,"key":"Sundial"},{"floor":9,"key":"Bottled Lightning"}],"event_choices":[{"damage_healed":0,"gold_gain":0,"player_choice":"Forge","damage_taken":0,"max_hp_gain":0,"max_hp_loss":0,"event_name":"Accursed Blacksmith","floor":2,"gold_loss":0,"cards_upgraded":["Eruption"]}],"is_beta":false,"boss_relics":[],"items_purged_floors":[],"is_endless":false,"potions_floor_spawned":[4,6,8,12],"killed_by":"Gremlin Nob","ascension_level":20}}