{"host":"8is2j71l4wmybkoi","time":1612881022,"event":{"mods":["AchievementEnabler","BaseMod","Colored Map","Minty Spire (QoL Compilation)","Rare Cards Sparkle","StSLib","SuperFastMode"],"gold_per_floor":[110,110,125,125,27,62,62,81,107,132,132,164,239,259,259,334,334,349,349,58,69,19,51,51,51,51],"floor_reached":25,"language":"KOR","playtime":726,"items_purged":["Strike_R"],"score":499,"play_id":"de79417d-9c5c-4249-8c67-3d12e9181716","local_time":"20210209233022","is_ascension_mode":true,"campfire_choices":[{"data":"Sword Boomerang","floor":7.0,"key":"SMITH"},{"data":"Limit Break","floor":15.0,"key":"SMITH"},{"floor":24.0,"key":"REST"}],"circlet_count":0,"master_deck":["AscendersBane","Strike_R","Strike_R","Strike_R","Strike_R","Defend_R","Defend_R","Defend_R","Defend_R","Bash+1","Shrug It Off","Sword Boomerang+1","Cleave","Anger","Reckless Charge","Limit Break+1","Dropkick","Offering","Evolve","Power Through"],"relics":["Burning Blood","Juzu Bracelet","HornCleat","Boot","Ancient Tea Set","Shuriken","White Beast Statue","Odd Mushroom","Black Star","Vajra","Medical Kit","The Courier","Unceasing Top"],"acts_visited":["Exordium","TheCity"],"potions_floor_usage":[25],"damage_taken":[{"damage":6.0,"enemies":"Cultist","floor":1.0,"turns":3.0},{"damage":14.0,"enemies":"Jaw Worm","floor":3.0,"turns":3.0},{"damage":41.0,"enemies":"3 Sentries","floor":6.0,"turns":11.0},{"damage":2.0,"enemies":"Small Slimes","floor":8.0,"turns":3.0},{"damage":10.0,"enemies":"Lagavulin","floor":10.0,"turns":5.0},{"damage":4.0,"enemies":"Gremlin Nob","floor":12.0,"turns":3.0},{"damage":6.0,"enemies":"The Mushroom Lair","floor":14.0,"turns":4.0},{"damage":0.0,"enemies":"Slime Boss","floor":16.0,"turns":6.0},{"damage":15.0,"enemies":"Shell Parasite","floor":18.0,"turns":3.0},{"damage":18.0,"enemies":"3 Byrds","floor":21.0,"turns":4.0},{"damage":25.0,"enemies":"Gremlin Leader","floor":23.0,"turns":6.0},{"damage":52,"enemies":"Book of Stabbing","floor":25,"turns":4}],"seed_played":"-189875748935786781","potions_obtained":[{"floor":3.0,"key":"Energy Potion"},{"floor":4.0,"key":"BloodPotion"},{"floor":4.0,"key":"LiquidMemories"},{"floor":8.0,"key":"PowerPotion"},{"floor":10.0,"key":"PowerPotion"},{"floor":14.0,"key":"Swift Potion"},{"floor":16.0,"key":"HeartOfIron"},{"floor":18.0,"key":"EssenceOfSteel"},{"floor":21.0,"key":"Weak Potion"},{"floor":23.0,"key":"SpeedPotion"}],"is_trial":false,"path_per_floor":["M","?","M","?","$","E","R","M","T","E","T","E","?","?","R","B",null,"M","?","$","M","?","E","R","E"],"character_chosen":"IRONCLAD","items_purchased":["Sword Boomerang","Vajra","Medical Kit"],"campfire_rested":1,"item_purchase_floors":[5,20,20],"current_hp_per_floor":[68,68,60,75,75,40,40,44,44,40,40,42,31,31,31,37,66,57,57,57,45,45,26,48,0,0],"gold":51,"neow_bonus":"UPGRADE_CARD","is_daily":false,"chose_seed":false,"campfire_upgraded":2,"win_rate":0.0,"timestamp":1612881022,"path_taken":["M","?","M","?","$","E","R","M","T","E","?","E","?","?","R","BOSS","M","?","$","M","?","E","R","E"],"items_purchased_type":["Card","Relic","Relic"],"build_version":"2020-12-22","purchased_purges":1,"victory":false,"max_hp_per_floor":[75,75,75,75,75,75,75,75,75,75,75,75,75,75,75,75,75,75,75,75,75,75,75,75,75,75],"card_choices":[{"not_picked":["Warcry","True Grit"],"picked":"Battle Trance","floor":1.0},{"not_picked":["Clothesline","Rupture"],"picked":"Shrug It Off","floor":3.0},{"not_picked":["Flex","Sentinel"],"picked":"Cleave","floor":6.0},{"not_picked":["Clash","Armaments"],"picked":"Anger","floor":8.0},{"not_picked":["Flex","Dual Wield"],"picked":"Reckless Charge","floor":10.0},{"not_picked":["True Grit","Pommel Strike"],"picked":"Limit Break","floor":12.0},{"not_picked":["Cleave","Ghostly Armor"],"picked":"Dropkick","floor":14.0},{"not_picked":["Double Tap","Fiend Fire"],"picked":"Offering","floor":16.0},{"not_picked":["Clothesline","Wild Strike"],"picked":"Evolve","floor":18.0},{"not_picked":["Anger","Dropkick","Heavy Blade"],"picked":"SKIP","floor":21.0},{"not_picked":["Blood for Blood","Pommel Strike","Evolve"],"picked":"SKIP","floor":23.0}],"player_experience":1096241,"relics_obtained":[{"floor":6.0,"key":"HornCleat"},{"floor":9.0,"key":"Boot"},{"floor":10.0,"key":"Ancient Tea Set"},{"floor":11.0,"key":"Shuriken"},{"floor":12.0,"key":"White Beast Statue"},{"floor":14.0,"key":"Odd Mushroom"},{"floor":23.0,"key":"The Courier"},{"floor":23.0,"key":"Unceasing Top"}],"event_choices":[{"cards_removed":["Battle Trance"],"damage_healed":0.0,"max_hp_gain":0.0,"max_hp_loss":0.0,"gold_gain":0.0,"event_name":"WeMeetAgain","player_choice":"Gave Card","floor":2.0,"gold_loss":0.0,"damage_taken":0.0,"relics_obtained":["Juzu Bracelet"]},{"damage_healed":0.0,"max_hp_gain":0.0,"max_hp_loss":0.0,"gold_gain":0.0,"event_name":"Lab","player_choice":"Got Potions","floor":4.0,"gold_loss":0.0,"damage_taken":0.0},{"damage_healed":0.0,"max_hp_gain":0.0,"max_hp_loss":0.0,"gold_gain":75.0,"event_name":"World of Goop","player_choice":"Gather Gold","floor":13.0,"gold_loss":0.0,"damage_taken":11.0},{"damage_healed":0.0,"max_hp_gain":0.0,"max_hp_loss":0.0,"gold_gain":0.0,"event_name":"Mushrooms","player_choice":"Fought Mushrooms","floor":14.0,"gold_loss":0.0,"damage_taken":0.0},{"damage_healed":0.0,"max_hp_gain":0.0,"max_hp_loss":0.0,"gold_gain":0.0,"event_name":"The Library","player_choice":"Read","floor":19.0,"gold_loss":0.0,"damage_taken":0.0,"cards_obtained":["Power Through"]},{"damage_healed":0.0,"max_hp_gain":0.0,"max_hp_loss":0.0,"gold_gain":0.0,"event_name":"The Joust","player_choice":"Bet on Murderer","floor":22.0,"gold_loss":50.0,"damage_taken":0.0}],"is_beta":false,"boss_relics":[{"not_picked":["Ectoplasm","Busted Crown"],"picked":"Black Star"}],"items_purged_floors":[5],"is_endless":false,"potions_floor_spawned":[3,8,10,14,16,18,21,23],"killed_by":"Book of Stabbing","ascension_level":15}}