{"host":"665g8wmplxs7g59h","time":1612869665,"event":{"mods":["AchievementEnabler","BaseMod","Colored Map","DeckTracker","Minty Spire (QoL Compilation)","Permanent Neow","SuperFastMode"],"gold_per_floor":[116,127,141,66,66,66,78,89,89,102,115,169,181,194,194,298,298,308,135,135,135,155,155,187,200,224,99,112,112,126,126,126],"floor_reached":31,"language":"KOR","playtime":984,"items_purged":["Strike_R","Strike_R","Dark Embrace"],"score":253,"play_id":"1bce1c61-d37b-4391-8495-e41fac0c93ec","local_time":"20210209202105","is_ascension_mode":false,"campfire_choices":[{"data":"Whirlwind","floor":6,"key":"SMITH"},{"data":"Rampage","floor":15,"key":"SMITH"},{"floor":29,"key":"REST"}],"circlet_count":0,"master_deck":["Strike_R","Defend_R","Defend_R","Defend_R","Defend_R","Bash","Burning Pact","Whirlwind+1","Iron Wave","Shrug It Off","Pommel Strike","Rampage+1","Warcry","Offering","Warcry","Evolve","Brutality"],"relics":["Burning Blood","Blood Vial","Mercury Hourglass","PreservedInsect","SlaversCollar","Pantograph"],"acts_visited":["Exordium","TheCity"],"potions_floor_usage":[25,25,25,25,25],"damage_taken":[{"damage":8,"enemies":"Small Slimes","floor":1,"turns":4},{"damage":0,"enemies":"Cultist","floor":2,"turns":3},{"damage":6,"enemies":"Jaw Worm","floor":3,"turns":3},{"damage":5,"enemies":"Large Slime","floor":7,"turns":8},{"damage":12,"enemies":"3 Louse","floor":8,"turns":3},{"damage":2,"enemies":"Looter","floor":10,"turns":4},{"damage":7,"enemies":"2 Fungi Beasts","floor":11,"turns":3},{"damage":0,"enemies":"3 Louse","floor":13,"turns":1},{"damage":6,"enemies":"Blue Slaver","floor":14,"turns":4},{"damage":59,"enemies":"Slime Boss","floor":16,"turns":8},{"damage":27,"enemies":"Chosen","floor":18,"turns":6},{"damage":15,"enemies":"Shell Parasite","floor":22,"turns":8},{"damage":23,"enemies":"Slavers","floor":24,"turns":2},{"damage":15,"enemies":"Snake Plant","floor":25,"turns":5},{"damage":25,"enemies":"Cultist and Chosen","floor":28,"turns":6},{"damage":31,"enemies":"Centurion and Healer","floor":30,"turns":9}],"seed_played":"6905949103964675889","potions_obtained":[{"floor":7,"key":"Block Potion"},{"floor":8,"key":"EntropicBrew"},{"floor":10,"key":"BloodPotion"},{"floor":30,"key":"Regen Potion"}],"is_trial":false,"path_per_floor":["M","M","M","$","?","R","M","M","T","M","M","T","M","M","R","B",null,"M","$","?","?","M","?","E","M","T","$","M","R","M","?"],"character_chosen":"IRONCLAD","items_purchased":["Evolve"],"campfire_rested":1,"item_purchase_floors":[19],"current_hp_per_floor":[78,80,80,80,80,80,80,74,74,80,79,79,80,80,80,27,80,59,59,43,43,36,36,21,30,30,30,13,37,14,0,0],"gold":126,"neow_bonus":"RANDOM_COMMON_RELIC","is_daily":false,"chose_seed":false,"campfire_upgraded":2,"win_rate":0.0,"timestamp":1612869665,"path_taken":["M","M","M","$","?","R","?","M","T","?","M","?","M","M","R","BOSS","M","$","?","?","M","?","E","M","T","$","M","R","M","?"],"items_purchased_type":["Card"],"build_version":"2020-12-22","purchased_purges":3,"victory":false,"max_hp_per_floor":[80,80,80,80,80,80,80,80,80,80,80,80,80,80,80,80,80,80,80,80,80,80,80,80,80,80,80,80,80,80,85,85],"card_choices":[{"not_picked":["Havoc","Flame Barrier"],"picked":"True Grit","floor":1},{"not_picked":["Clothesline","True Grit"],"picked":"Burning Pact","floor":2},{"not_picked":["Iron Wave","Heavy Blade"],"picked":"Whirlwind","floor":3},{"not_picked":["Clothesline","Sword Boomerang","Thunderclap"],"picked":"SKIP","floor":7},{"not_picked":["Pommel Strike","Heavy Blade"],"picked":"Shrug It Off","floor":8},{"not_picked":["Sever Soul","Sword Boomerang"],"picked":"Pommel Strike","floor":10},{"not_picked":["Dropkick","Armaments"],"picked":"Rampage","floor":11},{"not_picked":["Bludgeon","Heavy Blade","Thunderclap"],"picked":"SKIP","floor":13},{"not_picked":["Infernal Blade","True Grit"],"picked":"Warcry","floor":14},{"not_picked":["Corruption","Berserk"],"picked":"Offering","floor":16},{"not_picked":["Burning Pact","Anger"],"picked":"Warcry","floor":18},{"not_picked":["True Grit","Dual Wield+1","Flame Barrier"],"picked":"SKIP","floor":22},{"not_picked":["Metallicize+1","Bloodletting+1","True Grit"],"picked":"SKIP","floor":24},{"not_picked":["Anger","Power Through+1","Twin Strike"],"picked":"SKIP","floor":25},{"not_picked":["Heavy Blade","Reckless Charge","Clash"],"picked":"SKIP","floor":28},{"not_picked":["Sword Boomerang","Heavy Blade","Pummel"],"picked":"SKIP","floor":30}],"player_experience":74532,"relics_obtained":[{"floor":9,"key":"Mercury Hourglass"},{"floor":12,"key":"PreservedInsect"},{"floor":24,"key":"Pantograph"}],"event_choices":[{"cards_removed":["Strike_R"],"damage_healed":0,"gold_gain":0,"player_choice":"Took Card","damage_taken":0,"max_hp_gain":0,"max_hp_loss":0,"event_name":"NoteForYourself","floor":5,"gold_loss":0,"cards_obtained":["Iron Wave"]},{"damage_healed":0,"gold_gain":0,"player_choice":"Obtained Book","damage_taken":16,"max_hp_gain":0,"max_hp_loss":0,"event_name":"Cursed Tome","floor":20,"gold_loss":0},{"damage_healed":0,"gold_gain":0,"cards_transformed":["True Grit","Strike_R"],"player_choice":"Became Test Subject","damage_taken":0,"max_hp_gain":0,"max_hp_loss":0,"event_name":"Drug Dealer","floor":21,"gold_loss":0,"cards_obtained":["Brutality","Dark Embrace"]},{"damage_healed":0,"gold_gain":0,"player_choice":"Ignored","damage_taken":0,"max_hp_gain":0,"max_hp_loss":0,"event_name":"Ghosts","floor":23,"gold_loss":0}],"is_beta":false,"boss_relics":[{"not_picked":["Velvet Choker","Tiny House"],"picked":"SlaversCollar"}],"items_purged_floors":[4,19,27],"is_endless":false,"potions_floor_spawned":[7,8,10,14,16,18,22,30],"ascension_level":0}}