{"host":"f9ntswufr8mq3t4y","time":1612901954,"event":{"mods":["AchievementEnabler","BaseMod","Best Route Mod","Block Reminder","Colored Map","Colored Powertips","Curses Come First","DeckTracker","Displayed Cursed Tome","Highlight Path","Minty Spire (QoL Compilation)","Permanent Neow","Quick Restart","Slay-I","StSLib"],"gold_per_floor":[369,420,227,238,83,113,130,142,142,142,162,162,188,198,198,299,299,316,330,255,255,180,211,226,226,226,226,244,254,281,297,297,297,297],"floor_reached":33,"language":"ENG","playtime":1544,"items_purged":[],"score":389,"play_id":"32031adf-02f5-43bc-ad8b-75d9b7f67023","local_time":"20210209231914","is_ascension_mode":true,"campfire_choices":[{"floor":12.0,"key":"REST"},{"data":"Metallicize","floor":15.0,"key":"SMITH"},{"data":"Shockwave","floor":25,"key":"SMITH"},{"data":"Bash","floor":27,"key":"SMITH"},{"data":"Sword Boomerang","floor":32,"key":"SMITH"}],"circlet_count":0,"master_deck":["Strike_R","Strike_R","Strike_R","Strike_R","Defend_R","Defend_R","Defend_R","Defend_R","Bash+1","Spot Weakness","Metallicize+1","Spot Weakness","Sword Boomerang+1","Sword Boomerang","Metallicize+1","Armaments+1","Shockwave+1","True Grit+1","Blood for Blood+1","Anger"],"relics":["Black Blood","MealTicket","Nunchaku","HandDrill","StoneCalendar","Anchor","White Beast Statue","Thread and Needle","Du-Vu Doll","Bottled Flame","Juzu Bracelet"],"acts_visited":["TheCity"],"potions_floor_usage":[23,23,28,28,33,33,33,33,33],"damage_taken":[{"damage":1.0,"enemies":"Cultist","floor":1.0,"turns":3.0},{"damage":0.0,"enemies":"Small Slimes","floor":4.0,"turns":3.0},{"damage":25.0,"enemies":"3 Sentries","floor":6.0,"turns":8.0},{"damage":10.0,"enemies":"2 Louse","floor":7.0,"turns":4.0},{"damage":5.0,"enemies":"Blue Slaver","floor":8.0,"turns":5.0},{"damage":5.0,"enemies":"Exordium Thugs","floor":11.0,"turns":5.0},{"damage":14.0,"enemies":"Gremlin Nob","floor":13.0,"turns":3.0},{"damage":2.0,"enemies":"3 Louse","floor":14.0,"turns":3.0},{"damage":29.0,"enemies":"Hexaghost","floor":16.0,"turns":7.0},{"damage":10.0,"enemies":"3 Byrds","floor":18.0,"turns":6.0},{"damage":3.0,"enemies":"Chosen","floor":19.0,"turns":6.0},{"damage":13,"enemies":"Gremlin Leader","floor":23,"turns":5},{"damage":0,"enemies":"Centurion and Healer","floor":24,"turns":5},{"damage":4,"enemies":"3 Cultists","floor":28,"turns":5},{"damage":6,"enemies":"Cultist and Chosen","floor":29,"turns":7},{"damage":30,"enemies":"Slavers","floor":30,"turns":6},{"damage":0,"enemies":"Chosen and Byrds","floor":31,"turns":7},{"damage":66,"enemies":"Automaton","floor":33,"turns":6}],"seed_played":"1846342209420780240","potions_obtained":[{"floor":1.0,"key":"GamblersBrew"},{"floor":6.0,"key":"DuplicationPotion"},{"floor":7.0,"key":"BlessingOfTheForge"},{"floor":14.0,"key":"SteroidPotion"},{"floor":18.0,"key":"Explosive Potion"},{"floor":19.0,"key":"PowerPotion"},{"floor":23,"key":"SteroidPotion"},{"floor":24,"key":"CultistPotion"},{"floor":28,"key":"EntropicBrew"},{"floor":29,"key":"SteroidPotion"},{"floor":30,"key":"AttackPotion"},{"floor":31,"key":"AttackPotion"}],"is_trial":false,"path_per_floor":["M","T","$","M","$","E","M","M","T","?","M","R","E","M","R","B",null,"M","M","$","T","?","E","M","R","T","R","M","M","E","M","R","B"],"character_chosen":"IRONCLAD","items_purchased":["Nunchaku","Metallicize","HandDrill","Shockwave"],"campfire_rested":1,"item_purchase_floors":[3,3,5,20],"current_hp_per_floor":[72,72,72,72,72,53,49,50,50,50,51,72,64,68,68,45,65,67,72,72,72,72,71,72,72,72,72,72,72,54,66,66,0,0],"gold":297,"neow_bonus":"TWO_FIFTY_GOLD","is_daily":false,"chose_seed":false,"campfire_upgraded":4,"win_rate":0.0,"timestamp":1612901954,"path_taken":["M","?","$","M","$","E","M","M","T","?","M","R","E","M","R","BOSS","M","M","$","?","?","E","M","R","T","R","M","M","E","M","R","BOSS"],"items_purchased_type":["Relic","Card","Relic","Card"],"build_version":"2020-12-22","purchased_purges":0,"victory":false,"max_hp_per_floor":[72,72,72,72,72,72,72,72,72,72,72,72,72,72,72,72,72,72,72,72,72,72,72,72,72,72,72,72,72,72,72,72,72,72],"card_choices":[{"not_picked":["Rupture","Havoc"],"picked":"Spot Weakness","floor":1.0},{"not_picked":["Shrug It Off","Perfected Strike","Burning Pact"],"picked":"SKIP","floor":4.0},{"not_picked":["Clash","Pommel Strike"],"picked":"Spot Weakness","floor":6.0},{"not_picked":["Thunderclap","Shrug It Off"],"picked":"Sword Boomerang","floor":7.0},{"not_picked":["Wild Strike","Headbutt","Seeing Red"],"picked":"SKIP","floor":8.0},{"not_picked":["Ghostly Armor","Anger"],"picked":"Sword Boomerang","floor":11.0},{"not_picked":["True Grit","Spot Weakness","Clothesline"],"picked":"SKIP","floor":13.0},{"not_picked":["Thunderclap","Headbutt"],"picked":"Metallicize","floor":14.0},{"not_picked":["Flex","Heavy Blade"],"picked":"Armaments+1","floor":18.0},{"not_picked":["Flex+1","Shrug It Off","Armaments"],"picked":"SKIP","floor":19.0},{"not_picked":["Corruption","Pommel Strike","Cleave"],"picked":"SKIP","floor":23},{"not_picked":["Rupture","Pommel Strike"],"picked":"True Grit+1","floor":24},{"not_picked":["Battle Trance","Wild Strike"],"picked":"Blood for Blood+1","floor":28},{"not_picked":["Pommel Strike","Thunderclap"],"picked":"Anger","floor":29},{"not_picked":["Dual Wield","Sentinel+1","Shrug It Off"],"picked":"SKIP","floor":30},{"not_picked":["Cleave","Blood for Blood","Carnage+1"],"picked":"SKIP","floor":31}],"player_experience":420132,"relics_obtained":[{"floor":2.0,"key":"MealTicket"},{"floor":6.0,"key":"StoneCalendar"},{"floor":9.0,"key":"Anchor"},{"floor":13.0,"key":"White Beast Statue"},{"floor":21.0,"key":"Thread and Needle"},{"floor":23,"key":"Du-Vu Doll"},{"floor":26,"key":"Bottled Flame"},{"floor":30,"key":"Juzu Bracelet"}],"event_choices":[{"damage_healed":0.0,"max_hp_gain":0.0,"max_hp_loss":0.0,"gold_gain":0.0,"event_name":"Upgrade Shrine","player_choice":"Upgraded","floor":10.0,"gold_loss":0.0,"damage_taken":0.0,"cards_upgraded":["Metallicize"]},{"cards_removed":["Strike_R"],"damage_healed":0.0,"max_hp_gain":0.0,"max_hp_loss":0.0,"gold_gain":0.0,"event_name":"Beggar","player_choice":"Gave Gold","floor":22.0,"gold_loss":75.0,"damage_taken":0.0}],"is_beta":false,"boss_relics":[{"not_picked":["Mark of Pain","Snecko Eye"],"picked":"Black Blood"}],"items_purged_floors":[],"is_endless":false,"potions_floor_spawned":[1,6,7,14,16,18,19,23,24,28,29,30,31],"killed_by":"Automaton","ascension_level":6}}