{"host":"ylxam20yo7j5dy26","time":1612849588,"event":{"mods":["100% Spire Juice","ATMod(°¢èªMod)","Act Like it!","Aspiration","BaseMod","BetterRewards","Conspire","Defuse TimeMaze Blight","Downfall","Energized Spire","Gensokyo","GungeonMod","Hubris","Infinite Spire","Jedi Mod","KomeijiMod","Marisa£¨ìFÓê¡¡Ä§ÀíÉ³£©","Minty Spire (QoL Compilation)","MostiFishMod","Quarter Circle Forward PUNCH!","Quick Restart","Red Circlet Mod","Reimu£¨²©ÀöÁéÃÎ£©","Reliquary","Remilia£¨ÀÙÃ×ÀòÑÇ£©","Replay The Spire","Robot Space Explorer","RumiaBox-Â¶Ã×æ«µÄÉñÃØºÐ×Ó","Spicy Shops","StSLib","TestMod","The Animator","The Jungle","The Runesmith","¡¾¹¦ÄÜMod¡¿»ìãçÖ®»·ÐÞ¸´²¹¶¡","¡¾ÒÅÎï¿¨ÅÆ¡¿REMEMod"],"gold_per_floor":[99,115,115,131,148,148,148,161,196,96,96,111,129,129,142,238,238,138,151,151,76,86,160,160,145,171,182,82,22,35,35,50,150,150,150,165,165,155,170,181,181,181,181,198,198,53,53,66,77,77,77,110,110,110,110,110],"floor_reached":57,"language":"ZHS","playtime":3233,"items_purged":["bronze:Strike","bronze:Strike"],"score":1276,"play_id":"d21920b5-d172-467e-8574-fb4901c3c150","local_time":"20210209134628","is_ascension_mode":false,"campfire_choices":[{"data":"bronze:Goto","floor":1,"key":"SMITH"},{"data":"bronze:TinkerersToolbox","floor":6,"key":"SMITH"},{"data":"bronze:Frontload","floor":10,"key":"SMITH"},{"floor":18,"key":"RECALL"},{"data":"bronze:Library","floor":28,"key":"SMITH"},{"data":"1","floor":35,"key":"LIFT"},{"data":"2","floor":45,"key":"LIFT"},{"data":"3","floor":54,"key":"LIFT"}],"circlet_count":0,"master_deck":["bronze:Strike","bronze:Strike","bronze:Defend","bronze:Defend","bronze:Defend","bronze:Defend","bronze:Replicate","bronze:Goto+1","bronze:OilSpill","bronze:TinkerersToolbox+1","bronze:Separator","bronze:Frontload+1","bronze:Repair","bronze:Separator","bronze:DelayedSlice","Gensokyo:LifeSpringInfinity","bronze:Library+1","bronze:Overheat+1","bronze:Philosophize","bronze:Philosophize+1","Necronomicurse","bronze:BronzeOrb","bronze:InfiniteLoop","bronze:BronzeArmor+1","bronze:Library+1"],"relics":["bronze:BronzeCore","AT_ATBox","DaveBox","REME_ComplimentaryCards","testmod-TestBox","testmod-BouquetWithThorns","ChiXiaoBlade","jedi:HeartOfTheCards","downfall:HeartBlessingGreen","bronze:BottledCode","DemoMod:RiddleOfLead","downfall:HeartBlessingBlue","aspiration:HatOfInfinitePower","reliquary:JackalopeAntler","DemoMod:Antibody","Girya","downfall:HeartBlessingRed","Necronomicon","PatriotShield","AT_BellowingDragoncrestRing","reliquary:SilkGlove","bronze:BronzeIdol","Strawberry"],"acts_visited":["Exordium","TheCity","TheBeyond","TheEnding"],"potions_floor_usage":[3,8,9,16,29,56,56],"damage_taken":[{"damage":0,"enemies":"2 Louse","floor":2,"turns":2},{"damage":5,"enemies":"Cultist","floor":4,"turns":3},{"damage":0,"enemies":"Jaw Worm","floor":5,"turns":4},{"damage":9,"enemies":"3 Louse","floor":8,"turns":2},{"damage":25,"enemies":"Lagavulin","floor":9,"turns":4},{"damage":0,"enemies":"Blue Slaver","floor":12,"turns":3},{"damage":9,"enemies":"Exordium Thugs","floor":13,"turns":3},{"damage":0,"enemies":"Blue Slaver","floor":15,"turns":3},{"damage":24,"enemies":"WA_ARCHETYPE_RETAIN","floor":16,"turns":6},{"damage":7,"enemies":"conspire:FuzzyDice","floor":19,"turns":2},{"damage":0,"enemies":"Shell Parasite","floor":22,"turns":3},{"damage":0,"enemies":"downfall:FleeingMerchant","floor":25,"turns":4},{"damage":0,"enemies":"Gremlin Leader","floor":26,"turns":5},{"damage":0,"enemies":"3 Cultists","floor":27,"turns":4},{"damage":0,"enemies":"downfall:FleeingMerchant","floor":29,"turns":4},{"damage":1,"enemies":"Snecko","floor":30,"turns":3},{"damage":0,"enemies":"conspire:HollyBat","floor":32,"turns":4},{"damage":13,"enemies":"SI_MIRROR_ARCHETYPE","floor":33,"turns":5},{"damage":0,"enemies":"3 Shapes","floor":36,"turns":1},{"damage":0,"enemies":"downfall:FleeingMerchant","floor":38,"turns":1},{"damage":0,"enemies":"Orb Walker","floor":39,"turns":1},{"damage":0,"enemies":"Transient","floor":40,"turns":3},{"damage":0,"enemies":"Maw","floor":44,"turns":3},{"damage":0,"enemies":"Sphere and 2 Shapes","floor":48,"turns":2},{"damage":0,"enemies":"4 Shapes","floor":49,"turns":1},{"damage":0,"enemies":"DF_ARCHETYPE_ORBS","floor":50,"turns":2},{"damage":0,"enemies":"downfall:CharBossMerchant","floor":52,"turns":2},{"damage":0,"enemies":"downfall:NeowBoss","floor":55,"turns":4},{"damage":86,"enemies":"downfall:NeowBossFinal","floor":56,"turns":4}],"seed_played":"4928809937717081382","potions_obtained":[{"floor":2,"key":"PowerPotion"},{"floor":3,"key":"testmod-SpacePotion"},{"floor":3,"key":"Energy Potion"},{"floor":3,"key":"Explosive Potion"},{"floor":8,"key":"UndeadPotion"},{"floor":22,"key":"ZuzhouPotion:ReiMu"},{"floor":26,"key":"REME_GoldPotion"},{"floor":30,"key":"bronze:FreeFunctionsPotion"},{"floor":32,"key":"ZuzhouPotion:ReiMu"},{"floor":33,"key":"Venom Potion"}],"is_trial":false,"path_per_floor":["R","M","?","M","M","R","T","M","E","R","?","M","M","?","M","B",null,"R","M","?","?","M","T","T","$","E","M","R","$","M","?","M","B",null,"R","M","?","$","M","M","T","?","?","M","R","$","?","M","M","B",null,"E","$","R","B","B",null],"character_chosen":"THE_AUTOMATON","items_purchased":["AT_BellowingDragoncrestRing","bronze:BronzeIdol"],"campfire_rested":0,"item_purchase_floors":[38,46],"current_hp_per_floor":[77,77,77,72,72,72,72,63,38,38,38,45,36,36,43,26,77,87,87,87,87,87,87,87,87,87,87,87,87,86,70,77,71,87,87,87,87,87,87,87,87,87,87,87,87,87,87,87,87,87,87,94,94,94,94,8],"gold":110,"neow_bonus":"TEN_PERCENT_HP_BONUS","is_daily":false,"chose_seed":false,"campfire_upgraded":4,"win_rate":0.0,"timestamp":1612849588,"path_taken":["R","M","?","M","?","R","T","M","E","R","?","M","M","?","M","BOSS","R","M","?","?","M","?","T","?","E","?","R","$","M","?","M","BOSS","R","M","?","$","?","M","T","?","?","?","R","?","?","?","M","BOSS","E","$","R","BOSS","BOSS"],"items_purchased_type":["Relic","Relic"],"build_version":"2020-12-22","purchased_purges":2,"victory":true,"max_hp_per_floor":[77,77,77,77,77,77,77,77,77,77,77,77,77,67,67,67,77,87,87,87,87,87,87,87,87,87,87,87,87,87,87,87,87,87,87,87,87,87,87,87,87,87,87,87,87,87,87,87,87,87,87,94,94,94,94,94],"card_choices":[{"not_picked":["bronze:NullPointer","bronze:BitShift"],"picked":"bronze:OilSpill","floor":2},{"not_picked":["bronze:Refactor","bronze:BugBarrage"],"picked":"bronze:TinkerersToolbox","floor":4},{"not_picked":["bronze:BitShift","bronze:DelayedGuard"],"picked":"bronze:Separator","floor":5},{"not_picked":["bronze:BitShift","bronze:BugBarrage","bronze:Overheat"],"picked":"SKIP","floor":8},{"not_picked":["bronze:ChosenStrike","bronze:Invalidate"],"picked":"bronze:Frontload","floor":9},{"not_picked":["bronze:DigitalCarnage","bronze:DelayedGuard","bronze:WildBeam"],"picked":"SKIP","floor":12},{"not_picked":["bronze:Turbo","bronze:OilSpill"],"picked":"bronze:Separator","floor":13},{"not_picked":["bronze:WildBeam","bronze:BronzeArmor"],"picked":"bronze:DelayedSlice","floor":15},{"not_picked":["bronze:SpaghettiCode","bronze:Hardcode"],"picked":"bronze:Library","floor":16},{"not_picked":["bronze:CutThrough+1","bronze:WildBeam"],"picked":"bronze:Overheat+1","floor":19},{"not_picked":["bronze:Iterate","bronze:FineTuning+1","bronze:OilSpill"],"picked":"SKIP","floor":22},{"not_picked":["bronze:WhirlingStrike+1","bronze:ForLoop","bronze:Iterate"],"picked":"SKIP","floor":25},{"not_picked":["bronze:Boost+1","bronze:Repair"],"picked":"bronze:Philosophize","floor":26},{"not_picked":["bronze:DigitalCarnage","bronze:Assembly","bronze:BitShift"],"picked":"SKIP","floor":27},{"not_picked":["bronze:DelayedGuard","bronze:FineTuning+1","bronze:Separator"],"picked":"SKIP","floor":29},{"not_picked":["bronze:Fortify","bronze:Frontload+1"],"picked":"bronze:Philosophize+1","floor":30},{"not_picked":["bronze:CutThrough","bronze:Shield"],"picked":"bronze:BronzeOrb","floor":32},{"not_picked":["bronze:ThunderWave","bronze:Assembly"],"picked":"bronze:InfiniteLoop","floor":33},{"not_picked":["bronze:MaxOutput+1","bronze:Invalidate"],"picked":"bronze:BronzeArmor+1","floor":36},{"not_picked":["bronze:Backtrace","bronze:WhirlingStrike","bronze:WildBeam"],"picked":"SKIP","floor":38},{"not_picked":["bronze:Deprecate+1","bronze:BitShift","bronze:OilSpill+1"],"picked":"SKIP","floor":39},{"not_picked":["bronze:WildBeam+1","bronze:Turbo+1","bronze:Deprecate"],"picked":"SKIP","floor":40},{"not_picked":["bronze:Turbo+1","bronze:CloningBeam+1","bronze:FollowUp"],"picked":"SKIP","floor":44},{"not_picked":["bronze:BuggyMess+1","bronze:NullPointer+1","bronze:Philosophize+1"],"picked":"SKIP","floor":48},{"not_picked":["bronze:BuggyMess+1","bronze:BitShift","bronze:ChosenStrike"],"picked":"SKIP","floor":49},{"not_picked":["bronze:Turbo","bronze:FollowUp+1","bronze:Backtrace"],"picked":"SKIP","floor":52}],"player_experience":227560,"relics_obtained":[{"floor":9,"key":"jedi:HeartOfTheCards"},{"floor":23,"key":"reliquary:JackalopeAntler"},{"floor":24,"key":"DemoMod:Antibody"},{"floor":26,"key":"Girya"},{"floor":31,"key":"Necronomicon"},{"floor":41,"key":"reliquary:SilkGlove"},{"floor":52,"key":"Strawberry"}],"event_choices":[{"damage_healed":0,"gold_gain":0,"player_choice":"Got Potions","damage_taken":0,"max_hp_gain":0,"max_hp_loss":0,"event_name":"Lab","floor":3,"gold_loss":0}],"is_beta":false,"boss_relics":[{"not_picked":["conspire:RoyalGoblet","AT_TrinityForce"],"picked":"DemoMod:RiddleOfLead"},{"not_picked":["hubris:HollowSoul","energizedSpire:DeadBattery"],"picked":"PatriotShield"}],"items_purged_floors":[29,38],"is_endless":false,"potions_floor_spawned":[2,8,22,26,30,32,33,36,39,48,49,52],"ascension_level":0}}