{"host":"tp1hyvdwlciy3xbu","time":1612863371,"event":{"mods":["BaseMod","Marisa£®ÏF”Í°°ƒß¿Ì…≥£©","Minty Spire (QoL Compilation)","StSLib","The Servant 0.9.4"],"gold_per_floor":[114,129,129,141,141,168,168,179,247,282,293,320,55,65,65,137,187,201,213,213,232,242,242,267,167,193,218,218,318,331,365,365,442,442,453,465,465,478,478,513,813,847,847,862,896,896,896,311,311,389,475,475,495,520,520,533,544,544,572,572,572,572,597,98,98,127,127,198,198,225,253,253,168,18,28,28,40,71,80,108,108,142,157,157,236,236,236,236],"floor_reached":87,"language":"ZHS","playtime":2264,"items_purged":["WasteNot","WasteNot+1","BestPractice+1","Alleviate"],"score":4706,"play_id":"8acb8c0a-cbdf-4779-ad4c-b6d863b0b463","local_time":"20210209173611","daily_mods":["SealedDeck","Heirloom","Time Dilation","Elite Swarm","Uncertain Future"],"is_ascension_mode":true,"campfire_choices":[{"data":"Advance","floor":7.0,"key":"SMITH"},{"floor":15.0,"key":"REST"},{"data":"Potential","floor":23.0,"key":"SMITH"},{"data":"FloweringNight","floor":28.0,"key":"SMITH"},{"floor":32,"key":"DIG"},{"floor":41,"key":"DIG"},{"floor":47,"key":"DIG"},{"floor":49,"key":"DIG"},{"data":"ShatteredReality","floor":58,"key":"SMITH"},{"floor":60,"key":"DIG"},{"floor":67,"key":"DIG"},{"floor":76,"key":"DIG"},{"floor":81,"key":"DIG"},{"data":"Comet","floor":84,"key":"PURGE"}],"circlet_count":0,"master_deck":["AscendersBane","Alleviate+1","ShatteredReality+1","TimeWarp","ShatteredReality","ShatteredReality+1","TimeWarp","Advance+1","TimeWarp","Advance","TimeWarp","Deny","Advance","ShatteredReality+1","Potential+1","FloweringNight+1","TimeWarp+1","Dilation","ShatteredReality+1","Deny+1","Potential+1","Dilation+1","ShatteredReality+1","Potential+1","Potential+1","BottledTime+1"],"relics":["Uniform","Du-Vu Doll","Shovel","CultistMask","Toy Ornithopter","Pear","TungstenRod","Happy Flower","War Paint","Tiny House","PreservedInsect","Nunchaku","Juzu Bracelet","Molten Egg 2","Bottled Tornado","Potion Belt","Runic Pyramid","Bag of Marbles","Old Coin","Peace Pipe","Bottled Lightning","CeramicFish","Anchor","Vajra","Toxic Egg 2","Ancient Tea Set","Empty Cage","Art of War","Ice Cream","Pen Nib","Dream Catcher","Orrery","Kunai","Matryoshka","MealTicket","Strawberry","StoneMask"],"acts_visited":["Exordium","TheCity","TheBeyond","Exordium","TheCity","TheBeyond"],"potions_floor_usage":[45],"damage_taken":[{"damage":0.0,"enemies":"Small Slimes","floor":1.0,"turns":2.0},{"damage":0.0,"enemies":"Cultist","floor":2.0,"turns":2.0},{"damage":2.0,"enemies":"2 Louse","floor":4.0,"turns":2.0},{"damage":18.0,"enemies":"Gremlin Nob","floor":6.0,"turns":4.0},{"damage":0.0,"enemies":"Exordium Wildlife","floor":8.0,"turns":1.0},{"damage":20.0,"enemies":"Lagavulin","floor":10.0,"turns":3.0},{"damage":0.0,"enemies":"Gremlin Gang","floor":11.0,"turns":1.0},{"damage":0.0,"enemies":"3 Sentries","floor":12.0,"turns":3.0},{"damage":0.0,"enemies":"2 Fungi Beasts","floor":14.0,"turns":1.0},{"damage":21.0,"enemies":"The Guardian","floor":16.0,"turns":6.0},{"damage":10.0,"enemies":"2 Thieves","floor":18.0,"turns":2.0},{"damage":21.0,"enemies":"Shell Parasite","floor":19.0,"turns":2.0},{"damage":0.0,"enemies":"Shelled Parasite and Fungi","floor":21.0,"turns":1.0},{"damage":0.0,"enemies":"Snake Plant","floor":22.0,"turns":2.0},{"damage":0.0,"enemies":"Slavers","floor":24.0,"turns":1.0},{"damage":0.0,"enemies":"Gremlin Leader","floor":27.0,"turns":1.0},{"damage":0.0,"enemies":"Colosseum Slavers","floor":29.0,"turns":1.0},{"damage":0.0,"enemies":"Colosseum Nobs","floor":29.0,"turns":1.0},{"damage":0,"enemies":"Centurion and Healer","floor":30,"turns":1},{"damage":0,"enemies":"Slavers","floor":31,"turns":1},{"damage":0,"enemies":"Collector","floor":33,"turns":2},{"damage":0,"enemies":"Orb Walker","floor":35,"turns":1},{"damage":0,"enemies":"3 Darklings","floor":36,"turns":1},{"damage":6,"enemies":"4 Shapes","floor":38,"turns":1},{"damage":0,"enemies":"Nemesis","floor":40,"turns":1},{"damage":0,"enemies":"Reptomancer","floor":42,"turns":1},{"damage":0,"enemies":"Jaw Worm Horde","floor":44,"turns":1},{"damage":0,"enemies":"Nemesis","floor":45,"turns":1},{"damage":21,"enemies":"Awakened One","floor":50,"turns":3},{"damage":20,"enemies":"Time Eater","floor":51,"turns":3},{"damage":0,"enemies":"Jaw Worm","floor":53,"turns":1},{"damage":0,"enemies":"2 Louse","floor":54,"turns":1},{"damage":0,"enemies":"Cultist","floor":56,"turns":1},{"damage":0,"enemies":"Blue Slaver","floor":57,"turns":1},{"damage":0,"enemies":"Lagavulin","floor":59,"turns":1},{"damage":0,"enemies":"Gremlin Nob","floor":63,"turns":1},{"damage":0,"enemies":"3 Sentries","floor":66,"turns":1},{"damage":0,"enemies":"Hexaghost","floor":68,"turns":1},{"damage":0,"enemies":"Chosen","floor":70,"turns":1},{"damage":0,"enemies":"Shell Parasite","floor":71,"turns":1},{"damage":0,"enemies":"Cultist and Chosen","floor":75,"turns":1},{"damage":0,"enemies":"Centurion and Healer","floor":77,"turns":1},{"damage":0,"enemies":"Gremlin Leader","floor":78,"turns":1},{"damage":0,"enemies":"Book of Stabbing","floor":80,"turns":1},{"damage":0,"enemies":"Slavers","floor":82,"turns":1},{"damage":0,"enemies":"Snecko","floor":83,"turns":1},{"damage":14,"enemies":"Automaton","floor":85,"turns":3},{"damage":0,"enemies":"Orb Walker","floor":87,"turns":1}],"seed_played":"-5691273955714034541","potions_obtained":[{"floor":1.0,"key":"ColorlessPotion"},{"floor":4.0,"key":"Ancient Potion"},{"floor":8.0,"key":"Fire Potion"},{"floor":33,"key":"EssenceOfSteel"},{"floor":38,"key":"Regen Potion"},{"floor":50,"key":"FearPotion"},{"floor":75,"key":"Regen Potion"},{"floor":77,"key":"DuplicationPotion"},{"floor":82,"key":"Dexterity Potion"},{"floor":85,"key":"BlessingOfTheForge"}],"is_trial":true,"path_per_floor":["M","M","?","M","?","E","R","M","T","E","M","E","$","M","R","B",null,"M","M","?","M","M","R","E","$","T","E","R","?","M","E","R","B",null,"M","M","?","M","?","E","R","E","T","M","E","?","R","$","R","B","B",null,"M","M","?","M","M","R","E","R","T","?","E","$","?","E","R","B",null,"M","M","?","?","$","M","R","M","E","?","E","R","E","M","R","B",null,"M"],"character_chosen":"THE_SERVANT","items_purchased":["BottledTime","War Paint","Potential+1","Vajra","Toxic Egg 2","Pen Nib","Dream Catcher","Orrery"],"campfire_rested":1,"item_purchase_floors":[13,13,48,48,48,64,64,64],"current_hp_per_floor":[54,54,54,52,52,34,34,34,44,24,24,24,24,24,45,24,64,54,33,33,33,33,33,33,33,33,33,33,33,33,33,33,33,65,65,65,65,59,59,59,59,59,59,59,64,64,64,64,64,43,23,59,59,59,64,64,64,64,64,64,64,42,42,42,76,76,76,76,76,76,76,76,76,76,76,76,76,76,76,76,83,83,83,83,69,80,80,80],"gold":236,"neow_bonus":"","is_daily":false,"chose_seed":false,"campfire_upgraded":4,"win_rate":0.0,"timestamp":1612863371,"path_taken":["M","M","?","M","?","E","R","M","T","E","?","E","$","M","R","BOSS","M","M","?","?","M","R","E","$","T","E","R","?","M","E","R","BOSS","M","M","?","M","?","E","R","E","T","M","E","?","R","$","R","BOSS","BOSS","M","M","?","M","M","R","E","R","T","?","E","$","?","E","R","BOSS","M","M","?","?","$","M","R","M","E","?","E","R","E","M","R","BOSS","M"],"items_purchased_type":["Card","Relic","Card","Relic","Relic","Relic","Relic","Relic"],"build_version":"2020-12-22","purchased_purges":4,"victory":false,"max_hp_per_floor":[60,60,60,60,60,60,60,60,70,70,70,70,70,70,70,70,75,75,75,75,75,75,75,75,75,75,75,75,75,75,75,75,75,75,75,75,75,75,75,75,75,75,75,75,75,71,71,71,71,71,71,71,71,71,76,76,76,76,76,76,76,76,76,76,76,76,76,76,76,76,76,76,76,76,76,76,76,76,76,76,83,83,83,83,83,83,83,83],"card_choices":[{"not_picked":["Rewind","Rearm"],"picked":"Alleviate","floor":1.0},{"not_picked":["FastForward","Ricochet"],"picked":"TimeWarp","floor":2.0},{"not_picked":["MoonPhase","Spin","Rearm"],"picked":"SKIP","floor":4.0},{"not_picked":["Sunlight","LightFlow"],"picked":"MurderousAura","floor":6.0},{"not_picked":["Revamp","Contraction"],"picked":"Advance","floor":8.0},{"not_picked":["SoulSculpture","LightFlow","Solidify"],"picked":"SKIP","floor":10.0},{"not_picked":["Starlight","StarChef","Defy"],"picked":"SKIP","floor":11.0},{"not_picked":["ForgedInTime","Duplication","SoulSculpture"],"picked":"SKIP","floor":12.0},{"not_picked":["BottledTime","Starlight"],"picked":"TimeWarp","floor":14.0},{"not_picked":["ForgedInTime","Sunlight"],"picked":"Deny","floor":16.0},{"not_picked":["TimeTheft","RealityMarble"],"picked":"Advance","floor":17.0},{"not_picked":["Spin","Unruled+1"],"picked":"ShatteredReality+1","floor":18.0},{"not_picked":["MoonPhase","Starlight","Revamp"],"picked":"SKIP","floor":19.0},{"not_picked":["Replace","Defy+1"],"picked":"Comet","floor":21.0},{"not_picked":["Rearm","BottledTime"],"picked":"Potential","floor":22.0},{"not_picked":["PendulumOfEternity","SoulSculpture","TrueSight"],"picked":"SKIP","floor":24.0},{"not_picked":["PendulumOfEternity","Duplication"],"picked":"FloweringNight","floor":27.0},{"not_picked":["Barrier","Rearm"],"picked":"TimeWarp+1","floor":29},{"not_picked":["FastForward","Starlight+1","Unruled+1"],"picked":"SKIP","floor":30},{"not_picked":["MurderousAura","Initiator+1","TrueSight"],"picked":"SKIP","floor":31},{"not_picked":["Duplication","PendulumOfEternity+1"],"picked":"Dilation","floor":33},{"not_picked":["Defy","Misdirection"],"picked":"BestPractice+1","floor":35},{"not_picked":["Spin+1","Ricochet+1"],"picked":"ShatteredReality+1","floor":36},{"not_picked":["Ricochet+1","Defy","DoubleEdge+1"],"picked":"SKIP","floor":38},{"not_picked":["Duplication","ForgedInTime","KillingDoll+1"],"picked":"SKIP","floor":40},{"not_picked":["MurderousAura","Solidify"],"picked":"Deny","floor":42},{"not_picked":["DoubleEdge+1","Spin+1","FastForward"],"picked":"SKIP","floor":44},{"not_picked":["FlawlessForm","Duplication","Initiator+1"],"picked":"SKIP","floor":45},{"not_picked":["Duplication+1","FloweringNight"],"picked":"Dilation+1","floor":51},{"not_picked":["DoubleEdge+1","Defy+1","InstantArmor+1"],"picked":"SKIP","floor":53},{"not_picked":["Revamp+1","FastForward+1"],"picked":"ShatteredReality+1","floor":54},{"not_picked":["Ricochet+1","FastForward+1","Orbit+1"],"picked":"SKIP","floor":56},{"not_picked":["Ricochet+1","FastForward+1","Orbit+1"],"picked":"SKIP","floor":56},{"not_picked":["Unruled+1","Spin+1","Rearm+1"],"picked":"SKIP","floor":57},{"not_picked":["SoulSculpture+1","Duplication+1","Sunlight+1"],"picked":"SKIP","floor":59},{"not_picked":["ForgedInTime+1","Solidify+1","MurderousAura"],"picked":"SKIP","floor":63},{"not_picked":["ForgedInTime+1","LightFlow+1","MurderousAura"],"picked":"SKIP","floor":66},{"not_picked":["SpecialFormula+1","Starlight+1"],"picked":"Potential+1","floor":70},{"not_picked":["Revamp+1","TimeWarp+1"],"picked":"Potential+1","floor":71},{"not_picked":["Defy+1","Starlight+1","Rearm+1"],"picked":"SKIP","floor":75},{"not_picked":["Ricochet+1","Deadline+1","Moondial+1"],"picked":"SKIP","floor":77},{"not_picked":["Dilation+1","Duplication+1","MurderousAura"],"picked":"SKIP","floor":78},{"not_picked":["Dilation+1","Duplication+1","MurderousAura"],"picked":"SKIP","floor":78},{"not_picked":["TrueSight","Sunlight+1","LightFlow+1"],"picked":"SKIP","floor":80},{"not_picked":["MurderousAura","Solidify+1","TrueSight"],"picked":"SKIP","floor":82},{"not_picked":["InstantArmor+1","Moondial+1","Rearm+1"],"picked":"SKIP","floor":83}],"player_experience":313334,"relics_obtained":[{"floor":6.0,"key":"Toy Ornithopter"},{"floor":9.0,"key":"Pear"},{"floor":10.0,"key":"TungstenRod"},{"floor":12.0,"key":"Happy Flower"},{"floor":24.0,"key":"PreservedInsect"},{"floor":26.0,"key":"Nunchaku"},{"floor":27.0,"key":"Juzu Bracelet"},{"floor":29,"key":"Molten Egg 2"},{"floor":31,"key":"Bottled Tornado"},{"floor":32,"key":"Potion Belt"},{"floor":40,"key":"Bag of Marbles"},{"floor":41,"key":"Old Coin"},{"floor":42,"key":"Peace Pipe"},{"floor":43,"key":"Bottled Lightning"},{"floor":45,"key":"CeramicFish"},{"floor":47,"key":"Anchor"},{"floor":49,"key":"Ancient Tea Set"},{"floor":60,"key":"Art of War"},{"floor":61,"key":"Ice Cream"},{"floor":67,"key":"Kunai"},{"floor":76,"key":"MealTicket"},{"floor":81,"key":"Strawberry"}],"event_choices":[{"damage_healed":0.0,"max_hp_gain":0.0,"max_hp_loss":0.0,"gold_gain":0.0,"event_name":"Big Fish","player_choice":"Box","floor":3.0,"gold_loss":0.0,"damage_taken":0.0,"relics_obtained":["Shovel"],"cards_obtained":["Regret"]},{"damage_healed":0.0,"max_hp_gain":0.0,"max_hp_loss":0.0,"gold_gain":0.0,"event_name":"FaceTrader","player_choice":"Trade","floor":5.0,"gold_loss":0.0,"damage_taken":0.0,"relics_obtained":["CultistMask"]},{"cards_removed":["MurderousAura"],"damage_healed":0.0,"max_hp_gain":0.0,"max_hp_loss":0.0,"gold_gain":0.0,"event_name":"Purifier","player_choice":"Purged","floor":20.0,"gold_loss":0.0,"damage_taken":0.0},{"damage_healed":0.0,"max_hp_gain":0.0,"max_hp_loss":0.0,"gold_gain":0.0,"event_name":"Colosseum","player_choice":"Fight","floor":29.0,"gold_loss":0.0,"damage_taken":0.0},{"damage_healed":0.0,"max_hp_gain":0.0,"max_hp_loss":0.0,"gold_gain":0.0,"event_name":"Colosseum","player_choice":"Fought Nobs","floor":29.0,"gold_loss":0.0,"damage_taken":0.0},{"cards_removed":["Regret"],"damage_healed":0,"gold_gain":0,"player_choice":"Removed Curses","damage_taken":0,"max_hp_gain":0,"max_hp_loss":0,"event_name":"Fountain of Cleansing","floor":37,"gold_loss":0},{"damage_healed":0,"gold_gain":0,"player_choice":"Ignored","damage_taken":0,"max_hp_gain":0,"max_hp_loss":0,"event_name":"Tomb of Lord Red Mask","floor":39,"gold_loss":0},{"damage_healed":0,"gold_gain":0,"player_choice":"Max HP","damage_taken":0,"max_hp_gain":0,"max_hp_loss":4,"event_name":"Winding Halls","floor":46,"gold_loss":0},{"damage_healed":0,"gold_gain":0,"player_choice":"Donut","damage_taken":0,"max_hp_gain":5,"max_hp_loss":0,"event_name":"Big Fish","floor":55,"gold_loss":0},{"damage_healed":0,"gold_gain":0,"player_choice":"Entered Light","damage_taken":23,"max_hp_gain":0,"max_hp_loss":0,"event_name":"Shining Light","floor":62,"gold_loss":0,"cards_upgraded":["ShatteredReality","Deny"]},{"damage_healed":34,"gold_gain":0,"player_choice":"Full Heal","damage_taken":0,"max_hp_gain":0,"max_hp_loss":0,"event_name":"Wheel of Change","floor":65,"gold_loss":0},{"damage_healed":0,"gold_gain":0,"player_choice":"Ignored","damage_taken":0,"max_hp_gain":0,"max_hp_loss":0,"event_name":"Vampires","floor":72,"gold_loss":0},{"damage_healed":0,"gold_gain":0,"player_choice":"Obtained Relic","damage_taken":0,"relics_obtained":["Matryoshka"],"max_hp_gain":0,"max_hp_loss":0,"event_name":"Addict","floor":73,"gold_loss":85},{"damage_healed":0,"gold_gain":0,"player_choice":"Read","damage_taken":0,"max_hp_gain":0,"max_hp_loss":0,"event_name":"The Library","floor":79,"gold_loss":0,"cards_obtained":["BottledTime"]}],"is_beta":false,"boss_relics":[{"not_picked":["MysterySword","Busted Crown"],"picked":"Tiny House"},{"not_picked":["Velvet Choker","Coffee Dripper"],"picked":"Runic Pyramid"},{"not_picked":["Snecko Eye","Sozu"],"picked":"Empty Cage"},{"not_picked":["MysterySword","Sozu","Cursed Key"]},{"not_picked":["Runic Dome","Astrolabe"],"picked":"StoneMask"}],"items_purged_floors":[13,25,48,74],"is_endless":true,"potions_floor_spawned":[1,4,8,11,18,21,27,31,33,38,40,44,50,56,57,66,71,75,77,82,85],"killed_by":"Orb Walker","ascension_level":20}}