{"host":"vfg9szunmpjwj08o","time":1612863961,"event":{"mods":["Act Like it!","BaseMod","Challenge The Spire","Colored Map","Colored Powertips","Conspire","Dark Map","Minty Spire (QoL Compilation)","Relic Stats","StSLib","Waifu the Spire"],"gold_per_floor":[114,129,79,128,47,73,73,105,105,117,135,146,181,23,23,125,125,142,42,61,61,61,95,20,45,70,98,28,28,28,28,28,126,126,137,137,152,169,44,79,79,79,79,108,37,89,124,136,136,136,136,136,20,52,52,52],"floor_reached":55,"language":"ENG","playtime":2198,"items_purged":["Defend_P","Defend_P","Parasite"],"score":1192,"play_id":"e7a0d625-bd7f-4590-91ac-2b57c5254043","local_time":"20210209104601","is_ascension_mode":true,"campfire_choices":[{"data":"Eruption","floor":7,"key":"SMITH"},{"data":"Meditate","floor":15,"key":"SMITH"},{"data":"Adaptation","floor":29,"key":"SMITH"},{"data":"Ragnarok","floor":32,"key":"SMITH"},{"floor":41,"key":"RECALL"},{"data":"Apotheosis","floor":49,"key":"SMITH"},{"data":"Alpha","floor":52,"key":"SMITH"}],"circlet_count":0,"master_deck":["Strike_P","Strike_P+1","Defend_P","Defend_P","Eruption+1","Vigilance","ThirdEye","Tantrum+1","MentalFortress","Meditate+1","EmptyBody","CutThroughFate","Flash of Steel","Ragnarok+1","Adaptation+1","CutThroughFate","Wallop","Nirvana","DevaForm","Prostrate","Nirvana","MentalFortress","FlurryOfBlows+1","Apotheosis+1","TalkToTheHand+1","Alpha+1","Indignation","CutThroughFate","Flash of Steel","Sanctity"],"relics":["PureWater","NeowsBlessing","MealTicket","PreservedInsect","Eternal Feather","Whetstone","Tiny Chest","Sozu","Question Card","Ancient Tea Set","Anchor","Damaru","Yang","Coffee Dripper","Regal Pillow","Bag of Marbles","Vajra","HornCleat","Strawberry"],"acts_visited":["Exordium","TheCity","TheBeyond","TheEnding"],"potions_floor_usage":[13,13,16,23],"damage_taken":[{"damage":0,"enemies":"conspire:RoseBush","floor":1,"turns":1},{"damage":0,"enemies":"Jaw Worm","floor":2,"turns":1},{"damage":0,"enemies":"Lagavulin","floor":6,"turns":1},{"damage":0,"enemies":"Gremlin Nob","floor":8,"turns":2},{"damage":0,"enemies":"2 Louse","floor":10,"turns":2},{"damage":0,"enemies":"Looter","floor":11,"turns":2},{"damage":19,"enemies":"conspire:2 RoseBushes","floor":12,"turns":3},{"damage":3,"enemies":"3 Sentries","floor":13,"turns":3},{"damage":37,"enemies":"Hexaghost","floor":16,"turns":5},{"damage":0,"enemies":"Spheric Guardian","floor":18,"turns":2},{"damage":4,"enemies":"conspire:FuzzyDice","floor":20,"turns":4},{"damage":0,"enemies":"Gremlin Leader","floor":23,"turns":3},{"damage":7,"enemies":"Slavers","floor":25,"turns":3},{"damage":2,"enemies":"conspire:SneckoGhost","floor":27,"turns":2},{"damage":37,"enemies":"conspire:MysteriousRune","floor":33,"turns":7},{"damage":0,"enemies":"Orb Walker","floor":35,"turns":2},{"damage":0,"enemies":"3 Darklings","floor":37,"turns":4},{"damage":6,"enemies":"Writhing Mass","floor":38,"turns":5},{"damage":22,"enemies":"Reptomancer","floor":40,"turns":4},{"damage":8,"enemies":"Nemesis","floor":44,"turns":6},{"damage":14,"enemies":"conspire:MimicChest","floor":47,"turns":4},{"damage":20,"enemies":"Sphere and 2 Shapes","floor":48,"turns":4},{"damage":19,"enemies":"Donu and Deca","floor":50,"turns":7},{"damage":43,"enemies":"Shield and Spear","floor":54,"turns":4},{"damage":81,"enemies":"The Heart","floor":55,"turns":3}],"seed_played":"-4866963583822906304","potions_obtained":[{"floor":6,"key":"Energy Potion"},{"floor":8,"key":"Strength Potion"},{"floor":12,"key":"DuplicationPotion"},{"floor":16,"key":"Fire Potion"}],"is_trial":false,"path_per_floor":["M","M","?","T","$","E","R","E","T","M","M","M","E","$","R","B",null,"M","$","M","?","?","E","?","E","T","E","$","R","T","?","R","B",null,"M","?","M","M","$","E","R","?","T","E","$","T","?","M","R","B",null,"R","$","E","B"],"character_chosen":"WATCHER","items_purchased":["Tantrum","Flash of Steel","Nirvana","Alpha","CutThroughFate","Flash of Steel"],"campfire_rested":0,"item_purchase_floors":[5,14,28,45,53,53],"current_hp_per_floor":[65,65,65,65,72,72,72,72,72,72,72,53,50,65,72,35,63,63,72,68,68,68,68,68,61,61,59,72,72,72,72,72,35,63,63,63,63,57,69,47,59,59,59,51,66,66,52,32,47,28,59,69,69,33,0,0],"gold":52,"neow_bonus":"THREE_ENEMY_KILL","is_daily":false,"chose_seed":false,"campfire_upgraded":6,"win_rate":0.0,"timestamp":1612863961,"path_taken":["M","M","?","?","$","E","R","E","T","?","M","M","E","$","R","BOSS","M","$","M","?","?","E","?","E","T","E","$","R","?","?","R","BOSS","M","?","M","M","$","E","R","?","T","E","$","?","?","M","R","BOSS","R","$","E","BOSS"],"items_purchased_type":["Card","Card","Card","Card","Card","Card"],"build_version":"2020-12-22","purchased_purges":3,"victory":false,"max_hp_per_floor":[72,72,72,72,72,72,72,72,72,72,72,72,72,72,72,72,72,72,72,72,72,72,72,72,72,72,72,72,72,72,72,72,72,72,72,72,72,72,69,69,69,69,69,69,69,69,69,69,69,69,69,69,69,76,76,76],"relic_stats":{"Sozu":6,"Regal Pillow":0,"counters":[25,84],"MealTicket":74,"Eternal Feather":44,"Tiny Chest":2,"Yang":[144],"PreservedInsect":368,"Whetstone":["Tantrum","Strike_P"],"Question Card":12,"obtain_stats":[{"Regal Pillow":40,"NeowsBlessing":0,"Damaru":27,"Vajra":46,"Eternal Feather":8,"Yang":30,"PreservedInsect":6,"Whetstone":9,"Question Card":23,"Ancient Tea Set":25,"Sozu":17,"Anchor":26,"HornCleat":47,"Strawberry":54,"MealTicket":4,"Tiny Chest":13,"Coffee Dripper":34,"Bag of Marbles":44,"PureWater":0},{"Regal Pillow":19,"NeowsBlessing":0,"Damaru":14,"Vajra":20,"Eternal Feather":4,"Yang":14,"PreservedInsect":3,"Whetstone":4,"Question Card":12,"Ancient Tea Set":13,"Sozu":9,"Anchor":13,"HornCleat":21,"Strawberry":24,"MealTicket":2,"Tiny Chest":8,"Coffee Dripper":15,"Bag of Marbles":20,"PureWater":0},{"Regal Pillow":56,"NeowsBlessing":0,"Damaru":34,"Vajra":62,"Eternal Feather":5,"Yang":34,"PreservedInsect":3,"Whetstone":5,"Question Card":29,"Ancient Tea Set":32,"Sozu":20,"Anchor":32,"HornCleat":66,"Strawberry":81,"MealTicket":2,"Tiny Chest":15,"Coffee Dripper":41,"Bag of Marbles":62,"PureWater":0}]},"card_choices":[{"not_picked":["Protect","CrushJoints"],"picked":"ThirdEye","floor":1},{"not_picked":["BattleHymn","Protect","SignatureMove"],"picked":"SKIP","floor":2},{"not_picked":["ThirdEye","SashWhip"],"picked":"MentalFortress","floor":6},{"not_picked":["Evaluate","Protect","ThirdEye"],"picked":"SKIP","floor":8},{"not_picked":["FollowUp","Study"],"picked":"Meditate","floor":10},{"not_picked":["BattleHymn","FlyingSleeves","WindmillStrike"],"picked":"SKIP","floor":11},{"not_picked":["CrushJoints","Vault"],"picked":"EmptyBody","floor":12},{"not_picked":["Protect","SashWhip"],"picked":"CutThroughFate","floor":13},{"not_picked":["Omniscience","DeusExMachina"],"picked":"Ragnarok","floor":16},{"not_picked":["SashWhip","BowlingBash","CrushJoints"],"picked":"SKIP","floor":18},{"not_picked":["Wireheading","Pray","Omniscience"],"picked":"SKIP","floor":20},{"not_picked":["Consecrate","ThirdEye"],"picked":"CutThroughFate","floor":23},{"not_picked":["Sanctity","ThirdEye","CutThroughFate","BowlingBash+1"],"picked":"SKIP","floor":25},{"not_picked":["Prostrate","Tantrum","Pray"],"picked":"Wallop","floor":27},{"not_picked":["MasterReality","Scrawl","Blasphemy"],"picked":"DevaForm","floor":33},{"not_picked":["EmptyFist","CrushJoints+1","Halt+1"],"picked":"Prostrate","floor":35},{"not_picked":["Crescendo+1","FollowUp","Indignation"],"picked":"Nirvana","floor":37},{"not_picked":["Meditate+1","ReachHeaven+1","PathToVictory+1"],"picked":"MentalFortress","floor":38},{"not_picked":["PathToVictory","FearNoEvil","ThirdEye"],"picked":"FlurryOfBlows+1","floor":40},{"not_picked":["Swift Strike","Mayhem","Panache"],"picked":"Apotheosis","floor":42},{"not_picked":["Wireheading","CutThroughFate","CarveReality"],"picked":"TalkToTheHand+1","floor":44},{"not_picked":["PathToVictory","ThirdEye","FollowUp"],"picked":"Indignation","floor":48},{"not_picked":["CarveReality","SignatureMove+1","Prostrate+1"],"picked":"Sanctity","floor":54}],"player_experience":1099221,"relics_obtained":[{"floor":4,"key":"MealTicket"},{"floor":6,"key":"PreservedInsect"},{"floor":8,"key":"Eternal Feather"},{"floor":9,"key":"Whetstone"},{"floor":13,"key":"Tiny Chest"},{"floor":23,"key":"Question Card"},{"floor":25,"key":"Ancient Tea Set"},{"floor":26,"key":"Anchor"},{"floor":27,"key":"Damaru"},{"floor":30,"key":"Yang"},{"floor":40,"key":"Regal Pillow"},{"floor":44,"key":"Bag of Marbles"},{"floor":46,"key":"Vajra"},{"floor":47,"key":"HornCleat"},{"floor":54,"key":"Strawberry"}],"event_choices":[{"cards_removed":["Strike_P"],"damage_healed":0,"gold_gain":0,"player_choice":"Card Removal","damage_taken":0,"max_hp_gain":0,"max_hp_loss":0,"event_name":"The Cleric","floor":3,"gold_loss":50},{"damage_healed":0,"gold_gain":0,"player_choice":"Leave","damage_taken":0,"max_hp_gain":0,"max_hp_loss":0,"event_name":"conspire:Investor","floor":21,"gold_loss":0},{"damage_healed":0,"gold_gain":0,"player_choice":"Read","damage_taken":0,"max_hp_gain":0,"max_hp_loss":0,"event_name":"The Library","floor":22,"gold_loss":0,"cards_obtained":["Adaptation"]},{"cards_removed":["Strike_P"],"damage_healed":0,"gold_gain":0,"player_choice":"Gave Gold","damage_taken":0,"max_hp_gain":0,"max_hp_loss":0,"event_name":"Beggar","floor":24,"gold_loss":75},{"damage_healed":0,"gold_gain":0,"player_choice":"Ignored","damage_taken":0,"max_hp_gain":0,"max_hp_loss":0,"event_name":"The Mausoleum","floor":31,"gold_loss":0},{"damage_healed":0,"gold_gain":0,"player_choice":"Ignored","damage_taken":0,"max_hp_gain":0,"max_hp_loss":0,"event_name":"Tomb of Lord Red Mask","floor":36,"gold_loss":0},{"damage_healed":0,"gold_gain":0,"player_choice":"Memory 1","damage_taken":0,"max_hp_gain":0,"max_hp_loss":0,"event_name":"SensoryStone","floor":42,"gold_loss":0}],"is_beta":false,"boss_relics":[{"not_picked":["VioletLotus","conspire:RunicOctahedron"],"picked":"Sozu"},{"not_picked":["conspire:SeveredTorchhead","Pandora\u0027s Box"],"picked":"Coffee Dripper"}],"items_purged_floors":[14,19,39],"is_endless":false,"potions_floor_spawned":[6,8,12,16,20,23,38,44,47,48],"killed_by":"The Heart","ascension_level":9}}