{"host":"rzvepkyh9344fbo1","time":1612855480,"event":{"mods":["AchievementEnabler","Act Like it!","BaseMod","Better Third Choice","Colored Map","Colored Powertips","Curses Come First","Downfall","Evolution","Fox Events","Hermit","Highlight Path","Minty Spire (QoL Compilation)","Replay The Spire","Robot Space Explorer","Shade Mod","Shop Mod","StS++","StSLib","The Cursed","The Marked","The Necromancer"],"gold_per_floor":[99,168,182,196,196,196,196,196,238,238,252,277,277,354,370,465,465,465,524,524,534,55,55,55,80,80,128,128,142,42,42,42,42],"floor_reached":31,"language":"ENG","playtime":2574,"items_purged":["Hallucinations"],"score":263,"play_id":"e6a69c4f-a4cd-452f-bd20-1bcd35ad7ee9","local_time":"20210209182440","is_ascension_mode":false,"campfire_choices":[{"data":"hexamod:Sear","floor":1,"key":"SMITH"},{"data":"hexamod:SoulSteal","floor":6,"key":"SMITH"},{"data":"hexamod:HauntingEcho","floor":8,"key":"SMITH"},{"data":"hexamod:Float","floor":10,"key":"SMITH"},{"data":"hexamod:GhostflameInferno","floor":13,"key":"SMITH"},{"data":"hexamod:ExtraCrispy","floor":18,"key":"SMITH"},{"data":"hexamod:PhantomCloak","floor":23,"key":"SMITH"},{"floor":28,"key":"RECALL"}],"circlet_count":0,"master_deck":["hexamod:Defend","hexamod:Defend","hexamod:Defend","hexamod:Defend","hexamod:Sear+1","hexamod:Float+1","hexamod:HauntingEcho+1","hexamod:SoulSteal+1","hexamod:GhostflameInferno+1","hexamod:ExtraCrispy+1","hexamod:WildfireWeapon","hexamod:SoulSteal","Slimebound:Tackle+1","Slimebound:Tackle+1","Slimebound:Tackle+1","hexamod:PhantomCloak+1","hexamod:Hexaguard"],"relics":["EVO:Axolotl","Runic Pyramid","ReplayTheSpireMod:Ring of Challenge","Ring of Hypnosis","Eternal Feather","Orichalcum","hexamod:IceCube","MerchantsRug","Membership Card","StSpp:SailingBoat","Mercury Hourglass","Chameleon Ring","Mango","downfall:HeartBlessingRed"],"acts_visited":["Exordium","TheCity"],"potions_floor_usage":[14,15,16,19,27,27,31],"damage_taken":[{"damage":0,"enemies":"Small Slimes","floor":3,"turns":3},{"damage":0,"enemies":"2 Louse","floor":4,"turns":2},{"damage":0,"enemies":"Jaw Worm","floor":9,"turns":4},{"damage":0,"enemies":"3 Louse","floor":11,"turns":3},{"damage":6,"enemies":"Replay:BlueRogue","floor":12,"turns":4},{"damage":5,"enemies":"Lagavulin","floor":14,"turns":6},{"damage":8,"enemies":"Gremlin Gang","floor":15,"turns":3},{"damage":30,"enemies":"WA_ARCHETYPE_RETAIN","floor":16,"turns":5},{"damage":18,"enemies":"Shell Parasite","floor":19,"turns":4},{"damage":8,"enemies":"Chosen","floor":21,"turns":4},{"damage":0,"enemies":"downfall:FleeingMerchant","floor":22,"turns":4},{"damage":13,"enemies":"Replay:Snechameleon","floor":25,"turns":4},{"damage":25,"enemies":"Shelled Parasite and Fungi","floor":27,"turns":5},{"damage":4,"enemies":"Centurion and Healer","floor":29,"turns":5},{"damage":46,"enemies":"Slavers","floor":31,"turns":3}],"seed_played":"3765752365812626935","potions_obtained":[{"floor":2,"key":"Guardian:BlockOnCardUsePotion"},{"floor":2,"key":"Fire Potion"},{"floor":4,"key":"Death Potion"},{"floor":12,"key":"Block Potion"},{"floor":16,"key":"SpeedPotion"},{"floor":25,"key":"Block Potion"},{"floor":27,"key":"Venom Potion"},{"floor":30,"key":"Guardian:BlockOnCardUsePotion"},{"floor":30,"key":"GamblersBrew"}],"is_trial":false,"path_per_floor":["R","?","M","M","?","R","T","R","M","R","M","E","R","E","M","B",null,"R","M","?","M","$","R","T","E","?","M","R","M","R","E"],"character_chosen":"THE_SPIRIT","items_purchased":["MerchantsRug","Membership Card","StSpp:SailingBoat","hexamod:PhantomCloak","EssenceOfSteel"],"campfire_rested":0,"item_purchase_floors":[22,22,22,22,22],"current_hp_per_floor":[70,53,53,53,53,53,53,59,59,65,65,59,68,63,55,25,70,70,52,52,44,44,53,53,40,40,29,38,34,43,0,0,0],"gold":42,"neow_bonus":"BOSS_RELIC","is_daily":false,"chose_seed":false,"campfire_upgraded":7,"win_rate":0.0,"timestamp":1612855480,"path_taken":["R","?","M","M","?","R","T","R","M","R","M","E","R","E","M","BOSS","R","M","?","M","$","R","T","E","?","?","R","M","R","E"],"items_purchased_type":["Relic","Relic","Relic","Card","Potion"],"build_version":"2020-12-22","purchased_purges":1,"victory":false,"max_hp_per_floor":[70,70,70,70,70,70,70,70,70,70,70,70,70,70,70,70,70,70,70,70,70,70,70,70,70,70,84,84,84,84,84,84,84],"card_choices":[{"not_picked":["hexamod:NightmareGuise","hexamod:FastForward"],"picked":"hexamod:HauntingEcho","floor":2},{"not_picked":["hexamod:HauntingEcho","hexamod:FastForward","hexamod:ShieldOfDarkness"],"picked":"SKIP","floor":3},{"not_picked":["hexamod:FastForward","hexamod:ShieldOfDarkness"],"picked":"hexamod:SoulSteal","floor":4},{"not_picked":["hexamod:BacktrackSmack","hexamod:SwordOfDarkness","hexamod:FlamesFromBeyond"],"picked":"SKIP","floor":9},{"not_picked":["hexamod:Rewind","hexamod:ThermalTransfer"],"picked":"hexamod:CatchUp","floor":11},{"not_picked":["hexamod:FourthSeal","hexamod:SwordOfDarkness"],"picked":"hexamod:GhostflameInferno","floor":12},{"not_picked":["hexamod:BacktrackSmack","hexamod:TurnItUp","hexamod:FastForward"],"picked":"SKIP","floor":14},{"not_picked":["hexamod:SwordOfDarkness","hexamod:HeatMetal"],"picked":"hexamod:ExtraCrispy","floor":15},{"not_picked":["hexamod:TimeWarp","hexamod:HexaLevel"],"picked":"hexamod:WildfireWeapon","floor":16},{"not_picked":["hexamod:FirstSeal","hexamod:BacktrackSmack"],"picked":"hexamod:SoulSteal","floor":19},{"not_picked":["hexamod:GhostLash","hexamod:Firestarter","hexamod:NightmareStrike"],"picked":"SKIP","floor":21},{"not_picked":["hexamod:BacktrackSmack","hexamod:ThermalTransfer","hexamod:GhostShield"],"picked":"SKIP","floor":22},{"not_picked":["hexamod:SpectralAdrenaline","hexamod:NecessarySacrifice","hexamod:SwordOfDarkness"],"picked":"SKIP","floor":25},{"not_picked":["hexamod:ChargedBarrage+1","hexamod:NightmareGuise+1"],"picked":"hexamod:Hexaguard","floor":27},{"not_picked":["hexamod:Hexaguard","hexamod:Firestarter","hexamod:SwordOfDarkness"],"picked":"SKIP","floor":29}],"player_experience":291985,"relics_obtained":[{"floor":2,"key":"Replay:Baseball"},{"floor":5,"key":"ReplayTheSpireMod:Ring of Challenge"},{"floor":5,"key":"Ring of Hypnosis"},{"floor":7,"key":"Eternal Feather"},{"floor":12,"key":"Art of War"},{"floor":14,"key":"Orichalcum"},{"floor":24,"key":"Mercury Hourglass"},{"floor":25,"key":"Chameleon Ring"},{"floor":27,"key":"Mango"}],"event_choices":[],"is_beta":false,"boss_relics":[{"not_picked":["Replay:Ancient Bell","Black Star"],"picked":"hexamod:IceCube"}],"items_purged_floors":[22],"is_endless":false,"potions_floor_spawned":[4,12,16,25,27],"killed_by":"Slavers","ascension_level":0}}