{"host":"k1qq3tnzhl68zvao","time":1612872281,"event":{"mods":["ATMod(阿瑾Mod)","AchievementEnabler","BaseMod","Colored Powertips","Conspire","DeckTracker","Downfall","Energized Spire","GifTheSpireLib","Minty Spire (QoL Compilation)","Quick Restart","Relic Filter Mod","Replay The Spire","Spicy Shops","StSLib","【遗物卡牌】REMEMod"],"gold_per_floor":[114,114,129,139,152,180,234,262,262,274,274,274,46,66,66,66,66],"floor_reached":16,"language":"ZHS","playtime":876,"items_purged":["Strike_B"],"score":123,"play_id":"aae6c679-516d-4d91-842c-432e8a423cbb","local_time":"20210209200441","is_ascension_mode":true,"campfire_choices":[{"data":"AT_WaterDrop","floor":12,"key":"SMITH"},{"data":"Rainbow","floor":15,"key":"SMITH"}],"circlet_count":0,"master_deck":["Strike_B","Strike_B","Strike_B","Defend_B","Defend_B","Defend_B","Defend_B","Zap","Dualcast","AT_StudyProgram","Rainbow+1","AT_ThunderBolt","Panic Button","AT_ThreeBodyProblem","AT_WaterDrop+1","Ball Lightning","AT_RobotInSpace"],"relics":["Cracked Core","AT_ATBox","REME_ComplimentaryCards","Geode","AT_BladeRuinedKing","InkBottle","AT_EbonyIvory","Iron Hammer","Blue Doll","Prayer Wheel"],"acts_visited":["Exordium"],"potions_floor_usage":[6,8,16,16],"damage_taken":[{"damage":6.0,"enemies":"2 Louse","floor":1.0,"turns":1.0},{"damage":7.0,"enemies":"Jaw Worm","floor":3.0,"turns":3.0},{"damage":0.0,"enemies":"Cultist","floor":4.0,"turns":2.0},{"damage":4.0,"enemies":"Looter","floor":5.0,"turns":3.0},{"damage":23,"enemies":"Gremlin Nob","floor":6,"turns":5},{"damage":12,"enemies":"3 Sentries","floor":8,"turns":9},{"damage":5,"enemies":"3 Louse","floor":10,"turns":1},{"damage":9,"enemies":"2 Fungi Beasts","floor":14,"turns":6},{"damage":21,"enemies":"Fading Forest","floor":16,"turns":7}],"seed_played":"155732012889864835","potions_obtained":[{"floor":1.0,"key":"LifebloodPotion"},{"floor":4.0,"key":"SpeedPotion"},{"floor":5.0,"key":"CultistPotion"},{"floor":7,"key":"CultistPotion"},{"floor":7,"key":"LifebloodPotion"},{"floor":8,"key":"Flashbang"}],"is_trial":false,"path_per_floor":["M","?","M","M","M","E","?","E","T","M","?","R","$","M","R","B"],"character_chosen":"DEFECT","items_purchased":["Blue Doll"],"campfire_rested":0,"item_purchase_floors":[13],"current_hp_per_floor":[69,57,50,50,46,23,23,11,11,6,31,31,31,22,22,1,1],"gold":66,"neow_bonus":"RANDOM_COMMON_RELIC","is_daily":false,"chose_seed":false,"campfire_upgraded":2,"win_rate":0.0,"timestamp":1612872281,"path_taken":["M","?","M","M","M","E","?","E","T","?","?","R","$","M","R","BOSS"],"items_purchased_type":["Relic"],"build_version":"2020-12-22","purchased_purges":1,"victory":false,"max_hp_per_floor":[75,75,75,75,75,75,75,75,75,75,75,75,75,75,75,75,75],"card_choices":[{"not_picked":["Go for the Eyes","Sweeping Beam"],"picked":"AT_ThunderBolt","floor":1.0},{"not_picked":["Hologram","Cold Snap"],"picked":"Panic Button","floor":3.0},{"not_picked":["Streamline","Gash"],"picked":"AT_ThreeBodyProblem","floor":4.0},{"not_picked":["Coolheaded","Turbo"],"picked":"AT_WaterDrop","floor":5.0},{"not_picked":["Conserve Battery","Streamline"],"picked":"Ball Lightning","floor":6},{"not_picked":["AT_ThreeBodyProblem","Ball Lightning"],"picked":"AT_RobotInSpace","floor":7},{"not_picked":["BasicCrystalCard","Doom and Gloom"],"picked":"ReplayTheSpireMod:Fabricate Wheel","floor":8},{"not_picked":["Gash","Undo","Stack"],"picked":"SKIP","floor":10},{"not_picked":["AT_WarpDrive","REME_SelfUpgrade","Cold Snap"],"picked":"SKIP","floor":14},{"not_picked":["Stack","Streamline","Hologram"],"picked":"SKIP","floor":14}],"player_experience":524651,"relics_obtained":[{"floor":6,"key":"InkBottle"},{"floor":8,"key":"AT_EbonyIvory"},{"floor":9,"key":"Iron Hammer"}],"event_choices":[{"damage_healed":0.0,"max_hp_gain":0.0,"max_hp_loss":0.0,"gold_gain":0.0,"event_name":"Scrap Ooze","player_choice":"Success","floor":2.0,"gold_loss":0.0,"damage_taken":12.0,"relics_obtained":["AT_BladeRuinedKing"]},{"damage_healed":25,"gold_gain":0,"player_choice":"Banana","damage_taken":0,"max_hp_gain":0,"max_hp_loss":0,"event_name":"Big Fish","floor":11,"gold_loss":0}],"is_beta":false,"boss_relics":[],"items_purged_floors":[13],"is_endless":false,"potions_floor_spawned":[1,4,5,8,14],"killed_by":"Fading Forest","ascension_level":2}}