{"host":"twbuyd87gsx4w7po","time":1612901164,"event":{"mods":["BaseMod","Minty Spire (QoL Compilation)","StSLib"],"gold_per_floor":[118,118,43,62,62,62,94,106,132,161,173,185,272,319,331,443,455,483,506,531,553,579,591,603,603],"floor_reached":24,"language":"ENG","playtime":1541,"items_purged":["Strike_R"],"score":350,"play_id":"43942a6b-a5b4-417c-b9d5-4e2e71a49a97","local_time":"20210209120604","is_ascension_mode":true,"campfire_choices":[{"data":"Bash","floor":6.0,"key":"SMITH"},{"data":"Shrug It Off","floor":12.0,"key":"SMITH"},{"data":"Disarm","floor":15.0,"key":"SMITH"},{"data":"Feed","floor":23,"key":"SMITH"}],"circlet_count":0,"master_deck":["AscendersBane","Strike_R","Strike_R","Strike_R","Defend_R+1","Defend_R+1","Defend_R","Bash+1","Disarm+1","Shrug It Off+1","Whirlwind","Feed+1","Demon Form","Reaper+1","Reaper+1","Anger+1","Pommel Strike+1","Pummel","Shrug It Off"],"relics":["Snecko Eye","Bronze Scales","MawBank","Self Forming Clay","Astrolabe"],"acts_visited":["Exordium","TheCity"],"potions_floor_usage":[19,22],"damage_taken":[{"damage":2.0,"enemies":"Jaw Worm","floor":1.0,"turns":3.0},{"damage":0.0,"enemies":"2 Louse","floor":4.0,"turns":4.0},{"damage":11.0,"enemies":"3 Sentries","floor":7.0,"turns":12.0},{"damage":0.0,"enemies":"Cultist","floor":8.0,"turns":3.0},{"damage":8.0,"enemies":"Large Slime","floor":10.0,"turns":4.0},{"damage":0.0,"enemies":"Lagavulin","floor":14.0,"turns":7.0},{"damage":5.0,"enemies":"The Guardian","floor":16.0,"turns":13.0},{"damage":25,"enemies":"Chosen","floor":18,"turns":7},{"damage":20,"enemies":"2 Thieves","floor":19,"turns":4},{"damage":12,"enemies":"Snake Plant","floor":20,"turns":3},{"damage":18,"enemies":"Shelled Parasite and Fungi","floor":21,"turns":4},{"damage":79,"enemies":"3 Cultists","floor":22,"turns":7},{"damage":32,"enemies":"Sentry and Sphere","floor":24,"turns":7}],"seed_played":"4267945440945798943","potions_obtained":[{"floor":1.0,"key":"ColorlessPotion"},{"floor":7.0,"key":"DistilledChaos"},{"floor":14.0,"key":"BlessingOfTheForge"},{"floor":18,"key":"DuplicationPotion"},{"floor":21,"key":"Weak Potion"}],"is_trial":false,"path_per_floor":["M","?","$","M","?","R","E","M","T","M","?","R","?","E","R","B",null,"M","M","M","M","M","R","M"],"character_chosen":"IRONCLAD","items_purchased":[],"campfire_rested":0,"item_purchase_floors":[],"current_hp_per_floor":[70,54,54,54,54,54,43,43,43,35,61,61,53,53,53,48,72,57,47,51,61,15,15,0,0],"gold":603,"neow_bonus":"BOSS_RELIC","is_daily":false,"chose_seed":false,"campfire_upgraded":4,"win_rate":0.0,"timestamp":1612901164,"path_taken":["M","?","$","M","?","R","E","M","T","M","?","R","?","E","R","BOSS","M","M","M","M","?","R","M"],"items_purchased_type":[],"build_version":"2020-12-22","purchased_purges":1,"victory":false,"max_hp_per_floor":[80,80,80,80,80,80,80,80,80,80,80,80,80,80,80,80,80,83,83,86,89,92,92,92,92],"card_choices":[{"not_picked":["Second Wind","Heavy Blade"],"picked":"Disarm","floor":1.0},{"not_picked":["Thunderclap","Havoc"],"picked":"Shrug It Off","floor":4.0},{"not_picked":["Pummel","Dropkick"],"picked":"Whirlwind","floor":7.0},{"not_picked":["Dropkick","Armaments"],"picked":"Perfected Strike","floor":8.0},{"not_picked":["Body Slam","Dual Wield","Armaments"],"picked":"SKIP","floor":10.0},{"not_picked":["Clothesline","Seeing Red"],"picked":"Feed","floor":14.0},{"not_picked":["Bludgeon","Feed"],"picked":"Demon Form","floor":16.0},{"not_picked":["Heavy Blade","True Grit"],"picked":"Pommel Strike+1","floor":18},{"not_picked":["Sentinel","Dropkick+1","Body Slam+1"],"picked":"SKIP","floor":19},{"not_picked":["Infernal Blade","Seeing Red"],"picked":"Pummel","floor":20},{"not_picked":["Iron Wave+1","Anger"],"picked":"Shrug It Off","floor":21},{"not_picked":["Pommel Strike","Hemokinesis+1","Spot Weakness"],"picked":"SKIP","floor":22}],"player_experience":295909,"relics_obtained":[{"floor":7.0,"key":"Bronze Scales"},{"floor":9.0,"key":"MawBank"},{"floor":14.0,"key":"Self Forming Clay"}],"event_choices":[{"damage_healed":0.0,"max_hp_gain":0.0,"max_hp_loss":0.0,"gold_gain":0.0,"event_name":"Shining Light","player_choice":"Entered Light","floor":2.0,"gold_loss":0.0,"damage_taken":16.0,"cards_upgraded":["Defend_R","Defend_R"]},{"damage_healed":0.0,"max_hp_gain":0.0,"max_hp_loss":0.0,"gold_gain":0.0,"event_name":"Liars Game","player_choice":"Ignored","floor":5.0,"gold_loss":0.0,"damage_taken":0.0},{"damage_healed":26.0,"max_hp_gain":0.0,"max_hp_loss":0.0,"gold_gain":0.0,"event_name":"Big Fish","player_choice":"Banana","floor":11.0,"gold_loss":0.0,"damage_taken":0.0},{"damage_healed":0.0,"max_hp_gain":0.0,"max_hp_loss":0.0,"gold_gain":75.0,"event_name":"FaceTrader","player_choice":"Touch","floor":13.0,"gold_loss":0.0,"damage_taken":8.0}],"is_beta":false,"boss_relics":[{"not_picked":["Pandora\u0027s Box","Calling Bell"],"picked":"Astrolabe"}],"items_purged_floors":[3],"is_endless":false,"potions_floor_spawned":[1,7,14,18,21],"killed_by":"Sentry and Sphere","ascension_level":10}}