{"host":"d73an99q9oevilk5","time":1612870447,"event":{"mods":["2.2 Compatiblity","AchievementEnabler","Act Like it!","Aspiration","BaseMod","Beaked The Cultist","Better Third Choice","BetterRewards","Colored Map","Colored Powertips","Conspire","Downfall","GifTheSpireLib","GungeonMod","Halation","Hubris","Infinite Spire","Marisa????????","Mimic Mod","Minty Spire (QoL Compilation)","Quick Restart","Relic Sorter","Reliquary","Replay The Spire","Shop Mod","Spikes Relics","StSLib","Stuff the Spire","The Cursed","The Jungle","The Necromancer","The Saiyan","Waifu the Spire","egg","slay the spire mod where everything is the same but ironclad has a cowboy hat"],"gold_per_floor":[111,111,111,126,136,163,163,177,177,102,121,50,80,97,97,196,196,206,103,128,128,147,147,175,189,223,223,223,273,285,62,62,167,167,185,40,40,40,57,57,84,84,84,84,140,158,158,170,170,174],"floor_reached":51,"language":"ENG","playtime":1788,"items_purged":["Quick Slash","StuffTheSpire:CuriosityCurse"],"score":1052,"play_id":"c5c6ba87-5478-4fc9-a8ed-ed927035dd9e","local_time":"20210209043407","is_ascension_mode":false,"campfire_choices":[{"data":"Replay:Poison Smokescreen","floor":7.0,"key":"SMITH"},{"data":"StuffTheSpire:Perfection","floor":23.0,"key":"SMITH"},{"data":"Fluid Movement","floor":27.0,"key":"SMITH"},{"data":"Caltrops","floor":32,"key":"SMITH"},{"floor":40,"key":"REST"},{"data":"Bouncing Flask","floor":42,"key":"SMITH"},{"data":"ReplayTheSpireMod:Speed Training","floor":47,"key":"SMITH"},{"floor":49,"key":"REST"}],"circlet_count":0,"master_deck":["Strike_G","Strike_G","Strike_G","Strike_G","Strike_G","Defend_G","Defend_G","Defend_G","Defend_G","Defend_G","Survivor","Neutralize","Footwork+1","Replay:Poison Smokescreen+1","Outmaneuver","Deadly Poison","StuffTheSpire:Sprint","Poisoned Stab+1","Catalyst+1","Fluid Movement+1","Caltrops+1","Bullet Time+1","Deadly Poison+1","A Thousand Cuts","Prepared+1","Crippling Poison+1","ReplayTheSpireMod:Speed Training+1","Burst","Bouncing Flask+1","Madness","Madness","Fluid Movement+1","Poisoned Stab+1"],"relics":["Ring of the Snake","Snack Pack","Mummified Hand","StuffTheSpire:RedRose","Spirit Poop","RollingBoulder","Matryoshka","infinitespire:Cupcake","StuffTheSpire:HeavyRock","MutagenicStrength","Letter Opener","reliquary:Pushpin","DemoMod:WhiteGuonStone","DemoMod:Metronome","MerchantsRug","halation:Jellyphish","Replay:Bandana","Vajra","Replay:PocketPolymizer"],"acts_visited":["Exordium","TheCity","TheBeyond"],"potions_floor_usage":[30,33,41,41,48,50,50],"damage_taken":[{"damage":0.0,"enemies":"Small Slimes","floor":1.0,"turns":4.0},{"damage":0.0,"enemies":"Jaw Worm","floor":4.0,"turns":3.0},{"damage":0.0,"enemies":"Cultist","floor":5.0,"turns":3.0},{"damage":7.0,"enemies":"Lagavulin","floor":6.0,"turns":6.0},{"damage":3.0,"enemies":"Exordium Wildlife","floor":8.0,"turns":3.0},{"damage":6.0,"enemies":"2 Fungi Beasts","floor":11.0,"turns":3.0},{"damage":14.0,"enemies":"Gremlin Nob","floor":13.0,"turns":5.0},{"damage":0.0,"enemies":"Blue Slaver","floor":14.0,"turns":3.0},{"damage":0.0,"enemies":"Slime Boss","floor":16.0,"turns":10.0},{"damage":0.0,"enemies":"Chosen","floor":18.0,"turns":5.0},{"damage":0.0,"enemies":"3 Byrds","floor":22.0,"turns":2.0},{"damage":0.0,"enemies":"Replay:Snechameleon","floor":24.0,"turns":4.0},{"damage":0.0,"enemies":"Shelled Parasite and Fungi","floor":25.0,"turns":4.0},{"damage":0.0,"enemies":"Cultist and Chosen","floor":26.0,"turns":9.0},{"damage":2,"enemies":"Cultist and Chosen","floor":30,"turns":6},{"damage":12,"enemies":"hubris:MusketHawk","floor":33,"turns":7},{"damage":8,"enemies":"3 Shapes","floor":35,"turns":4},{"damage":5,"enemies":"3 Darklings","floor":39,"turns":3},{"damage":2,"enemies":"Reptomancer","floor":41,"turns":6},{"damage":5,"enemies":"Mind Bloom Boss Battle","floor":45,"turns":6},{"damage":5,"enemies":"Transient","floor":46,"turns":5},{"damage":10,"enemies":"Spire Growth","floor":48,"turns":5},{"damage":49,"enemies":"infinitespire:MassOfShapes","floor":50,"turns":7}],"seed_played":"-458997788611884831","potions_obtained":[{"floor":1.0,"key":"PowerPotion"},{"floor":4.0,"key":"SkillPotion"},{"floor":8.0,"key":"AttackPotion"},{"floor":16.0,"key":"Toxic Potion"},{"floor":18.0,"key":"Regen Potion"},{"floor":24.0,"key":"Weak Potion"},{"floor":30,"key":"Fire Potion"},{"floor":39,"key":"BlessingOfTheForge"},{"floor":45,"key":"Elixir"},{"floor":46,"key":"Block Potion"}],"is_trial":false,"path_per_floor":["M","?","?","M","M","E","R","M","T","$","M","$","E","M","R_BF","B",null,"M","?","T","?","M","R","E","M","MIM","R","?","?","M","$","R","B",null,"M","$","?","$","M","R","E","R","T","?","?","M","R","M","R","B",null],"character_chosen":"THE_SILENT","items_purchased":["Mummified Hand","Footwork+1","Replay:Poison Smokescreen","champ:CounterPotion","Fluid Movement","Caltrops","reliquary:Buckler","Bouncing Flask","MerchantsRug","halation:Jellyphish"],"campfire_rested":2,"item_purchase_floors":[0,0,0,0,10,12,31,31,36,36],"current_hp_per_floor":[70,70,70,70,70,63,63,60,60,60,54,54,40,40,61,61,70,70,70,70,70,70,70,70,70,70,70,70,70,68,68,68,56,70,62,62,53,53,48,69,67,67,67,67,64,59,59,49,70,35],"gold":174,"neow_bonus":"","is_daily":false,"chose_seed":false,"campfire_upgraded":6,"win_rate":0.0,"timestamp":1612870447,"path_taken":["M","?","?","M","M","E","R","?","T","?","M","$","E","M","R_BF","BOSS","M","?","?","?","?","R","E","M","MIM","R","?","?","M","$","R","BOSS","M","?","?","$","?","R","E","R","T","?","?","M","R","M","R","BOSS"],"items_purchased_type":["Relic","Card","Card","Potion","Card","Card","Relic","Card","Relic","Relic"],"build_version":"2020-12-22","purchased_purges":2,"victory":true,"max_hp_per_floor":[70,70,70,70,70,70,70,70,70,70,70,70,70,70,70,70,70,70,70,70,70,70,70,70,70,70,70,70,70,70,70,70,70,70,70,70,70,70,70,70,70,70,70,70,70,70,70,70,70,70],"card_choices":[{"not_picked":["Dagger Throw","Underhanded Strike","Endless Agony"],"picked":"SKIP","floor":1.0},{"not_picked":["Sneak Up","Acrobatics"],"picked":"Deadly Poison","floor":4.0},{"not_picked":["ReplayTheSpireMod:The Works","StuffTheSpire:Incantation"],"picked":"StuffTheSpire:Sprint","floor":5.0},{"not_picked":["Caltrops","Quick Slash"],"picked":"Poisoned Stab","floor":6.0},{"not_picked":["Endless Agony","ReplayTheSpireMod:The Works"],"picked":"Catalyst","floor":8.0},{"not_picked":["Choke","StuffTheSpire:Python"],"picked":"Sucker Punch","floor":11.0},{"not_picked":["Toxin Wave","Deflect"],"picked":"Bullet Time","floor":13.0},{"not_picked":["Deflect","Outmaneuver"],"picked":"Deadly Poison","floor":14.0},{"not_picked":["Wraith Form v2","Grand Finale"],"picked":"A Thousand Cuts","floor":16.0},{"not_picked":["Tactician","Dagger Throw"],"picked":"Prepared+1","floor":18.0},{"not_picked":["PiercingWail","Deflect","Prepared"],"picked":"SKIP","floor":22.0},{"not_picked":["Cloak And Dagger+1","hubris:SlightOfHand","Flying Knee"],"picked":"SKIP","floor":24.0},{"not_picked":["StuffTheSpire:Sprint","Backstab"],"picked":"Crippling Poison","floor":25.0},{"not_picked":["Cloak And Dagger","Infinite Blades+1"],"picked":"ReplayTheSpireMod:Speed Training","floor":26.0},{"not_picked":["hubris:Counter","Sneak Up+1"],"picked":"Burst","floor":30},{"not_picked":["Slice","Blade Dance+1","PiercingWail"],"picked":"SKIP","floor":35},{"not_picked":["Outmaneuver","Escape Plan+1"],"picked":"Fluid Movement+1","floor":39},{"not_picked":["Reflex+1","All Out Attack+1","Acrobatics"],"picked":"SKIP","floor":41},{"not_picked":["Dagger Throw","Endless Agony+1","Deflect"],"picked":"SKIP","floor":46},{"not_picked":["Dagger Throw+1","StuffTheSpire:Injection"],"picked":"Poisoned Stab+1","floor":48}],"player_experience":1873184,"relics_obtained":[{"floor":6.0,"key":"RollingBoulder"},{"floor":9.0,"key":"Matryoshka"},{"floor":13.0,"key":"DemoMod:WeirdEgg"},{"floor":20.0,"key":"StuffTheSpire:HeavyRock"},{"floor":20.0,"key":"Smiling Mask"},{"floor":24.0,"key":"Letter Opener"},{"floor":26.0,"key":"reliquary:Pushpin"},{"floor":26.0,"key":"DemoMod:WhiteGuonStone"},{"floor":41,"key":"Replay:Bandana"},{"floor":43,"key":"Vajra"},{"floor":45,"key":"Replay:PocketPolymizer"}],"event_choices":[{"cards_removed":["Regret"],"damage_healed":0.0,"max_hp_gain":0.0,"max_hp_loss":0.0,"gold_gain":0.0,"event_name":"Bonfire Elementals","player_choice":"Offered Curse","floor":3.0,"gold_loss":0.0,"damage_taken":0.0,"relics_obtained":["Spirit Poop"]},{"damage_healed":0.0,"max_hp_gain":0.0,"max_hp_loss":0.0,"gold_gain":0.0,"event_name":"Drug Dealer","player_choice":"Inject Mutagens","floor":21.0,"gold_loss":0.0,"damage_taken":0.0,"relics_obtained":["MutagenicStrength"]},{"damage_healed":0,"gold_gain":100,"player_choice":"Bet on Murderer","damage_taken":0,"max_hp_gain":0,"max_hp_loss":0,"event_name":"The Joust","floor":29,"gold_loss":50},{"damage_healed":0,"gold_gain":0,"player_choice":"Embrace Madness","damage_taken":9,"max_hp_gain":0,"max_hp_loss":0,"event_name":"Winding Halls","floor":37,"gold_loss":0,"cards_obtained":["Madness","Madness"]},{"cards_removed":["Sucker Punch"],"damage_healed":0,"gold_gain":0,"player_choice":"Removed Attack","damage_taken":0,"max_hp_gain":0,"max_hp_loss":0,"event_name":"Falling","floor":44,"gold_loss":0},{"damage_healed":0,"gold_gain":0,"player_choice":"Fight","damage_taken":0,"max_hp_gain":0,"max_hp_loss":0,"event_name":"MindBloom","floor":45,"gold_loss":0}],"is_beta":false,"boss_relics":[{"not_picked":["Velvet Choker","reliquary:WritOfMandamus"],"picked":"infinitespire:Cupcake"},{"not_picked":["StuffTheSpire:RunicConfusion","conspire:SeveredTorchhead"],"picked":"aspiration:RunicSpoon"}],"items_purged_floors":[0,36],"is_endless":false,"potions_floor_spawned":[1,4,8,16,18,24,30,35,39,45,46],"ascension_level":0}}