{"host":"xepm4vdq3mgbriir","time":1612911828,"event":{"mods":["AchievementEnabler","BaseMod","Bestiary","Block Reminder","Curses Come First","DeckTracker","Minty Spire (QoL Compilation)","Rare Cards Sparkle","Relic Stats","Spire Birthday Party","StSLib","Unceasing Turn Reminder","everything is the same but u backflip on backflip","slay the spire mod where everything is the same but ironclad has a cowboy hat"],"gold_per_floor":[119,119,119,129,140,140,167,167,167,167,202,202,216,229,229,330,330,349,448,448,493,523,523,523],"floor_reached":23,"language":"ENG","playtime":1145,"items_purged":[],"score":305,"play_id":"613c09c4-b95d-4838-a120-3d9094e0b53e","local_time":"20210209180348","is_ascension_mode":true,"campfire_choices":[{"data":"Zap","floor":6,"key":"SMITH"},{"data":"Conserve Battery","floor":8,"key":"SMITH"},{"floor":10,"key":"REST"},{"floor":15,"key":"REST"}],"circlet_count":0,"master_deck":["AscendersBane","Strike_B","Strike_B","Strike_B","Strike_B","Defend_B","Defend_B","Defend_B","Zap+1","Dualcast","Conserve Battery+1","Cold Snap","Cold Snap","Conserve Battery+1","Hello World","Skim+1","Sweeping Beam","Ball Lightning","Creative AI","Writhe"],"relics":["Cracked Core","Gambling Chip","Toxic Egg 2","Juzu Bracelet","Bottled Lightning","Ancient Tea Set","Busted Crown","WingedGreaves","Potion Belt","Red Mask"],"acts_visited":["Exordium","TheCity"],"potions_floor_usage":[7,16,22,22],"damage_taken":[{"damage":2.0,"enemies":"2 Louse","floor":1.0,"turns":3.0},{"damage":0,"enemies":"Jaw Worm","floor":4,"turns":4},{"damage":0,"enemies":"Cultist","floor":5,"turns":3},{"damage":20,"enemies":"Lagavulin","floor":7,"turns":5},{"damage":26,"enemies":"Gremlin Nob","floor":11,"turns":4},{"damage":6,"enemies":"Exordium Thugs","floor":13,"turns":4},{"damage":0,"enemies":"Blue Slaver","floor":14,"turns":3},{"damage":18,"enemies":"Slime Boss","floor":16,"turns":10},{"damage":25,"enemies":"3 Byrds","floor":18,"turns":5},{"damage":28,"enemies":"Masked Bandits","floor":22,"turns":5},{"damage":13,"enemies":"Gremlin Leader","floor":23,"turns":2}],"seed_played":"-6359629351977375331","potions_obtained":[{"floor":5,"key":"AttackPotion"},{"floor":7,"key":"Dexterity Potion"},{"floor":13,"key":"SteroidPotion"},{"floor":14,"key":"EssenceOfSteel"},{"floor":18,"key":"DuplicationPotion"}],"is_trial":false,"path_per_floor":["M","?","T","M","M","R","E","R","T","R","E","?","M","M","R","B",null,"M","?","?","T","?","E"],"character_chosen":"DEFECT","items_purchased":[],"campfire_rested":2,"item_purchase_floors":[],"current_hp_per_floor":[66,59,59,59,59,59,39,39,39,61,35,35,29,29,51,33,65,40,40,40,40,12,0,0],"gold":523,"neow_bonus":"ONE_RARE_RELIC","is_daily":false,"chose_seed":false,"campfire_upgraded":2,"win_rate":0.0,"timestamp":1612911828,"path_taken":["M","?","?","M","M","R","E","R","T","R","E","?","M","M","R","BOSS","M","?","?","?","?","E"],"items_purchased_type":[],"build_version":"2020-12-22","purchased_purges":0,"victory":false,"max_hp_per_floor":[75,75,75,75,75,75,75,75,75,75,75,75,75,75,75,75,75,75,75,75,75,75,75,75],"relic_stats":{"Busted Crown":4,"counters":[11,48],"Gambling Chip":[25],"Juzu Bracelet":1,"obtain_stats":[{"Potion Belt":21,"Busted Crown":17,"Gambling Chip":0,"WingedGreaves":20,"Juzu Bracelet":7,"Red Mask":22,"Bottled Lightning":9,"Toxic Egg 2":3,"Cracked Core":0,"Ancient Tea Set":11},{"Potion Belt":9,"Busted Crown":8,"Gambling Chip":0,"WingedGreaves":9,"Juzu Bracelet":4,"Red Mask":10,"Bottled Lightning":4,"Toxic Egg 2":1,"Cracked Core":0,"Ancient Tea Set":5},{"Potion Belt":41,"Busted Crown":36,"Gambling Chip":0,"WingedGreaves":41,"Juzu Bracelet":15,"Red Mask":46,"Bottled Lightning":15,"Toxic Egg 2":3,"Cracked Core":0,"Ancient Tea Set":19}]},"card_choices":[{"not_picked":["Consume","Recycle"],"picked":"Conserve Battery","floor":1.0},{"not_picked":["Gash","Heatsinks"],"picked":"Cold Snap","floor":4},{"not_picked":["Gash","Loop"],"picked":"Cold Snap","floor":5},{"not_picked":["Chaos+1","Barrage"],"picked":"Conserve Battery+1","floor":7},{"not_picked":["Lockon","Redo+1"],"picked":"Hello World","floor":11},{"not_picked":["Steam+1","Turbo+1"],"picked":"Sweeping Beam","floor":13},{"not_picked":["Cold Snap","Stack+1"],"picked":"Ball Lightning","floor":14},{"not_picked":["Biased Cognition","Hyperbeam"],"picked":"Creative AI","floor":16},{"not_picked":["Cold Snap"],"picked":"SKIP","floor":18}],"player_experience":472585,"relics_obtained":[{"floor":3,"key":"Toxic Egg 2"},{"floor":7,"key":"Juzu Bracelet"},{"floor":9,"key":"Bottled Lightning"},{"floor":11,"key":"Ancient Tea Set"},{"floor":21,"key":"Potion Belt"},{"floor":22,"key":"Red Mask"}],"event_choices":[{"cards_removed":["Clumsy"],"damage_healed":0.0,"max_hp_gain":0.0,"max_hp_loss":0.0,"gold_gain":0.0,"event_name":"Golden Wing","player_choice":"Card Removal","floor":2.0,"gold_loss":0.0,"damage_taken":7.0},{"damage_healed":0,"gold_gain":0,"cards_transformed":["Defend_B"],"player_choice":"Change","damage_taken":0,"max_hp_gain":0,"max_hp_loss":0,"event_name":"Living Wall","floor":12,"gold_loss":0,"cards_obtained":["Skim"]},{"damage_healed":0,"gold_gain":99,"player_choice":"Stole From Cult","damage_taken":0,"max_hp_gain":0,"max_hp_loss":0,"event_name":"Nest","floor":19,"gold_loss":0},{"damage_healed":0,"gold_gain":0,"player_choice":"Opened","damage_taken":0,"relics_obtained":["WingedGreaves"],"max_hp_gain":0,"max_hp_loss":0,"event_name":"The Mausoleum","floor":20,"gold_loss":0,"cards_obtained":["Writhe"]},{"damage_healed":0,"gold_gain":0,"player_choice":"Fought Bandits","damage_taken":0,"max_hp_gain":0,"max_hp_loss":0,"event_name":"Masked Bandits","floor":22,"gold_loss":0}],"is_beta":false,"boss_relics":[{"not_picked":["Coffee Dripper","Astrolabe"],"picked":"Busted Crown"}],"items_purged_floors":[],"is_endless":false,"potions_floor_spawned":[5,7,13,14,18],"killed_by":"Gremlin Leader","ascension_level":11}}