{"host":"65j9mga0429zsj8m","time":1612897369,"event":{"mods":["2.2 Compatiblity","BaseMod","Downfall","GifTheSpireLib","Minty Spire (QoL Compilation)","StSLib"],"gold_per_floor":[99,114,114,27,40,60,60,89,109,135,135,164,183,183,199,299,299,299,299,314,314,314,327,350,350,385,65,50,50,35,55,66,66,66,66],"floor_reached":33,"language":"ENG","playtime":2071,"items_purged":[],"score":275,"play_id":"2491da30-2b86-4a24-abd2-0b660aee14a7","local_time":"20210210060249","is_ascension_mode":false,"campfire_choices":[{"data":"Slimebound:Split","floor":1,"key":"SMITH"},{"floor":11,"key":"RECALL"},{"data":"Slimebound:Equalize","floor":18,"key":"SMITH"},{"floor":25,"key":"REST"},{"floor":29,"key":"REST"}],"circlet_count":0,"master_deck":["Slimebound:Strike_Slimebound","Slimebound:Strike_Slimebound","Slimebound:Strike_Slimebound","Slimebound:Tackle","Slimebound:Defend_Slimebound","Slimebound:Defend_Slimebound","Slimebound:Defend_Slimebound","Slimebound:Defend_Slimebound","Slimebound:Split+1","Slimebound:CorrosiveSpit","Slimebound:LeechEnergy+1","Slimebound:SlimeSpikes","Slimebound:Repurpose","Slimebound:ComboTackle","Slimebound:Prepare","Slimebound:GoopSpray","Slimebound:Replication","Slimebound:LeechingTouch","Slimebound:Equalize+1","Slimebound:SelfFormingGoo","Slimebound:SlimeBrawl+1","Slimebound:ProtectTheBoss","Slimebound:FirmFortitude","Slimebound:DouseInSlime","Slimebound:MegaLick"],"relics":["Slimebound:AbsorbEndCombat","Slimebound:AggressiveSlimeRelic","Shovel","Odd Mushroom","Philosopher\u0027s Stone","downfall:KnowingSkull","Bronze Scales","Pen Nib","Blood Vial"],"acts_visited":["Exordium","TheCity"],"potions_floor_usage":[10,16,27,30],"damage_taken":[{"damage":0,"enemies":"2 Louse","floor":2,"turns":2},{"damage":0,"enemies":"downfall:FleeingMerchant","floor":4,"turns":4},{"damage":5,"enemies":"Cultist","floor":5,"turns":5},{"damage":0,"enemies":"Small Slimes","floor":6,"turns":3},{"damage":24,"enemies":"Lagavulin","floor":8,"turns":6},{"damage":3,"enemies":"Large Slime","floor":9,"turns":3},{"damage":6,"enemies":"Gremlin Nob","floor":10,"turns":3},{"damage":18,"enemies":"The Mushroom Lair","floor":12,"turns":4},{"damage":0,"enemies":"Blue Slaver","floor":13,"turns":4},{"damage":13,"enemies":"Lots of Slimes","floor":15,"turns":4},{"damage":6,"enemies":"SI_SHIV_ARCHETYPE","floor":16,"turns":10},{"damage":0,"enemies":"Chosen","floor":19,"turns":1},{"damage":61,"enemies":"3 Cultists","floor":20,"turns":6},{"damage":7,"enemies":"Cultist and Chosen","floor":23,"turns":6},{"damage":26,"enemies":"Slavers","floor":26,"turns":5},{"damage":21,"enemies":"downfall:FleeingMerchant","floor":27,"turns":4},{"damage":5,"enemies":"downfall:FleeingMerchant","floor":28,"turns":4},{"damage":8,"enemies":"downfall:FleeingMerchant","floor":30,"turns":4},{"damage":31,"enemies":"Sentry and Sphere","floor":31,"turns":5},{"damage":40,"enemies":"Snake Plant","floor":32,"turns":4},{"damage":18,"enemies":"DF_ARCHETYPE_CLAW","floor":33,"turns":2}],"seed_played":"-3228267127119607629","potions_obtained":[{"floor":6,"key":"Strength Potion"},{"floor":8,"key":"Block Potion"},{"floor":10,"key":"AttackPotion"},{"floor":20,"key":"DuplicationPotion"},{"floor":31,"key":"Explosive Potion"},{"floor":32,"key":"LiquidMemories"}],"is_trial":false,"path_per_floor":["R","M","?","$","M","M","T","E","M","E","R","?","M","?","M","B",null,"R","M","M","?","?","M","T","R","E","$","$","R","$","M","M","B"],"character_chosen":"SLIMEBOUND","items_purchased":["Slimebound:Repurpose","Blood Vial","Slimebound:FirmFortitude"],"campfire_rested":2,"item_purchase_floors":[4,27,27],"current_hp_per_floor":[71,71,71,71,67,69,69,51,50,46,46,34,38,38,33,43,71,71,71,28,28,22,35,35,56,44,41,54,71,71,44,12,0,0,0],"gold":66,"neow_bonus":"TEN_PERCENT_HP_BONUS","is_daily":false,"chose_seed":false,"campfire_upgraded":2,"win_rate":0.0,"timestamp":1612897369,"path_taken":["R","M","?","$","M","?","T","E","M","E","R","?","M","?","M","BOSS","R","M","M","?","?","?","T","R","E","?","$","R","$","M","M","BOSS"],"items_purchased_type":["Card","Relic","Card"],"build_version":"2020-12-22","purchased_purges":0,"victory":false,"max_hp_per_floor":[71,71,71,71,71,71,71,71,71,71,71,71,71,71,71,71,71,71,71,71,71,71,71,71,71,71,71,71,71,71,71,71,71,71,71],"card_choices":[{"not_picked":["Slimebound:SplitLeeching","Slimebound:LivingWall"],"picked":"Slimebound:LeechEnergy","floor":2},{"not_picked":["Slimebound:SlimeBarrage","Slimebound:TongueLash"],"picked":"Slimebound:SlimeSpikes","floor":4},{"not_picked":["Slimebound:HauntingLick","Slimebound:RollThrough"],"picked":"Slimebound:ComboTackle","floor":5},{"not_picked":["Slimebound:GoopTackle","Slimebound:BestDefense","Slimebound:LivingWall"],"picked":"SKIP","floor":6},{"not_picked":["Slimebound:DisruptingSlam","Slimebound:GrowthPunch"],"picked":"Slimebound:Prepare","floor":8},{"not_picked":["Slimebound:PressTheAttack","Slimebound:FinishingTackle"],"picked":"Slimebound:GoopSpray","floor":9},{"not_picked":["Slimebound:SplitMire","Slimebound:DisruptingSlam"],"picked":"Slimebound:Replication","floor":10},{"not_picked":["Slimebound:SplitLeeching","Slimebound:Gluttony"],"picked":"Slimebound:LeechingTouch","floor":13},{"not_picked":["Slimebound:LivingWall","Slimebound:OozeBath"],"picked":"Slimebound:Equalize","floor":15},{"not_picked":["Slimebound:PrepareCrush","Slimebound:DuplicatedForm"],"picked":"Slimebound:SelfFormingGoo","floor":16},{"not_picked":["Slimebound:Dissolve","Slimebound:SplitMire","Slimebound:HauntingLick"],"picked":"SKIP","floor":19},{"not_picked":["Slimebound:SamplingLick","Slimebound:RollThrough"],"picked":"Slimebound:SlimeBrawl+1","floor":20},{"not_picked":["Slimebound:Replication+1","Slimebound:ComboTackle","Slimebound:Schlurp"],"picked":"SKIP","floor":23},{"not_picked":["Slimebound:Replication","Slimebound:SamplingLick"],"picked":"Slimebound:ProtectTheBoss","floor":26},{"not_picked":["Slimebound:SamplingLick","Slimebound:Prepare+1","Slimebound:ProtectTheBoss"],"picked":"SKIP","floor":27},{"not_picked":["Slimebound:SplitLeeching+1","Slimebound:BestDefense","Slimebound:RollThrough+1"],"picked":"SKIP","floor":28},{"not_picked":["Slimebound:SplitBruiser","Slimebound:Schlurp"],"picked":"Slimebound:DouseInSlime","floor":30},{"not_picked":["Slimebound:GoopTackle","Slimebound:ComboTackle"],"picked":"Slimebound:MegaLick","floor":31},{"not_picked":["Slimebound:GoopTackle","Slimebound:SplitBruiser","Slimebound:MegaLick"],"picked":"SKIP","floor":32}],"player_experience":61180,"relics_obtained":[{"floor":8,"key":"Slimebound:AggressiveSlimeRelic"},{"floor":10,"key":"Shovel"},{"floor":12,"key":"Odd Mushroom"},{"floor":24,"key":"Bronze Scales"},{"floor":26,"key":"Pen Nib"}],"event_choices":[{"damage_healed":0,"gold_gain":0,"player_choice":"Forge","damage_taken":0,"max_hp_gain":0,"max_hp_loss":0,"event_name":"Accursed Blacksmith","floor":3,"gold_loss":0,"cards_upgraded":["Slimebound:LeechEnergy"]},{"damage_healed":0,"gold_gain":0,"player_choice":"Fought Mushrooms","damage_taken":0,"max_hp_gain":0,"max_hp_loss":0,"event_name":"Mushrooms","floor":12,"gold_loss":0}],"is_beta":false,"boss_relics":[{"not_picked":["Slimebound:TarBlob","SacredBark"],"picked":"Philosopher\u0027s Stone"}],"items_purged_floors":[],"is_endless":false,"potions_floor_spawned":[6,8,10,13,20,31,32],"killed_by":"DF_ARCHETYPE_CLAW","ascension_level":0}}