{"host":"eft627g0ddukeijo","time":1612898924,"event":{"mods":["AchievementEnabler","BaseMod","Bestiary","Better Note","Block Reminder","Colored Powertips","Highlight Path","Minty Spire (QoL Compilation)","Permanent Neow","Rare Cards Sparkle","Relic Stats","StSLib","Weighted Paths"],"gold_per_floor":[115,115,115,130,153,153,166,166,166,166,204,220,200,215,215,341,341,362,375,187,202,221,221,265,265,265,44,67,166,166,191,191,322,322,341,237,237,215,235,235,258,591,591,591,610,629,629,629,629,629,629,629,2,30,30,30],"floor_reached":55,"language":"ENG","playtime":1929,"items_purged":["Regret","Strike_R"],"score":988,"play_id":"e473be8c-1855-41ae-a8d3-19b6f0da1bdd","local_time":"20210210042844","is_ascension_mode":true,"campfire_choices":[{"floor":6.0,"key":"RECALL"},{"floor":8.0,"key":"REST"},{"floor":15.0,"key":"REST"},{"floor":23.0,"key":"REST"},{"floor":25.0,"key":"REST"},{"data":"Limit Break","floor":32.0,"key":"SMITH"},{"floor":40.0,"key":"REST"},{"floor":44.0,"key":"REST"},{"floor":49.0,"key":"REST"},{"floor":52.0,"key":"REST"}],"circlet_count":0,"master_deck":["Strike_R","Defend_R","Defend_R","Defend_R","Defend_R","Bash","Shrug It Off","Inflame","Cleave","Heavy Blade+1","Iron Wave","Impervious","Flex","Limit Break+1","Battle Trance+1","Entrench+1","Demon Form","Pummel","Sword Boomerang+1","Whirlwind","Spot Weakness","Corruption","Barricade","Shrug It Off","Shockwave","Sword Boomerang+1","Uppercut+1","Panacea","Bandage Up","Armaments","Limit Break"],"relics":["Burning Blood","Vajra","White Beast Statue","Red Skull","Cursed Key","Akabeko","Medical Kit","SacredBark","Strawberry","Lantern","Boot"],"acts_visited":["Exordium","TheCity","TheBeyond","TheEnding"],"potions_floor_usage":[55],"damage_taken":[{"damage":7.0,"enemies":"Small Slimes","floor":1.0,"turns":3.0},{"damage":7.0,"enemies":"Jaw Worm","floor":4.0,"turns":3.0},{"damage":1.0,"enemies":"Cultist","floor":5.0,"turns":3.0},{"damage":20.0,"enemies":"Lots of Slimes","floor":7.0,"turns":4.0},{"damage":24.0,"enemies":"3 Sentries","floor":11.0,"turns":4.0},{"damage":11.0,"enemies":"Looter","floor":12.0,"turns":2.0},{"damage":3.0,"enemies":"Blue Slaver","floor":14.0,"turns":3.0},{"damage":22.0,"enemies":"The Guardian","floor":16.0,"turns":7.0},{"damage":22.0,"enemies":"2 Thieves","floor":18.0,"turns":3.0},{"damage":0.0,"enemies":"Chosen","floor":19.0,"turns":3.0},{"damage":13.0,"enemies":"Snecko","floor":21.0,"turns":5.0},{"damage":17.0,"enemies":"3 Cultists","floor":22.0,"turns":4.0},{"damage":35.0,"enemies":"Book of Stabbing","floor":24.0,"turns":5.0},{"damage":15.0,"enemies":"Centurion and Healer","floor":28.0,"turns":5.0},{"damage":7.0,"enemies":"Cultist and Chosen","floor":31.0,"turns":5.0},{"damage":50.0,"enemies":"Champ","floor":33.0,"turns":7.0},{"damage":14.0,"enemies":"3 Shapes","floor":35.0,"turns":8.0},{"damage":34.0,"enemies":"3 Darklings","floor":39.0,"turns":5.0},{"damage":35.0,"enemies":"Writhing Mass","floor":41.0,"turns":4.0},{"damage":40.0,"enemies":"Jaw Worm Horde","floor":45.0,"turns":3.0},{"damage":10.0,"enemies":"Spire Growth","floor":46.0,"turns":4.0},{"damage":83.0,"enemies":"Time Eater","floor":50.0,"turns":8.0},{"damage":73.0,"enemies":"Shield and Spear","floor":54.0,"turns":5.0},{"damage":91,"enemies":"The Heart","floor":55,"turns":6}],"seed_played":"-1793137049686459970","potions_obtained":[{"floor":1.0,"key":"DuplicationPotion"},{"floor":4.0,"key":"SkillPotion"},{"floor":7.0,"key":"SteroidPotion"},{"floor":11.0,"key":"Energy Potion"},{"floor":12.0,"key":"CultistPotion"},{"floor":13.0,"key":"SpeedPotion"},{"floor":14.0,"key":"PowerPotion"},{"floor":16.0,"key":"FearPotion"},{"floor":18.0,"key":"AttackPotion"},{"floor":19.0,"key":"Regen Potion"},{"floor":21.0,"key":"BloodPotion"},{"floor":24.0,"key":"Energy Potion"},{"floor":33.0,"key":"ColorlessPotion"},{"floor":35.0,"key":"Weak Potion"},{"floor":39.0,"key":"SmokeBomb"},{"floor":41.0,"key":"Strength Potion"},{"floor":54.0,"key":"Strength Potion"}],"is_trial":false,"path_per_floor":["M","?","?","M","M","R","M","R","T","?","E","M","?","M","R","B",null,"M","M","$","M","M","R","E","R","T","$","M","?","?","M","R","B",null,"M","$","?","$","M","R","M","?","T","R","M","M","?","?","R","B",null,"R","$","E","B"],"character_chosen":"IRONCLAD","items_purchased":["Demon Form","Pummel","Medical Kit","FairyPotion","Shrug It Off","FairyPotion","Strawberry","Bandage Up","Lantern","Armaments"],"campfire_rested":8,"item_purchase_floors":[20,20,27,36,38,53,53,53,53,53],"current_hp_per_floor":[71,71,51,50,55,55,41,65,65,65,47,42,42,45,69,53,73,57,63,63,70,59,80,51,75,75,75,66,66,66,65,65,21,65,57,57,57,57,61,80,51,51,51,75,41,37,37,37,61,39,70,80,87,24,0,0],"gold":30,"neow_bonus":"RANDOM_COMMON_RELIC","is_daily":false,"chose_seed":false,"campfire_upgraded":1,"win_rate":0.0,"timestamp":1612898924,"path_taken":["M","?","?","M","M","R","M","R","T","?","E","?","?","M","R","BOSS","M","M","?","?","M","R","E","R","T","$","M","?","?","M","R","BOSS","M","$","?","$","M","R","M","?","T","R","M","M","?","?","R","BOSS","R","$","E","BOSS"],"items_purchased_type":["Card","Card","Relic","Potion","Card","Potion","Relic","Card","Relic","Card"],"build_version":"2020-12-22","purchased_purges":2,"victory":false,"max_hp_per_floor":[80,80,80,80,80,80,80,80,80,80,80,80,80,80,80,80,80,80,80,80,80,80,80,80,80,80,80,80,80,80,80,80,80,80,80,80,80,80,80,80,80,80,80,80,80,80,80,80,80,80,80,80,87,87,87,87],"relic_stats":{"counters":[24,109],"Cursed Key":1,"Medical Kit":[2],"Boot":[0],"obtain_stats":[{"Lantern":53,"Golden Idol":3,"SacredBark":34,"Strawberry":53,"Vajra":0,"Cursed Key":17,"Medical Kit":27,"Boot":54,"Burning Blood":0,"White Beast Statue":9,"Red Skull":11,"Akabeko":24},{"Lantern":22,"Golden Idol":1,"SacredBark":16,"Strawberry":22,"Vajra":0,"Cursed Key":8,"Medical Kit":13,"Boot":23,"Burning Blood":0,"White Beast Statue":4,"Red Skull":5,"Akabeko":13},{"Lantern":98,"Golden Idol":3,"SacredBark":66,"Strawberry":98,"Vajra":0,"Cursed Key":29,"Medical Kit":49,"Boot":103,"Burning Blood":0,"White Beast Statue":13,"Red Skull":17,"Akabeko":49}],"Burning Blood":138},"card_choices":[{"not_picked":["Second Wind","True Grit"],"picked":"Shrug It Off","floor":1.0},{"not_picked":["Body Slam","Havoc"],"picked":"Inflame","floor":4.0},{"not_picked":["Headbutt","Havoc"],"picked":"Cleave","floor":5.0},{"not_picked":["Reckless Charge","Sword Boomerang"],"picked":"Heavy Blade","floor":7.0},{"not_picked":["Evolve","Inflame"],"picked":"Iron Wave","floor":11.0},{"not_picked":["Seeing Red","Entrench"],"picked":"Impervious","floor":12.0},{"not_picked":["Second Wind","Headbutt"],"picked":"Flex","floor":14.0},{"not_picked":["Reaper","Juggernaut"],"picked":"Limit Break","floor":16.0},{"not_picked":["Searing Blow","Iron Wave"],"picked":"Battle Trance+1","floor":18.0},{"not_picked":["Thunderclap","Wild Strike"],"picked":"Entrench+1","floor":19.0},{"not_picked":["Thunderclap","Clothesline","Perfected Strike"],"picked":"SKIP","floor":21.0},{"not_picked":["Flex+1","Bloodletting","Power Through"],"picked":"SKIP","floor":22.0},{"not_picked":["Heavy Blade","Twin Strike+1"],"picked":"Sword Boomerang+1","floor":24.0},{"not_picked":["Battle Trance","Armaments+1"],"picked":"Whirlwind","floor":28.0},{"not_picked":["Flex","Hemokinesis+1","Armaments"],"picked":"SKIP","floor":31.0},{"not_picked":["Juggernaut","Reaper"],"picked":"Barricade","floor":33.0},{"not_picked":["Warcry+1","Reckless Charge","Perfected Strike"],"picked":"SKIP","floor":35.0},{"not_picked":["Shrug It Off","Perfected Strike"],"picked":"Shockwave","floor":39.0},{"not_picked":["Fire Breathing","Shrug It Off"],"picked":"Sword Boomerang+1","floor":41.0},{"not_picked":["Dark Embrace","Clothesline","Heavy Blade"],"picked":"SKIP","floor":45.0},{"not_picked":["Carnage","Warcry"],"picked":"Uppercut+1","floor":46.0},{"not_picked":["Jack Of All Trades","Discovery"],"picked":"Panacea","floor":47.0},{"not_picked":["Dropkick","Dual Wield+1"],"picked":"Limit Break","floor":54.0}],"player_experience":548726,"relics_obtained":[{"floor":9.0,"key":"White Beast Statue"},{"floor":11.0,"key":"Red Skull"},{"floor":24.0,"key":"Akabeko"},{"floor":54.0,"key":"Boot"}],"event_choices":[{"damage_healed":0.0,"max_hp_gain":0.0,"max_hp_loss":0.0,"gold_gain":0.0,"event_name":"Shining Light","player_choice":"Ignored","floor":2.0,"gold_loss":0.0,"damage_taken":0.0},{"damage_healed":0.0,"max_hp_gain":0.0,"max_hp_loss":0.0,"gold_gain":0.0,"event_name":"Golden Idol","player_choice":"Take Damage","floor":3.0,"gold_loss":0.0,"damage_taken":20.0,"relics_obtained":["Golden Idol"]},{"damage_healed":0.0,"max_hp_gain":0.0,"max_hp_loss":0.0,"gold_gain":0.0,"event_name":"Living Wall","player_choice":"Grow","floor":10.0,"gold_loss":0.0,"damage_taken":0.0,"cards_upgraded":["Heavy Blade"]},{"damage_healed":0.0,"max_hp_gain":0.0,"max_hp_loss":0.0,"gold_gain":0.0,"event_name":"The Woman in Blue","player_choice":"Bought 1 Potion","floor":13.0,"gold_loss":0.0,"damage_taken":0.0},{"damage_healed":0.0,"max_hp_gain":0.0,"max_hp_loss":0.0,"gold_gain":99.0,"event_name":"Nest","player_choice":"Stole From Cult","floor":29.0,"gold_loss":0.0,"damage_taken":0.0},{"damage_healed":0.0,"max_hp_gain":0.0,"max_hp_loss":0.0,"gold_gain":0.0,"cards_transformed":["Strike_R","Strike_R"],"event_name":"Drug Dealer","player_choice":"Became Test Subject","floor":30.0,"gold_loss":0.0,"damage_taken":0.0,"cards_obtained":["Spot Weakness","Corruption"]},{"cards_removed":["Strike_R"],"damage_healed":0.0,"max_hp_gain":0.0,"max_hp_loss":0.0,"gold_gain":0.0,"event_name":"Falling","player_choice":"Removed Attack","floor":37.0,"gold_loss":0.0,"damage_taken":0.0},{"damage_healed":0.0,"max_hp_gain":0.0,"max_hp_loss":0.0,"gold_gain":333.0,"event_name":"The Moai Head","player_choice":"Gave Idol","floor":42.0,"relics_lost":["Golden Idol"],"gold_loss":0.0,"damage_taken":0.0},{"damage_healed":0.0,"max_hp_gain":0.0,"max_hp_loss":0.0,"gold_gain":0.0,"event_name":"SensoryStone","player_choice":"Memory 1","floor":47.0,"gold_loss":0.0,"damage_taken":0.0},{"damage_healed":0.0,"max_hp_gain":0.0,"max_hp_loss":0.0,"gold_gain":0.0,"event_name":"Tomb of Lord Red Mask","player_choice":"Ignored","floor":48.0,"gold_loss":0.0,"damage_taken":0.0}],"is_beta":false,"boss_relics":[{"not_picked":["Sozu","Empty Cage"],"picked":"Cursed Key"},{"not_picked":["Velvet Choker","Black Blood"],"picked":"SacredBark"}],"items_purged_floors":[27,53],"is_endless":false,"potions_floor_spawned":[1,4,7,11,12,14,16,18,19,21,22,24,28,31,33,35,39,41,45,46,54],"killed_by":"The Heart","ascension_level":9}}