{"host":"e3zuhorjxi9w14q4","time":1612881934,"event":{"mods":["AchievementEnabler","Aspiration","BaseMod","Defuse TimeMaze Blight","Downfall","Energized Spire","GifTheSpireLib","Hubris","Infinite Spire","Jorbs\u0027s Wanderer Trilogy","Minty Spire (QoL Compilation)","Reliquary","Spicy Shops","Spikes Relics","StSLib","Stuff the Spire","The Marked","The Servant 0.9.4"],"gold_per_floor":[99,118,137,137,137,137,137,52,71,104,4,20,20,40,58,164,164,64,92,92,192,34,55,123,151,170,182,216,240,273,273,273,273,273],"floor_reached":32,"language":"ENG","playtime":2130,"items_purged":["hexamod:InspiringFlames","hexamod:ExtraCrispy"],"score":282,"play_id":"49af8284-e0d0-4e82-b72e-2fd3fa71d31f","local_time":"20210209154534","is_ascension_mode":false,"campfire_choices":[{"data":"hexamod:Sear","floor":1,"key":"SMITH"},{"floor":11,"key":"RECALL"},{"data":"hexamod:Rewind","floor":13,"key":"SMITH"},{"data":"hexamod:GhostflameInferno","floor":18,"key":"SMITH"}],"circlet_count":0,"master_deck":["hexamod:Strike","hexamod:Strike","hexamod:Strike","hexamod:Strike","hexamod:Defend","hexamod:Defend","hexamod:Defend","hexamod:Defend","hexamod:Sear+1","hexamod:Float+1","hexamod:AdvancingGuard+1","hexamod:Hexaguard","hexamod:Incineration","hexamod:FirstSeal","hexamod:Rewind+1","hexamod:BurningTouch","hexamod:SecondSeal","hexamod:GhostflameInferno+1","hexamod:ShieldOfDarkness+1","DevaForm","hexamod:FlamesFromBeyond+1","hexamod:PhantomFireball+1","hexamod:SwordOfDarkness+1","hexamod:CatchUp","downfall:Bewildered"],"relics":["hexamod:SpiritBrand","hubris:DeckOfHolding","infinitespire:Magic Flask","downfall:HeartBlessingBlue","aspiration:SecretTechniqueScroll","downfall:HeartBlessingRed","aspiration:WatcherSkillbook","StuffTheSpire:Barrel","hubris:EmptyBottle","aspiration:FetidBarrel","reliquary:WeakTea","Regal Pillow","hubris:ToyBattleship","sneckomod:BabySnecko"],"acts_visited":["Exordium","TheCity"],"potions_floor_usage":[16,16,16,26,27,27,27,27,28,28,28],"damage_taken":[{"damage":1,"enemies":"Jaw Worm","floor":2,"turns":3},{"damage":6,"enemies":"2 Louse","floor":3,"turns":3},{"damage":0,"enemies":"downfall:FleeingMerchant","floor":8,"turns":4},{"damage":0,"enemies":"Small Slimes","floor":9,"turns":3},{"damage":15,"enemies":"Gremlin Nob","floor":10,"turns":5},{"damage":5,"enemies":"Exordium Thugs","floor":12,"turns":7},{"damage":12,"enemies":"Exordium Wildlife","floor":14,"turns":4},{"damage":15,"enemies":"Gremlin Gang","floor":15,"turns":7},{"damage":45,"enemies":"WA_ARCHETYPE_RETAIN","floor":16,"turns":7},{"damage":7,"enemies":"Shell Parasite","floor":19,"turns":5},{"damage":3,"enemies":"downfall:FleeingMerchant","floor":22,"turns":4},{"damage":12,"enemies":"Chosen and Byrds","floor":23,"turns":6},{"damage":11,"enemies":"Cultist and Chosen","floor":25,"turns":5},{"damage":29,"enemies":"Shelled Parasite and Fungi","floor":26,"turns":5},{"damage":5,"enemies":"Snake Plant","floor":27,"turns":3},{"damage":26,"enemies":"Gremlin Leader","floor":28,"turns":6},{"damage":20,"enemies":"Book of Stabbing","floor":30,"turns":5},{"damage":17,"enemies":"Centurion and Healer","floor":32,"turns":5}],"seed_played":"738887188947965695","potions_obtained":[{"floor":9,"key":"sneckomod:MuddlingPotion"},{"floor":14,"key":"champ:CounterPotion"},{"floor":15,"key":"PowerPotion"},{"floor":16,"key":"Fire Potion"},{"floor":19,"key":"EntropicBrew"},{"floor":23,"key":"Fire Potion"},{"floor":25,"key":"infinitespire:BlackPotion"}],"is_trial":false,"path_per_floor":["R","M","M","?","?","?","T","$","M","E","R","M","R","M","M","B",null,"R","M","AVR","?","$","M","T","M","M","M","E","T","E","?","M"],"character_chosen":"THE_SPIRIT","items_purchased":["hexamod:FirstSeal","hubris:EmptyBottle"],"campfire_rested":0,"item_purchase_floors":[8,22],"current_hp_per_floor":[70,69,63,63,63,63,63,63,63,55,65,67,67,62,54,16,80,80,80,80,80,80,80,80,76,54,49,30,30,17,17,0,0,0],"gold":273,"neow_bonus":"UPGRADE_CARD","is_daily":false,"chose_seed":false,"campfire_upgraded":3,"win_rate":0.0,"timestamp":1612881934,"path_taken":["R","M","M","?","?","?","T","$","M","E","R","M","R","M","M","BOSS","R","M","AVR","?","?","M","T","?","M","M","E","?","E","?","M"],"items_purchased_type":["Card","Relic"],"build_version":"2020-12-22","purchased_purges":2,"victory":false,"max_hp_per_floor":[70,70,70,70,70,70,70,70,70,70,80,80,80,80,80,80,80,80,80,80,80,80,80,80,80,80,80,80,80,80,80,80,80,80],"card_choices":[{"not_picked":["hexamod:InspiringFlames","hexamod:SwordOfDarkness"],"picked":"hexamod:AdvancingGuard","floor":2},{"not_picked":["hexamod:FastForward","hexamod:BurningTouch"],"picked":"hexamod:Hexaguard","floor":3},{"not_picked":["hexamod:HeatMetal","hexamod:SpectralAdrenaline"],"picked":"hexamod:Incineration","floor":8},{"not_picked":["hexamod:HeatMetal","hexamod:Firestarter"],"picked":"hexamod:InspiringFlames","floor":9},{"not_picked":["hexamod:HeatMetal","hexamod:Incineration"],"picked":"hexamod:Rewind","floor":10},{"not_picked":["hexamod:SoulSteal","hexamod:ChargedBarrage"],"picked":"hexamod:BurningTouch","floor":12},{"not_picked":["hexamod:HauntingEcho","hexamod:SwordOfDarkness"],"picked":"hexamod:SecondSeal","floor":14},{"not_picked":["hexamod:FlamesFromBeyond","hexamod:HauntingEcho"],"picked":"hexamod:ExtraCrispy","floor":15},{"not_picked":["hexamod:TimeWarp","hexamod:GhostOfSpirePresent"],"picked":"hexamod:GhostflameInferno","floor":16},{"not_picked":["hexamod:AdvancingGuard","hexamod:NightmareGuise"],"picked":"hexamod:ShieldOfDarkness+1","floor":19},{"not_picked":["ClearTheMind","hexamod:Hexaguard+1","hexamod:GhostflameBarrier+1"],"picked":"DevaForm","floor":22},{"not_picked":["Conclude","MentalFortress","DeceiveReality+1"],"picked":"hexamod:FlamesFromBeyond+1","floor":23},{"not_picked":["hexamod:SwordOfDarkness","JustLucky","Vengeance"],"picked":"hexamod:PhantomFireball+1","floor":25},{"not_picked":["hexamod:InspiringFlames","JustLucky","hexamod:AdvancingGuard","TalkToTheHand"],"picked":"SKIP","floor":26},{"not_picked":["hexamod:InspiringFlames+1","hexamod:RecurringNightmare","ThirdEye","hexamod:Haunt"],"picked":"SKIP","floor":27},{"not_picked":["hexamod:InspiringFlames+1","Prostrate","WindmillStrike"],"picked":"hexamod:SwordOfDarkness+1","floor":28},{"not_picked":["Halt","CrushJoints+1","Pray+1"],"picked":"hexamod:CatchUp","floor":30}],"player_experience":261354,"relics_obtained":[{"floor":10,"key":"infinitespire:Magic Flask"},{"floor":24,"key":"aspiration:FetidBarrel"},{"floor":28,"key":"reliquary:WeakTea"},{"floor":29,"key":"Regal Pillow"},{"floor":30,"key":"hubris:ToyBattleship"}],"event_choices":[{"cards_removed":["StuffTheSpire:CuriosityCurse"],"damage_healed":0,"gold_gain":0,"player_choice":"Card Removal","damage_taken":0,"max_hp_gain":0,"max_hp_loss":0,"event_name":"The Cleric","floor":6,"gold_loss":0}],"is_beta":false,"boss_relics":[{"not_picked":["energizedSpire:CursedPentagram","Fusion Hammer"],"picked":"aspiration:SecretTechniqueScroll"}],"items_purged_floors":[20,22],"is_endless":false,"potions_floor_spawned":[9,14,15,16,19,23,25],"killed_by":"Centurion and Healer","ascension_level":0}}