{"host":"rmsq46plbpwfbxcc","time":1612887066,"event":{"mods":["AchievementEnabler","BaseMod","Colored Map","Colored Powertips","DeckTracker","KOR Keyword Fix","Minty Spire (QoL Compilation)","Permanent Neow","Quick Restart","SuperFastMode"],"gold_per_floor":[110,385,395,414,66,66,96,109,163,177,177,177,212,225,225,300,300,310,225,225,235,249,249,149,162,188,188,188,188],"floor_reached":28,"language":"KOR","playtime":654,"items_purged":["Regret","Strike_G"],"score":459,"play_id":"e139ac95-6247-414d-9bb1-2977eed3e1af","local_time":"20210210011106","is_ascension_mode":true,"campfire_choices":[{"data":"Blade Dance","floor":6.0,"key":"SMITH"},{"data":"Cloak And Dagger","floor":11.0,"key":"SMITH"},{"data":"Accuracy","floor":15.0,"key":"SMITH"},{"data":"After Image","floor":23,"key":"SMITH"},{"data":"Cloak And Dagger","floor":27,"key":"SMITH"}],"circlet_count":0,"master_deck":["AscendersBane","Strike_G","Strike_G","Strike_G","Strike_G","Defend_G","Defend_G","Defend_G","Defend_G","Defend_G","Survivor","Neutralize+1","Choke","Finisher","Blade Dance+1","Accuracy+1","Flash of Steel","Bullet Time","Cloak And Dagger+1","Cloak And Dagger+1","After Image+1","PiercingWail","Tactician","Terror"],"relics":["Coffee Dripper","Mummified Hand","PreservedInsect","Dream Catcher","Black Star","Vajra","CultistMask","Art of War"],"acts_visited":["Exordium","TheCity"],"potions_floor_usage":[25],"damage_taken":[{"damage":3.0,"enemies":"Jaw Worm","floor":1.0,"turns":7.0},{"damage":10.0,"enemies":"Cultist","floor":3.0,"turns":4.0},{"damage":16.0,"enemies":"Small Slimes","floor":4.0,"turns":5.0},{"damage":20.0,"enemies":"Lagavulin","floor":7.0,"turns":7.0},{"damage":0.0,"enemies":"3 Louse","floor":8.0,"turns":4.0},{"damage":0.0,"enemies":"Lots of Slimes","floor":10.0,"turns":2.0},{"damage":0.0,"enemies":"Gremlin Nob","floor":13.0,"turns":2.0},{"damage":0.0,"enemies":"2 Fungi Beasts","floor":14.0,"turns":2.0},{"damage":10.0,"enemies":"Slime Boss","floor":16.0,"turns":7.0},{"damage":26.0,"enemies":"2 Thieves","floor":18.0,"turns":5.0},{"damage":0.0,"enemies":"Chosen","floor":21.0,"turns":7.0},{"damage":21,"enemies":"Centurion and Healer","floor":22,"turns":6},{"damage":1,"enemies":"Cultist and Chosen","floor":25,"turns":5},{"damage":8,"enemies":"Book of Stabbing","floor":28,"turns":2}],"seed_played":"-7858995129920612251","potions_obtained":[{"floor":1.0,"key":"Energy Potion"},{"floor":7.0,"key":"Fruit Juice"},{"floor":8.0,"key":"Explosive Potion"},{"floor":13.0,"key":"AttackPotion"},{"floor":22,"key":"ColorlessPotion"}],"is_trial":false,"path_per_floor":["M","?","M","M","$","R","E","M","T","M","R","?","E","M","R","B",null,"M","?","?","M","M","R","$","M","T","R","E"],"character_chosen":"THE_SILENT","items_purchased":["Accuracy","Flash of Steel","Bullet Time"],"campfire_rested":0,"item_purchase_floors":[5,5,5],"current_hp_per_floor":[56,56,46,30,30,30,15,15,15,15,15,15,15,15,15,5,55,29,29,29,29,8,8,8,7,7,7,0,0],"gold":188,"neow_bonus":"BOSS_RELIC","is_daily":false,"chose_seed":false,"campfire_upgraded":5,"win_rate":0.0,"timestamp":1612887066,"path_taken":["M","?","?","M","$","R","E","M","T","M","R","?","E","?","R","BOSS","M","?","?","?","M","R","$","M","T","R","E"],"items_purchased_type":["Card","Card","Card"],"build_version":"2020-12-22","purchased_purges":2,"victory":false,"max_hp_per_floor":[66,66,66,66,66,66,71,71,71,71,71,71,71,71,71,71,71,71,71,71,71,71,71,71,71,71,71,71,71],"card_choices":[{"not_picked":["Skewer","Deadly Poison"],"picked":"Choke","floor":1.0},{"not_picked":["Tactician","Deflect"],"picked":"Finisher","floor":3.0},{"not_picked":["Caltrops","Prepared"],"picked":"Blade Dance","floor":4.0},{"not_picked":["Blade Dance","Reflex"],"picked":"Cloak And Dagger","floor":7.0},{"not_picked":["Quick Slash","Dagger Spray","Bane"],"picked":"SKIP","floor":8.0},{"not_picked":["Heel Hook","Accuracy","Blade Dance"],"picked":"SKIP","floor":10.0},{"not_picked":["Blade Dance","Doppelganger","Dodge and Roll"],"picked":"SKIP","floor":13.0},{"not_picked":["Deadly Poison","Prepared"],"picked":"Cloak And Dagger","floor":14.0},{"not_picked":["A Thousand Cuts","Bullet Time"],"picked":"After Image","floor":16.0},{"not_picked":["Underhanded Strike+1","Dagger Throw"],"picked":"PiercingWail","floor":18.0},{"not_picked":["Tools of the Trade","Predator"],"picked":"Tactician","floor":21.0},{"not_picked":["Eviscerate","Bouncing Flask"],"picked":"Terror","floor":22},{"not_picked":["Blade Dance","Endless Agony","Leg Sweep"],"picked":"SKIP","floor":25}],"player_experience":677339,"relics_obtained":[{"floor":7.0,"key":"Mummified Hand"},{"floor":9.0,"key":"PreservedInsect"},{"floor":13.0,"key":"Dream Catcher"},{"floor":26,"key":"Art of War"}],"event_choices":[{"damage_healed":0.0,"max_hp_gain":0.0,"max_hp_loss":0.0,"gold_gain":275.0,"event_name":"Golden Shrine","player_choice":"Desecrate","floor":2.0,"gold_loss":0.0,"damage_taken":0.0,"cards_obtained":["Regret"]},{"damage_healed":0.0,"max_hp_gain":0.0,"max_hp_loss":0.0,"gold_gain":0.0,"event_name":"Upgrade Shrine","player_choice":"Upgraded","floor":12.0,"gold_loss":0.0,"damage_taken":0.0,"cards_upgraded":["Neutralize"]},{"damage_healed":0.0,"max_hp_gain":0.0,"max_hp_loss":0.0,"gold_gain":0.0,"event_name":"Addict","player_choice":"Obtained Relic","floor":19.0,"gold_loss":85.0,"damage_taken":0.0,"relics_obtained":["Vajra"]},{"damage_healed":0.0,"max_hp_gain":0.0,"max_hp_loss":0.0,"gold_gain":0.0,"event_name":"FaceTrader","player_choice":"Trade","floor":20.0,"gold_loss":0.0,"damage_taken":0.0,"relics_obtained":["CultistMask"]}],"is_beta":false,"boss_relics":[{"not_picked":["Busted Crown","Snecko Eye"],"picked":"Black Star"}],"items_purged_floors":[5,24],"is_endless":false,"potions_floor_spawned":[1,7,8,13,22],"killed_by":"Book of Stabbing","ascension_level":16}}