{"host":"rm0ctv8qd8mnbkg1","time":1612866335,"event":{"mods":["BaseMod","Beaked The Cultist","BetterRewards","Bossed Relics","Colored Map","DNKmod","Dark Map","Defuse TimeMaze Blight","Downfall","Friendly Minions","Halation","Hubris","Marisa????????","Minty Spire (QoL Compilation)","MostiFishMod","Permanent Neow","Quarter Circle Forward PUNCH!","RRrroohrrRGHHhhh!!","Rare Cards Sparkle","Relic Sorter","Reliquary","Replay The Spire","RumiaBox-????????","Shade Mod","Shop Mod","Spicy Shops","Spire Arcade","StS++","StSLib","The Construct","The Poker Player","The Servant 0.9.4","TheVacant","Wandering Minibosses","??????REMEMod"],"gold_per_floor":[10100,10114,10126,10401,9520,9420,9467,9485,9021,9136,9148,9148,9159,9159,9171,9300,9300,9200,9219,9219,9238,9238,9238,9238,9249,8919,9029,8929,8929,8946,7700,7720,7818,7818,7818,7829,7846,7856,6414,6414,6414,6414,6414,5310,5310,3719,3719,3495,3507,3507,3507,3627,3220,3220,3220,3220],"floor_reached":57,"language":"ENG","playtime":2220,"items_purged":[],"score":1645,"play_id":"f42e83ee-d52d-4d02-9681-c77b0806450f","local_time":"20210209102535","is_ascension_mode":false,"campfire_choices":[{"floor":1,"key":"RECALL"},{"data":"champ:BerserkerStyle","floor":6,"key":"SMITH"},{"data":"champ:Taunt","floor":18,"key":"SMITH"},{"data":"champ:UltimateStance","floor":28,"key":"SMITH"},{"data":"champ:BerserkersShout","floor":35,"key":"SMITH"},{"data":"Replay:SS_hec_1","floor":42,"key":"SMITH"},{"data":"CurseOfTheBell","floor":45,"key":"SMITH"},{"data":"Doubt","floor":54,"key":"SMITH"}],"circlet_count":0,"master_deck":["champ:Strike","champ:Strike","champ:Strike","champ:Strike","champ:Defend+1","champ:Defend","champ:Defend","champ:Defend","champ:Execute","champ:Taunt+1","ReplayTheSpireMod:From All Sides","champ:DefensiveShout+1","champ:Shatter","Regret","champ:BerserkerStyle+1","champ:IronFortress","champ:AdrenalArmor","champ:EnragedBash","champ:ShieldSlam","champ:ShieldWall","Replay:SS_hec_1+1","champ:UltimateStance+1","champ:EnragedBash","champ:ViciousMockery","champ:BerserkersShout+1","champ:SteelEdge","champ:Backstep+1","champ:FocusedBerserking+1","CommonCold","champ:FlashCut+1","champ:FanOfKnives+1","champ:HoldFirm","champ:HoldFirm","champ:ShieldWall+1","champ:VampiricStrike","Replay:SS_hec_1+1","champ:DancingMaster","champ:Endure+1","champ:StrikeOfGenius","champ:EndlessRage","champ:RisingSlash","champ:Encircle+1","champ:RapidStrikes","champ:RapidStrikes","champ:IronFortress","champ:IronFortress","champ:CrownThrow","champ:CrownThrow","champ:BerserkerStyle","champ:CheapShot","Injury"],"relics":["champ:ChampionCrown","REME_ComplimentaryCards","DaveBox","Medical Kit","StSpp:WoodenStick","ReplayFunnel","Blue Doll","halation:Sosunser","downfall:HeartBlessingRed","rorgmod:Ceramic Fish","ClockworkSouvenir","Oddly Smooth Stone","Coffee Dripper","downfall:HeartBlessingGreen","qcfpunch:Extra_Skeleton","halation:PinkSoulGem","Ring of Fangs","ReplayTheSpireMod:Ring of Exchange","Eternal Feather","Akabeko","rorgmod:The Boot","hubris:SphereOfDissonance","downfall:HeartBlessingBlue","wanderingMiniBosses:CarrionFlame","beaked:ShinyBauble","Garlic","Calling Bell","CombinedTypeHook","Replay:Mystery Machine","reliquary:BoilingFlask","halation:PrussianBluePaint","GuanYuAspect","reliquary:NewFriend","Bottled Lightning","hubris:FunFungus","SlaversCollar","FeatherPendant","Replay:WaspNest","qcfpunch:Handcuffs","qcfpunch:Necklace_of_Skulls","qcfpunch:Wrestler\u0027s_Cloak","ImprovedEquipment","Shuriken","War Paint","Anchor"],"acts_visited":["Exordium","TheCity","TheBeyond","TheEnding"],"potions_floor_usage":[5,16,30],"damage_taken":[{"damage":0,"enemies":"Small Slimes","floor":2,"turns":2},{"damage":10,"enemies":"Cultist","floor":3,"turns":3},{"damage":34,"enemies":"downfall:FleeingMerchant","floor":5,"turns":4},{"damage":21,"enemies":"2 Louse","floor":8,"turns":3},{"damage":30,"enemies":"downfall:FleeingMerchant","floor":9,"turns":4},{"damage":24,"enemies":"Replay:BlueRogue","floor":10,"turns":4},{"damage":21,"enemies":"Red Slaver","floor":11,"turns":2},{"damage":0,"enemies":"2 Fungi Beasts","floor":13,"turns":1},{"damage":15,"enemies":"Blue Slaver","floor":15,"turns":4},{"damage":34,"enemies":"DF_ARCHETYPE_STREAMLINE","floor":16,"turns":6},{"damage":16,"enemies":"Chosen","floor":19,"turns":3},{"damage":22,"enemies":"Chosen","floor":20,"turns":3},{"damage":17,"enemies":"Shell Parasite","floor":21,"turns":3},{"damage":35,"enemies":"Shelled Parasite and Fungi","floor":25,"turns":5},{"damage":19,"enemies":"downfall:FleeingMerchant","floor":26,"turns":2},{"damage":15,"enemies":"Slavers","floor":27,"turns":1},{"damage":79,"enemies":"Chosen and Byrds","floor":30,"turns":6},{"damage":31,"enemies":"Centurion and Healer","floor":32,"turns":2},{"damage":18,"enemies":"IC_MUSHROOM_ARCHETYPE","floor":33,"turns":7},{"damage":7,"enemies":"3 Darklings","floor":36,"turns":2},{"damage":2,"enemies":"3 Shapes","floor":37,"turns":2},{"damage":7,"enemies":"Spire Growth","floor":38,"turns":2},{"damage":5,"enemies":"Jaw Worm Horde","floor":49,"turns":2},{"damage":52,"enemies":"SI_POISON_ARCHETYPE","floor":50,"turns":3},{"damage":6,"enemies":"downfall:CharBossMerchant","floor":52,"turns":3},{"damage":60,"enemies":"downfall:NeowBoss","floor":55,"turns":6},{"damage":36,"enemies":"downfall:NeowBossFinal","floor":56,"turns":4}],"seed_played":"2941381674588780777","potions_obtained":[{"floor":3,"key":"DuplicationPotion"},{"floor":15,"key":"REME_GoldPotion"},{"floor":19,"key":"Swift Potion"},{"floor":29,"key":"champ:TechniquePotion"},{"floor":37,"key":"EssenceOfSteel"}],"is_trial":false,"path_per_floor":["R","M","M","?","$","R","T","M","$","E","M","?","M","?","M","B",null,"R","M","?","M","?","?","T","M","$","E","R","?","M","$","M","B",null,"R","M","M","M","$","T","T","R","?","$","R","$","T","$","M","B",null,"E","$","R","B","B",null],"character_chosen":"THE_CHAMP","items_purchased":["StSpp:WoodenStick","ReplayFunnel","Blue Doll","champ:IronFortress","champ:AdrenalArmor","halation:Sosunser","champ:ShieldWall","ClockworkSouvenir","Oddly Smooth Stone","Replay:SS_hec_1","Eternal Feather","Akabeko","rorgmod:The Boot","champ:HoldFirm","beaked:ShinyBauble","Garlic","champ:VampiricStrike","Replay:SS_hec_1","champ:DancingMaster","reliquary:BoilingFlask","halation:PrussianBluePaint","GuanYuAspect","champ:RapidStrikes","champ:IronFortress","hubris:FunFungus","SlaversCollar","FeatherPendant","Replay:WaspNest","qcfpunch:Handcuffs","champ:IronFortress","champ:CrownThrow","qcfpunch:Wrestler\u0027s_Cloak","champ:BerserkerStyle","Shuriken","War Paint","Anchor"],"campfire_rested":0,"item_purchase_floors":[5,5,5,5,5,5,9,9,9,9,26,26,26,26,31,31,31,31,31,39,39,39,39,39,44,44,46,46,46,46,46,48,48,53,53,53],"current_hp_per_floor":[1000,1000,1000,1000,996,996,996,996,995,1000,1000,1000,1000,1000,997,1000,1000,1000,1000,1000,1000,1000,1000,1000,1000,1000,1000,1010,1010,1010,1010,1010,1010,1010,1010,1010,1010,1010,505,505,505,505,505,505,505,505,505,505,505,498,505,505,505,505,505,505],"gold":3220,"neow_bonus":"HUNDRED_GOLD","is_daily":false,"chose_seed":false,"campfire_upgraded":7,"win_rate":0.0,"timestamp":1612866335,"path_taken":["R","M","M","?","?","R","T","M","$","E","M","?","?","?","M","BOSS","R","M","?","M","?","?","T","M","$","E","R","?","?","$","M","BOSS","R","M","M","?","$","?","T","R","?","$","R","$","?","?","M","BOSS","E","$","R","BOSS","BOSS"],"items_purchased_type":["Relic","Relic","Relic","Card","Card","Relic","Card","Relic","Relic","Card","Relic","Relic","Relic","Card","Relic","Relic","Card","Card","Card","Relic","Relic","Relic","Card","Card","Relic","Relic","Relic","Relic","Relic","Card","Card","Relic","Card","Relic","Relic","Relic"],"build_version":"2020-12-22","purchased_purges":0,"victory":true,"max_hp_per_floor":[1000,1000,1000,1000,1000,1000,1000,1000,1000,1000,1000,1000,1000,1000,1000,1000,1000,1000,1000,1000,1000,1000,1000,1000,1000,1000,1000,1010,1010,1010,1010,1010,1010,1010,1010,1010,1010,1010,505,505,505,505,505,505,505,505,505,505,505,505,505,505,505,505,505,505],"card_choices":[{"not_picked":["champ:GutPunch","champ:PreciseThrust"],"picked":"champ:DefensiveShout","floor":2},{"not_picked":["champ:Endure","champ:Backstep"],"picked":"champ:Shatter","floor":3},{"not_picked":["champ:FancyFootwork","champ:RapidStrikes"],"picked":"champ:BerserkerStyle","floor":5},{"not_picked":["champ:FlashCut","champ:Haymaker"],"picked":"champ:EnragedBash","floor":8},{"not_picked":["champ:PerfectedStrike","champ:Shatter"],"picked":"champ:ShieldSlam","floor":9},{"not_picked":["champ:FalseCounter","champ:EnGarde"],"picked":"champ:UltimateStance","floor":10},{"not_picked":["champ:Endure","champ:BladeFlurry"],"picked":"champ:EnragedBash","floor":11},{"not_picked":["champ:CrookedStrike","champ:Haymaker"],"picked":"champ:ViciousMockery","floor":13},{"not_picked":["champ:CrookedStrike","champ:GutPunch"],"picked":"champ:BerserkersShout","floor":15},{"not_picked":["champ:IgnorePain","champ:Improvising"],"picked":"champ:SteelEdge","floor":16},{"not_picked":["champ:BringItOn","champ:EnGarde"],"picked":"champ:Backstep+1","floor":19},{"not_picked":["champ:Haymaker","champ:GutPunch"],"picked":"champ:FocusedBerserking","floor":21},{"not_picked":["champ:BladeFlurry","champ:FocusedBerserking"],"picked":"champ:FlashCut","floor":25},{"not_picked":["champ:PerfectedStrike","champ:EnGarde+1"],"picked":"champ:FanOfKnives+1","floor":26},{"not_picked":["champ:EnGarde","champ:AdrenalArmor"],"picked":"champ:ShieldWall+1","floor":27},{"not_picked":["champ:BringItOn","champ:FancyFootwork+1","champ:TornadoPunch"],"picked":"SKIP","floor":30},{"not_picked":["champ:LastStand","champ:GladiatorStyle"],"picked":"champ:Endure+1","floor":32},{"not_picked":["champ:Improvising","champ:SwordThrow"],"picked":"champ:StrikeOfGenius","floor":33},{"not_picked":["champ:GutPunch","champ:SetATrap+1"],"picked":"champ:EndlessRage","floor":36},{"not_picked":["champ:DefensiveShout","champ:StrikeOfGenius"],"picked":"champ:RisingSlash","floor":37},{"not_picked":["champ:FocusedBerserking","champ:PerfectedStrike"],"picked":"champ:Encircle+1","floor":38},{"not_picked":["champ:Circumvent","champ:FaceSlap","champ:CalledShot"],"picked":"SKIP","floor":49},{"not_picked":["champ:Backstep","champ:PreciseThrust"],"picked":"champ:CheapShot","floor":52}],"player_experience":326616,"relics_obtained":[{"floor":7,"key":"rorgmod:Ceramic Fish"},{"floor":23,"key":"Ring of Fangs"},{"floor":23,"key":"ReplayTheSpireMod:Ring of Exchange"},{"floor":27,"key":"hubris:SphereOfDissonance"},{"floor":30,"key":"wanderingMiniBosses:CarrionFlame"},{"floor":34,"key":"CombinedTypeHook"},{"floor":34,"key":"Replay:Mystery Machine"},{"floor":40,"key":"reliquary:NewFriend"},{"floor":41,"key":"Bottled Lightning"},{"floor":47,"key":"qcfpunch:Necklace_of_Skulls"},{"floor":52,"key":"ImprovedEquipment"}],"event_choices":[{"damage_healed":0,"gold_gain":0,"player_choice":"Got Potions","damage_taken":0,"max_hp_gain":0,"max_hp_loss":0,"event_name":"Lab","floor":29,"gold_loss":0}],"is_beta":false,"boss_relics":[{"not_picked":["Transparent","construct:WeddingRing"],"picked":"Coffee Dripper"},{"not_picked":["reliquary:KinkedSpring","DiscerningMonocle"],"picked":"Calling Bell"}],"items_purged_floors":[],"is_endless":false,"potions_floor_spawned":[3,8,15,19,20,25,30,32,37,38,49],"ascension_level":0}}