{"host":"zjc1tzo4ovig5lll","time":1612895444,"event":{"mods":["AchievementEnabler","Aspiration","BaseMod","Beaked The Cultist","Better Altar","Better Match","Better Note","Better Sensory Stone","Colored Map","Colored Powertips","Conspire","Energized Spire","Friendly Minions","GifTheSpireLib","Halation","Hermit","Hubris","Minty Spire (QoL Compilation)","Rare Cards Sparkle","Reliquary","Replay The Spire","StSLib","The Blue Laboratory","The Bug Knight","The Construct","The Jungle","everything is the same but u backflip on backflip"],"gold_per_floor":[115,115,115,133,152,152,184,184,211,211,239,14,32,45,45,147,147,161,187,187,187,199,199,534,534,558,558,572,585,438,438,438,537,537,557,557,557,572,572,572,622,647,682,729,741,765,458,472,472,472,472,472,74,102,102],"floor_reached":56,"language":"ENG","playtime":2745,"items_purged":["Strike_B","Strike_B"],"score":1447,"play_id":"e7a8fcef-1106-4137-8b7c-076a6ac75bac","local_time":"20210209203044","is_ascension_mode":true,"campfire_choices":[{"data":"Zap","floor":6.0,"key":"SMITH"},{"data":"Capacitor","floor":8.0,"key":"SMITH"},{"floor":15.0,"key":"REST"},{"data":"Defragment","floor":23.0,"key":"SMITH"},{"floor":25.0,"key":"RECALL"},{"data":"Defragment","floor":32.0,"key":"SMITH"},{"data":"Buffer","floor":40.0,"key":"SMITH"},{"data":"aspiration:Polymerization","floor":45.0,"key":"SMITH"},{"data":"Defragment","floor":49.0,"key":"SMITH"},{"data":"Crystallizer","floor":52.0,"key":"SMITH"}],"circlet_count":0,"master_deck":["Strike_B","Strike_B","Defend_B","Defend_B+1","Defend_B","Defend_B","Zap+1","Dualcast","Glacier","Leap","Capacitor+1","Capacitor","Defragment+1","Machine Learning","Crystallizer+1","Self Repair","Buffer+1","aspiration:Polymerization+1","Defragment+1","Reboot","Defragment+1","Capacitor+1","Seek","Leap+1","Loop"],"relics":["Cracked Core","Mercury Hourglass","ReplayFunnel","Bag of Marbles","Art of War","Velvet Choker","Tiny Chest","halation:PinkSoulGem","Old Coin","reliquary:RosewoodLute","Meat on the Bone","hubris:RunicObelisk","halation:EternalFortune","hubris:Towel","Garlic","Calipers","MawBank","Omamori","Pocketwatch","TheAbacus","Centennial Puzzle","Toy Ornithopter"],"acts_visited":["Exordium","TheCity","TheBeyond","TheEnding"],"potions_floor_usage":[55,55,55],"damage_taken":[{"damage":0.0,"enemies":"Small Slimes","floor":1.0,"turns":3.0},{"damage":0.0,"enemies":"Jaw Worm","floor":4.0,"turns":3.0},{"damage":0.0,"enemies":"2 Louse","floor":5.0,"turns":2.0},{"damage":8.0,"enemies":"Lagavulin","floor":7.0,"turns":8.0},{"damage":35.0,"enemies":"Gremlin Nob","floor":11.0,"turns":6.0},{"damage":1.0,"enemies":"Gremlin Gang","floor":13.0,"turns":4.0},{"damage":0.0,"enemies":"Red Slaver","floor":14.0,"turns":5.0},{"damage":22.0,"enemies":"Slime Boss","floor":16.0,"turns":12.0},{"damage":22.0,"enemies":"3 Byrds","floor":18.0,"turns":4.0},{"damage":0.0,"enemies":"Spheric Guardian","floor":22.0,"turns":8.0},{"damage":4.0,"enemies":"Replay:Snechameleon","floor":24.0,"turns":8.0},{"damage":0.0,"enemies":"Centurion and Healer","floor":28.0,"turns":16.0},{"damage":11.0,"enemies":"Cultist and Chosen","floor":29.0,"turns":10.0},{"damage":8.0,"enemies":"Automaton","floor":33.0,"turns":14.0},{"damage":2.0,"enemies":"Orb Walker","floor":35.0,"turns":5.0},{"damage":15.0,"enemies":"3 Shapes","floor":38.0,"turns":5.0},{"damage":0.0,"enemies":"Mind Bloom Boss Battle","floor":41.0,"turns":8.0},{"damage":0.0,"enemies":"Giant Head","floor":42.0,"turns":14.0},{"damage":12.0,"enemies":"Reptomancer","floor":44.0,"turns":10.0},{"damage":14.0,"enemies":"Transient","floor":46.0,"turns":5.0},{"damage":0.0,"enemies":"Writhing Mass","floor":48.0,"turns":8.0},{"damage":70.0,"enemies":"Awakened One","floor":50.0,"turns":18.0},{"damage":27.0,"enemies":"Shield and Spear","floor":54.0,"turns":5.0},{"damage":44,"enemies":"The Heart","floor":55,"turns":7}],"seed_played":"2340189773200590524","potions_obtained":[{"floor":7.0,"key":"blueLaboratory:BottledHope"},{"floor":16.0,"key":"blueLaboratory:TrueEctoplasm"},{"floor":29.0,"key":"Strength Potion"},{"floor":38.0,"key":"blueLaboratory:FrostheartPotion"},{"floor":48.0,"key":"blueLaboratory:CorrosionFlask"}],"is_trial":false,"path_per_floor":["M","?","T","M","M","R","E","R","T","?","E","$","M","M","R","B",null,"M","T","?","?","M","R","E","R","T","?","M","M","$","T","R","B",null,"M","?","?","M","T","R","?","E","T","E","R","M","$","M","R","B",null,"R","$","E","B",null],"character_chosen":"DEFECT","items_purchased":["Defragment","Art of War","Defragment","TheAbacus","Seek","Loop","blueLaboratory:TeslaPotion","Centennial Puzzle"],"campfire_rested":1,"item_purchase_floors":[12,12,30,47,47,53,53,53],"current_hp_per_floor":[82,82,82,82,82,82,74,74,74,74,39,39,38,38,62,40,82,60,60,60,60,60,60,63,63,63,63,70,66,66,66,66,65,82,82,85,85,77,77,77,84,85,85,80,80,66,66,76,76,25,88,88,88,68,58],"gold":102,"neow_bonus":"TEN_PERCENT_HP_BONUS","is_daily":false,"chose_seed":false,"campfire_upgraded":8,"win_rate":0.0,"timestamp":1612895444,"path_taken":["M","?","?","M","M","R","E","R","T","?","E","$","?","M","R","BOSS","M","?","?","?","M","R","E","R","T","?","M","M","$","?","R","BOSS","M","?","?","?","?","R","?","E","T","E","R","M","$","M","R","BOSS","R","$","E","BOSS"],"items_purchased_type":["Card","Relic","Card","Relic","Card","Card","Potion","Relic"],"build_version":"2020-12-22","purchased_purges":2,"victory":true,"max_hp_per_floor":[82,82,82,82,82,82,82,82,82,82,82,82,82,82,82,82,82,82,82,82,82,82,82,82,82,82,82,82,82,82,82,82,82,82,82,85,85,85,85,85,85,85,85,85,85,85,85,88,88,88,88,88,88,88,88],"card_choices":[{"not_picked":["Stack","Steam"],"picked":"Glacier","floor":1.0},{"not_picked":["Scrape","Turbo","Rebound"],"picked":"SKIP","floor":4.0},{"not_picked":["Reboot","Turbo"],"picked":"Leap","floor":5.0},{"not_picked":["Turbo","Sunder"],"picked":"Capacitor","floor":7.0},{"not_picked":["BootSequence","ReplayTheSpireMod:GoodbyeWorld"],"picked":"Capacitor","floor":11.0},{"not_picked":["ReplaySort","Coolheaded","Barrage"],"picked":"SKIP","floor":13.0},{"not_picked":["Sweeping Beam","Cold Snap","Streamline"],"picked":"SKIP","floor":14.0},{"not_picked":["Creative AI","hubris:Prefetch"],"picked":"Machine Learning","floor":16.0},{"not_picked":["Redo","Reinforced Body+1"],"picked":"Crystallizer","floor":18.0},{"not_picked":["Streamline+1","Steam+1"],"picked":"Self Repair","floor":22.0},{"not_picked":["Streamline+1","BootSequence","BasicCrystalCard"],"picked":"SKIP","floor":24.0},{"not_picked":["Go for the Eyes","Cold Snap"],"picked":"aspiration:Polymerization","floor":28.0},{"not_picked":["Conserve Battery","Leap","Barrage"],"picked":"SKIP","floor":29.0},{"not_picked":["All For One","Fission"],"picked":"Reboot","floor":33.0},{"not_picked":["Reprogram","Redo+1","Genetic Algorithm"],"picked":"SKIP","floor":35.0},{"not_picked":["Darkness+1","Rebound+1","FIFO Queue"],"picked":"SKIP","floor":38.0},{"not_picked":["Static Discharge+1","Streamline"],"picked":"Defragment","floor":42.0},{"not_picked":["Lockon+1","Seek"],"picked":"Capacitor+1","floor":44.0},{"not_picked":["Leap","Cold Snap+1","Barrage"],"picked":"SKIP","floor":46.0},{"not_picked":["Gash","Hologram+1"],"picked":"Leap+1","floor":48.0},{"not_picked":["BasicCrystalCard","Core Surge","Chaos+1"],"picked":"SKIP","floor":54.0}],"player_experience":706896,"relics_obtained":[{"floor":3.0,"key":"Mercury Hourglass"},{"floor":7.0,"key":"ReplayFunnel"},{"floor":11.0,"key":"Bag of Marbles"},{"floor":19.0,"key":"Tiny Chest"},{"floor":24.0,"key":"Old Coin"},{"floor":26.0,"key":"reliquary:RosewoodLute"},{"floor":31.0,"key":"Meat on the Bone"},{"floor":39.0,"key":"Garlic"},{"floor":41.0,"key":"Calipers"},{"floor":42.0,"key":"MawBank"},{"floor":43.0,"key":"Omamori"},{"floor":44.0,"key":"Pocketwatch"},{"floor":48.0,"key":"halation:EternalFortune"},{"floor":54.0,"key":"Toy Ornithopter"}],"event_choices":[{"damage_healed":0.0,"max_hp_gain":0.0,"max_hp_loss":0.0,"gold_gain":0.0,"event_name":"The Woman in Blue","player_choice":"Bought 0 Potions","floor":10.0,"gold_loss":0.0,"damage_taken":0.0},{"damage_healed":0.0,"max_hp_gain":0.0,"max_hp_loss":0.0,"gold_gain":0.0,"event_name":"conspire:Investor","player_choice":"Leave","floor":20.0,"gold_loss":0.0,"damage_taken":0.0},{"damage_healed":0.0,"max_hp_gain":0.0,"max_hp_loss":0.0,"gold_gain":0.0,"event_name":"The Library","player_choice":"Read","floor":27.0,"gold_loss":0.0,"damage_taken":0.0,"cards_obtained":["Buffer"]},{"damage_healed":0.0,"max_hp_gain":0.0,"max_hp_loss":0.0,"gold_gain":0.0,"event_name":"MindBloom","player_choice":"Fight","floor":41.0,"gold_loss":0.0,"damage_taken":0.0}],"is_beta":false,"boss_relics":[{"not_picked":["conspire:RoyalGoblet","reliquary:Craggleroot"],"picked":"Velvet Choker"},{"not_picked":["aspiration:PoetsPen_weak","hubris:GrandSneckoEye"],"picked":"hubris:RunicObelisk"}],"items_purged_floors":[30,53],"is_endless":false,"potions_floor_spawned":[5,7,11,13,16,24,28,29,33,38,44,48],"ascension_level":4}}