{"host":"45elk2x1nmxetvky","time":1612872961,"event":{"mods":["BaseMod","Downfall","Minty Spire (QoL Compilation)","StSLib"],"gold_per_floor":[99,99,99,99,99,99,123,148,159,171,202,214,77,103,119,222,222,22,35,20,38,53,33,60,95,128,128,128,128,128],"floor_reached":28,"language":"ENG","playtime":1285,"items_purged":["Regret","champ:Defend"],"score":365,"play_id":"bed11100-ba60-4866-8864-505e3d7b9cdb","local_time":"20210209121601","is_ascension_mode":true,"campfire_choices":[{"floor":1,"key":"RECALL"},{"data":"champ:DeathBlow","floor":6,"key":"SMITH"},{"data":"champ:StanceDance","floor":18,"key":"SMITH"},{"data":"champ:ArenaPreparation","floor":27,"key":"SMITH"}],"circlet_count":0,"master_deck":["champ:Strike","champ:Strike","champ:Strike","champ:Strike","champ:Defend","champ:Defend+1","champ:Defend","champ:Execute","champ:Taunt+1","champ:DeathBlow+1","champ:AdrenalArmor","champ:CrownThrow","champ:CrownThrow","champ:PreciseThrust","champ:ShieldSigil","champ:FocusedBerserking","champ:StanceDance+1","champ:CalledShot","champ:BerserkersShout","champ:VampiricStrike","champ:FancyFootwork","champ:CrookedStrike","champ:Shatter","champ:ArenaPreparation+1","champ:Encircle","champ:HeartStrike","champ:DancingMaster","Slimebound:CheckThePlaybook"],"relics":["champ:ChampionCrown","downfall:HeartsMalice","champ:LiftRelic","champ:DuelingGlove","Happy Flower","Tiny Chest","Bag of Marbles","Pen Nib","champ:PowerArmor","downfall:HeartBlessingRed","downfall:HeartBlessingGreen","champ:SpectersHand","Nunchaku","War Paint","Red Mask"],"acts_visited":["Exordium","TheCity"],"potions_floor_usage":[11,14,16,25],"damage_taken":[{"damage":0,"enemies":"Jaw Worm","floor":2,"turns":1},{"damage":0,"enemies":"Small Slimes","floor":4,"turns":1},{"damage":0,"enemies":"3 Sentries","floor":8,"turns":1},{"damage":26,"enemies":"Cultist","floor":9,"turns":3},{"damage":3,"enemies":"2 Fungi Beasts","floor":10,"turns":2},{"damage":51,"enemies":"Lagavulin","floor":11,"turns":4},{"damage":29,"enemies":"Red Slaver","floor":12,"turns":2},{"damage":43,"enemies":"downfall:FleeingMerchant","floor":13,"turns":4},{"damage":30,"enemies":"Gremlin Nob","floor":14,"turns":2},{"damage":26,"enemies":"Exordium Thugs","floor":15,"turns":2},{"damage":49,"enemies":"SI_SHIV_ARCHETYPE","floor":16,"turns":4},{"damage":37,"enemies":"Chosen","floor":19,"turns":2},{"damage":20,"enemies":"downfall:FleeingMerchant","floor":20,"turns":4},{"damage":40,"enemies":"3 Byrds","floor":21,"turns":4},{"damage":10,"enemies":"Snecko","floor":22,"turns":2},{"damage":35,"enemies":"downfall:FleeingMerchant","floor":23,"turns":3},{"damage":42,"enemies":"Slavers","floor":25,"turns":4},{"damage":20,"enemies":"Masked Bandits","floor":26,"turns":2}],"seed_played":"-9004106593850377591","potions_obtained":[{"floor":8,"key":"PowerPotion"},{"floor":10,"key":"BlessingOfTheForge"},{"floor":11,"key":"Strength Potion"},{"floor":12,"key":"AttackPotion"},{"floor":14,"key":"SneckoOil"},{"floor":25,"key":"champ:TechniquePotion"},{"floor":26,"key":"champ:TechniquePotion"}],"is_trial":false,"path_per_floor":["R","M","?","M","?","R","T","E","M","M","E","M","$","E","M","B",null,"R","M","$","M","M","$","T","E","?","R","?"],"character_chosen":"THE_CHAMP","items_purchased":["champ:StanceDance","champ:SpectersHand"],"campfire_rested":0,"item_purchase_floors":[13,23],"current_hp_per_floor":[90,90,90,90,90,90,90,90,89,86,60,46,38,38,37,23,90,90,78,78,58,58,43,43,21,21,21,0,0,0],"gold":128,"neow_bonus":"THREE_ENEMY_KILL","is_daily":false,"chose_seed":false,"campfire_upgraded":3,"win_rate":0.0,"timestamp":1612872961,"path_taken":["R","M","?","M","?","R","T","E","M","M","E","M","$","E","M","BOSS","R","M","$","M","M","$","T","E","?","R","?"],"items_purchased_type":["Card","Relic"],"build_version":"2020-12-22","purchased_purges":2,"victory":false,"max_hp_per_floor":[90,90,90,90,90,90,90,90,90,90,90,90,90,90,90,90,90,90,90,90,90,90,90,90,90,90,90,90,90,90],"card_choices":[{"not_picked":["champ:FocusedBerserking","champ:RageSigil"],"picked":"champ:DeathBlow","floor":2},{"not_picked":["champ:Encircle","champ:Endure"],"picked":"champ:AdrenalArmor","floor":4},{"not_picked":["champ:ShieldWall","champ:GutPunch","champ:HeavySlash"],"picked":"SKIP","floor":8},{"not_picked":["champ:GutPunch","champ:DefensiveShout"],"picked":"champ:CrownThrow","floor":9},{"not_picked":["champ:DefensiveShout","champ:Haymaker"],"picked":"champ:CrownThrow","floor":10},{"not_picked":["champ:Parry","champ:Circumvent"],"picked":"champ:PreciseThrust","floor":11},{"not_picked":["champ:GutPunch","champ:Haymaker"],"picked":"champ:ShieldSigil","floor":12},{"not_picked":["champ:RecklessLeap","champ:PreciseThrust"],"picked":"champ:FocusedBerserking","floor":13},{"not_picked":["champ:CrownThrow","champ:RisingSlash"],"picked":"champ:CalledShot","floor":14},{"not_picked":["champ:BringItOn","champ:AdrenalArmor"],"picked":"champ:BerserkersShout","floor":15},{"not_picked":["champ:EnchantSword","champ:HoldFirm"],"picked":"champ:VampiricStrike","floor":16},{"not_picked":["champ:DefensiveShout","champ:Backstep+1"],"picked":"champ:FancyFootwork","floor":19},{"not_picked":["champ:FanOfKnives+1","champ:IronFortress"],"picked":"champ:CrookedStrike","floor":20},{"not_picked":["champ:EnGarde+1","champ:Haymaker"],"picked":"champ:Shatter","floor":21},{"not_picked":["champ:SteelEdge","champ:AdrenalArmor"],"picked":"champ:ArenaPreparation","floor":22},{"not_picked":["champ:FocusedDefense+1","champ:BerserkersShout"],"picked":"champ:Encircle","floor":23},{"not_picked":["champ:FaceSlap","champ:CrownThrow"],"picked":"champ:HeartStrike","floor":25},{"not_picked":["champ:AdrenalArmor","champ:FanOfKnives+1"],"picked":"champ:DancingMaster","floor":26}],"player_experience":413381,"relics_obtained":[{"floor":7,"key":"Happy Flower"},{"floor":8,"key":"Tiny Chest"},{"floor":11,"key":"Bag of Marbles"},{"floor":14,"key":"Pen Nib"},{"floor":24,"key":"Nunchaku"},{"floor":25,"key":"War Paint"},{"floor":26,"key":"Red Mask"}],"event_choices":[{"damage_healed":0,"gold_gain":0,"player_choice":"Box","damage_taken":0,"relics_obtained":["champ:DuelingGlove"],"max_hp_gain":0,"max_hp_loss":0,"event_name":"Big Fish","floor":5,"gold_loss":0,"cards_obtained":["Regret"]},{"damage_healed":0,"gold_gain":0,"player_choice":"Fought Bandits","damage_taken":0,"max_hp_gain":0,"max_hp_loss":0,"event_name":"Masked Bandits","floor":26,"gold_loss":0}],"is_beta":false,"boss_relics":[{"not_picked":["Cursed Key","Runic Pyramid"],"picked":"champ:PowerArmor"}],"items_purged_floors":[13,23],"is_endless":false,"potions_floor_spawned":[8,10,11,12,14,25,26],"ascension_level":4}}