{"host":"rolltorest","time":1612833169,"event":{"mods":["BaseMod","Minty Spire (QoL Compilation)","Relic Stats","Slay the Relics Exporter","StSLib"],"gold_per_floor":[111,127,52,202,202,217,250,261,261,261,261,261],"floor_reached":11,"language":"ENG","playtime":109,"items_purged":[],"score":146,"play_id":"9d0c613a-aa15-47c5-95c2-5cf6edab78b4","local_time":"20210208171249","is_ascension_mode":true,"campfire_choices":[{"data":"SandsOfTime","floor":10,"key":"SMITH"}],"circlet_count":0,"master_deck":["AscendersBane","Strike_P","Strike_P","Strike_P","Defend_P","Defend_P","Defend_P","Defend_P","Eruption","Vigilance","FearNoEvil","SandsOfTime+1","Doubt","CutThroughFate","Halt","BowlingBash"],"relics":["PureWater","NeowsBlessing","Blue Candle","MealTicket","Darkstone Periapt"],"acts_visited":["Exordium"],"potions_floor_usage":[7],"damage_taken":[{"damage":0,"enemies":"Jaw Worm","floor":1,"turns":1},{"damage":0,"enemies":"Small Slimes","floor":2,"turns":1},{"damage":0,"enemies":"Cultist","floor":6,"turns":1},{"damage":16,"enemies":"Gremlin Nob","floor":7,"turns":3},{"damage":11,"enemies":"Red Slaver","floor":8,"turns":2},{"damage":0,"enemies":"3 Sentries","floor":11,"turns":1}],"seed_played":"1559384798108991979","potions_obtained":[{"floor":1,"key":"FearPotion"},{"floor":2,"key":"BlessingOfTheForge"},{"floor":8,"key":"FearPotion"}],"is_trial":false,"path_per_floor":["M","M","?","?","T","M","E","M","T","R","E"],"character_chosen":"WATCHER","items_purchased":[],"campfire_rested":0,"item_purchase_floors":[],"current_hp_per_floor":[61,61,61,61,61,61,45,34,34,34,34,34],"gold":261,"neow_bonus":"THREE_ENEMY_KILL","is_daily":false,"chose_seed":false,"campfire_upgraded":1,"win_rate":0.0,"timestamp":1612833169,"path_taken":["M","M","?","?","?","M","E","M","T","R","E"],"items_purchased_type":[],"build_version":"2020-12-18","purchased_purges":0,"victory":false,"max_hp_per_floor":[68,68,68,68,68,68,68,68,68,68,68,68],"relic_stats":{"Darkstone Periapt":0,"counters":[6,9],"Blue Candle":[0],"MealTicket":0,"obtain_stats":[{"Darkstone Periapt":9,"NeowsBlessing":0,"Blue Candle":5,"MealTicket":7,"PureWater":0},{"Darkstone Periapt":5,"NeowsBlessing":0,"Blue Candle":2,"MealTicket":4,"PureWater":0},{"Darkstone Periapt":8,"NeowsBlessing":0,"Blue Candle":2,"MealTicket":6,"PureWater":0}]},"card_choices":[{"not_picked":["Adaptation","JustLucky"],"picked":"FearNoEvil","floor":1},{"not_picked":["ClearTheMind","LikeWater"],"picked":"SandsOfTime","floor":2},{"not_picked":["CrushJoints","Prostrate"],"picked":"CutThroughFate","floor":6},{"not_picked":["CrushJoints","MasterReality"],"picked":"Halt","floor":7},{"not_picked":["Vengeance","Halt"],"picked":"BowlingBash","floor":8}],"player_experience":1929137,"relics_obtained":[{"floor":5,"key":"Blue Candle"},{"floor":7,"key":"MealTicket"},{"floor":9,"key":"Darkstone Periapt"}],"event_choices":[{"cards_removed":["Strike_P"],"damage_healed":0,"gold_gain":0,"player_choice":"Card Removal","damage_taken":0,"max_hp_gain":0,"max_hp_loss":0,"event_name":"The Cleric","floor":3,"gold_loss":75},{"damage_healed":0,"gold_gain":150,"player_choice":"AGREE","damage_taken":0,"max_hp_gain":0,"max_hp_loss":0,"event_name":"Liars Game","floor":4,"gold_loss":0,"cards_obtained":["Doubt"]}],"is_beta":true,"boss_relics":[],"items_purged_floors":[],"is_endless":false,"potions_floor_spawned":[1,2,8],"killed_by":"3 Sentries","ascension_level":20}}