{"host":"72j3if4hls1tefkc","time":1612906539,"event":{"mods":["AchievementEnabler","Always Whale","Aspiration","BaseMod","Beaked The Cultist","Colored Map","Conspire","FetchMod","Halation","Hermit","Hubris","Infinite Spire","Minty Spire (QoL Compilation)","Reliquary","Replay The Spire","Shop Mod","StSLib","The Construct","The Cursed","The Jungle","The Marked","The Necromancer","The Poker Player"],"gold_per_floor":[112,112,132,143,143,170,170,170,221,239,239,249,69,23,23,121,121,141,154,154,169,169,169,199,21,69,69,69,69,85,99,99,202,202,221,238,178,178,417,417,437,462,462,89,106,106,124,124,124,124],"floor_reached":51,"language":"ENG","playtime":2051,"items_purged":["TheCursedMod:RavingStaff","TheCursedMod:UltimatePain"],"score":1194,"play_id":"e97813d7-dc22-4c23-a5cd-b8107c8adc36","local_time":"20210209143539","is_ascension_mode":true,"campfire_choices":[{"data":"TheCursedMod:UltimatePain","floor":8,"key":"SMITH"},{"data":"TheCursedMod:CursedSpellbook","floor":11,"key":"SMITH"},{"data":"TheCursedMod:CircleOfAbyss","floor":15,"key":"SMITH"},{"data":"TheCursedMod:VitalStrike","floor":23,"key":"SMITH"},{"data":"Mayhem","floor":27,"key":"SMITH"},{"data":"TheCursedMod:CircleOfAmplification","floor":32,"key":"SMITH"},{"data":"TheCursedMod:CleanUpWorkshop","floor":40,"key":"SMITH"},{"data":"TheCursedMod:LuckyCharm","floor":46,"key":"SMITH"},{"data":"Dramatic Entrance","floor":46,"key":"SMITH"},{"data":"TheCursedMod:SpitefulPlan","floor":49,"key":"SMITH"},{"data":"TheCursedMod:WearCloak","floor":49,"key":"SMITH"}],"circlet_count":0,"master_deck":["TheCursedMod:CleanUpWorkshop+1","TheCursedMod:Wield","TheCursedMod:CursedSpellbook+1","TheCursedMod:CursedBoomerang+1","TheCursedMod:BlessingInDisguise","TheCursedMod:SpitefulPlan+1","TheCursedMod:CircleOfAmplification+1","TheCursedMod:CircleOfAbyss+1","TheCursedMod:OutForBlood","TheCursedMod:UltimatePain+1","TheCursedMod:SurpriseAttack","TheCursedMod:SpitefulStrike","TheCursedMod:ReleasedStrength","TheCursedMod:LuckyCharm+1","TheCursedMod:VitalStrike+1","Mayhem+1","ReplayTheSpireMod:Splinters","Shame","TheCursedMod:CursedBlade","TheCursedMod:Hemoplague+1","hubris:Lust","TheCursedMod:WearCloak+1","Dramatic Entrance+1"],"relics":["TheCursedMod:BloodyHarpoon","NeowsBlessing","reliquary:SilkGlove","Mercury Hourglass","Blood Vial","Cursed Key","Replay:Bottled Flurry","construct:WeddingRing","hubris:Towel","Matryoshka","Pen Nib","MealTicket","beaked:ShinyBauble","hubris:BottledHeart","conspire:SpecialSausage","halation:PinkSoulGem","reliquary:TuningFork","hubris:SphereOfDissonance","Replay:Arrowhead"],"acts_visited":["Exordium","TheCity","TheBeyond"],"potions_floor_usage":[16,24,24,30,45,47,47,50],"damage_taken":[{"damage":0,"enemies":"Jaw Worm","floor":1,"turns":1},{"damage":0,"enemies":"Cultist","floor":3,"turns":1},{"damage":0,"enemies":"Small Slimes","floor":4,"turns":1},{"damage":38,"enemies":"3 Sentries","floor":6,"turns":6},{"damage":0,"enemies":"Blue Slaver","floor":10,"turns":2},{"damage":0,"enemies":"2 Fungi Beasts","floor":12,"turns":2},{"damage":0,"enemies":"Hexaghost","floor":16,"turns":4},{"damage":2,"enemies":"Spheric Guardian","floor":18,"turns":4},{"damage":4,"enemies":"Chosen","floor":19,"turns":3},{"damage":0,"enemies":"Centurion and Healer","floor":21,"turns":3},{"damage":27,"enemies":"Slavers","floor":24,"turns":3},{"damage":0,"enemies":"Snake Plant","floor":30,"turns":3},{"damage":0,"enemies":"Chosen and Byrds","floor":31,"turns":5},{"damage":0,"enemies":"Champ","floor":33,"turns":4},{"damage":0,"enemies":"3 Darklings","floor":35,"turns":3},{"damage":0,"enemies":"Orb Walker","floor":36,"turns":1},{"damage":0,"enemies":"Jaw Worm Horde","floor":41,"turns":3},{"damage":0,"enemies":"R_Hoarder","floor":42,"turns":4},{"damage":0,"enemies":"3 Darklings","floor":45,"turns":2},{"damage":0,"enemies":"Sphere and 2 Shapes","floor":47,"turns":3},{"damage":0,"enemies":"Awakened One","floor":50,"turns":6}],"seed_played":"3828420178226210284","potions_obtained":[{"floor":6,"key":"Adrenaline Potion"},{"floor":10,"key":"SteroidPotion"},{"floor":16,"key":"Weak Potion"},{"floor":21,"key":"Explosive Potion"},{"floor":24,"key":"PowerPotion"},{"floor":31,"key":"Regen Potion"},{"floor":39,"key":"DistilledChaos"},{"floor":39,"key":"Energy Potion"},{"floor":41,"key":"FearPotion"},{"floor":45,"key":"Explosive Potion"},{"floor":47,"key":"Fruit Juice"}],"is_trial":false,"path_per_floor":["M","?","M","M","T","E","?","R","T","M","R","M","$","?","R","B",null,"M","M","AVR","M","?","R","E","$","T","R","?","?","M","M","R","B",null,"M","M","$","?","?","R","M","E","T","$","M","R","M","?","R","B",null],"character_chosen":"THE_CURSED","items_purchased":["TheCursedMod:ReleasedStrength","TheCursedMod:LuckyCharm","Mayhem","TheCursedMod:Hemoplague+1","Replay:Arrowhead","Dramatic Entrance"],"campfire_rested":0,"item_purchase_floors":[13,13,25,37,44,44],"current_hp_per_floor":[75,75,75,75,75,37,37,37,37,39,39,41,41,41,41,43,75,73,71,71,73,73,73,48,48,48,48,48,1,1,1,1,1,1,1,1,1,1,1,1,1,1,1,1,1,1,1,1,1,1],"gold":124,"neow_bonus":"THREE_ENEMY_KILL","is_daily":false,"chose_seed":false,"campfire_upgraded":11,"win_rate":0.0,"timestamp":1612906539,"path_taken":["M","?","?","?","?","E","?","R","T","M","R","M","$","?","R","BOSS","M","M","AVR","M","?","R","E","$","T","R","?","?","?","M","R","BOSS","M","M","$","?","?","R","M","E","T","$","M","R","M","?","R","BOSS"],"items_purchased_type":["Card","Card","Card","Card","Relic","Card"],"build_version":"2020-12-22","purchased_purges":2,"victory":true,"max_hp_per_floor":[75,75,75,75,75,75,75,75,75,75,75,75,75,75,75,75,75,75,75,75,75,75,75,75,75,75,75,75,1,1,1,1,1,1,1,1,1,1,1,1,1,1,1,1,1,1,1,1,1,1],"card_choices":[{"not_picked":["TheCursedMod:CursedAmulet","TheCursedMod:Obscuration","TheCursedMod:Wield"],"picked":"SKIP","floor":1},{"not_picked":["TheCursedMod:Wield","TheCursedMod:CircleOfFlame"],"picked":"TheCursedMod:RavingStaff","floor":3},{"not_picked":["TheCursedMod:SpitefulPlan","TheCursedMod:FuryStrike","TheCursedMod:SmokeScreen"],"picked":"SKIP","floor":4},{"not_picked":["TheCursedMod:SpitefulStrike","TheCursedMod:CursedShiv"],"picked":"TheCursedMod:SurpriseAttack","floor":6},{"not_picked":["TheCursedMod:SpreadPlague","TheCursedMod:CursedSpellbook"],"picked":"TheCursedMod:SpitefulStrike","floor":10},{"not_picked":["TheCursedMod:CircleOfFocus","TheCursedMod:BloodBarrier","TheCursedMod:CursedStaff"],"picked":"SKIP","floor":12},{"not_picked":["TheCursedMod:Neurasthenia","TheCursedMod:DemonicPact"],"picked":"TheCursedMod:UltimatePain","floor":16},{"not_picked":["TheCursedMod:AbyssShockwave","TheCursedMod:SoulCrush+1","TheCursedMod:SmokeScreen+1"],"picked":"SKIP","floor":18},{"not_picked":["TheCursedMod:Obscuration","TheCursedMod:CursedAmulet"],"picked":"TheCursedMod:VitalStrike","floor":19},{"not_picked":["TheCursedMod:CircleOfCorruption","TheCursedMod:SoulCrush","TheCursedMod:FuryStrike"],"picked":"SKIP","floor":21},{"not_picked":["TheCursedMod:ReleasedStrength","TheCursedMod:FuryStrike"],"picked":"TheCursedMod:SpitefulStrike+1","floor":24},{"not_picked":["TheCursedMod:HellsGateOpen","TheCursedMod:SoulCrush+1","TheCursedMod:CursedSpellbook+1"],"picked":"SKIP","floor":30},{"not_picked":["TheCursedMod:CircleOfFlame+1","TheCursedMod:Wield"],"picked":"TheCursedMod:CursedBlade","floor":31},{"not_picked":["TheCursedMod:Stretching","TheCursedMod:Obscuration","TheCursedMod:StingEye+1"],"picked":"SKIP","floor":35},{"not_picked":["TheCursedMod:SmokeScreen+1","TheCursedMod:SpitefulPlan+1","TheCursedMod:Evocation+1"],"picked":"SKIP","floor":36},{"not_picked":["TheCursedMod:SmokeScreen+1","TheCursedMod:DoubleShield+1"],"picked":"TheCursedMod:WearCloak","floor":39},{"not_picked":["TheCursedMod:FleshFromBone+1","TheCursedMod:SpitefulPray+1","TheCursedMod:CircleOfAmplification+1"],"picked":"SKIP","floor":41},{"not_picked":["TheCursedMod:PrepareRite+1","TheCursedMod:RapidMovement+1","TheCursedMod:CursedMace"],"picked":"SKIP","floor":42},{"not_picked":["TheCursedMod:FleshFromBone+1","TheCursedMod:Grudge+1","TheCursedMod:UltimatePain"],"picked":"SKIP","floor":45},{"not_picked":["TheCursedMod:DoubleShield+1","TheCursedMod:AbyssShockwave+1","TheCursedMod:SpreadPlague+1"],"picked":"SKIP","floor":47}],"player_experience":414244,"relics_obtained":[{"floor":5,"key":"reliquary:SilkGlove"},{"floor":6,"key":"Mercury Hourglass"},{"floor":9,"key":"Blood Vial"},{"floor":24,"key":"Matryoshka"},{"floor":26,"key":"Pen Nib"},{"floor":26,"key":"MealTicket"},{"floor":39,"key":"reliquary:TuningFork"},{"floor":42,"key":"hubris:SphereOfDissonance"}],"event_choices":[{"damage_healed":0,"gold_gain":0,"player_choice":"Left Gold","damage_taken":0,"max_hp_gain":0,"max_hp_loss":0,"event_name":"World of Goop","floor":14,"gold_loss":46},{"damage_healed":0,"gold_gain":0,"player_choice":"Stole Relic","damage_taken":0,"relics_obtained":["beaked:ShinyBauble"],"max_hp_gain":0,"max_hp_loss":0,"event_name":"Addict","floor":28,"gold_loss":0,"cards_obtained":["Shame"]},{"cards_removed":["TheCursedMod:SpitefulStrike"],"damage_healed":0,"gold_gain":0,"player_choice":"Removed Attack","damage_taken":0,"max_hp_gain":0,"max_hp_loss":0,"event_name":"Falling","floor":48,"gold_loss":0}],"is_beta":false,"boss_relics":[{"not_picked":["Sozu","TheCursedMod:FourLeafCloverCharm"],"picked":"Cursed Key"},{"not_picked":["reliquary:KinkedSpring","hubris:RunicObelisk"],"picked":"conspire:SpecialSausage"}],"items_purged_floors":[13,20],"is_endless":false,"potions_floor_spawned":[6,10,16,21,24,31,41,42,45,47],"ascension_level":4}}