{"host":"Doisman","time":1612838021,"event":{"mods":["AchievementEnabler","BaseMod","Better Note","Curses Come First","Minty Spire (QoL Compilation)","Permanent Neow","Relic Stats","Replay The Spire","StSLib"],"gold_per_floor":[114,114,69,84,99,129,129,144,144,174,204,204,234,234,234,334,334,349,259,274,289,139,139,169,169,194,209,69,69,99,114,114,214,214,229,244,259,259,7,37,37,67,92,92,107,137,167,182,182,182],"floor_reached":51,"language":"ENG","playtime":2775,"items_purged":[],"score":1208,"play_id":"e5675863-61e0-43ec-b833-5a6ee43325e5","local_time":"20210208203341","daily_mods":["Draft","Hoarder","DeadlyEvents"],"is_ascension_mode":false,"campfire_choices":[{"data":"Backstab","floor":7,"key":"SMITH"},{"data":"Adrenaline","floor":12,"key":"SMITH"},{"floor":15,"key":"REST"},{"data":"Adrenaline","floor":23,"key":"SMITH"},{"data":"Adrenaline","floor":25,"key":"SMITH"},{"floor":32,"key":"REST"},{"data":"After Image","floor":44,"key":"SMITH"},{"data":"Pain","floor":49,"key":"PURGE"}],"circlet_count":0,"master_deck":["Blade Dance+1","Blade Dance","Blade Dance","Leg Sweep","Leg Sweep","Leg Sweep","Accuracy","Accuracy","Accuracy","Sucker Punch","Sucker Punch","Sucker Punch","Cloak And Dagger","Cloak And Dagger","Cloak And Dagger","Prepared","Prepared","Prepared","Dagger Throw","Dagger Throw","Dagger Throw","Cloak And Dagger","Cloak And Dagger","Cloak And Dagger","Blade Dance","Blade Dance","Blade Dance","Hidden Blade","Hidden Blade","Hidden Blade","Well Laid Plans","Well Laid Plans","Well Laid Plans","Blade Dance","Blade Dance","Blade Dance","Backstab+1","Backstab","Backstab","Slice","Slice","Slice","Prepared+1","Prepared+1","Prepared","Backflip","Backflip","Backflip","Pain","Backflip","Backflip","Backflip","Deflect","Deflect","Deflect","Adrenaline+1","Adrenaline+1","Adrenaline+1","Backflip","Backflip","Backflip","Choke+1","Choke+1","Choke+1","Adrenaline+1","Adrenaline+1","Adrenaline+1","After Image+1","After Image","After Image","Burst","Burst","Burst","ReplayTheSpireMod:Scrap Shanks+1","ReplayTheSpireMod:Scrap Shanks+1","ReplayTheSpireMod:Scrap Shanks+1","Footwork","Footwork","Footwork","Dodge and Roll","Dodge and Roll","Dodge and Roll","Cloak And Dagger+1","Cloak And Dagger+1","Cloak And Dagger+1","ReplayTheSpireMod:Speed Training","ReplayTheSpireMod:Speed Training","ReplayTheSpireMod:Speed Training"],"relics":["Ring of the Snake","WarpedTongs","Pen Nib","Regal Pillow","Replay:Bottled Flurry","ReplayFunnel","Omamori","Ginger","ChewingGum","DollysMirror","Snack Pack","Akabeko","War Paint","Busted Crown","Bag of Marbles","White Beast Statue","Strawberry","Vajra","StrikeDummy","Peace Pipe"],"acts_visited":["Exordium","TheCity","TheBeyond"],"potions_floor_usage":[6,16,16,24,37,40,48,50,50],"damage_taken":[{"damage":0,"enemies":"Small Slimes","floor":1,"turns":1},{"damage":1,"enemies":"Cultist","floor":4,"turns":2},{"damage":2,"enemies":"2 Louse","floor":5,"turns":2},{"damage":7,"enemies":"Gremlin Nob","floor":6,"turns":2},{"damage":0,"enemies":"Exordium Thugs","floor":8,"turns":2},{"damage":1,"enemies":"Replay:BlueRogue","floor":10,"turns":4},{"damage":2,"enemies":"Lagavulin","floor":11,"turns":5},{"damage":7,"enemies":"Replay:BlueRogue","floor":13,"turns":4},{"damage":30,"enemies":"Fading Forest","floor":16,"turns":11},{"damage":0,"enemies":"Shell Parasite","floor":18,"turns":2},{"damage":1,"enemies":"2 Thieves","floor":20,"turns":2},{"damage":1,"enemies":"Snecko","floor":21,"turns":3},{"damage":9,"enemies":"Gremlin Leader","floor":24,"turns":4},{"damage":0,"enemies":"Centurion and Healer","floor":27,"turns":2},{"damage":0,"enemies":"Replay:Snechameleon","floor":30,"turns":2},{"damage":6,"enemies":"3 Cultists","floor":31,"turns":3},{"damage":37,"enemies":"Automaton","floor":33,"turns":5},{"damage":7,"enemies":"3 Darklings","floor":35,"turns":5},{"damage":4,"enemies":"Orb Walker","floor":36,"turns":1},{"damage":10,"enemies":"4 Shapes","floor":37,"turns":3},{"damage":0,"enemies":"Reptomancer","floor":40,"turns":1},{"damage":8,"enemies":"Giant Head","floor":42,"turns":2},{"damage":0,"enemies":"3 Darklings","floor":45,"turns":1},{"damage":13,"enemies":"Reptomancer","floor":46,"turns":3},{"damage":0,"enemies":"Nemesis","floor":47,"turns":3},{"damage":0,"enemies":"Spire Growth","floor":48,"turns":2},{"damage":7,"enemies":"Awakened One","floor":50,"turns":8}],"seed_played":"-878916022338446095","potions_obtained":[{"floor":1,"key":"BlessingOfTheForge"},{"floor":6,"key":"Weak Potion"},{"floor":8,"key":"PowerPotion"},{"floor":13,"key":"Toxic Potion"},{"floor":16,"key":"Explosive Potion"},{"floor":24,"key":"LiquidMemories"},{"floor":27,"key":"Milkshake"},{"floor":36,"key":"Energy Potion"},{"floor":37,"key":"Adrenaline Potion"},{"floor":42,"key":"BlessingOfTheForge"},{"floor":47,"key":"Energy Potion"},{"floor":48,"key":"Strength Potion"}],"is_trial":false,"path_per_floor":["M","?","$","M","M","E","R","M","T","E","E","R","E","?","R","B",null,"M","?","M","M","$","R","E","R","T","M","$","$","E","M","R","B",null,"M","M","M","?","$","E","$","E","T","R","M","E","E","M","R","B",null],"character_chosen":"THE_SILENT","items_purchased":["Backflip","DollysMirror","Burst","Bag of Marbles","Footwork","Dodge and Roll"],"campfire_rested":2,"item_purchase_floors":[3,22,28,39,39,39],"current_hp_per_floor":[70,70,70,69,67,60,60,60,60,59,57,57,50,38,70,52,70,70,70,69,68,68,68,59,59,59,63,63,63,70,64,70,47,70,66,64,63,63,63,69,69,71,71,71,77,71,77,77,77,77],"gold":182,"neow_bonus":"","is_daily":true,"chose_seed":false,"campfire_upgraded":5,"win_rate":0.0,"timestamp":1612838021,"path_taken":["M","?","$","?","M","E","R","M","T","E","?","R","?","?","R","BOSS","M","?","M","M","$","R","E","R","T","?","?","$","?","M","R","BOSS","M","M","?","?","$","E","$","E","T","R","?","E","?","M","R","BOSS"],"items_purchased_type":["Card","Relic","Card","Relic","Card","Card"],"build_version":"2020-12-18","purchased_purges":0,"victory":true,"max_hp_per_floor":[70,70,70,70,70,70,70,70,70,70,70,70,70,70,70,70,70,70,70,70,70,70,70,70,70,70,70,70,70,70,70,70,70,70,70,70,70,70,70,70,70,77,77,77,77,77,77,77,77,77],"relic_stats":{"Peace Pipe":1,"Regal Pillow":11,"Busted Crown":18,"counters":[27,85],"Pen Nib":[40],"Ginger":[3],"War Paint":["Blade Dance","Prepared"],"obtain_stats":[{"ReplayFunnel":11,"Regal Pillow":9,"Vajra":43,"Pen Nib":6,"Omamori":13,"Ginger":14,"War Paint":30,"Akabeko":26,"White Beast Statue":40,"WarpedTongs":2,"Peace Pipe":47,"Busted Crown":34,"DollysMirror":22,"Strawberry":42,"ChewingGum":17,"Replay:Bottled Flurry":10,"Snack Pack":24,"Bag of Marbles":39,"StrikeDummy":46,"Ring of the Snake":0},{"ReplayFunnel":7,"Regal Pillow":5,"Vajra":22,"Pen Nib":4,"Omamori":8,"Ginger":8,"War Paint":15,"Akabeko":13,"White Beast Statue":21,"WarpedTongs":1,"Peace Pipe":25,"Busted Crown":17,"DollysMirror":12,"Strawberry":22,"ChewingGum":9,"Replay:Bottled Flurry":6,"Snack Pack":13,"Bag of Marbles":20,"StrikeDummy":24,"Ring of the Snake":0},{"ReplayFunnel":18,"Regal Pillow":9,"Vajra":68,"Pen Nib":7,"Omamori":22,"Ginger":22,"War Paint":48,"Akabeko":44,"White Beast Statue":66,"WarpedTongs":1,"Peace Pipe":75,"Busted Crown":56,"DollysMirror":40,"Strawberry":68,"ChewingGum":33,"Replay:Bottled Flurry":13,"Snack Pack":44,"Bag of Marbles":65,"StrikeDummy":72,"Ring of the Snake":0}],"Ring of the Snake":[54],"WarpedTongs":[84]},"card_choices":[{"not_picked":["Catalyst","Dagger Spray"],"picked":"Blade Dance","floor":0},{"not_picked":["Prepared","ReplayTheSpireMod:Speed Training"],"picked":"Leg Sweep","floor":0},{"not_picked":["Acrobatics","Hidden Blade"],"picked":"Accuracy","floor":0},{"not_picked":["Deadly Poison","Catalyst"],"picked":"Sucker Punch","floor":0},{"not_picked":["Poisoned Stab","ReplayTheSpireMod:Scrap Shanks"],"picked":"Cloak And Dagger","floor":0},{"not_picked":["Deadly Poison","Flying Knee"],"picked":"Prepared","floor":0},{"not_picked":["Catalyst","Outmaneuver"],"picked":"Dagger Throw","floor":0},{"not_picked":["Acrobatics","Blade Dance"],"picked":"Cloak And Dagger","floor":0},{"not_picked":["Deadly Poison","Deflect"],"picked":"Blade Dance","floor":0},{"not_picked":["Sucker Punch","Acrobatics"],"picked":"Hidden Blade","floor":0},{"not_picked":["Slice","Calculated Gamble"],"picked":"Well Laid Plans","floor":0},{"not_picked":["Dodge and Roll","Poisoned Stab"],"picked":"Blade Dance","floor":0},{"not_picked":["Dagger Throw","Quick Slash"],"picked":"Backstab","floor":0},{"not_picked":["Outmaneuver","Poisoned Stab"],"picked":"Slice","floor":0},{"not_picked":["Flying Knee","Dagger Throw"],"picked":"Prepared","floor":0},{"not_picked":["Blade Dance","Deflect"],"picked":"Backflip","floor":1},{"not_picked":["Hidden Blade","Underhanded Strike","Masterful Stab"],"picked":"SKIP","floor":4},{"not_picked":["Dagger Spray","Sucker Punch"],"picked":"Deflect","floor":5},{"not_picked":["Replay:Poison Smokescreen","Wraith Form v2","Draining Mist"],"picked":"SKIP","floor":6},{"not_picked":["Dagger Spray","Finisher","Outmaneuver"],"picked":"SKIP","floor":8},{"not_picked":["Distraction","Poison Darts","Replay:Poison Smokescreen"],"picked":"SKIP","floor":10},{"not_picked":["Underhanded Strike","Blade Dance"],"picked":"Adrenaline","floor":11},{"not_picked":["ReplayTheSpireMod:Shiv Toss","Eviscerate","Prepared"],"picked":"SKIP","floor":13},{"not_picked":["Eviscerate","Bane+1"],"picked":"Backflip","floor":18},{"not_picked":["Dodge and Roll","Catalyst"],"picked":"Choke+1","floor":20},{"not_picked":["Prepared","Flying Knee+1","Bane"],"picked":"SKIP","floor":21},{"not_picked":["Backstab","Flying Knee","Heel Hook+1"],"picked":"SKIP","floor":24},{"not_picked":["Heel Hook+1","Dodge and Roll"],"picked":"After Image","floor":27},{"not_picked":["Poisoned Stab","Toxin Wave","Dagger Throw+1"],"picked":"SKIP","floor":30},{"not_picked":["Terror","Skewer","Replay:Poison Smokescreen"],"picked":"SKIP","floor":31},{"not_picked":["Sucker Punch"],"picked":"SKIP","floor":35},{"not_picked":[],"picked":"ReplayTheSpireMod:Scrap Shanks+1","floor":36},{"not_picked":["Flying Knee"],"picked":"SKIP","floor":37},{"not_picked":["Bane+1"],"picked":"SKIP","floor":40},{"not_picked":[],"picked":"Cloak And Dagger+1","floor":42},{"not_picked":["Deadly Poison+1"],"picked":"SKIP","floor":45},{"not_picked":["Sucker Punch"],"picked":"SKIP","floor":46},{"not_picked":[],"picked":"ReplayTheSpireMod:Speed Training","floor":47},{"not_picked":["Dagger Throw"],"picked":"SKIP","floor":48}],"player_experience":1091308,"relics_obtained":[{"floor":6,"key":"Pen Nib"},{"floor":9,"key":"Regal Pillow"},{"floor":10,"key":"Replay:Bottled Flurry"},{"floor":11,"key":"ReplayFunnel"},{"floor":13,"key":"Omamori"},{"floor":24,"key":"Snack Pack"},{"floor":26,"key":"Akabeko"},{"floor":30,"key":"War Paint"},{"floor":40,"key":"White Beast Statue"},{"floor":42,"key":"Strawberry"},{"floor":43,"key":"Vajra"},{"floor":46,"key":"StrikeDummy"},{"floor":47,"key":"Peace Pipe"}],"event_choices":[{"damage_healed":0,"gold_gain":0,"player_choice":"Rummage","damage_taken":0,"relics_obtained":["WarpedTongs"],"max_hp_gain":0,"max_hp_loss":0,"event_name":"Accursed Blacksmith","floor":2,"gold_loss":0,"cards_obtained":["Pain"]},{"damage_healed":0,"gold_gain":0,"player_choice":"Success","damage_taken":12,"relics_obtained":["Ginger"],"max_hp_gain":0,"max_hp_loss":0,"event_name":"Scrap Ooze","floor":14,"gold_loss":0},{"cards_removed":["Pain"],"damage_healed":0,"gold_gain":0,"player_choice":"Upgrade and Remove","damage_taken":0,"max_hp_gain":0,"max_hp_loss":0,"event_name":"Designer","floor":19,"gold_loss":90,"cards_upgraded":["Prepared"]},{"damage_healed":0,"gold_gain":0,"player_choice":"Ignored","damage_taken":0,"max_hp_gain":0,"max_hp_loss":0,"event_name":"Tomb of Lord Red Mask","floor":38,"gold_loss":0}],"is_beta":true,"boss_relics":[{"not_picked":["Tiny House","Cursed Key"],"picked":"ChewingGum"},{"not_picked":["Astrolabe","Snecko Heart"],"picked":"Busted Crown"}],"items_purged_floors":[],"is_endless":false,"potions_floor_spawned":[1,6,8,13,16,24,27,36,37,42,45,46,47,48],"ascension_level":0}}