{"host":"uv5ws9rdk87e8i5k","time":1612883551,"event":{"mods":["AchievementEnabler","BaseMod","Colored Map","Minty Spire (QoL Compilation)","Permanent Neow","Quick Restart","StSLib","SuperFastMode","The Necromancer"],"gold_per_floor":[110,128,8,27,47,82,82,82,82],"floor_reached":8,"language":"ENG","playtime":256,"items_purged":[],"score":84,"play_id":"483f72fe-8e49-4616-b9f4-375f9d552357","local_time":"20210209091231","is_ascension_mode":true,"campfire_choices":[],"circlet_count":0,"master_deck":["Strike_R","Strike_R","Strike_R","Strike_R","Strike_R","Defend_R","Defend_R","Defend_R","Defend_R","Bash","Demon Form","Searing Blow","Heavy Blade","Seeing Red+1","Havoc","Armaments","Blood for Blood+1"],"relics":["Burning Blood","Gremlin Horn"],"acts_visited":["Exordium"],"potions_floor_usage":[6,6,6],"damage_taken":[{"damage":1.0,"enemies":"Cultist","floor":1.0,"turns":4.0},{"damage":10.0,"enemies":"Small Slimes","floor":2.0,"turns":4.0},{"damage":9.0,"enemies":"Jaw Worm","floor":4.0,"turns":4.0},{"damage":18.0,"enemies":"Exordium Thugs","floor":5.0,"turns":5.0},{"damage":12,"enemies":"3 Sentries","floor":6,"turns":7},{"damage":11,"enemies":"Gremlin Nob","floor":8,"turns":3}],"seed_played":"-8117600023020300253","potions_obtained":[{"floor":4.0,"key":"EntropicBrew"},{"floor":5.0,"key":"Dexterity Potion"}],"is_trial":false,"path_per_floor":["M","M","$","M","M","E","?","E"],"character_chosen":"IRONCLAD","items_purchased":["Seeing Red","Havoc"],"campfire_rested":0,"item_purchase_floors":[3,3],"current_hp_per_floor":[56,52,52,49,37,31,15,4,4],"gold":82,"neow_bonus":"THREE_RARE_CARDS","is_daily":false,"chose_seed":false,"campfire_upgraded":0,"win_rate":0.0,"timestamp":1612883551,"path_taken":["M","M","?","M","M","E","?","E"],"items_purchased_type":["Card","Card"],"build_version":"2020-12-22","purchased_purges":0,"victory":false,"max_hp_per_floor":[80,80,80,80,80,80,80,80,80],"card_choices":[{"not_picked":["Double Tap","Exhume"],"picked":"Demon Form","floor":0.0},{"not_picked":["Armaments","Second Wind"],"picked":"Searing Blow","floor":1.0},{"not_picked":["Anger","Havoc"],"picked":"Heavy Blade","floor":2.0},{"not_picked":["Fire Breathing","Dropkick"],"picked":"Armaments","floor":4.0},{"not_picked":["Anger","Combust","Sword Boomerang"],"picked":"SKIP","floor":5.0},{"not_picked":["Power Through","Bludgeon"],"picked":"Blood for Blood","floor":6}],"player_experience":284373,"relics_obtained":[{"floor":6,"key":"Gremlin Horn"}],"event_choices":[{"damage_healed":0,"gold_gain":0,"player_choice":"Entered Light","damage_taken":16,"max_hp_gain":0,"max_hp_loss":0,"event_name":"Shining Light","floor":7,"gold_loss":0,"cards_upgraded":["Seeing Red","Blood for Blood"]}],"is_beta":false,"boss_relics":[],"items_purged_floors":[],"is_endless":false,"potions_floor_spawned":[4,5],"killed_by":"Gremlin Nob","ascension_level":9}}