{"host":"fooy2gnzsnh4qz9y","time":1612856560,"event":{"mods":["2.2 Compatiblity","AchievementEnabler","BaseMod","Colored Map","Colored Powertips","DeckTracker","Highlight Path","Keyboard Shortcuts","Minty Spire (QoL Compilation)","Permanent Neow","Quick Restart","Random Character Button","StSLib","SuperFastMode","everything is the same but u backflip on backflip"],"gold_per_floor":[109,18,32,48,61,86,97,97,97,116,41,60,93,110,110,210,210,229,242,4,14,34,34,54,54,54,54,54,54,54,66,66,66,66],"floor_reached":33,"language":"KOR","playtime":3044,"items_purged":["Defend_P","Defend_P"],"score":263,"play_id":"427cfe78-3acd-4745-a0ca-91141c3de8d5","local_time":"20210209164240","is_ascension_mode":false,"campfire_choices":[{"data":"MentalFortress","floor":8.0,"key":"SMITH"},{"floor":15.0,"key":"REST"},{"floor":23.0,"key":"REST"},{"floor":27.0,"key":"REST"},{"data":"TalkToTheHand","floor":30.0,"key":"SMITH"},{"data":"ClearTheMind","floor":32,"key":"SMITH"}],"circlet_count":0,"master_deck":["Strike_P","Strike_P","Defend_P","Defend_P","Eruption+1","Vigilance","FearNoEvil","TalkToTheHand+1","ClearTheMind+1","MentalFortress+1","Halt","WheelKick","EmptyMind","ConjureBlade","BowlingBash+1","Wallop","LessonLearned","LikeWater+1"],"relics":["PureWater","Pen Nib","Frozen Egg 2","The Courier","VioletLotus","Oddly Smooth Stone"],"acts_visited":["Exordium","TheCity"],"potions_floor_usage":[33,33],"damage_taken":[{"damage":2.0,"enemies":"Cultist","floor":1.0,"turns":3.0},{"damage":5.0,"enemies":"Small Slimes","floor":3.0,"turns":2.0},{"damage":1.0,"enemies":"Jaw Worm","floor":4.0,"turns":2.0},{"damage":1.0,"enemies":"3 Louse","floor":5.0,"turns":2.0},{"damage":9.0,"enemies":"Gremlin Nob","floor":6.0,"turns":4.0},{"damage":0.0,"enemies":"2 Fungi Beasts","floor":7.0,"turns":3.0},{"damage":2.0,"enemies":"Exordium Wildlife","floor":10.0,"turns":5.0},{"damage":3.0,"enemies":"Large Slime","floor":12.0,"turns":4.0},{"damage":13.0,"enemies":"3 Sentries","floor":13.0,"turns":4.0},{"damage":6.0,"enemies":"Lots of Slimes","floor":14.0,"turns":5.0},{"damage":9.0,"enemies":"The Guardian","floor":16.0,"turns":7.0},{"damage":16.0,"enemies":"2 Thieves","floor":18.0,"turns":5.0},{"damage":2.0,"enemies":"Chosen","floor":19.0,"turns":4.0},{"damage":13.0,"enemies":"Sentry and Sphere","floor":21.0,"turns":4.0},{"damage":17.0,"enemies":"Snake Plant","floor":22.0,"turns":5.0},{"damage":10.0,"enemies":"Shelled Parasite and Fungi","floor":24.0,"turns":3.0},{"damage":3,"enemies":"3 Cultists","floor":31,"turns":3},{"damage":54,"enemies":"Automaton","floor":33,"turns":6}],"seed_played":"2185759453204045033","potions_obtained":[{"floor":1.0,"key":"Explosive Potion"},{"floor":5.0,"key":"Energy Potion"},{"floor":12.0,"key":"CultistPotion"},{"floor":14.0,"key":"Regen Potion"},{"floor":22.0,"key":"Dexterity Potion"},{"floor":31,"key":"Weak Potion"}],"is_trial":false,"path_per_floor":["M","$","M","M","M","E","M","R","T","M","$","M","E","M","R","B",null,"M","M","$","M","M","R","M","?","T","R","?","$","R","M","R","B"],"character_chosen":"WATCHER","items_purchased":["TalkToTheHand","Swift Potion","Oddly Smooth Stone","PowerPotion"],"campfire_rested":3,"item_purchase_floors":[2,2,20,20],"current_hp_per_floor":[70,70,65,64,63,54,54,54,54,52,52,49,36,30,51,56,72,56,54,54,41,24,45,35,35,35,56,56,56,56,53,53,0,0],"gold":66,"neow_bonus":"UPGRADE_CARD","is_daily":false,"chose_seed":false,"campfire_upgraded":3,"win_rate":0.0,"timestamp":1612856560,"path_taken":["M","$","M","M","M","E","M","R","T","M","$","M","E","M","R","BOSS","M","?","$","M","M","R","M","?","T","R","?","$","R","M","R","BOSS"],"items_purchased_type":["Card","Potion","Relic","Potion"],"build_version":"2020-12-22","purchased_purges":2,"victory":false,"max_hp_per_floor":[72,72,72,72,72,72,72,72,72,72,72,72,72,72,72,72,72,72,72,72,72,72,72,72,72,72,72,72,72,72,72,72,72,72],"card_choices":[{"not_picked":["WindmillStrike","Consecrate"],"picked":"FearNoEvil","floor":1.0},{"not_picked":["Prostrate","FollowUp","EmptyBody"],"picked":"SKIP","floor":3.0},{"not_picked":["FlurryOfBlows","FollowUp","Consecrate"],"picked":"SKIP","floor":4.0},{"not_picked":["SashWhip","FlyingSleeves"],"picked":"ClearTheMind","floor":5.0},{"not_picked":["Prostrate","BowlingBash"],"picked":"MentalFortress","floor":6.0},{"not_picked":["CrushJoints","PathToVictory","SashWhip"],"picked":"SKIP","floor":7.0},{"not_picked":["ThirdEye","EmptyMind"],"picked":"Halt","floor":10.0},{"not_picked":["Study+1","FearNoEvil"],"picked":"WheelKick","floor":12.0},{"not_picked":["EmptyFist","Sanctity"],"picked":"EmptyMind","floor":13.0},{"not_picked":["ConjureBlade","Worship","EmptyMind"],"picked":"SKIP","floor":14.0},{"not_picked":["MasterReality+1","SpiritShield"],"picked":"ConjureBlade","floor":16.0},{"not_picked":["Swivel","BowlingBash","ClearTheMind"],"picked":"SKIP","floor":18.0},{"not_picked":["DeceiveReality","EmptyBody","PathToVictory"],"picked":"SKIP","floor":19.0},{"not_picked":["FlurryOfBlows","Vengeance","Crescendo"],"picked":"SKIP","floor":21.0},{"not_picked":["ThirdEye","Perseverance"],"picked":"BowlingBash+1","floor":22.0},{"not_picked":["Vengeance","Consecrate","DeceiveReality"],"picked":"SKIP","floor":24.0},{"not_picked":["Omniscience","JustLucky"],"picked":"LikeWater+1","floor":31}],"player_experience":241313,"relics_obtained":[{"floor":6.0,"key":"Pen Nib"},{"floor":9.0,"key":"Frozen Egg 2"},{"floor":13.0,"key":"The Courier"}],"event_choices":[{"damage_healed":0.0,"max_hp_gain":0.0,"max_hp_loss":0.0,"gold_gain":0.0,"cards_transformed":["Strike_P","Strike_P"],"event_name":"Drug Dealer","player_choice":"Became Test Subject","floor":25.0,"gold_loss":0.0,"damage_taken":0.0,"cards_obtained":["Wallop","LessonLearned"]}],"is_beta":false,"boss_relics":[{"not_picked":["Coffee Dripper","Sozu"],"picked":"VioletLotus"}],"items_purged_floors":[11,20],"is_endless":false,"potions_floor_spawned":[1,5,6,12,14,22,31],"killed_by":"Automaton","ascension_level":0}}