{"host":"Jaja","time":1612895828,"event":{"mods":["BaseMod","Bestiary","Minty Spire (QoL Compilation)"],"gold_per_floor":[16,33,52,66,80,80,96,96,96,96,96,0,10,30,30,133,133,152,163,173,47,67,67,67],"floor_reached":23,"language":"ENG","playtime":1252,"items_purged":["Strike_R"],"score":198,"play_id":"b0a7ea95-683f-4241-a321-47364d3541dc","local_time":"20210209163708","is_ascension_mode":true,"campfire_choices":[{"data":"Power Through","floor":6,"key":"SMITH"},{"data":"Juggernaut","floor":8,"key":"SMITH"},{"data":"Warcry","floor":15,"key":"SMITH"}],"circlet_count":0,"master_deck":["Strike_R","Strike_R","Strike_R","Strike_R","Defend_R","Defend_R","Defend_R","Defend_R","Bash","Twin Strike","Juggernaut+1","Power Through+1","Feel No Pain+1","Warcry+1","Dark Embrace+1","Fiend Fire","Shrug It Off+1","Reckless Charge+1","True Grit"],"relics":["Burning Blood","Gambling Chip","Frozen Egg 2","Ice Cream","Sozu"],"acts_visited":["TheCity"],"potions_floor_usage":[4,7,16],"damage_taken":[{"damage":2,"enemies":"2 Louse","floor":1,"turns":4},{"damage":3,"enemies":"Small Slimes","floor":2,"turns":4},{"damage":6,"enemies":"Jaw Worm","floor":3,"turns":4},{"damage":16,"enemies":"Lots of Slimes","floor":4,"turns":5},{"damage":12,"enemies":"Exordium Wildlife","floor":5,"turns":5},{"damage":16,"enemies":"Red Slaver","floor":7,"turns":6},{"damage":13,"enemies":"3 Louse","floor":13,"turns":4},{"damage":5,"enemies":"2 Fungi Beasts","floor":14,"turns":5},{"damage":36,"enemies":"Hexaghost","floor":16,"turns":10},{"damage":15,"enemies":"Spheric Guardian","floor":18,"turns":4},{"damage":13,"enemies":"3 Byrds","floor":19,"turns":4},{"damage":12,"enemies":"3 Cultists","floor":20,"turns":7},{"damage":0,"enemies":"Chosen and Byrds","floor":22,"turns":5},{"damage":69,"enemies":"Book of Stabbing","floor":23,"turns":8}],"seed_played":"-7163907480720811998","potions_obtained":[{"floor":3,"key":"SpeedPotion"},{"floor":4,"key":"BloodPotion"},{"floor":13,"key":"ElixirPotion"}],"is_trial":false,"path_per_floor":["M","M","M","M","M","R","M","R","T","?","?","$","M","M","R","B",null,"M","M","M","$","M","E"],"character_chosen":"IRONCLAD","items_purchased":["Feel No Pain+1","Warcry","True Grit"],"campfire_rested":0,"item_purchase_floors":[12,12,21],"current_hp_per_floor":[80,80,80,70,64,64,70,70,70,52,78,78,71,72,72,42,80,71,64,58,58,64,0,0],"gold":67,"neow_bonus":"ONE_RARE_RELIC","is_daily":false,"chose_seed":false,"campfire_upgraded":3,"win_rate":0.0,"timestamp":1612895828,"path_taken":["M","M","M","M","M","R","M","R","T","?","?","?","M","M","R","BOSS","M","M","M","$","M","E"],"items_purchased_type":["Card","Card","Card"],"build_version":"2020-12-18","purchased_purges":1,"victory":false,"max_hp_per_floor":[80,80,80,80,80,80,80,80,80,80,80,80,80,80,80,80,80,80,80,80,80,80,80,80],"card_choices":[{"not_picked":["Cleave","Clothesline"],"picked":"Twin Strike","floor":1},{"not_picked":["Inflame","Armaments"],"picked":"Juggernaut","floor":2},{"not_picked":["Dual Wield","Perfected Strike","Clash"],"picked":"SKIP","floor":3},{"not_picked":["Whirlwind","Inflame","Flex"],"picked":"SKIP","floor":4},{"not_picked":["Cleave","Anger"],"picked":"Power Through","floor":5},{"not_picked":["Thunderclap","Twin Strike","Perfected Strike"],"picked":"SKIP","floor":7},{"not_picked":["Sever Soul","Sword Boomerang"],"picked":"Dark Embrace+1","floor":13},{"not_picked":["Armaments","Headbutt"],"picked":"Fiend Fire","floor":14},{"not_picked":["Uppercut","Body Slam","Flex"],"picked":"SKIP","floor":18},{"not_picked":["Pummel","Feel No Pain+1"],"picked":"Shrug It Off+1","floor":19},{"not_picked":["Anger+1","Sword Boomerang"],"picked":"Reckless Charge+1","floor":20},{"not_picked":["Flex+1","Rupture+1","Thunderclap"],"picked":"SKIP","floor":22}],"player_experience":0,"relics_obtained":[{"floor":9,"key":"Frozen Egg 2"}],"event_choices":[{"damage_healed":0,"gold_gain":0,"player_choice":"Success","damage_taken":18,"relics_obtained":["Ice Cream"],"max_hp_gain":0,"max_hp_loss":0,"event_name":"Scrap Ooze","floor":10,"gold_loss":0},{"damage_healed":26,"gold_gain":0,"player_choice":"Banana","damage_taken":0,"max_hp_gain":0,"max_hp_loss":0,"event_name":"Big Fish","floor":11,"gold_loss":0}],"is_beta":true,"boss_relics":[{"not_picked":["Ectoplasm","Black Star"],"picked":"Sozu"}],"items_purged_floors":[21],"is_endless":false,"potions_floor_spawned":[3,4,13,19,22],"killed_by":"Book of Stabbing","ascension_level":1}}