{"host":"eketvm4dld8igxnv","time":1612911189,"event":{"mods":["BaseMod","Better Skull","Better Third Choice","Downfall","Googly Eyes","Minty Spire (QoL Compilation)","StSLib"],"gold_per_floor":[215,215,215,215,26,53,53,53,80,111,129,129,149,0,0,102,102,121,49,67,67,67,67,67,7,7,7,22,47,72,72,72,174,224,243,243,44,44,62,62,62],"floor_reached":40,"language":"ENG","playtime":2105,"items_purged":["downfall:Bewildered"],"score":446,"play_id":"dcd11805-169a-497a-81a1-cb6ce5a1add8","local_time":"20210209175309","is_ascension_mode":true,"campfire_choices":[{"data":"Bash","floor":7,"key":"SMITH"},{"data":"Headbutt","floor":8,"key":"SMITH"},{"floor":12,"key":"REST"},{"data":"Armaments","floor":15,"key":"SMITH"},{"data":"Feel No Pain","floor":23,"key":"SMITH"},{"floor":32,"key":"REST"}],"circlet_count":0,"master_deck":["Defend_R","Defend_R+1","Defend_R","Defend_R","Bash+1","Headbutt+1","Spot Weakness","Havoc","Armaments+1","Heavy Blade","Wild Strike","Offering","Reaper","Twin Strike+1","Feel No Pain+1","Clothesline+1","Slimebound:Tackle+1","Slimebound:Tackle+1","Slimebound:Tackle+1","Writhe","Blind","Burning Pact","Uppercut","Limit Break","Feel No Pain+1","Second Wind","Shrug It Off","Anger","Second Wind+1"],"relics":["Black Blood","Pen Nib","Champion Belt","Spirit Poop","PreservedInsect","WingedGreaves","Ancient Tea Set","Orichalcum","sneckomod:BabySnecko","The Courier","Bronze Scales","Toy Ornithopter","Tiny House","Paper Frog","Frozen Eye","Toxic Egg 2"],"acts_visited":["Exordium","TheCity","TheBeyond"],"potions_floor_usage":[33,33,33,35,40],"damage_taken":[{"damage":0,"enemies":"Small Slimes","floor":1,"turns":5},{"damage":25,"enemies":"Gremlin Nob","floor":6,"turns":5},{"damage":21,"enemies":"Lagavulin","floor":10,"turns":5},{"damage":0,"enemies":"Cultist","floor":11,"turns":2},{"damage":6,"enemies":"Jaw Worm","floor":13,"turns":2},{"damage":23,"enemies":"The Guardian","floor":16,"turns":5},{"damage":16,"enemies":"Chosen","floor":18,"turns":4},{"damage":12,"enemies":"Spheric Guardian","floor":20,"turns":3},{"damage":14,"enemies":"Cultist and Chosen","floor":28,"turns":3},{"damage":32,"enemies":"Gremlin Leader","floor":30,"turns":4},{"damage":78,"enemies":"Champ","floor":33,"turns":11},{"damage":49,"enemies":"3 Shapes","floor":35,"turns":4},{"damage":59,"enemies":"3 Darklings","floor":39,"turns":7},{"damage":46,"enemies":"Giant Head","floor":40,"turns":6}],"seed_played":"-406892202348210524","potions_obtained":[{"floor":6,"key":"ElixirPotion"},{"floor":10,"key":"SneckoOil"},{"floor":16,"key":"SpeedPotion"},{"floor":28,"key":"BlessingOfTheForge"},{"floor":34,"key":"FearPotion"},{"floor":35,"key":"SpeedPotion"},{"floor":39,"key":"Energy Potion"}],"is_trial":false,"path_per_floor":["M","?","?","?","$","E","R","R","T","E","M","R","M","$","R","B",null,"M","$","M","?","?","R","?","$","T","?","M","T","E","?","R","B",null,"M","?","$","T","M","E"],"character_chosen":"IRONCLAD","items_purchased":["PreservedInsect","Spot Weakness","Offering","Feel No Pain","Frozen Eye","Shrug It Off","Anger"],"campfire_rested":2,"item_purchase_floors":[5,5,14,19,37,37,37],"current_hp_per_floor":[80,77,77,77,77,58,58,58,58,43,49,73,73,73,73,56,80,80,80,80,80,80,80,80,80,80,80,78,78,58,43,68,22,90,72,72,72,72,37,0,0],"gold":62,"neow_bonus":"HUNDRED_GOLD","is_daily":false,"chose_seed":false,"campfire_upgraded":4,"win_rate":0.0,"timestamp":1612911189,"path_taken":["M","?","?","?","$","E","R","R","T","E","M","R","?","$","R","BOSS","M","$","M","?","?","R","?","$","T","?","?","?","E","?","R","BOSS","M","?","$","?","M","E"],"items_purchased_type":["Relic","Card","Card","Card","Relic","Card","Card"],"build_version":"2020-12-22","purchased_purges":1,"victory":false,"max_hp_per_floor":[80,80,80,80,80,80,80,80,80,80,80,80,80,80,80,80,80,80,80,80,80,80,80,80,80,80,80,80,80,80,85,85,85,90,90,90,90,90,90,90,90],"card_choices":[{"not_picked":["Twin Strike","True Grit"],"picked":"Headbutt","floor":1},{"not_picked":["Heavy Blade","Inflame"],"picked":"Havoc","floor":6},{"not_picked":["Sword Boomerang","Shrug It Off"],"picked":"Armaments","floor":10},{"not_picked":["Flex","Sever Soul"],"picked":"Heavy Blade","floor":11},{"not_picked":["Anger","Heavy Blade"],"picked":"Wild Strike","floor":13},{"not_picked":["Offering","Juggernaut"],"picked":"Reaper","floor":16},{"not_picked":["Whirlwind","Havoc"],"picked":"Twin Strike+1","floor":18},{"not_picked":["Iron Wave","Anger"],"picked":"Clothesline+1","floor":20},{"not_picked":["Havoc+1","Clash+1"],"picked":"Burning Pact","floor":28},{"not_picked":["Flame Barrier","Spot Weakness"],"picked":"Uppercut","floor":30},{"not_picked":["Impervious","Brutality"],"picked":"Limit Break","floor":33},{"not_picked":["Sword Boomerang","Anger"],"picked":"Feel No Pain+1","floor":34},{"not_picked":["Sword Boomerang+1","Feel No Pain+1"],"picked":"Second Wind","floor":35},{"not_picked":["Battle Trance+1","Dual Wield+1"],"picked":"Second Wind+1","floor":39}],"player_experience":316879,"relics_obtained":[{"floor":6,"key":"WingedGreaves"},{"floor":9,"key":"Ancient Tea Set"},{"floor":10,"key":"Orichalcum"},{"floor":29,"key":"Bronze Scales"},{"floor":30,"key":"Toy Ornithopter"},{"floor":38,"key":"Toxic Egg 2"}],"event_choices":[{"damage_healed":0,"gold_gain":0,"player_choice":"Relic ","damage_taken":3,"max_hp_gain":0,"max_hp_loss":0,"event_name":"betterThird:BetterScrap","floor":2,"gold_loss":0,"cards_obtained":["Thunder Strike"]},{"damage_healed":0,"gold_gain":0,"player_choice":"Box","damage_taken":0,"relics_obtained":["Champion Belt"],"max_hp_gain":0,"max_hp_loss":0,"event_name":"Big Fish","floor":3,"gold_loss":0,"cards_obtained":["Regret"]},{"cards_removed":["Regret"],"damage_healed":0,"gold_gain":0,"player_choice":"Offered Curse","damage_taken":0,"relics_obtained":["Spirit Poop"],"max_hp_gain":0,"max_hp_loss":0,"event_name":"Bonfire Elementals","floor":4,"gold_loss":0},{"damage_healed":0,"gold_gain":0,"player_choice":"Opened","damage_taken":0,"relics_obtained":["The Courier"],"max_hp_gain":0,"max_hp_loss":0,"event_name":"The Mausoleum","floor":24,"gold_loss":0,"cards_obtained":["Writhe"]},{"damage_healed":0,"gold_gain":0,"player_choice":"1 cards matched","damage_taken":0,"max_hp_gain":0,"max_hp_loss":0,"event_name":"Match and Keep!","floor":27,"gold_loss":0,"cards_obtained":["Blind"]},{"damage_healed":0,"gold_gain":0,"player_choice":"Shed Blood","damage_taken":20,"max_hp_gain":5,"max_hp_loss":0,"event_name":"Forgotten Altar","floor":31,"gold_loss":0},{"damage_healed":0,"gold_gain":0,"player_choice":"Gave Potion","damage_taken":0,"relics_obtained":["Paper Frog"],"max_hp_gain":0,"max_hp_loss":0,"event_name":"WeMeetAgain","floor":36,"gold_loss":0}],"is_beta":false,"boss_relics":[{"not_picked":["SacredBark","Fusion Hammer"],"picked":"Black Blood"},{"not_picked":["Cursed Key","bronze:MakeshiftBattery"],"picked":"Tiny House"}],"items_purged_floors":[25],"is_endless":false,"potions_floor_spawned":[6,10,16,28,30,35,39],"killed_by":"Giant Head","ascension_level":2}}