{"host":"vyiqbz5w606ur92t","time":1612841285,"event":{"mods":["BaseMod","Downfall","Minty Spire (QoL Compilation)","StSLib"],"gold_per_floor":[99,117,130,140,140,173,173,173,186,186,215,235,267,287,305,379,379,279,291,291,302,316,416,468,468,494,505,505,32,32,42,54,131,131,31,46,64,76,88,88,113,141,41,41,55,55,55,71,71,71,71],"floor_reached":49,"language":"ENG","playtime":4478,"items_purged":["downfall:Malfunctioning"],"score":894,"play_id":"9cc502e1-35f1-4228-803e-aba4989cefb9","local_time":"20210209032805","is_ascension_mode":true,"campfire_choices":[{"data":"Slimebound:LevelUp","floor":1,"key":"SMITH"},{"data":"Slimebound:OneTwoCombo","floor":18,"key":"SMITH"},{"floor":25,"key":"RECALL"},{"data":"Slimebound:LeadByExample","floor":30,"key":"SMITH"},{"data":"Slimebound:MinionMaster","floor":35,"key":"SMITH"},{"floor":40,"key":"REST"},{"data":"Slimebound:Nibble","floor":43,"key":"SMITH"}],"circlet_count":0,"master_deck":["AscendersBane","Slimebound:Tackle+1","Slimebound:Split","Slimebound:CorrosiveSpit","Slimebound:ProtectTheBoss","Slimebound:LevelUp+1","Slimebound:SplitMire","Slimebound:SplitAcid","Slimebound:GrowthPunch","Slimebound:SelfFormingGoo+1","Slimebound:SplitSpecialist","Slimebound:Repurpose","Slimebound:LivingWall","Slimebound:LeechEnergy","Slimebound:GoopSpray","Slimebound:OneTwoCombo+1","Slimebound:FormOfPuddle+1","Slimebound:SpikyOuterGoop","Slimebound:Replication","Slimebound:SplitAcid","Slimebound:Darklings","Slimebound:LeadByExample+1","Slimebound:Nibble+1","Slimebound:MinionMaster+1","Slimebound:LeadByExample","Slimebound:SlimeTap","Slimebound:PrepareCrush","Slimebound:Schlurp","Slimebound:LivingWall","Slimebound:SplitLeeching+1","Slimebound:Replication","Slimebound:Dissolve","Slimebound:Gluttony","Slimebound:RainOfGoop","expansioncontent:Chronoboost"],"relics":["Slimebound:AbsorbEndCombat","bronze:DecasWashers","Pantograph","StoneCalendar","Shuriken","Odd Mushroom","StrikeDummy","Slimebound:TarBlob","downfall:HeartBlessingGreen","Enchiridion","Potion Belt","White Beast Statue","Ginger","Pandora\u0027s Box","downfall:HeartBlessingRed","Boot","downfall:HeartBlessingBlue"],"acts_visited":["Exordium","TheCity","TheBeyond"],"potions_floor_usage":[14,26,32,33,36,37,38,42,49],"damage_taken":[{"damage":2,"enemies":"2 Louse","floor":2,"turns":3},{"damage":12,"enemies":"Small Slimes","floor":3,"turns":4},{"damage":8,"enemies":"Jaw Worm","floor":4,"turns":4},{"damage":8,"enemies":"Lagavulin","floor":6,"turns":8},{"damage":10,"enemies":"Large Slime","floor":9,"turns":6},{"damage":29,"enemies":"3 Sentries","floor":11,"turns":6},{"damage":11,"enemies":"The Mushroom Lair","floor":12,"turns":4},{"damage":4,"enemies":"Lagavulin","floor":13,"turns":7},{"damage":0,"enemies":"2 Fungi Beasts","floor":14,"turns":4},{"damage":1,"enemies":"Blue Slaver","floor":15,"turns":5},{"damage":24,"enemies":"DF_ARCHETYPE_STREAMLINE","floor":16,"turns":11},{"damage":6,"enemies":"3 Byrds","floor":19,"turns":3},{"damage":6,"enemies":"Chosen","floor":21,"turns":5},{"damage":15,"enemies":"Snecko","floor":22,"turns":3},{"damage":31,"enemies":"Book of Stabbing","floor":26,"turns":7},{"damage":3,"enemies":"Centurion and Healer","floor":27,"turns":7},{"damage":8,"enemies":"downfall:FleeingMerchant","floor":29,"turns":4},{"damage":2,"enemies":"Cultist and Chosen","floor":31,"turns":4},{"damage":4,"enemies":"Shelled Parasite and Fungi","floor":32,"turns":5},{"damage":1,"enemies":"WA_ARCHETYPE_CALM","floor":33,"turns":7},{"damage":45,"enemies":"3 Darklings","floor":36,"turns":3},{"damage":7,"enemies":"Orb Walker","floor":37,"turns":2},{"damage":0,"enemies":"Transient","floor":38,"turns":5},{"damage":22,"enemies":"4 Shapes","floor":39,"turns":2},{"damage":1,"enemies":"Nemesis","floor":42,"turns":5},{"damage":0,"enemies":"Spire Growth","floor":45,"turns":3},{"damage":0,"enemies":"Spire Growth","floor":47,"turns":3},{"damage":0,"enemies":"Maw","floor":48,"turns":4},{"damage":67,"enemies":"Jaw Worm Horde","floor":49,"turns":3}],"seed_played":"5793911696169311127","potions_obtained":[{"floor":3,"key":"Strength Potion"},{"floor":12,"key":"SpeedPotion"},{"floor":13,"key":"GamblersBrew"},{"floor":15,"key":"Fire Potion"},{"floor":19,"key":"Slimebound:SlimedPotion"},{"floor":27,"key":"EssenceOfSteel"},{"floor":29,"key":"SkillPotion"},{"floor":31,"key":"CultistPotion"},{"floor":32,"key":"CultistPotion"},{"floor":33,"key":"Strength Potion"},{"floor":36,"key":"SteroidPotion"},{"floor":37,"key":"GamblersBrew"},{"floor":38,"key":"SteroidPotion"},{"floor":39,"key":"Fire Potion"},{"floor":42,"key":"Weak Potion"},{"floor":48,"key":"Slimebound:SlimedPotion"}],"is_trial":false,"path_per_floor":["R","M","M","M","?","E","T","?","M","?","E","?","E","M","M","B",null,"R","M","?","M","M","?","T","R","E","M","?","$","R","M","M","B",null,"R","M","M","M","M","R","T","E","R","?","M","?","?","M","M"],"character_chosen":"SLIMEBOUND","items_purchased":["Slimebound:LeadByExample","Ginger"],"campfire_rested":1,"item_purchase_floors":[29,29],"current_hp_per_floor":[53,53,47,41,46,46,46,43,39,39,14,5,7,11,14,23,50,50,46,30,32,38,38,38,38,15,20,39,37,37,41,39,58,59,59,18,15,23,5,22,22,29,39,39,45,45,51,59,0,0,0],"gold":71,"neow_bonus":"TRANSFORM_TWO_CARDS","is_daily":false,"chose_seed":false,"campfire_upgraded":5,"win_rate":0.0,"timestamp":1612841285,"path_taken":["R","M","M","M","?","E","T","?","?","?","E","?","E","M","M","BOSS","R","M","?","M","M","?","T","R","E","?","?","$","R","M","M","BOSS","R","M","M","M","M","R","T","E","R","?","M","?","?","?","M"],"items_purchased_type":["Card","Relic"],"build_version":"2020-12-22","purchased_purges":1,"victory":false,"max_hp_per_floor":[54,54,54,54,59,59,59,59,59,59,59,59,59,59,59,59,59,59,59,59,59,59,59,59,59,59,59,59,59,59,59,59,59,59,59,59,59,59,59,59,59,59,69,69,69,69,69,69,69,69,69],"card_choices":[{"not_picked":["Slimebound:Schlurp","Slimebound:FinishingTackle"],"picked":"Slimebound:SplitMire","floor":2},{"not_picked":["Slimebound:ViciousTackle","Slimebound:RollThrough"],"picked":"Slimebound:SplitAcid","floor":3},{"not_picked":["Slimebound:Prepare","Slimebound:GoopTackle"],"picked":"Slimebound:GrowthPunch","floor":4},{"not_picked":["Slimebound:GoopTackle","Slimebound:LeechingTouch"],"picked":"Slimebound:SelfFormingGoo","floor":6},{"not_picked":["Slimebound:PressTheAttack","Slimebound:SamplingLick"],"picked":"Slimebound:SplitSpecialist","floor":9},{"not_picked":["Slimebound:WasteNot","Slimebound:SlimeSpikes","Slimebound:LeechingTouch"],"picked":"SKIP","floor":11},{"not_picked":["Slimebound:RejuvenatingLick","Slimebound:SplitAcid"],"picked":"Slimebound:Repurpose","floor":12},{"not_picked":["Slimebound:SplitLeeching","Slimebound:SlimeTap"],"picked":"Slimebound:LivingWall","floor":13},{"not_picked":["Slimebound:LeechingTouch","Slimebound:DivideAndConquer"],"picked":"Slimebound:LeechEnergy","floor":14},{"not_picked":["Slimebound:SamplingLick","Slimebound:FlameTackle"],"picked":"Slimebound:GoopSpray","floor":15},{"not_picked":["Slimebound:MassFeed","Slimebound:OozeBath"],"picked":"Slimebound:OneTwoCombo","floor":16},{"not_picked":["Slimebound:DisruptingSlam","Slimebound:AcidTongue"],"picked":"Slimebound:FormOfPuddle+1","floor":19},{"not_picked":["Slimebound:SlimeSpikes","Slimebound:RollThrough"],"picked":"Slimebound:SpikyOuterGoop","floor":21},{"not_picked":["Slimebound:GoopTackle","Slimebound:ItLooksTasty+1","Slimebound:Grow"],"picked":"SKIP","floor":22},{"not_picked":["Slimebound:MassRepurpose","Slimebound:SplitBruiser"],"picked":"Slimebound:Replication","floor":26},{"not_picked":["Slimebound:FinishingTackle","Slimebound:SamplingLick"],"picked":"Slimebound:SplitAcid","floor":27},{"not_picked":["Slimebound:SlimeSpikes+1","Slimebound:Prepare"],"picked":"Slimebound:Darklings","floor":29},{"not_picked":["Slimebound:BestDefense","Slimebound:RollThrough"],"picked":"Slimebound:Nibble","floor":31},{"not_picked":["Slimebound:HauntingLick","Slimebound:GoopTackle+1","Slimebound:HungryTackle"],"picked":"SKIP","floor":32},{"not_picked":["Slimebound:Darklings","Slimebound:CheckThePlaybook"],"picked":"Slimebound:MinionMaster","floor":33},{"not_picked":["Slimebound:RollThrough","Slimebound:GoopSpray"],"picked":"Slimebound:SplitLeeching+1","floor":36},{"not_picked":["Slimebound:LivingWall+1","Slimebound:SplitAcid"],"picked":"Slimebound:Replication","floor":37},{"not_picked":["Slimebound:GoopSpray","Slimebound:ServeAndProtect"],"picked":"Slimebound:Dissolve","floor":38},{"not_picked":["Slimebound:FinishingTackle+1","Slimebound:ForwardTackle"],"picked":"Slimebound:Gluttony","floor":39},{"not_picked":["Slimebound:SplitLeeching","Slimebound:LeechEnergy"],"picked":"Slimebound:RainOfGoop","floor":42},{"not_picked":["expansioncontent:PolyBeam","expansioncontent:Hexaburn"],"picked":"expansioncontent:Chronoboost","floor":44},{"not_picked":["Slimebound:Replication","Slimebound:SpikyOuterGoop","Slimebound:Chomp"],"picked":"SKIP","floor":45},{"not_picked":["Slimebound:ItLooksTasty","Slimebound:ComboTackle","Slimebound:GoopSpray"],"picked":"SKIP","floor":48}],"player_experience":1669899,"relics_obtained":[{"floor":6,"key":"bronze:DecasWashers"},{"floor":7,"key":"Pantograph"},{"floor":11,"key":"Shuriken"},{"floor":12,"key":"Odd Mushroom"},{"floor":13,"key":"StrikeDummy"},{"floor":20,"key":"Enchiridion"},{"floor":24,"key":"Potion Belt"},{"floor":26,"key":"White Beast Statue"},{"floor":42,"key":"Boot"}],"event_choices":[{"damage_healed":0,"gold_gain":0,"player_choice":"Donut","damage_taken":0,"max_hp_gain":5,"max_hp_loss":0,"event_name":"Big Fish","floor":5,"gold_loss":0},{"damage_healed":0,"gold_gain":0,"player_choice":"Success","damage_taken":3,"relics_obtained":["StoneCalendar"],"max_hp_gain":0,"max_hp_loss":0,"event_name":"Scrap Ooze","floor":8,"gold_loss":0},{"damage_healed":0,"gold_gain":0,"player_choice":"Fought Mushrooms","damage_taken":0,"max_hp_gain":0,"max_hp_loss":0,"event_name":"Mushrooms","floor":12,"gold_loss":0},{"damage_healed":19,"gold_gain":0,"player_choice":"Heal","damage_taken":0,"max_hp_gain":0,"max_hp_loss":0,"event_name":"The Library","floor":28,"gold_loss":0}],"is_beta":false,"boss_relics":[{"not_picked":["SlaversCollar","Velvet Choker"],"picked":"Slimebound:TarBlob"},{"not_picked":["Runic Pyramid","Slimebound:AbsorbEndCombatUpgraded"],"picked":"Pandora\u0027s Box"}],"items_purged_floors":[29],"is_endless":false,"potions_floor_spawned":[3,12,13,15,16,19,27,29,31,32,33,36,37,38,39,42,45,47,48],"killed_by":"Jaw Worm Horde","ascension_level":14}}