{"host":"vdcd40ahtleuz1u4","time":1612901862,"event":{"mods":["AchievementEnabler","BaseMod","BetterRewards","Colored Map","Colored Powertips","Curses Come First","Highlight Path","Minty Spire (QoL Compilation)","Quick Restart","Relic Stats","Shop Mod","StSLib","SuperFastMode","Weighted Paths"],"gold_per_floor":[109,109,74,93,93,126,126,126,126,126,152,208,208,228,228,323,323,335,335,260,272,32,65,82,95,121,147,147,196,196,220,220,318,318,329,329,339,57,57,74,74,84,107,137,137,137,168,0,0,0],"floor_reached":51,"language":"ENG","playtime":2487,"items_purged":["Strike_R","Bloodletting","Strike_R"],"score":972,"play_id":"2c2aa5ad-8aaa-4b0b-b2c5-b52ba561c78b","local_time":"20210209201742","is_ascension_mode":false,"campfire_choices":[{"data":"Shrug It Off","floor":10.0,"key":"SMITH"},{"data":"Metallicize","floor":13,"key":"SMITH"},{"floor":15,"key":"REST"},{"data":"Fire Breathing","floor":32,"key":"SMITH"},{"data":"Reaper","floor":41,"key":"SMITH"},{"data":"Wild Strike","floor":45,"key":"SMITH"},{"data":"Double Tap","floor":49,"key":"SMITH"}],"circlet_count":0,"master_deck":["Strike_R","Strike_R","Strike_R","Defend_R","Defend_R","Defend_R","Defend_R","Wild Strike","Shrug It Off+1","Dual Wield","Wild Strike","Metallicize+1","Battle Trance","Fire Breathing+1","Wild Strike+1","Reaper+1","Shrug It Off","Fire Breathing+1","Double Tap+1","Intimidate+1","Flex+1","Flex+1","Flame Barrier+1","Double Tap+1","Fire Breathing+1","Flex+1","Blind+1","Metallicize+1"],"relics":["Burning Blood","Juzu Bracelet","Ancient Tea Set","Letter Opener","Lantern","Blue Candle","Black Star","Toxic Egg 2","Kunai","Blood Vial","Dream Catcher","Pen Nib","Happy Flower","MutagenicStrength","Bag of Marbles","Snecko Eye","Strange Spoon","Bronze Scales","PreservedInsect","Orichalcum","Toy Ornithopter","Smiling Mask","Red Mask"],"acts_visited":["Exordium","TheCity","TheBeyond"],"potions_floor_usage":[23,23,23,25,44,44,50],"damage_taken":[{"damage":2.0,"enemies":"2 Louse","floor":1.0,"turns":2.0},{"damage":6.0,"enemies":"Cultist","floor":4.0,"turns":4.0},{"damage":27.0,"enemies":"3 Sentries","floor":6.0,"turns":6.0},{"damage":49.0,"enemies":"Lagavulin","floor":11.0,"turns":10.0},{"damage":16,"enemies":"3 Sentries","floor":12,"turns":10},{"damage":0,"enemies":"Jaw Worm","floor":14,"turns":3},{"damage":61,"enemies":"The Guardian","floor":16,"turns":12},{"damage":15,"enemies":"Shell Parasite","floor":18,"turns":7},{"damage":32,"enemies":"3 Byrds","floor":21,"turns":6},{"damage":106,"enemies":"Gremlin Leader","floor":23,"turns":7},{"damage":13,"enemies":"Centurion and Healer","floor":24,"turns":6},{"damage":18,"enemies":"Snecko","floor":25,"turns":6},{"damage":59,"enemies":"Book of Stabbing","floor":27,"turns":7},{"damage":52,"enemies":"Champ","floor":33,"turns":13},{"damage":14,"enemies":"3 Darklings","floor":35,"turns":4},{"damage":0,"enemies":"3 Shapes","floor":37,"turns":2},{"damage":9,"enemies":"Sphere and 2 Shapes","floor":40,"turns":4},{"damage":5,"enemies":"4 Shapes","floor":42,"turns":3},{"damage":101,"enemies":"Giant Head","floor":44,"turns":10},{"damage":31,"enemies":"Nemesis","floor":47,"turns":5},{"damage":87,"enemies":"Awakened One","floor":50,"turns":9}],"seed_played":"-6497734325739881274","potions_obtained":[{"floor":1.0,"key":"SkillPotion"},{"floor":4.0,"key":"FearPotion"},{"floor":6.0,"key":"ElixirPotion"},{"floor":11.0,"key":"SpeedPotion"},{"floor":14,"key":"GamblersBrew"},{"floor":18,"key":"Fire Potion"},{"floor":25,"key":"BloodPotion"},{"floor":37,"key":"SteroidPotion"},{"floor":42,"key":"BlessingOfTheForge"},{"floor":47,"key":"SteroidPotion"}],"is_trial":false,"path_per_floor":["M","?","$","M","$","E","?","?","T","R","E","?","R","M","R","B",null,"M","?","?","M","$","E","M","M","T","E","?","T","?","T","R","B",null,"M","?","M","$","?","M","R","M","T","E","R","?","E","?","R","B",null],"character_chosen":"IRONCLAD","items_purchased":["Juzu Bracelet","Wild Strike","Bloodletting","Double Tap","Strange Spoon"],"campfire_rested":1,"item_purchase_floors":[0,0,3,22,38],"current_hp_per_floor":[80,80,80,80,80,59,79,79,79,79,36,26,26,32,56,41,80,75,75,75,49,49,27,64,71,71,64,64,64,64,64,64,64,77,69,69,77,77,77,74,74,77,77,38,38,38,75,75,75,66],"gold":0,"neow_bonus":"","is_daily":false,"chose_seed":false,"campfire_upgraded":6,"win_rate":0.0,"timestamp":1612901862,"path_taken":["M","?","$","M","?","E","?","?","T","R","E","?","R","M","R","BOSS","M","?","?","M","$","E","M","M","T","E","?","?","?","?","R","BOSS","M","?","M","?","?","M","R","M","T","E","R","?","E","?","R","BOSS"],"items_purchased_type":["Relic","Card","Card","Card","Relic"],"build_version":"2020-12-22","purchased_purges":3,"victory":true,"max_hp_per_floor":[80,80,80,80,80,80,80,80,80,80,80,80,80,80,80,80,80,80,80,77,77,77,77,77,77,77,77,77,77,77,77,77,77,77,77,77,77,77,77,77,77,77,77,77,77,77,77,77,77,77],"relic_stats":{"Happy Flower":[16],"counters":[21,136],"Blue Candle":[1],"Pen Nib":[6],"PreservedInsect":47,"Juzu Bracelet":3,"Letter Opener":[160],"Orichalcum":[36],"Smiling Mask":0,"Burning Blood":116,"Blood Vial":12,"Strange Spoon":[2],"Dream Catcher":0,"Bronze Scales":[67],"Snecko Eye":[62,54,61,59],"Black Star":4,"Kunai":[7],"obtain_stats":[{"Lantern":11,"Happy Flower":29,"Blue Candle":12,"Pen Nib":27,"PreservedInsect":44,"Juzu Bracelet":0,"Letter Opener":9,"Orichalcum":44,"Ancient Tea Set":6,"Smiling Mask":47,"Burning Blood":0,"Blood Vial":26,"Strange Spoon":38,"Dream Catcher":27,"MutagenicStrength":30,"Bronze Scales":43,"Snecko Eye":34,"Black Star":17,"Bag of Marbles":31,"Red Mask":48,"Kunai":23,"Toxic Egg 2":23,"Toy Ornithopter":47},{"Lantern":4,"Happy Flower":13,"Blue Candle":5,"Pen Nib":13,"PreservedInsect":19,"Juzu Bracelet":0,"Letter Opener":3,"Orichalcum":19,"Ancient Tea Set":3,"Smiling Mask":20,"Burning Blood":0,"Blood Vial":12,"Strange Spoon":16,"Dream Catcher":13,"MutagenicStrength":13,"Bronze Scales":18,"Snecko Eye":14,"Black Star":7,"Bag of Marbles":13,"Red Mask":20,"Kunai":10,"Toxic Egg 2":10,"Toy Ornithopter":20},{"Lantern":22,"Happy Flower":86,"Blue Candle":32,"Pen Nib":86,"PreservedInsect":122,"Juzu Bracelet":0,"Letter Opener":12,"Orichalcum":122,"Ancient Tea Set":12,"Smiling Mask":127,"Burning Blood":0,"Blood Vial":79,"Strange Spoon":105,"Dream Catcher":86,"MutagenicStrength":86,"Bronze Scales":112,"Snecko Eye":99,"Black Star":47,"Bag of Marbles":86,"Red Mask":127,"Kunai":67,"Toxic Egg 2":67,"Toy Ornithopter":127}],"Toy Ornithopter":0},"card_choices":[{"not_picked":["Feel No Pain","Armaments"],"picked":"Shrug It Off","floor":1.0},{"not_picked":["Combust","Infernal Blade"],"picked":"Wild Strike","floor":4.0},{"not_picked":["Fiend Fire","Pommel Strike"],"picked":"Metallicize","floor":6.0},{"not_picked":["Bloodletting","Clothesline"],"picked":"Battle Trance","floor":11.0},{"not_picked":["Disarm","Uppercut"],"picked":"Wild Strike","floor":12},{"not_picked":["Armaments","Dual Wield","Sentinel"],"picked":"SKIP","floor":14},{"not_picked":["Immolate","Corruption"],"picked":"Reaper","floor":16},{"not_picked":["Headbutt+1","Thunderclap"],"picked":"Shrug It Off","floor":18},{"not_picked":["Perfected Strike","Cleave"],"picked":"Fire Breathing","floor":21},{"not_picked":["Dark Embrace+1","Pommel Strike+1"],"picked":"Intimidate+1","floor":23},{"not_picked":["Thunderclap","Havoc+1","Warcry+1"],"picked":"SKIP","floor":24},{"not_picked":["Sword Boomerang","Pommel Strike+1"],"picked":"Flex+1","floor":25},{"not_picked":["True Grit+1","Cleave+1"],"picked":"Flex+1","floor":27},{"not_picked":["Demon Form","Limit Break+1"],"picked":"Double Tap+1","floor":33},{"not_picked":["Anger+1","Second Wind+1","Whirlwind"],"picked":"SKIP","floor":35},{"not_picked":["Entrench+1","Clothesline"],"picked":"Flex+1","floor":37},{"not_picked":["Chrysalis+1","Dramatic Entrance"],"picked":"Blind+1","floor":39},{"not_picked":["Clothesline+1","Sword Boomerang+1","Havoc+1"],"picked":"SKIP","floor":40},{"not_picked":["Pommel Strike","Anger","Headbutt"],"picked":"SKIP","floor":42},{"not_picked":["Demon Form","Infernal Blade+1","Reaper"],"picked":"SKIP","floor":44},{"not_picked":["Second Wind+1","Pummel"],"picked":"Metallicize+1","floor":47}],"player_experience":181513,"relics_obtained":[{"floor":6.0,"key":"Ancient Tea Set"},{"floor":9.0,"key":"Letter Opener"},{"floor":11.0,"key":"Lantern"},{"floor":12,"key":"Blue Candle"},{"floor":23,"key":"Toxic Egg 2"},{"floor":23,"key":"Kunai"},{"floor":26,"key":"Blood Vial"},{"floor":27,"key":"Dream Catcher"},{"floor":27,"key":"Pen Nib"},{"floor":29,"key":"Happy Flower"},{"floor":31,"key":"Bag of Marbles"},{"floor":43,"key":"Bronze Scales"},{"floor":44,"key":"PreservedInsect"},{"floor":44,"key":"Orichalcum"},{"floor":47,"key":"Toy Ornithopter"},{"floor":47,"key":"Smiling Mask"}],"event_choices":[{"damage_healed":0.0,"max_hp_gain":0.0,"max_hp_loss":0.0,"gold_gain":0.0,"cards_transformed":["Hemokinesis"],"event_name":"Transmorgrifier","player_choice":"Transformed","floor":2.0,"gold_loss":0.0,"damage_taken":0.0,"cards_obtained":["Dual Wield"]},{"damage_healed":20.0,"max_hp_gain":0.0,"max_hp_loss":0.0,"gold_gain":0.0,"event_name":"Mushrooms","player_choice":"Healed and dodged fight","floor":7.0,"gold_loss":0.0,"damage_taken":0.0,"cards_obtained":["Parasite"]},{"cards_removed":["Combust"],"damage_healed":0.0,"max_hp_gain":0.0,"max_hp_loss":0.0,"gold_gain":0.0,"event_name":"Purifier","player_choice":"Purged","floor":8.0,"gold_loss":0.0,"damage_taken":0.0},{"damage_healed":0,"gold_gain":0,"player_choice":"Searched \u00272\u0027 times","damage_taken":0,"max_hp_gain":0,"max_hp_loss":0,"event_name":"Dead Adventurer","floor":12,"gold_loss":0},{"damage_healed":0,"gold_gain":0,"player_choice":"Ignored","damage_taken":0,"max_hp_gain":0,"max_hp_loss":0,"event_name":"Ghosts","floor":19,"gold_loss":0},{"cards_removed":["Parasite"],"damage_healed":0,"gold_gain":0,"player_choice":"Gave Gold","damage_taken":0,"max_hp_gain":0,"max_hp_loss":0,"event_name":"Beggar","floor":20,"gold_loss":75},{"damage_healed":0,"gold_gain":0,"player_choice":"Read","damage_taken":0,"max_hp_gain":0,"max_hp_loss":0,"event_name":"The Library","floor":28,"gold_loss":0,"cards_obtained":["Flame Barrier"]},{"damage_healed":0,"gold_gain":0,"player_choice":"Inject Mutagens","damage_taken":0,"relics_obtained":["MutagenicStrength"],"max_hp_gain":0,"max_hp_loss":0,"event_name":"Drug Dealer","floor":30,"gold_loss":0},{"damage_healed":0,"gold_gain":0,"player_choice":"Copied","damage_taken":0,"max_hp_gain":0,"max_hp_loss":0,"event_name":"Duplicator","floor":36,"gold_loss":0,"cards_obtained":["Fire Breathing"]},{"damage_healed":0,"gold_gain":0,"player_choice":"Memory 1","damage_taken":0,"max_hp_gain":0,"max_hp_loss":0,"event_name":"SensoryStone","floor":39,"gold_loss":0},{"damage_healed":0,"gold_gain":0,"player_choice":"Bought 0 Potions","damage_taken":0,"max_hp_gain":0,"max_hp_loss":0,"event_name":"The Woman in Blue","floor":46,"gold_loss":0},{"damage_healed":0,"gold_gain":0,"player_choice":"Paid","damage_taken":0,"relics_obtained":["Red Mask"],"max_hp_gain":0,"max_hp_loss":0,"event_name":"Tomb of Lord Red Mask","floor":48,"gold_loss":168}],"is_beta":false,"boss_relics":[{"not_picked":["Philosopher\u0027s Stone","Sozu"],"picked":"Black Star"},{"not_picked":["Runic Cube","Astrolabe"],"picked":"Snecko Eye"}],"items_purged_floors":[0,22,38],"is_endless":false,"potions_floor_spawned":[1,4,6,11,14,18,25,37,42,47],"ascension_level":0}}