{"host":"3y2rtlgteqp2nuo3","time":1612892166,"event":{"mods":["2.2 Compatiblity","AchievementEnabler","BaseMod","Colored Map","DeckTracker","Highlight Path","Keyboard Shortcuts","Minty Spire (QoL Compilation)","Permanent Neow","Quick Restart","StSLib","SuperFastMode","everything is the same but u backflip on backflip"],"gold_per_floor":[118,118,118,145,164,164,181,213,213,238,238,264,264,277,277,382,382,337,337,337,337,78,78,78,78,78,78,78,78,78,78,78,78,78,78,78,78,78,0,0,0,0,0,0,0,0,0,0,0,0],"floor_reached":51,"language":"KOR","playtime":1312,"items_purged":[],"score":1242,"play_id":"1056cb01-2bf3-4cc4-9eec-2c5282ec4708","local_time":"20210210023606","is_ascension_mode":true,"campfire_choices":[{"data":"Perfected Strike","floor":6.0,"key":"SMITH"},{"data":"Perfected Strike","floor":13.0,"key":"SMITH"},{"floor":15.0,"key":"REST"},{"data":"Perfected Strike","floor":27.0,"key":"SMITH"},{"data":"Rage","floor":30.0,"key":"SMITH"},{"data":"Offering","floor":32.0,"key":"SMITH"},{"data":"Second Wind","floor":40.0,"key":"SMITH"},{"data":"Dark Embrace","floor":45.0,"key":"SMITH"},{"floor":49,"key":"REST"}],"circlet_count":0,"master_deck":["AscendersBane","Strike_R","Strike_R","Strike_R","Strike_R","Strike_R","Defend_R","Defend_R","Defend_R","Defend_R","Bash+1","Perfected Strike+1","Perfected Strike+1","Perfected Strike+1","Offering+1","Power Through","Second Wind+1","Dark Embrace+1","Perfected Strike+1","Twin Strike+1","Dual Wield","Rage+1","Armaments+1","Pommel Strike+1","Impervious","Evolve+1","Flame Barrier+1","Shockwave+1","Battle Trance+1"],"relics":["Burning Blood","Dream Catcher","Mummified Hand","Pantograph","Pocketwatch","Ice Cream","Matryoshka","Ectoplasm","Lizard Tail","Meat on the Bone","Singing Bowl","Eternal Feather","Anchor","Shuriken","SsserpentHead","Philosopher\u0027s Stone","Red Mask","Strawberry","Pear","Toy Ornithopter"],"acts_visited":["Exordium","TheCity","TheBeyond"],"potions_floor_usage":[50],"damage_taken":[{"damage":9.0,"enemies":"Jaw Worm","floor":1.0,"turns":3.0},{"damage":1.0,"enemies":"Cultist","floor":5.0,"turns":3.0},{"damage":6.0,"enemies":"Small Slimes","floor":7.0,"turns":2.0},{"damage":30.0,"enemies":"Lagavulin","floor":8.0,"turns":5.0},{"damage":11.0,"enemies":"3 Sentries","floor":10.0,"turns":4.0},{"damage":6.0,"enemies":"Lagavulin","floor":12.0,"turns":4.0},{"damage":0.0,"enemies":"3 Louse","floor":14.0,"turns":3.0},{"damage":35.0,"enemies":"Hexaghost","floor":16.0,"turns":8.0},{"damage":17.0,"enemies":"2 Thieves","floor":18.0,"turns":3.0},{"damage":0.0,"enemies":"Shell Parasite","floor":19.0,"turns":2.0},{"damage":14.0,"enemies":"Chosen and Byrds","floor":21.0,"turns":3.0},{"damage":11.0,"enemies":"Slavers","floor":23.0,"turns":5.0},{"damage":18.0,"enemies":"Cultist and Chosen","floor":24.0,"turns":3.0},{"damage":6.0,"enemies":"Gremlin Leader","floor":25.0,"turns":3.0},{"damage":9.0,"enemies":"Snake Plant","floor":28.0,"turns":2.0},{"damage":71.0,"enemies":"Champ","floor":33.0,"turns":8.0},{"damage":7.0,"enemies":"3 Darklings","floor":35.0,"turns":4.0},{"damage":0.0,"enemies":"Orb Walker","floor":36.0,"turns":2.0},{"damage":11.0,"enemies":"Giant Head","floor":41.0,"turns":6.0},{"damage":25.0,"enemies":"Writhing Mass","floor":42.0,"turns":3.0},{"damage":36.0,"enemies":"Sphere and 2 Shapes","floor":44.0,"turns":5.0},{"damage":8.0,"enemies":"Maw","floor":46.0,"turns":5.0},{"damage":13.0,"enemies":"Writhing Mass","floor":47.0,"turns":6.0},{"damage":32.0,"enemies":"Jaw Worm Horde","floor":48.0,"turns":3.0},{"damage":71,"enemies":"Time Eater","floor":50,"turns":9}],"seed_played":"5459252504283108915","potions_obtained":[{"floor":1.0,"key":"Block Potion"},{"floor":5.0,"key":"Fire Potion"},{"floor":14.0,"key":"SkillPotion"},{"floor":23.0,"key":"LiquidBronze"},{"floor":25.0,"key":"Swift Potion"},{"floor":44.0,"key":"DistilledChaos"},{"floor":48.0,"key":"FairyPotion"}],"is_trial":false,"path_per_floor":["M","?","$","T","M","R","M","E","T","E","?","E","R","M","R","B",null,"M","M","?","M","$","E","M","E","T","R","M","?","R","?","R","B",null,"M","M","?","$","?","R","E","M","T","M","R","M","M","M","R","B",null],"character_chosen":"IRONCLAD","items_purchased":["Meat on the Bone"],"campfire_rested":2,"item_purchase_floors":[22],"current_hp_per_floor":[69,69,69,69,74,74,74,50,50,45,20,20,20,26,50,46,72,61,67,67,59,59,54,54,54,54,66,63,63,78,78,80,27,67,66,72,72,72,72,80,82,65,75,59,74,74,69,57,104,59],"gold":0,"neow_bonus":"UPGRADE_CARD","is_daily":false,"chose_seed":false,"campfire_upgraded":7,"win_rate":0.0,"timestamp":1612892166,"path_taken":["M","?","$","?","M","R","M","E","T","E","?","E","R","M","R","BOSS","M","M","?","M","$","E","M","E","T","R","M","?","R","?","R","BOSS","M","?","?","$","?","R","E","M","T","M","R","?","M","M","R","BOSS"],"items_purchased_type":["Relic"],"build_version":"2020-12-22","purchased_purges":0,"victory":true,"max_hp_per_floor":[80,80,80,80,80,80,80,80,80,80,80,80,80,80,80,80,80,80,80,80,80,80,80,80,80,80,80,80,80,80,80,80,80,80,80,80,80,80,80,80,87,89,99,101,101,103,105,107,107,107],"card_choices":[{"not_picked":["Clothesline","Pummel"],"picked":"Perfected Strike","floor":1.0},{"not_picked":["Sentinel","True Grit"],"picked":"Perfected Strike","floor":5.0},{"not_picked":["Armaments","Clash"],"picked":"Perfected Strike","floor":7.0},{"not_picked":["Shrug It Off","Clash"],"picked":"Offering","floor":8.0},{"not_picked":["Metallicize","Anger"],"picked":"Power Through","floor":10.0},{"not_picked":["Burning Pact","Limit Break"],"picked":"Second Wind","floor":12.0},{"not_picked":["Searing Blow","Cleave"],"picked":"Dark Embrace","floor":14.0},{"not_picked":["Clothesline","Armaments"],"picked":"Perfected Strike","floor":15.0},{"not_picked":["Bludgeon","Exhume"],"picked":"Double Tap","floor":16.0},{"not_picked":["Heavy Blade","Flex+1"],"picked":"Twin Strike+1","floor":18.0},{"not_picked":["Entrench+1","Havoc","Flex+1"],"picked":"SKIP","floor":19.0},{"not_picked":["Sword Boomerang+1","Anger"],"picked":"Dual Wield","floor":21.0},{"not_picked":["Flex","Anger"],"picked":"Rage","floor":23.0},{"not_picked":["Cleave","Pummel+1"],"picked":"Armaments+1","floor":24.0},{"not_picked":["Intimidate","Pummel"],"picked":"Pommel Strike+1","floor":25.0},{"not_picked":["Iron Wave","Dark Embrace"],"picked":"Reckless Charge","floor":28.0},{"not_picked":["Bludgeon","Brutality"],"picked":"Impervious","floor":33.0},{"not_picked":["Twin Strike","Iron Wave"],"picked":"Evolve+1","floor":35.0},{"not_picked":["Dual Wield+1","Searing Blow"],"picked":"Flame Barrier+1","floor":36.0},{"not_picked":["Body Slam","Twin Strike"],"picked":"Shockwave+1","floor":41.0},{"not_picked":["Headbutt+1","True Grit+1","Searing Blow+1"],"picked":"Singing Bowl","floor":42.0},{"not_picked":["Seeing Red+1","Cleave+1","Inflame"],"picked":"Singing Bowl","floor":44.0},{"not_picked":["Flex+1","Carnage","Havoc"],"picked":"Singing Bowl","floor":46.0},{"not_picked":["Clothesline","Heavy Blade","Ghostly Armor+1"],"picked":"Singing Bowl","floor":47.0},{"not_picked":["Iron Wave+1","Clash+1","Flex+1"],"picked":"Singing Bowl","floor":48.0},{"not_picked":["Thunderclap+1","Clothesline+1"],"picked":"Battle Trance+1","floor":49}],"player_experience":776492,"relics_obtained":[{"floor":4.0,"key":"Dream Catcher"},{"floor":8.0,"key":"Mummified Hand"},{"floor":9.0,"key":"Pantograph"},{"floor":10.0,"key":"Pocketwatch"},{"floor":12.0,"key":"Matryoshka"},{"floor":23.0,"key":"Singing Bowl"},{"floor":25.0,"key":"Eternal Feather"},{"floor":26.0,"key":"Anchor"},{"floor":26.0,"key":"Shuriken"},{"floor":41.0,"key":"Strawberry"},{"floor":43.0,"key":"Pear"},{"floor":43.0,"key":"Toy Ornithopter"}],"event_choices":[{"damage_healed":0.0,"max_hp_gain":0.0,"max_hp_loss":0.0,"gold_gain":0.0,"event_name":"Upgrade Shrine","player_choice":"Upgraded","floor":2.0,"gold_loss":0.0,"damage_taken":0.0,"cards_upgraded":["Perfected Strike"]},{"damage_healed":0.0,"max_hp_gain":0.0,"max_hp_loss":0.0,"gold_gain":0.0,"event_name":"Scrap Ooze","player_choice":"Success","floor":11.0,"gold_loss":0.0,"damage_taken":25.0,"relics_obtained":["Ice Cream"]},{"damage_healed":0.0,"max_hp_gain":0.0,"max_hp_loss":0.0,"gold_gain":0.0,"event_name":"The Mausoleum","player_choice":"Opened","floor":20.0,"gold_loss":0.0,"damage_taken":0.0,"relics_obtained":["Lizard Tail"]},{"damage_healed":0.0,"max_hp_gain":0.0,"max_hp_loss":0.0,"gold_gain":0.0,"event_name":"Vampires","player_choice":"Ignored","floor":29.0,"gold_loss":0.0,"damage_taken":0.0},{"damage_healed":0.0,"max_hp_gain":0.0,"max_hp_loss":0.0,"gold_gain":0.0,"event_name":"FaceTrader","player_choice":"Trade","floor":31.0,"gold_loss":0.0,"damage_taken":0.0,"relics_obtained":["SsserpentHead"]},{"cards_removed":["Reckless Charge"],"damage_healed":0.0,"max_hp_gain":0.0,"max_hp_loss":0.0,"gold_gain":0.0,"event_name":"Falling","player_choice":"Removed Attack","floor":37.0,"gold_loss":0.0,"damage_taken":0.0},{"damage_healed":0.0,"max_hp_gain":0.0,"max_hp_loss":0.0,"gold_gain":0.0,"event_name":"Tomb of Lord Red Mask","player_choice":"Paid","floor":39.0,"gold_loss":78.0,"damage_taken":0.0,"relics_obtained":["Red Mask"]}],"is_beta":false,"boss_relics":[{"not_picked":["SacredBark","Coffee Dripper"],"picked":"Ectoplasm"},{"not_picked":["Fusion Hammer","Runic Pyramid"],"picked":"Philosopher\u0027s Stone"}],"items_purged_floors":[],"is_endless":false,"potions_floor_spawned":[1,5,8,14,23,25,28,33,36,44,47,48],"ascension_level":11}}