{"host":"sav7uxregyirlf69","time":1612853235,"event":{"mods":["AchievementEnabler","BaseMod","Colored Map","DeckTracker","Keyboard Shortcuts","Minty Spire (QoL Compilation)","READ ME - Guardian Mod","StSLib","SuperFastMode"],"gold_per_floor":[116,116,80,80,92,123,139,139,139,158,171,171,171],"floor_reached":12,"language":"KOR","playtime":123,"items_purged":[],"score":210,"play_id":"7f771036-a4a4-4ebc-a769-4d8d007adbee","local_time":"20210209154715","is_ascension_mode":true,"campfire_choices":[{"data":"Reflex","floor":8,"key":"SMITH"}],"circlet_count":0,"master_deck":["AscendersBane","Strike_G","Strike_G","Strike_G","Strike_G","Strike_G","Defend_G","Defend_G","Defend_G","Defend_G","Survivor","Neutralize","Reflex+1","Calculated Gamble","Eviscerate","Backflip","Acrobatics"],"relics":["Ring of the Snake","NeowsBlessing","WingedGreaves"],"acts_visited":["Exordium"],"potions_floor_usage":[10],"damage_taken":[{"damage":0,"enemies":"Small Slimes","floor":1,"turns":1},{"damage":0,"enemies":"Jaw Worm","floor":5,"turns":1},{"damage":0,"enemies":"Lagavulin","floor":6,"turns":1},{"damage":1,"enemies":"Cultist","floor":7,"turns":4},{"damage":10,"enemies":"Gremlin Gang","floor":10,"turns":3},{"damage":0,"enemies":"Blue Slaver","floor":11,"turns":2},{"damage":57,"enemies":"Gremlin Nob","floor":12,"turns":4}],"seed_played":"33362113889405568","potions_obtained":[{"floor":1,"key":"Explosive Potion"},{"floor":11,"key":"Fruit Juice"}],"is_trial":false,"path_per_floor":["M","?","$","?","M","E","M","R","T","M","M","E"],"character_chosen":"THE_SILENT","items_purchased":["Calculated Gamble"],"campfire_rested":0,"item_purchase_floors":[3],"current_hp_per_floor":[59,52,52,52,52,52,51,51,51,41,41,0,0],"gold":171,"neow_bonus":"THREE_ENEMY_KILL","is_daily":false,"chose_seed":false,"campfire_upgraded":1,"win_rate":0.0,"timestamp":1612853235,"path_taken":["M","?","$","?","M","E","M","R","T","M","M","E"],"items_purchased_type":["Card"],"build_version":"2020-12-22","purchased_purges":0,"victory":false,"max_hp_per_floor":[66,66,66,66,66,66,66,66,66,66,66,66,66],"card_choices":[{"not_picked":["Escape Plan","Heel Hook"],"picked":"Reflex","floor":1},{"not_picked":["Outmaneuver","Heel Hook","Sucker Punch"],"picked":"SKIP","floor":5},{"not_picked":["Quick Slash","Choke"],"picked":"Eviscerate","floor":6},{"not_picked":["Expertise","Underhanded Strike","Dodge and Roll"],"picked":"SKIP","floor":7},{"not_picked":["Poisoned Stab","Crippling Poison"],"picked":"Backflip","floor":10},{"not_picked":["Quick Slash","Bane"],"picked":"Acrobatics","floor":11}],"player_experience":1537358,"relics_obtained":[{"floor":6,"key":"WingedGreaves"}],"event_choices":[{"cards_removed":["Defend_G"],"damage_healed":0,"gold_gain":0,"player_choice":"Card Removal","damage_taken":7,"max_hp_gain":0,"max_hp_loss":0,"event_name":"Golden Wing","floor":2,"gold_loss":0},{"damage_healed":0,"gold_gain":0,"player_choice":"Ignored","damage_taken":0,"max_hp_gain":0,"max_hp_loss":0,"event_name":"Liars Game","floor":4,"gold_loss":0}],"is_beta":false,"boss_relics":[],"items_purged_floors":[],"is_endless":false,"potions_floor_spawned":[1,11],"killed_by":"Gremlin Nob","ascension_level":20}}