{"host":"2fgwwnzqc97k7iys","time":1612891246,"event":{"mods":["BaseMod","Colored Map","Minty Spire (QoL Compilation)","Quick Restart","Relic Stats"],"gold_per_floor":[111,123,123,134,148,148,167,205,231,271,271,271,271,286,286,286,286],"floor_reached":16,"language":"ENG","playtime":3594,"items_purged":[],"score":162,"play_id":"2ccc2db9-2b0d-4895-9951-51d1d577ba1e","local_time":"20210209112046","is_ascension_mode":true,"campfire_choices":[{"data":"Eruption","floor":6.0,"key":"SMITH"},{"floor":11.0,"key":"REST"},{"data":"MentalFortress","floor":13.0,"key":"SMITH"},{"data":"EmptyFist","floor":15.0,"key":"SMITH"}],"circlet_count":0,"master_deck":["Strike_P","Strike_P","Strike_P","Strike_P","Defend_P","Defend_P","Defend_P","Defend_P","Eruption+1","Vigilance","MentalFortress+1","BowlingBash","EmptyFist+1","InnerPeace","ClearTheMind","Crescendo"],"relics":["PureWater","NeowsBlessing","CeramicFish","Regal Pillow","Tiny Chest"],"acts_visited":["Exordium"],"potions_floor_usage":[16],"damage_taken":[{"damage":0.0,"enemies":"Small Slimes","floor":1.0,"turns":1.0},{"damage":0.0,"enemies":"2 Louse","floor":2.0,"turns":1.0},{"damage":0.0,"enemies":"Jaw Worm","floor":4.0,"turns":1.0},{"damage":11.0,"enemies":"Lots of Slimes","floor":5.0,"turns":3.0},{"damage":6.0,"enemies":"Looter","floor":7.0,"turns":3.0},{"damage":19.0,"enemies":"3 Sentries","floor":8.0,"turns":12.0},{"damage":27.0,"enemies":"Gremlin Nob","floor":10.0,"turns":3.0},{"damage":0.0,"enemies":"2 Fungi Beasts","floor":14.0,"turns":3.0},{"damage":0,"enemies":"Slime Boss","floor":16,"turns":3}],"seed_played":"-2571076609367103090","potions_obtained":[{"floor":7.0,"key":"Dexterity Potion"},{"floor":8.0,"key":"Fire Potion"},{"floor":10.0,"key":"Dexterity Potion"},{"floor":14.0,"key":"LiquidMemories"}],"is_trial":false,"path_per_floor":["M","M","?","M","M","R","M","E","T","E","R","?","R","M","R","B"],"character_chosen":"WATCHER","items_purchased":[],"campfire_rested":1,"item_purchase_floors":[],"current_hp_per_floor":[65,65,65,65,54,54,48,29,29,2,38,38,38,38,38,38,38],"gold":286,"neow_bonus":"THREE_ENEMY_KILL","is_daily":false,"chose_seed":false,"campfire_upgraded":3,"win_rate":0.0,"timestamp":1612891246,"path_taken":["M","M","?","M","M","R","M","E","T","E","R","?","R","M","R","BOSS"],"items_purchased_type":[],"build_version":"2020-12-22","purchased_purges":0,"victory":false,"max_hp_per_floor":[72,72,72,72,72,72,72,72,72,72,72,72,72,72,72,72,72],"relic_stats":{"Regal Pillow":15,"counters":[9,30],"CeramicFish":18,"Tiny Chest":0,"obtain_stats":[{"Regal Pillow":9,"NeowsBlessing":0,"CeramicFish":8,"Tiny Chest":10,"PureWater":0},{"Regal Pillow":6,"NeowsBlessing":0,"CeramicFish":6,"Tiny Chest":7,"PureWater":0},{"Regal Pillow":21,"NeowsBlessing":0,"CeramicFish":21,"Tiny Chest":24,"PureWater":0}]},"card_choices":[{"not_picked":["ThirdEye","ClearTheMind"],"picked":"MentalFortress","floor":1.0},{"not_picked":["Protect","EmptyFist"],"picked":"BowlingBash","floor":2.0},{"not_picked":["CutThroughFate","FollowUp"],"picked":"EmptyFist","floor":4.0},{"not_picked":["Crescendo","Evaluate"],"picked":"InnerPeace","floor":5.0},{"not_picked":["WindmillStrike","JustLucky","SandsOfTime"],"picked":"SKIP","floor":7.0},{"not_picked":["Judgement","BowlingBash"],"picked":"ClearTheMind","floor":8.0},{"not_picked":["Prostrate","Establishment"],"picked":"Crescendo","floor":10.0},{"not_picked":["Halt","PathToVictory","Consecrate"],"picked":"SKIP","floor":14.0}],"player_experience":552593,"relics_obtained":[{"floor":8.0,"key":"CeramicFish"},{"floor":9.0,"key":"Regal Pillow"},{"floor":10.0,"key":"Tiny Chest"}],"event_choices":[{"damage_healed":0.0,"max_hp_gain":0.0,"max_hp_loss":0.0,"gold_gain":0.0,"event_name":"Liars Game","player_choice":"Ignored","floor":3.0,"gold_loss":0.0,"damage_taken":0.0},{"damage_healed":0.0,"max_hp_gain":0.0,"max_hp_loss":0.0,"gold_gain":0.0,"event_name":"Golden Idol","player_choice":"Ignored","floor":12.0,"gold_loss":0.0,"damage_taken":0.0}],"is_beta":false,"boss_relics":[],"items_purged_floors":[],"is_endless":false,"potions_floor_spawned":[7,8,10,14],"killed_by":"Slime Boss","ascension_level":9}}