{"host":"rjbqai8ni6dsiu37","time":1612903932,"event":{"mods":["100% Spire Juice","BaseMod","CapriCore","GungeonMod","Marisa£¨Ùöéë¡¡Øª×âÞÞ£©","Minty Spire (QoL Compilation)","Replay The Spire","Shop Mod","StSLib","Td1madao Mod","The Cursed","The Jungle","The Poker Player","WarShipGirlsR/??á´Ò³R mod"],"gold_per_floor":[110,110,110,110,64,95,124,124,196,76,76,76,96,111,111,232,112,126,200,46,46,61,61,102,102,102,102,143,168,193,138,138,166,46,71,71,87,79,98,141,141,123,147,147,178,190,226,263,275,287],"floor_reached":51,"language":"KOR","playtime":1604,"items_purged":[],"score":1241,"play_id":"f897ce85-91d6-4207-b508-7d5d11408891","local_time":"20210210055212","is_ascension_mode":true,"campfire_choices":[{"data":"Moonworks:EvilSpyWorkPreparation","floor":8.0,"key":"SMITH"},{"data":"Moonworks:JonathanRush","floor":10.0,"key":"SMITH"},{"data":"Moonworks:NicePresent","floor":15.0,"key":"SMITH"},{"data":"Moonworks:GoAway","floor":23.0,"key":"SMITH"},{"data":"Moonworks:EvilSpyWorkPreparation","floor":27.0,"key":"SMITH"},{"data":"Moonworks:JonathanRush","floor":32.0,"key":"SMITH"},{"floor":41.0,"key":"REST"},{"data":"Moonworks:BackdoorTrade","floor":46,"key":"SMITH"},{"floor":49,"key":"REST"}],"circlet_count":0,"master_deck":["Moonworks:Strike","Moonworks:Strike","Moonworks:Strike","Moonworks:Strike","Moonworks:Defend","Moonworks:Defend","Moonworks:Defend","Moonworks:Defend","Moonworks:Ambush+1","Moonworks:LongDistanceShot","Moonworks:EvilSpyWorkPreparation+1","Moonworks:NicePresent+1","Moonworks:NicePresent+1","Moonworks:JonathanRush+1","Moonworks:NicePresent","Moonworks:GoAway+1","Moonworks:EvilSpyWorkPreparation+1","Moonworks:NicePresent","Moonworks:JonathanRush","Moonworks:AccelHyper","Moonworks:JonathanRush+1","Moonworks:FullSpeedAlicianrone","Moonworks:RagingMadness+1","Moonworks:AnotherUltimateWeapon+1","Moonworks:WindyEnchantment","Moonworks:JonathanRush+1","Moonworks:BackdoorTrade+1","Parasite","Moonworks:NicePresent","Moonworks:NicePresent","Writhe","Writhe","Moonworks:CloudOfSeagulls+1","Moonworks:Dash","Moonworks:BigMagnum"],"relics":["Moonworks:BrokenBomb","Moonworks:Homemark","NeowsBlessing","Thread and Needle","Quantum Egg","Golden Idol","Blue Candle","Strange Spoon","Red Mask","Oddly Smooth Stone","MerchantsRug","Replay:Wax Seal","Cursed Key","PreservedInsect","Simple Rune","MawBank"],"acts_visited":["Exordium","TheCity","TheBeyond"],"potions_floor_usage":[50],"damage_taken":[{"damage":0.0,"enemies":"2 Louse","floor":1.0,"turns":1.0},{"damage":0.0,"enemies":"3 Sentries","floor":6.0,"turns":1.0},{"damage":0.0,"enemies":"Gremlin Nob","floor":7.0,"turns":1.0},{"damage":0.0,"enemies":"Jaw Worm","floor":13.0,"turns":3.0},{"damage":0.0,"enemies":"Small Slimes","floor":14.0,"turns":2.0},{"damage":25.0,"enemies":"Hexaghost","floor":16.0,"turns":7.0},{"damage":0.0,"enemies":"3 Byrds","floor":18.0,"turns":3.0},{"damage":0.0,"enemies":"Shell Parasite","floor":22.0,"turns":2.0},{"damage":0.0,"enemies":"Masked Bandits","floor":24.0,"turns":2.0},{"damage":4.0,"enemies":"Gremlin Leader","floor":28.0,"turns":4.0},{"damage":0.0,"enemies":"Chosen and Byrds","floor":29.0,"turns":2.0},{"damage":0.0,"enemies":"Sentry and Sphere","floor":30.0,"turns":2.0},{"damage":12.0,"enemies":"Automaton","floor":33.0,"turns":5.0},{"damage":0.0,"enemies":"3 Darklings","floor":35.0,"turns":3.0},{"damage":16.0,"enemies":"3 Shapes","floor":37.0,"turns":3.0},{"damage":0.0,"enemies":"Writhing Mass","floor":39.0,"turns":4.0},{"damage":21.0,"enemies":"Reptomancer","floor":40.0,"turns":4.0},{"damage":3,"enemies":"Giant Head","floor":45,"turns":5},{"damage":5,"enemies":"3 Darklings","floor":47,"turns":3},{"damage":3,"enemies":"Jaw Worm Horde","floor":48,"turns":2},{"damage":34,"enemies":"Donu and Deca","floor":50,"turns":5}],"seed_played":"4144629810802896986","potions_obtained":[{"floor":7.0,"key":"Elixir"},{"floor":16.0,"key":"Elixir"},{"floor":18.0,"key":"Block Potion"},{"floor":30.0,"key":"Explosive Potion"},{"floor":35.0,"key":"SteroidPotion"},{"floor":39.0,"key":"Toxic Potion"},{"floor":45,"key":"Explosive Potion"}],"is_trial":false,"path_per_floor":["M","?","$","?","$","E","E","R","T","R","?","?","M","M","R","B",null,"M","?","$","T","M","R","?","?","T","R","E","M","M","$","R","B",null,"M","?","M","$","M","E","R","?","T","?","E","R","M","M","R","B",null],"character_chosen":"THE_STARBREAKER","items_purchased":["Moonworks:NicePresent","Strange Spoon","MerchantsRug","Replay:Wax Seal","Moonworks:RagingMadness","Moonworks:BackdoorTrade"],"campfire_rested":2,"item_purchase_floors":[5,20,31,31,31,38],"current_hp_per_floor":[54,54,54,54,54,54,54,54,54,54,54,39,39,39,39,14,49,49,49,49,49,49,49,49,49,49,49,45,45,45,45,45,33,53,53,53,37,37,37,16,34,34,34,49,46,46,41,38,56,22],"gold":299,"neow_bonus":"THREE_ENEMY_KILL","is_daily":false,"chose_seed":false,"campfire_upgraded":7,"win_rate":0.0,"timestamp":1612903932,"path_taken":["M","?","$","?","$","E","E","R","T","R","?","?","M","?","R","BOSS","M","?","$","?","?","R","?","?","T","R","E","M","M","$","R","BOSS","M","?","M","$","M","E","R","?","T","?","E","R","M","M","R","BOSS"],"items_purchased_type":["Card","Relic","Relic","Relic","Card","Card"],"build_version":"2020-12-22","purchased_purges":0,"victory":true,"max_hp_per_floor":[60,60,60,60,60,60,60,60,60,60,60,60,60,60,60,60,60,60,60,60,60,60,60,60,60,60,60,60,60,60,60,60,60,60,60,60,60,60,60,60,60,60,60,60,60,60,60,60,60,60],"card_choices":[{"not_picked":["Moonworks:SelfDestruct","Moonworks:JonathanRush"],"picked":"Moonworks:EvilSpyWorkPreparation","floor":1.0},{"not_picked":["Moonworks:CastOff","Moonworks:JonathanRush"],"picked":"Moonworks:NicePresent","floor":6.0},{"not_picked":["Moonworks:RedAndBlue","Moonworks:Assault"],"picked":"Moonworks:JonathanRush","floor":7.0},{"not_picked":["Moonworks:CloudOfSeagulls","Moonworks:LulusLuckyEgg"],"picked":"Moonworks:NicePresent","floor":13.0},{"not_picked":["Moonworks:ScrambledEve","Moonworks:SakisCookie","Moonworks:StiffCrystal"],"picked":"SKIP","floor":14.0},{"not_picked":["Moonworks:CrystalBarrier","Moonworks:StarBlastingFuse"],"picked":"Moonworks:GoAway","floor":16.0},{"not_picked":["Moonworks:TacticalRetreat","Moonworks:ForcedRevival+1"],"picked":"Moonworks:EvilSpyWorkPreparation","floor":18.0},{"not_picked":["Moonworks:SelfDestruct","Moonworks:SakisCookie"],"picked":"Moonworks:NicePresent","floor":19.0},{"not_picked":["Moonworks:SakisCookie","Moonworks:MiracleWalker"],"picked":"Moonworks:JonathanRush","floor":19.0},{"not_picked":["Moonworks:SakisCookie+1","Moonworks:IndiscriminateFireSupport","Moonworks:Assault"],"picked":"SKIP","floor":22.0},{"not_picked":["Moonworks:Bloodlust","Moonworks:EvilSpyWorkPreparation+1"],"picked":"Moonworks:AccelHyper","floor":24.0},{"not_picked":["Moonworks:SakisCookie+1","Moonworks:ImOnFire","Moonworks:IndiscriminateFireSupport"],"picked":"SKIP","floor":28.0},{"not_picked":["Moonworks:BigMagnum","Moonworks:CastOff"],"picked":"Moonworks:JonathanRush","floor":29.0},{"not_picked":["Moonworks:ImOnFire+1","Moonworks:PlushieMaster"],"picked":"Moonworks:FullSpeedAlicianrone","floor":30.0},{"not_picked":["Moonworks:Gamble","Moonworks:MetallicMonocoque"],"picked":"Moonworks:AnotherUltimateWeapon","floor":33.0},{"not_picked":["Moonworks:SweetBattle","Moonworks:MiracleWalker+1"],"picked":"Moonworks:WindyEnchantment","floor":35.0},{"not_picked":["Moonworks:MixPhenomenon","Moonworks:Dinner"],"picked":"Moonworks:JonathanRush+1","floor":37.0},{"not_picked":["Moonworks:DeployBits+1","Moonworks:LulusLuckyEgg"],"picked":"Moonworks:NicePresent","floor":39.0},{"not_picked":["Moonworks:BigBangBell","Moonworks:SakisCookie"],"picked":"Moonworks:NicePresent","floor":40.0},{"not_picked":["Moonworks:AngelHand","Moonworks:Bloodlust"],"picked":"Moonworks:CloudOfSeagulls+1","floor":45},{"not_picked":["Moonworks:DeployBits","Moonworks:CastOff"],"picked":"Moonworks:Dash","floor":47},{"not_picked":["Moonworks:SakisCookie+1","Moonworks:ImOnFire"],"picked":"Moonworks:BigMagnum","floor":48}],"player_experience":243068,"relics_obtained":[{"floor":6.0,"key":"WingedGreaves"},{"floor":7.0,"key":"Thread and Needle"},{"floor":9.0,"key":"Quantum Egg"},{"floor":19.0,"key":"Blue Candle"},{"floor":21.0,"key":"Replay:Bottled Snecko"},{"floor":24.0,"key":"Red Mask"},{"floor":26.0,"key":"Golden Egg"},{"floor":28.0,"key":"Oddly Smooth Stone"},{"floor":40.0,"key":"PreservedInsect"},{"floor":43.0,"key":"Simple Rune"},{"floor":45,"key":"MawBank"}],"event_choices":[{"damage_healed":0.0,"max_hp_gain":0.0,"max_hp_loss":0.0,"gold_gain":0.0,"event_name":"Living Wall","player_choice":"Grow","floor":2.0,"gold_loss":0.0,"damage_taken":0.0,"cards_upgraded":["Moonworks:Ambush"]},{"damage_healed":0.0,"max_hp_gain":0.0,"max_hp_loss":0.0,"gold_gain":0.0,"event_name":"Golden Wing","player_choice":"Ignored","floor":4.0,"gold_loss":0.0,"damage_taken":0.0},{"damage_healed":0.0,"max_hp_gain":0.0,"max_hp_loss":0.0,"gold_gain":0.0,"event_name":"Golden Idol","player_choice":"Take Damage","floor":12.0,"gold_loss":0.0,"damage_taken":15.0,"relics_obtained":["Golden Idol"]},{"damage_healed":0.0,"max_hp_gain":0.0,"max_hp_loss":0.0,"gold_gain":0.0,"event_name":"Masked Bandits","player_choice":"Fought Bandits","floor":24.0,"gold_loss":0.0,"damage_taken":0.0},{"damage_healed":0.0,"max_hp_gain":0.0,"max_hp_loss":0.0,"gold_gain":222.0,"event_name":"Tomb of Lord Red Mask","player_choice":"Wore Mask","floor":42.0,"gold_loss":0.0,"damage_taken":0.0},{"damage_healed":15.0,"max_hp_gain":0.0,"max_hp_loss":0.0,"gold_gain":0.0,"event_name":"Winding Halls","player_choice":"Writhe","floor":44.0,"gold_loss":0.0,"damage_taken":0.0,"cards_obtained":["Writhe"]}],"is_beta":false,"boss_relics":[{"not_picked":["Astrolabe","Snecko Eye","Runic Pyramid"]},{"not_picked":["Moonworks:SBBomb","Coffee Dripper"],"picked":"Cursed Key"}],"items_purged_floors":[],"is_endless":false,"potions_floor_spawned":[7,16,18,30,35,39,45],"ascension_level":8}}