{"host":"sccdx89hs6cnwb1o","time":1612908370,"event":{"mods":["AchievementEnabler","BaseMod","Colored Powertips","Highlight Path","Minty Spire (QoL Compilation)"],"gold_per_floor":[119,137,137,212,225,225,244,308,332,332,207,217,234,245,245,340,340,351,314,325,32,47,47,47,47,47,47,47,65,79,158,158,259,259,273,273,91,91,110,110,127,142,211,221,221,238,249,249,249,249,249],"floor_reached":50,"language":"DEU","playtime":4701,"items_purged":["Strike_G","Decay"],"score":463,"play_id":"2029bb14-0dd9-47bd-9304-7eb7891aa7ab","local_time":"20210209230610","is_ascension_mode":false,"campfire_choices":[{"data":"Deadly Poison","floor":6,"key":"SMITH"},{"floor":15,"key":"REST"},{"data":"Catalyst","floor":23,"key":"SMITH"},{"data":"Bouncing Flask","floor":25,"key":"SMITH"},{"data":"Deadly Poison","floor":28,"key":"SMITH"},{"floor":32,"key":"REST"},{"floor":40,"key":"REST"},{"floor":45,"key":"REST"},{"floor":49,"key":"REST"}],"circlet_count":0,"master_deck":["Strike_G","Strike_G","Strike_G","Strike_G","Defend_G","Defend_G","Defend_G","Defend_G","Survivor","Neutralize","Malaise","Terror","Prepared","Deadly Poison+1","Masterful Stab","Dodge and Roll","Deadly Poison+1","Noxious Fumes","Bouncing Flask+1","Catalyst+1","Glass Knife","Slice","Crippling Poison","Sucker Punch+1","Doppelganger","Noxious Fumes","Writhe","Blade Dance+1","Leg Sweep+1","Dash+1"],"relics":["Ring of the Snake","Oddly Smooth Stone","Regal Pillow","The Specimen","Busted Crown","Membership Card","StoneCalendar","Question Card","Molten Egg 2","Fusion Hammer","Bronze Scales","InkBottle"],"acts_visited":["Exordium","TheCity","TheBeyond"],"potions_floor_usage":[16,30,33,33,33,46,47,50],"damage_taken":[{"damage":0,"enemies":"Small Slimes","floor":1,"turns":3},{"damage":2,"enemies":"2 Louse","floor":2,"turns":4},{"damage":0,"enemies":"Cultist","floor":5,"turns":4},{"damage":5,"enemies":"Exordium Wildlife","floor":7,"turns":3},{"damage":21,"enemies":"3 Sentries","floor":8,"turns":10},{"damage":7,"enemies":"Exordium Thugs","floor":12,"turns":5},{"damage":3,"enemies":"Blue Slaver","floor":13,"turns":3},{"damage":2,"enemies":"2 Fungi Beasts","floor":14,"turns":3},{"damage":7,"enemies":"Hexaghost","floor":16,"turns":7},{"damage":6,"enemies":"Chosen","floor":18,"turns":4},{"damage":0,"enemies":"Spheric Guardian","floor":20,"turns":4},{"damage":16,"enemies":"Centurion and Healer","floor":22,"turns":4},{"damage":24,"enemies":"Sentry and Sphere","floor":29,"turns":4},{"damage":0,"enemies":"3 Cultists","floor":30,"turns":3},{"damage":43,"enemies":"Collector","floor":33,"turns":7},{"damage":32,"enemies":"3 Darklings","floor":35,"turns":4},{"damage":9,"enemies":"Orb Walker","floor":39,"turns":4},{"damage":17,"enemies":"3 Darklings","floor":41,"turns":4},{"damage":22,"enemies":"4 Shapes","floor":42,"turns":4},{"damage":25,"enemies":"Sphere and 2 Shapes","floor":44,"turns":5},{"damage":11,"enemies":"3 Darklings","floor":46,"turns":5},{"damage":19,"enemies":"4 Shapes","floor":47,"turns":5},{"damage":67,"enemies":"Awakened One","floor":50,"turns":12}],"seed_played":"-2797803910108825673","potions_obtained":[{"floor":1,"key":"SneckoOil"},{"floor":2,"key":"Fire Potion"},{"floor":8,"key":"EssenceOfSteel"},{"floor":13,"key":"CultistPotion"},{"floor":16,"key":"GamblersBrew"},{"floor":22,"key":"BlessingOfTheForge"},{"floor":30,"key":"Strength Potion"},{"floor":35,"key":"BlessingOfTheForge"},{"floor":42,"key":"SpeedPotion"}],"is_trial":false,"path_per_floor":["M","M","?","?","M","R","M","?","T","T","$","M","M","M","R","B",null,"M","$","M","$","M","R","?","R","T","$","R","M","M","T","R","B",null,"M","?","$","?","M","R","M","M","T","M","R","M","M","?","R","B"],"character_chosen":"THE_SILENT","items_purchased":["Deadly Poison","Crippling Poison","Membership Card","StoneCalendar","Bronze Scales","Regen Potion","Noxious Fumes"],"campfire_rested":5,"item_purchase_floors":[11,19,21,21,37,37,37],"current_hp_per_floor":[70,68,68,57,57,57,52,31,31,31,31,24,21,19,55,48,70,64,64,64,64,48,48,48,48,48,48,48,24,24,24,60,17,70,38,38,38,56,47,70,53,31,31,6,42,31,26,26,62,0,0],"gold":249,"neow_bonus":"ONE_RANDOM_RARE_CARD","is_daily":false,"chose_seed":false,"campfire_upgraded":4,"win_rate":0.0,"timestamp":1612908370,"path_taken":["M","M","?","?","M","R","M","?","T","?","$","M","M","M","R","BOSS","M","$","M","$","M","R","?","R","T","?","R","M","M","?","R","BOSS","M","?","$","?","M","R","M","M","T","M","R","M","M","?","R","BOSS"],"items_purchased_type":["Card","Card","Relic","Relic","Relic","Potion","Card"],"build_version":"2020-12-22","purchased_purges":2,"victory":false,"max_hp_per_floor":[70,70,70,70,70,70,70,70,70,70,70,70,70,70,70,70,70,70,70,70,70,70,70,70,70,70,70,70,70,70,70,70,70,70,70,70,70,70,70,70,70,70,70,70,70,70,70,70,70,70,70],"card_choices":[{"not_picked":["Dagger Spray","Choke"],"picked":"Terror","floor":1},{"not_picked":["Quick Slash","Acrobatics"],"picked":"Prepared","floor":2},{"not_picked":["Infinite Blades","Underhanded Strike"],"picked":"Deadly Poison","floor":5},{"not_picked":["Heel Hook","Dagger Spray"],"picked":"Masterful Stab","floor":7},{"not_picked":["Underhanded Strike","Sucker Punch"],"picked":"Dodge and Roll","floor":8},{"not_picked":["Skewer","Quick Slash"],"picked":"Noxious Fumes","floor":12},{"not_picked":["Burst","Flechettes"],"picked":"Bouncing Flask","floor":13},{"not_picked":["Well Laid Plans","Bane"],"picked":"Catalyst","floor":14},{"not_picked":["Phantasmal Killer","Night Terror"],"picked":"Glass Knife","floor":16},{"not_picked":[],"picked":"Slice","floor":18},{"not_picked":["Dagger Spray"],"picked":"SKIP","floor":20},{"not_picked":["Sucker Punch"],"picked":"SKIP","floor":22},{"not_picked":["Slice","Heel Hook"],"picked":"SKIP","floor":29},{"not_picked":["Terror"],"picked":"Sucker Punch+1","floor":30},{"not_picked":["Malaise"],"picked":"Doppelganger","floor":33},{"not_picked":["Deflect","Well Laid Plans"],"picked":"SKIP","floor":35},{"not_picked":["Endless Agony+1","Backflip"],"picked":"SKIP","floor":39},{"not_picked":["Flechettes+1"],"picked":"Blade Dance+1","floor":41},{"not_picked":["Sucker Punch+1","Dodge and Roll"],"picked":"SKIP","floor":42},{"not_picked":["Noxious Fumes","Well Laid Plans"],"picked":"SKIP","floor":44},{"not_picked":["Acrobatics"],"picked":"Leg Sweep+1","floor":46},{"not_picked":["Terror+1"],"picked":"Dash+1","floor":47}],"player_experience":45720,"relics_obtained":[{"floor":8,"key":"Oddly Smooth Stone"},{"floor":9,"key":"Regal Pillow"},{"floor":10,"key":"The Specimen"},{"floor":26,"key":"Question Card"},{"floor":31,"key":"Molten Egg 2"},{"floor":43,"key":"InkBottle"}],"event_choices":[{"damage_healed":0,"gold_gain":0,"player_choice":"Ignored","damage_taken":0,"max_hp_gain":0,"max_hp_loss":0,"event_name":"Golden Wing","floor":3,"gold_loss":0},{"damage_healed":0,"gold_gain":75,"player_choice":"Gather Gold","damage_taken":11,"max_hp_gain":0,"max_hp_loss":0,"event_name":"World of Goop","floor":4,"gold_loss":0},{"damage_healed":0,"gold_gain":30,"player_choice":"Searched \u00273\u0027 times","damage_taken":0,"max_hp_gain":0,"max_hp_loss":0,"event_name":"Dead Adventurer","floor":8,"gold_loss":0},{"damage_healed":0,"gold_gain":0,"player_choice":"Cursed","damage_taken":0,"max_hp_gain":0,"max_hp_loss":0,"event_name":"Wheel of Change","floor":24,"gold_loss":0,"cards_obtained":["Decay"]},{"cards_removed":["Defend_G"],"damage_healed":0,"gold_gain":0,"player_choice":"Removed Skill","damage_taken":0,"max_hp_gain":0,"max_hp_loss":0,"event_name":"Falling","floor":36,"gold_loss":0},{"damage_healed":18,"gold_gain":0,"player_choice":"Writhe","damage_taken":0,"max_hp_gain":0,"max_hp_loss":0,"event_name":"Winding Halls","floor":38,"gold_loss":0,"cards_obtained":["Writhe"]},{"damage_healed":0,"gold_gain":0,"player_choice":"Ignored","damage_taken":0,"max_hp_gain":0,"max_hp_loss":0,"event_name":"Tomb of Lord Red Mask","floor":48,"gold_loss":0}],"is_beta":false,"boss_relics":[{"not_picked":["Runic Pyramid","Sozu"],"picked":"Busted Crown"},{"not_picked":["Runic Dome","Snecko Eye"],"picked":"Fusion Hammer"}],"items_purged_floors":[11,37],"is_endless":false,"potions_floor_spawned":[1,2,8,13,16,22,29,30,35,42,44],"killed_by":"Awakened One","ascension_level":0}}