{"host":"rnys9sj607vajavv","time":1612836105,"event":{"mods":["BaseMod","Colored Map","Downfall","Minty Spire (QoL Compilation)","StSLib"],"gold_per_floor":[0,18,18,36,54,69,69,69,95,95,80,95,129,126,157,266,278,290,302,328,351,379,418,457,488,400,428,440,479,511,282,300,402,402,302,316,201,220,239,239,239,153,153,153,166,73,90,106,123,123],"floor_reached":51,"language":"ENG","playtime":5075,"items_purged":["champ:Strike","champ:Execute"],"score":894,"play_id":"a713648d-54f5-4c24-b745-1b9eb9b75a93","local_time":"20210208180145","is_ascension_mode":true,"campfire_choices":[{"data":"champ:Taunt","floor":1,"key":"SMITH"},{"data":"champ:Lariat","floor":18,"key":"SMITH"},{"data":"champ:ShieldSigil","floor":26,"key":"SMITH"},{"floor":35,"key":"RECALL"}],"circlet_count":0,"master_deck":["champ:Strike","champ:Defend","champ:Defend","champ:Defend","champ:Taunt+1","champ:Lariat+1","champ:ShieldWall","champ:BringItOn","champ:ShieldSigil+1","champ:PreemptiveStrike","champ:FlashCut","champ:Circumvent+1","champ:FalseCounter+1","champ:EnGarde+1","champ:SkillfulDodge+1","champ:SkillfulDodge","champ:Circumvent","champ:DefensiveShout+1","champ:Circumvent+1","champ:ShieldWall+1"],"relics":["champ:ChampionCrown","Ginger","Girya","MawBank","Coffee Dripper","Happy Flower","downfall:HeartBlessingBlue","Oddly Smooth Stone","Orrery","Runic Dome","downfall:HeartBlessingGreen","StrikeDummy"],"acts_visited":["Exordium","TheCity","TheBeyond"],"potions_floor_usage":[5,25,29,30,37,50],"damage_taken":[{"damage":10,"enemies":"Jaw Worm","floor":2,"turns":6},{"damage":20,"enemies":"Cultist","floor":4,"turns":3},{"damage":16,"enemies":"Small Slimes","floor":5,"turns":3},{"damage":6,"enemies":"Exordium Wildlife","floor":6,"turns":5},{"damage":44,"enemies":"3 Sentries","floor":9,"turns":8},{"damage":23,"enemies":"downfall:FleeingMerchant","floor":11,"turns":4},{"damage":3,"enemies":"Blue Slaver","floor":12,"turns":4},{"damage":37,"enemies":"Gremlin Nob","floor":13,"turns":4},{"damage":10,"enemies":"downfall:FleeingMerchant","floor":14,"turns":4},{"damage":9,"enemies":"2 Fungi Beasts","floor":15,"turns":4},{"damage":1,"enemies":"IC_STATUS_ARCHETYPE","floor":16,"turns":6},{"damage":6,"enemies":"3 Byrds","floor":20,"turns":4},{"damage":0,"enemies":"Spheric Guardian","floor":21,"turns":2},{"damage":29,"enemies":"Shelled Parasite and Fungi","floor":22,"turns":5},{"damage":17,"enemies":"Slavers","floor":23,"turns":2},{"damage":1,"enemies":"Snake Plant","floor":25,"turns":4},{"damage":10,"enemies":"Chosen and Byrds","floor":27,"turns":2},{"damage":11,"enemies":"Gremlin Leader","floor":29,"turns":8},{"damage":0,"enemies":"Snecko","floor":30,"turns":4},{"damage":0,"enemies":"downfall:FleeingMerchant","floor":31,"turns":4},{"damage":20,"enemies":"Shelled Parasite and Fungi","floor":32,"turns":4},{"damage":3,"enemies":"SI_MIRROR_ARCHETYPE","floor":33,"turns":13},{"damage":15,"enemies":"Orb Walker","floor":36,"turns":4},{"damage":10,"enemies":"downfall:FleeingMerchant","floor":37,"turns":4},{"damage":0,"enemies":"3 Shapes","floor":38,"turns":4},{"damage":0,"enemies":"Writhing Mass","floor":39,"turns":5},{"damage":0,"enemies":"downfall:FleeingMerchant","floor":42,"turns":4},{"damage":5,"enemies":"Sphere and 2 Shapes","floor":45,"turns":5},{"damage":0,"enemies":"downfall:FleeingMerchant","floor":46,"turns":4},{"damage":14,"enemies":"Transient","floor":47,"turns":5},{"damage":0,"enemies":"3 Darklings","floor":48,"turns":6},{"damage":0,"enemies":"Sphere and 2 Shapes","floor":49,"turns":2},{"damage":9,"enemies":"WA_ARCHETYPE_DIVINITY","floor":50,"turns":13}],"seed_played":"1291333823926739684","potions_obtained":[{"floor":5,"key":"Fruit Juice"},{"floor":6,"key":"Strength Potion"},{"floor":13,"key":"FearPotion"},{"floor":15,"key":"SpeedPotion"},{"floor":20,"key":"Energy Potion"},{"floor":23,"key":"Block Potion"},{"floor":27,"key":"LiquidMemories"},{"floor":33,"key":"ColorlessPotion"},{"floor":38,"key":"Weak Potion"},{"floor":47,"key":"Swift Potion"}],"is_trial":false,"path_per_floor":["R","M","?","M","M","M","T","?","E","?","$","M","E","$","M","B",null,"R","?","M","M","M","E","T","M","R","M","?","E","M","$","M","B",null,"R","M","?","M","M","?","T","$","?","?","M","$","M","M","M","B",null],"character_chosen":"THE_CHAMP","items_purchased":["Orrery","Guardian:BlockOnCardUsePotion","DistilledChaos"],"campfire_rested":0,"item_purchase_floors":[31,42,46],"current_hp_per_floor":[90,90,90,90,94,88,88,88,54,54,51,48,31,31,22,21,77,77,77,71,71,42,25,25,24,34,34,34,23,23,23,23,20,84,84,79,79,79,79,79,79,79,79,79,74,74,60,60,60,51],"gold":123,"neow_bonus":"REMOVE_TWO","is_daily":false,"chose_seed":false,"campfire_upgraded":3,"win_rate":0.0,"timestamp":1612836105,"path_taken":["R","M","?","M","?","M","T","?","E","?","?","M","E","$","M","BOSS","R","?","M","M","M","E","T","M","R","M","?","E","M","$","M","BOSS","R","M","?","M","M","?","T","$","?","?","?","?","M","M","M","BOSS"],"items_purchased_type":["Relic","Potion","Potion"],"build_version":"2020-12-22","purchased_purges":2,"victory":true,"max_hp_per_floor":[90,90,90,90,95,95,95,95,95,95,95,95,95,95,95,95,95,95,95,95,95,95,95,95,95,105,105,105,105,105,105,105,105,105,105,105,105,105,105,105,105,105,105,105,105,105,105,105,105,105],"card_choices":[{"not_picked":["champ:CrownThrow","champ:BladeFlurry"],"picked":"champ:DefensiveShout","floor":2},{"not_picked":["champ:BringItOn","champ:BerserkersShout"],"picked":"champ:Lariat","floor":4},{"not_picked":["champ:SwordSigil","champ:PerfectedStrike"],"picked":"champ:ShieldWall","floor":5},{"not_picked":["champ:PreciseThrust","champ:DefensiveShout","champ:FanOfKnives"],"picked":"SKIP","floor":6},{"not_picked":["champ:ArenaPreparation","champ:Backstep"],"picked":"champ:BringItOn","floor":9},{"not_picked":["champ:DeathBlow","champ:Lariat"],"picked":"champ:ShieldSigil","floor":11},{"not_picked":["champ:CrownThrow","champ:FanOfKnives"],"picked":"champ:PreemptiveStrike","floor":12},{"not_picked":["champ:DefensiveShout","champ:Devastate","champ:FaceSlap"],"picked":"SKIP","floor":13},{"not_picked":["champ:BladeFlurry","champ:CrownThrow","champ:FocusedBerserking"],"picked":"SKIP","floor":14},{"not_picked":["champ:EnGarde","champ:GutPunch","champ:Shatter"],"picked":"SKIP","floor":15},{"not_picked":["champ:Parry","champ:PerfectedStrike"],"picked":"champ:FlashCut","floor":20},{"not_picked":["champ:Encircle","champ:RecklessLeap","champ:CrownThrow+1"],"picked":"SKIP","floor":21},{"not_picked":["champ:ShieldSlam","champ:BerserkersShout","champ:CrownThrow"],"picked":"SKIP","floor":22},{"not_picked":["champ:FanOfKnives","champ:FaceSlap+1"],"picked":"champ:Circumvent+1","floor":23},{"not_picked":["champ:BerserkerStyle","champ:FanOfKnives","champ:FlashCut"],"picked":"SKIP","floor":25},{"not_picked":["champ:Haymaker","champ:RisingSlash+1"],"picked":"champ:FalseCounter+1","floor":27},{"not_picked":["champ:PerfectedStrike","champ:EnragedBash","champ:SwordSigil"],"picked":"SKIP","floor":29},{"not_picked":["champ:TornadoPunch","champ:Duel","champ:PerfectedStrike"],"picked":"SKIP","floor":30},{"not_picked":["champ:AdrenalArmor","champ:Shatter","champ:EnragedBash+1"],"picked":"SKIP","floor":31},{"not_picked":["champ:FlashCut+1","champ:AdrenalArmor"],"picked":"champ:EnGarde+1","floor":31},{"not_picked":["champ:Shatter","champ:ViciousMockery"],"picked":"champ:SkillfulDodge+1","floor":31},{"not_picked":["champ:FancyFootwork","champ:Shatter","champ:EnchantSword"],"picked":"SKIP","floor":32},{"not_picked":["champ:EnragedBash+1","champ:FlashCut+1","champ:TornadoPunch"],"picked":"SKIP","floor":36},{"not_picked":["champ:TornadoPunch","champ:Backstep+1"],"picked":"champ:SkillfulDodge","floor":37},{"not_picked":["champ:PreciseThrust+1","champ:FanOfKnives+1"],"picked":"champ:Circumvent","floor":38},{"not_picked":["champ:TornadoPunch+1","champ:FalseCounter+1"],"picked":"champ:DefensiveShout+1","floor":39},{"not_picked":["champ:BringItOn","champ:BerserkersShout"],"picked":"champ:Circumvent+1","floor":42},{"not_picked":["champ:PreciseThrust","champ:BerserkersShout","champ:Encircle"],"picked":"SKIP","floor":45},{"not_picked":["champ:RecklessLeap","champ:EnGarde","champ:Circumvent"],"picked":"SKIP","floor":46},{"not_picked":["champ:VampiricStrike","champ:Backstep+1","champ:EnragedBash+1"],"picked":"SKIP","floor":47},{"not_picked":["champ:EnGarde+1","champ:CrownThrow"],"picked":"champ:ShieldWall+1","floor":48},{"not_picked":["champ:Circumvent","champ:GutPunch","champ:RisingSlash"],"picked":"SKIP","floor":49}],"player_experience":693740,"relics_obtained":[{"floor":7,"key":"Ginger"},{"floor":9,"key":"Girya"},{"floor":13,"key":"MawBank"},{"floor":23,"key":"Happy Flower"},{"floor":29,"key":"Oddly Smooth Stone"},{"floor":41,"key":"StrikeDummy"}],"event_choices":[{"damage_healed":0,"gold_gain":0,"player_choice":"Forge","damage_taken":0,"max_hp_gain":0,"max_hp_loss":0,"event_name":"Accursed Blacksmith","floor":3,"gold_loss":0,"cards_upgraded":["champ:DefensiveShout"]},{"cards_removed":["champ:DefensiveShout"],"damage_healed":0,"gold_gain":0,"player_choice":"Removed Skill","damage_taken":0,"max_hp_gain":0,"max_hp_loss":0,"event_name":"Falling","floor":40,"gold_loss":0}],"is_beta":false,"boss_relics":[{"not_picked":["Fusion Hammer","Philosopher\u0027s Stone"],"picked":"Coffee Dripper"},{"not_picked":["Cursed Key","Snecko Eye"],"picked":"Runic Dome"}],"items_purged_floors":[31,37],"is_endless":false,"potions_floor_spawned":[5,6,13,15,16,20,21,23,27,33,38,47,48,49],"ascension_level":5}}