{"host":"f7jml7vkwn3tj7tu","time":1612897979,"event":{"mods":["BaseMod","Block Reminder","Minty Spire (QoL Compilation)","Relic Stats","Slay-I"],"gold_per_floor":[12,112,18,28,41,69,69,84,163,176,176,192,192,44,44,140,140,157,9,9,9,23,51,51,77,89,101,129,157,179,202,214,323,335,364,391,118,129,129,129,30,58,82,111,111,131,131,164,164,164],"floor_reached":51,"language":"ENG","playtime":5395,"items_purged":["Strike_P"],"score":827,"play_id":"2fcdb9f2-fd73-4579-a503-d87e6bb236e7","local_time":"20210209141259","is_ascension_mode":false,"campfire_choices":[{"data":"FlyingSleeves","floor":7,"key":"SMITH"},{"data":"FlurryOfBlows","floor":11,"key":"SMITH"},{"data":"LessonLearned","floor":13,"key":"SMITH"},{"data":"WheelKick","floor":15,"key":"SMITH"},{"data":"EmptyMind","floor":24,"key":"SMITH"},{"data":"Swivel","floor":27,"key":"SMITH"},{"data":"CutThroughFate","floor":32,"key":"SMITH"},{"data":"Adaptation","floor":40,"key":"SMITH"},{"floor":45,"key":"REST"},{"data":"MentalFortress","floor":49,"key":"SMITH"}],"circlet_count":0,"master_deck":["Strike_P+1","Defend_P+1","Defend_P+1","Defend_P+1","Defend_P+1","Eruption+1","Vigilance+1","Swivel+1","Prostrate+1","FlyingSleeves+1","BattleHymn+1","FlurryOfBlows+1","BowlingBash+1","CutThroughFate+1","LessonLearned+1","WheelKick+1","DevaForm+1","EmptyMind+1","InnerPeace+1","MentalFortress+1","Prostrate+1","Scrawl+1","CurseOfTheBell","Adaptation+1","InnerPeace+1","MentalFortress+1","Wallop+1","Madness","Madness+1","WheelKick+1","Scrawl"],"relics":["PureWater","TungstenRod","Frozen Eye","Busted Crown","PreservedInsect","Damaru","MawBank","FossilizedHelix","Calling Bell","Anchor","Mummified Hand","Turnip","Orichalcum","Kunai","Akabeko","Toy Ornithopter","StrikeDummy","Question Card"],"acts_visited":["Exordium","TheCity","TheBeyond"],"potions_floor_usage":[25,25,30,30,33,50,50],"damage_taken":[{"damage":0,"enemies":"Cultist","floor":1,"turns":4},{"damage":0,"enemies":"2 Louse","floor":4,"turns":1},{"damage":1,"enemies":"Jaw Worm","floor":5,"turns":5},{"damage":9,"enemies":"3 Sentries","floor":6,"turns":6},{"damage":8,"enemies":"Red Slaver","floor":8,"turns":5},{"damage":6,"enemies":"Large Slime","floor":10,"turns":5},{"damage":3,"enemies":"3 Louse","floor":12,"turns":5},{"damage":24,"enemies":"Hexaghost","floor":16,"turns":7},{"damage":3,"enemies":"3 Byrds","floor":18,"turns":4},{"damage":0,"enemies":"Chosen","floor":22,"turns":6},{"damage":30,"enemies":"Gremlin Leader","floor":23,"turns":4},{"damage":5,"enemies":"Book of Stabbing","floor":25,"turns":4},{"damage":9,"enemies":"Centurion and Healer","floor":28,"turns":5},{"damage":0,"enemies":"Chosen and Byrds","floor":29,"turns":7},{"damage":0,"enemies":"Snake Plant","floor":30,"turns":4},{"damage":0,"enemies":"Sentry and Sphere","floor":31,"turns":5},{"damage":0,"enemies":"Champ","floor":33,"turns":7},{"damage":22,"enemies":"3 Darklings","floor":35,"turns":6},{"damage":0,"enemies":"Orb Walker","floor":36,"turns":4},{"damage":0,"enemies":"Sphere and 2 Shapes","floor":38,"turns":4},{"damage":0,"enemies":"Giant Head","floor":42,"turns":6},{"damage":16,"enemies":"Nemesis","floor":44,"turns":9},{"damage":0,"enemies":"4 Shapes","floor":46,"turns":4},{"damage":0,"enemies":"Reptomancer","floor":48,"turns":4},{"damage":27,"enemies":"Awakened One","floor":50,"turns":7}],"seed_played":"-5275312886984053818","potions_obtained":[{"floor":10,"key":"EssenceOfSteel"},{"floor":12,"key":"EssenceOfSteel"},{"floor":16,"key":"SneckoOil"},{"floor":22,"key":"DuplicationPotion"},{"floor":25,"key":"Weak Potion"},{"floor":28,"key":"Explosive Potion"},{"floor":42,"key":"ColorlessPotion"},{"floor":44,"key":"Swift Potion"}],"is_trial":false,"path_per_floor":["M","?","$","M","M","E","R","M","T","M","R","M","R","$","R","B",null,"M","$","?","?","M","E","R","E","T","R","M","M","M","M","R","B",null,"M","M","$","M","?","R","?","E","T","E","R","M","?","E","R","B",null],"character_chosen":"WATCHER","items_purchased":["BattleHymn","FlurryOfBlows","Frozen Eye","EmptyMind","Orichalcum","InnerPeace","MentalFortress"],"campfire_rested":1,"item_purchase_floors":[3,3,14,19,37,37,37],"current_hp_per_floor":[72,72,72,72,71,62,62,54,54,48,48,45,45,45,45,21,72,69,69,69,69,69,39,39,34,34,34,25,25,25,25,25,25,72,50,50,50,50,42,42,42,42,42,26,47,47,47,47,47,30],"gold":164,"neow_bonus":"TRANSFORM_TWO_CARDS","is_daily":false,"chose_seed":false,"campfire_upgraded":9,"win_rate":0.0,"timestamp":1612897979,"path_taken":["M","?","?","M","M","E","R","M","T","M","R","M","R","$","R","BOSS","M","$","?","?","?","E","R","E","T","R","M","M","M","M","R","BOSS","M","M","?","M","?","R","?","E","T","E","R","?","?","E","R","BOSS"],"items_purchased_type":["Card","Card","Relic","Card","Relic","Card","Card"],"build_version":"2020-12-22","purchased_purges":1,"victory":true,"max_hp_per_floor":[72,72,72,72,72,72,72,72,72,72,72,72,72,72,72,72,72,72,72,72,72,72,72,72,72,72,72,72,72,72,72,72,72,72,72,72,72,72,72,72,72,72,72,72,72,72,72,72,72,72],"relic_stats":{"Busted Crown":34,"counters":[25,128],"Mummified Hand":[37],"PreservedInsect":322,"Turnip":[5],"Kunai":[25],"Orichalcum":[12],"MawBank":144,"Question Card":0,"obtain_stats":[{"Damaru":23,"PreservedInsect":21,"Orichalcum":37,"MawBank":25,"Question Card":48,"Akabeko":42,"Calling Bell":34,"Frozen Eye":14,"Anchor":34,"Busted Crown":17,"Mummified Hand":34,"Turnip":34,"Kunai":41,"PureWater":0,"StrikeDummy":44,"TungstenRod":6,"FossilizedHelix":26,"Toy Ornithopter":43},{"Damaru":11,"PreservedInsect":9,"Orichalcum":19,"MawBank":12,"Question Card":24,"Akabeko":21,"Calling Bell":17,"Frozen Eye":7,"Anchor":17,"Busted Crown":8,"Mummified Hand":17,"Turnip":17,"Kunai":20,"PureWater":0,"StrikeDummy":22,"TungstenRod":4,"FossilizedHelix":12,"Toy Ornithopter":21},{"Damaru":52,"PreservedInsect":42,"Orichalcum":94,"MawBank":56,"Question Card":121,"Akabeko":104,"Calling Bell":84,"Frozen Eye":31,"Anchor":84,"Busted Crown":38,"Mummified Hand":84,"Turnip":84,"Kunai":98,"PureWater":0,"StrikeDummy":113,"TungstenRod":16,"FossilizedHelix":56,"Toy Ornithopter":104}],"TungstenRod":35,"Toy Ornithopter":10},"card_choices":[{"not_picked":["WaveOfTheHand","Sanctity"],"picked":"FlyingSleeves","floor":1},{"not_picked":["ForeignInfluence","Perseverance"],"picked":"BowlingBash","floor":4},{"not_picked":["SandsOfTime","Prostrate"],"picked":"CutThroughFate","floor":5},{"not_picked":["Consecrate","EmptyFist"],"picked":"LessonLearned","floor":6},{"not_picked":["ClearTheMind","CutThroughFate","FollowUp"],"picked":"SKIP","floor":8},{"not_picked":["ClearTheMind","CutThroughFate","FollowUp"],"picked":"SKIP","floor":8},{"not_picked":["PathToVictory","LikeWater"],"picked":"WheelKick","floor":10},{"not_picked":["BowlingBash","Halt","ClearTheMind"],"picked":"SKIP","floor":12},{"not_picked":["LessonLearned","DeusExMachina"],"picked":"DevaForm","floor":16},{"not_picked":["EmptyFist"],"picked":"SKIP","floor":18},{"not_picked":["ThirdEye"],"picked":"SKIP","floor":22},{"not_picked":["FlyingSleeves"],"picked":"SKIP","floor":23},{"not_picked":["FlyingSleeves"],"picked":"SKIP","floor":25},{"not_picked":[],"picked":"InnerPeace","floor":28},{"not_picked":["SandsOfTime"],"picked":"SKIP","floor":29},{"not_picked":["SandsOfTime"],"picked":"SKIP","floor":29},{"not_picked":[],"picked":"MentalFortress","floor":30},{"not_picked":[],"picked":"Prostrate+1","floor":31},{"not_picked":[],"picked":"Scrawl","floor":33},{"not_picked":["Prostrate+1"],"picked":"SKIP","floor":35},{"not_picked":[],"picked":"Adaptation","floor":36},{"not_picked":[],"picked":"Wallop","floor":38},{"not_picked":["WheelKick+1"],"picked":"SKIP","floor":42},{"not_picked":[],"picked":"WheelKick+1","floor":42},{"not_picked":["FlyingSleeves"],"picked":"SKIP","floor":44},{"not_picked":["EmptyFist"],"picked":"SKIP","floor":46},{"not_picked":["Indignation+1"],"picked":"SKIP","floor":48}],"player_experience":593943,"relics_obtained":[{"floor":6,"key":"TungstenRod"},{"floor":23,"key":"Damaru"},{"floor":25,"key":"MawBank"},{"floor":26,"key":"FossilizedHelix"},{"floor":34,"key":"Anchor"},{"floor":34,"key":"Mummified Hand"},{"floor":34,"key":"Turnip"},{"floor":42,"key":"Akabeko"},{"floor":43,"key":"Toy Ornithopter"},{"floor":44,"key":"StrikeDummy"},{"floor":48,"key":"Question Card"}],"event_choices":[{"damage_healed":0,"gold_gain":100,"player_choice":"Pray","damage_taken":0,"max_hp_gain":0,"max_hp_loss":0,"event_name":"Golden Shrine","floor":2,"gold_loss":0},{"damage_healed":0,"gold_gain":0,"player_choice":"Ignored","damage_taken":0,"max_hp_gain":0,"max_hp_loss":0,"event_name":"Ghosts","floor":20,"gold_loss":0},{"damage_healed":0,"gold_gain":0,"player_choice":"Opened","damage_taken":0,"relics_obtained":["PreservedInsect"],"max_hp_gain":0,"max_hp_loss":0,"event_name":"The Mausoleum","floor":21,"gold_loss":0},{"damage_healed":0,"gold_gain":0,"player_choice":"Embrace Madness","damage_taken":9,"max_hp_gain":0,"max_hp_loss":0,"event_name":"Winding Halls","floor":39,"gold_loss":0,"cards_obtained":["Madness","Madness"]},{"damage_healed":0,"gold_gain":0,"player_choice":"Paid Gold","damage_taken":0,"relics_obtained":["Kunai"],"max_hp_gain":0,"max_hp_loss":0,"event_name":"WeMeetAgain","floor":41,"gold_loss":99},{"damage_healed":0,"gold_gain":0,"player_choice":"Copied","damage_taken":0,"max_hp_gain":0,"max_hp_loss":0,"event_name":"Duplicator","floor":47,"gold_loss":0,"cards_obtained":["Scrawl"]}],"is_beta":false,"boss_relics":[{"not_picked":["Cursed Key","Fusion Hammer"],"picked":"Busted Crown"},{"not_picked":["Astrolabe","Runic Pyramid"],"picked":"Calling Bell"}],"items_purged_floors":[19],"is_endless":false,"potions_floor_spawned":[10,12,16,22,23,25,28,42,44],"ascension_level":0}}