{"host":"kt2jzujlwvzydtbu","time":1612860420,"event":{"mods":["BaseMod","Bestiary","Minty Spire (QoL Compilation)","SacredBarkPlus","StSLib"],"gold_per_floor":[113,113,113,19,36,69,86,86,86,86,117,130,165,181,181,281,281,300,300,225,239,254,254,288,288,288,288,307,307,322,322,322,425,425,441,441,451,98,121,121,121,121,121,156,166,193,242,256,256,256,256,256,40,40,40],"floor_reached":54,"language":"ENG","playtime":2399,"items_purged":["Strike_R","Strike_R","Strike_R"],"score":1048,"play_id":"6a787a92-c143-4237-b340-f224e8bd86f7","local_time":"20210209164700","is_ascension_mode":true,"campfire_choices":[{"data":"Searing Blow","floor":8.0,"key":"SMITH"},{"data":"Searing Blow+1","floor":10.0,"key":"SMITH"},{"data":"Searing Blow+2","floor":15.0,"key":"SMITH"},{"data":"Searing Blow+3","floor":23.0,"key":"SMITH"},{"data":"Searing Blow+4","floor":25.0,"key":"SMITH"},{"data":"Searing Blow+5","floor":27.0,"key":"SMITH"},{"data":"Searing Blow+6","floor":32.0,"key":"SMITH"},{"data":"Searing Blow+7","floor":40.0,"key":"SMITH"},{"data":"Searing Blow+8","floor":42.0,"key":"SMITH"},{"floor":49.0,"key":"RECALL"},{"data":"Searing Blow+9","floor":52.0,"key":"SMITH"}],"circlet_count":0,"master_deck":["Strike_R","Defend_R","Defend_R","Defend_R","Defend_R","Bash","Searing Blow+10","Dramatic Entrance","Cleave","Dual Wield","Battle Trance","Armaments","Disarm","Seeing Red","Corruption","Ghostly","Ghostly","Ghostly","Ghostly","Ghostly","Barricade","Feel No Pain","Double Tap","Entrench","Enlightenment"],"relics":["Black Blood","NeowsBlessing","Charon\u0027s Ashes","Centennial Puzzle","InkBottle","Bag of Preparation","Tiny Chest","Lantern","Sozu","Letter Opener","Toy Ornithopter","Sundial","Potion Belt","Gremlin Horn","Bird Faced Urn"],"acts_visited":["Exordium","TheCity","TheBeyond","TheEnding"],"potions_floor_usage":[],"damage_taken":[{"damage":0.0,"enemies":"Small Slimes","floor":1.0,"turns":1.0},{"damage":0.0,"enemies":"2 Louse","floor":5.0,"turns":1.0},{"damage":0.0,"enemies":"Gremlin Nob","floor":6.0,"turns":1.0},{"damage":4.0,"enemies":"Jaw Worm","floor":7.0,"turns":3.0},{"damage":10.0,"enemies":"3 Sentries","floor":11.0,"turns":3.0},{"damage":6.0,"enemies":"Looter","floor":12.0,"turns":3.0},{"damage":31.0,"enemies":"Gremlin Nob","floor":13.0,"turns":4.0},{"damage":6.0,"enemies":"Blue Slaver","floor":14.0,"turns":3.0},{"damage":36.0,"enemies":"Slime Boss","floor":16.0,"turns":9.0},{"damage":21.0,"enemies":"2 Thieves","floor":18.0,"turns":3.0},{"damage":11.0,"enemies":"Spheric Guardian","floor":21.0,"turns":3.0},{"damage":13.0,"enemies":"Snecko","floor":22.0,"turns":3.0},{"damage":31.0,"enemies":"Book of Stabbing","floor":24.0,"turns":4.0},{"damage":1.0,"enemies":"Cultist and Chosen","floor":28.0,"turns":3.0},{"damage":3.0,"enemies":"Snake Plant","floor":30.0,"turns":2.0},{"damage":33.0,"enemies":"Champ","floor":33.0,"turns":7.0},{"damage":1.0,"enemies":"Orb Walker","floor":35.0,"turns":4.0},{"damage":1.0,"enemies":"3 Shapes","floor":37.0,"turns":3.0},{"damage":24.0,"enemies":"Nemesis","floor":44.0,"turns":7.0},{"damage":0.0,"enemies":"Spire Growth","floor":45.0,"turns":5.0},{"damage":8.0,"enemies":"Giant Head","floor":46.0,"turns":7.0},{"damage":0.0,"enemies":"2 Orb Walkers","floor":47.0,"turns":4.0},{"damage":1.0,"enemies":"Writhing Mass","floor":48.0,"turns":5.0},{"damage":2.0,"enemies":"Donu and Deca","floor":50.0,"turns":9.0},{"damage":51,"enemies":"Shield and Spear","floor":54,"turns":2}],"seed_played":"4275969593280320240","potions_obtained":[{"floor":1.0,"key":"AttackPotion"},{"floor":7.0,"key":"Weak Potion"},{"floor":11.0,"key":"SteroidPotion"},{"floor":14.0,"key":"Ancient Potion"},{"floor":16.0,"key":"EntropicBrew"},{"floor":33.0,"key":"SneckoOil"}],"is_trial":false,"path_per_floor":["M","?","?","$","M","E","M","R","T","R","E","M","E","M","R","B",null,"M","?","$","M","M","R","E","R","T","R","M","?","M","?","R","B",null,"M","?","M","$","T","R","$","R","T","E","M","E","?","M","R","B",null,"R","$","E"],"character_chosen":"IRONCLAD","items_purchased":["Dramatic Entrance","Letter Opener","Enlightenment"],"campfire_rested":0,"item_purchase_floors":[4,38,53],"current_hp_per_floor":[78,66,71,71,77,83,85,85,85,85,81,81,56,56,56,26,70,61,85,85,85,84,84,65,65,65,65,76,60,69,45,45,24,40,45,45,45,45,45,45,45,45,45,33,45,45,45,45,45,45,45,45,45,0,0],"gold":40,"neow_bonus":"THREE_ENEMY_KILL","is_daily":false,"chose_seed":false,"campfire_upgraded":10,"win_rate":0.0,"timestamp":1612860420,"path_taken":["M","?","?","$","M","E","M","R","T","R","E","M","E","M","R","BOSS","M","?","$","M","M","R","E","R","T","R","M","?","M","?","R","BOSS","M","?","M","$","?","R","$","R","T","E","M","E","?","?","R","BOSS","R","$","E"],"items_purchased_type":["Card","Relic","Card"],"build_version":"2020-12-22","purchased_purges":3,"victory":false,"max_hp_per_floor":[80,80,85,85,85,85,85,85,85,85,85,85,85,85,85,85,85,85,85,85,85,85,85,85,85,85,85,85,90,90,45,45,45,45,45,45,45,45,45,45,45,45,45,45,45,45,45,45,45,45,45,45,45,45,45],"card_choices":[{"not_picked":["Wild Strike","Hemokinesis"],"picked":"Searing Blow","floor":1.0},{"not_picked":["Dark Embrace","Hemokinesis"],"picked":"Cleave","floor":5.0},{"not_picked":["Cleave","Thunderclap"],"picked":"Dual Wield","floor":6.0},{"not_picked":["Headbutt","Iron Wave"],"picked":"Battle Trance","floor":7.0},{"not_picked":["Pommel Strike","Berserk"],"picked":"Armaments","floor":11.0},{"not_picked":["True Grit","Battle Trance"],"picked":"Disarm","floor":12.0},{"not_picked":["Blood for Blood","Twin Strike","Spot Weakness"],"picked":"SKIP","floor":13.0},{"not_picked":["Sever Soul","Heavy Blade"],"picked":"Seeing Red","floor":14.0},{"not_picked":["Brutality","Berserk"],"picked":"Corruption","floor":16.0},{"not_picked":["Shrug It Off","Headbutt","Sword Boomerang"],"picked":"SKIP","floor":18.0},{"not_picked":["Rampage","Inflame","Evolve"],"picked":"SKIP","floor":21.0},{"not_picked":["Twin Strike","Dropkick","Fire Breathing"],"picked":"SKIP","floor":22.0},{"not_picked":["Sword Boomerang","Twin Strike+1","Immolate"],"picked":"SKIP","floor":24.0},{"not_picked":["Twin Strike","Perfected Strike+1","Carnage"],"picked":"SKIP","floor":28.0},{"not_picked":["Clothesline","Armaments","Wild Strike"],"picked":"SKIP","floor":30.0},{"not_picked":["Juggernaut","Limit Break"],"picked":"Barricade","floor":33.0},{"not_picked":["Flame Barrier+1","Armaments+1","True Grit"],"picked":"SKIP","floor":35.0},{"not_picked":["Hemokinesis+1","Pommel Strike","Perfected Strike+1"],"picked":"SKIP","floor":37.0},{"not_picked":["Reckless Charge","Searing Blow+1"],"picked":"Feel No Pain","floor":44.0},{"not_picked":["True Grit+1","Sword Boomerang+1","Perfected Strike+1"],"picked":"SKIP","floor":45.0},{"not_picked":["Evolve","Perfected Strike+1"],"picked":"Double Tap","floor":46.0},{"not_picked":["Heavy Blade+1","Rupture"],"picked":"Entrench","floor":48.0}],"player_experience":502971,"relics_obtained":[{"floor":6.0,"key":"Centennial Puzzle"},{"floor":11.0,"key":"InkBottle"},{"floor":13.0,"key":"Bag of Preparation"},{"floor":24.0,"key":"Tiny Chest"},{"floor":26.0,"key":"Lantern"},{"floor":39.0,"key":"Toy Ornithopter"},{"floor":43.0,"key":"Sundial"},{"floor":44.0,"key":"Potion Belt"},{"floor":46.0,"key":"Gremlin Horn"},{"floor":47.0,"key":"Bird Faced Urn"}],"event_choices":[{"damage_healed":0.0,"max_hp_gain":0.0,"max_hp_loss":0.0,"gold_gain":0.0,"event_name":"Scrap Ooze","player_choice":"Success","floor":2.0,"gold_loss":0.0,"damage_taken":12.0,"relics_obtained":["Charon\u0027s Ashes"]},{"damage_healed":0.0,"max_hp_gain":5.0,"max_hp_loss":0.0,"gold_gain":0.0,"event_name":"Big Fish","player_choice":"Donut","floor":3.0,"gold_loss":0.0,"damage_taken":0.0},{"damage_healed":28.0,"max_hp_gain":0.0,"max_hp_loss":0.0,"gold_gain":0.0,"event_name":"The Library","player_choice":"Heal","floor":19.0,"gold_loss":0.0,"damage_taken":0.0},{"damage_healed":0.0,"max_hp_gain":5.0,"max_hp_loss":0.0,"gold_gain":0.0,"event_name":"Forgotten Altar","player_choice":"Shed Blood","floor":29.0,"gold_loss":0.0,"damage_taken":21.0},{"damage_healed":0.0,"max_hp_gain":0.0,"max_hp_loss":45.0,"gold_gain":0.0,"event_name":"Ghosts","player_choice":"Became a Ghost","floor":31.0,"gold_loss":0.0,"damage_taken":0.0,"cards_obtained":["Ghostly","Ghostly","Ghostly","Ghostly","Ghostly"]},{"cards_removed":["Strike_R"],"damage_healed":0.0,"max_hp_gain":0.0,"max_hp_loss":0.0,"gold_gain":0.0,"event_name":"Falling","player_choice":"Removed Attack","floor":36.0,"gold_loss":0.0,"damage_taken":0.0},{"damage_healed":0.0,"max_hp_gain":0.0,"max_hp_loss":0.0,"gold_gain":0.0,"event_name":"Mysterious Sphere","player_choice":"Fight","floor":47.0,"gold_loss":0.0,"damage_taken":0.0}],"is_beta":false,"boss_relics":[{"not_picked":["Cursed Key","Tiny House"],"picked":"Black Blood"},{"not_picked":["Snecko Eye","Pandora\u0027s Box"],"picked":"Sozu"}],"items_purged_floors":[20,38,53],"is_endless":false,"potions_floor_spawned":[1,7,11,14,16,22,24,30,33,37,45,46,48],"killed_by":"Shield and Spear","ascension_level":7}}