{"host":"3po7ngt2j61s4rmj","time":1612842743,"event":{"mods":["Act Like it!","BaseMod","Elementarium","Minty Spire (QoL Compilation)","Relic Stats","Shade Mod","StSLib","The Cursed"],"gold_per_floor":[119,119,132,150,166,166,196,196,247,276,306,306,331,347,347,448,448,467,480,37,37,37,68,86,112,137,137,171,186,11,21,21,126,126,142,156,169,186,198,198,218,218,218,268,268,281,309,319,319,319,319,319,20,48,48,48],"floor_reached":55,"language":"ENG","playtime":5860,"items_purged":["TheCursedMod:Strike_TheCursed","TheCursedMod:Strike_TheCursed"],"score":1005,"play_id":"3363c62f-39db-4428-80c9-784f640d9d1f","local_time":"20210208205223","is_ascension_mode":true,"campfire_choices":[{"data":"TheCursedMod:CircleOfFlame","floor":6.0,"key":"SMITH"},{"data":"TheCursedMod:CleanUpWorkshop","floor":8.0,"key":"SMITH"},{"data":"TheCursedMod:ManaBullet","floor":15.0,"key":"SMITH"},{"floor":27.0,"key":"REST"},{"floor":32.0,"key":"REST"},{"floor":40.0,"key":"RECALL"},{"floor":42.0,"key":"REST"},{"data":"TheCursedMod:CircleOfFocus","floor":45.0,"key":"SMITH"},{"floor":49,"key":"REST"},{"data":"TheCursedMod:VoidForm","floor":52,"key":"SMITH"}],"circlet_count":0,"master_deck":["TheCursedMod:Strike_TheCursed","TheCursedMod:Strike_TheCursed+1","TheCursedMod:Defend_TheCursed","TheCursedMod:Defend_TheCursed","TheCursedMod:Defend_TheCursed","TheCursedMod:Defend_TheCursed","TheCursedMod:CursedWand","TheCursedMod:CleanUpWorkshop+1","TheCursedMod:Dregs","TheCursedMod:CollectTribute+1","TheCursedMod:ManaBullet+1","TheCursedMod:CircleOfFlame+1","TheCursedMod:Wield","TheCursedMod:CircleOfCorruption","TheCursedMod:CircleOfCorruption","TheCursedMod:DemonSword","TheCursedMod:CursedBlade+1","TheCursedMod:EmpowerCircles","Violence","TheCursedMod:CircleOfCorruption+1","TheCursedMod:CursedArmor+1","TheCursedMod:CircleOfFocus+1","TheCursedMod:CircleOfCorruption+1","TheCursedMod:SpitefulStrike+1","TheCursedMod:SmokeScreen+1","TheCursedMod:Hemoplague+1","TheCursedMod:WearCloak+1","TheCursedMod:VoidForm+1","Parasite","TheCursedMod:CursedAmulet+1"],"relics":["TheCursedMod:BlackMagic101","Singing Bowl","Smiling Mask","Odd Mushroom","Bronze Scales","Kunai","SacredBark","Mummified Hand","TheAbacus","Mercury Hourglass","TheCursedMod:Tack","Oddly Smooth Stone","The Courier","Sling","Elementarium:ElementariumTrophy","TheCursedMod:FourLeafCloverCharm","Lizard Tail","Akabeko","Lee\u0027s Waffle","Bag of Preparation","Thread and Needle"],"acts_visited":["Exordium","Exordium","TheBeyond","TheEnding"],"potions_floor_usage":[48,50,50],"damage_taken":[{"damage":0.0,"enemies":"2 Louse","floor":1.0,"turns":3.0},{"damage":3.0,"enemies":"Jaw Worm","floor":3.0,"turns":4.0},{"damage":0.0,"enemies":"Cultist","floor":4.0,"turns":3.0},{"damage":4.0,"enemies":"3 Louse","floor":5.0,"turns":4.0},{"damage":18.0,"enemies":"Lagavulin","floor":7.0,"turns":4.0},{"damage":5.0,"enemies":"The Mushroom Lair","floor":10.0,"turns":3.0},{"damage":0.0,"enemies":"Gremlin Nob","floor":11.0,"turns":2.0},{"damage":16.0,"enemies":"Lagavulin","floor":13.0,"turns":5.0},{"damage":6.0,"enemies":"Lots of Slimes","floor":14.0,"turns":2.0},{"damage":42.0,"enemies":"The Guardian","floor":16.0,"turns":6.0},{"damage":6.0,"enemies":"Elementarium:2_ELEMENTALS","floor":18.0,"turns":3.0},{"damage":16.0,"enemies":"Elementarium:Cyclone","floor":19.0,"turns":5.0},{"damage":11.0,"enemies":"Elementarium:ElementalPortal","floor":23.0,"turns":5.0},{"damage":6.0,"enemies":"Elementarium:VoidBeast","floor":24.0,"turns":2.0},{"damage":23.0,"enemies":"Elementarium:WarGolem","floor":25.0,"turns":2.0},{"damage":28.0,"enemies":"Elementarium:FIRE_NOBILITY","floor":28.0,"turns":5.0},{"damage":16.0,"enemies":"Elementarium:VOID_CORRUPTION_AND_TAR_GOLEM","floor":29.0,"turns":3.0},{"damage":4.0,"enemies":"Elementarium:Hydrostalker","floor":31.0,"turns":4.0},{"damage":16.0,"enemies":"Elementarium:GolemEmperor","floor":33.0,"turns":7.0},{"damage":5.0,"enemies":"Orb Walker","floor":35.0,"turns":3.0},{"damage":20.0,"enemies":"3 Darklings","floor":36.0,"turns":3.0},{"damage":26.0,"enemies":"Maw","floor":37.0,"turns":5.0},{"damage":15.0,"enemies":"4 Shapes","floor":38.0,"turns":3.0},{"damage":44.0,"enemies":"Jaw Worm Horde","floor":39.0,"turns":4.0},{"damage":21.0,"enemies":"Sphere and 2 Shapes","floor":41.0,"turns":3.0},{"damage":0.0,"enemies":"Mind Bloom Boss Battle","floor":44.0,"turns":2.0},{"damage":20.0,"enemies":"4 Shapes","floor":46.0,"turns":2.0},{"damage":6.0,"enemies":"Nemesis","floor":47.0,"turns":7.0},{"damage":5,"enemies":"Writhing Mass","floor":48,"turns":6},{"damage":85,"enemies":"Donu and Deca","floor":50,"turns":9},{"damage":31,"enemies":"Shield and Spear","floor":54,"turns":6},{"damage":87,"enemies":"The Heart","floor":55,"turns":5}],"seed_played":"-7027738669060710308","potions_obtained":[{"floor":5.0,"key":"BlessingOfTheForge"},{"floor":7.0,"key":"DistilledChaos"},{"floor":10.0,"key":"FairyPotion"},{"floor":11.0,"key":"FearPotion"},{"floor":16.0,"key":"Fruit Juice"},{"floor":18.0,"key":"SpeedPotion"},{"floor":25.0,"key":"SpeedPotion"},{"floor":35.0,"key":"SteroidPotion"},{"floor":38.0,"key":"ColorlessPotion"},{"floor":44.0,"key":"BlessingOfTheForge"},{"floor":46.0,"key":"GamblersBrew"}],"is_trial":false,"path_per_floor":["M","?","M","M","M","R","E","R","T","?","E","?","E","M","R","B",null,"M","M","$","?","$","E","M","E","T","R","E","M","$","M","R","B",null,"M","M","M","M","M","R","M","R","T","?","R","M","E","M","R","B",null,"R","$","E","B"],"character_chosen":"THE_CURSED","items_purchased":["Mummified Hand","TheAbacus","TheCursedMod:EmpowerCircles","Sling","Lee\u0027s Waffle","Bag of Preparation"],"campfire_rested":4,"item_purchase_floors":[20,20,20,30,53,53],"current_hp_per_floor":[75,60,57,57,53,53,37,37,37,32,34,79,63,59,59,17,65,61,45,45,47,47,36,42,19,19,48,22,8,8,4,34,20,82,77,59,33,20,55,55,34,66,66,66,66,46,40,37,70,43,94,94,118,87,0,0],"gold":48,"neow_bonus":"ONE_RANDOM_RARE_CARD","is_daily":false,"chose_seed":false,"campfire_upgraded":5,"win_rate":0.0,"timestamp":1612842743,"path_taken":["M","?","M","M","M","R","E","R","T","?","E","?","E","M","R","BOSS","M","M","?","?","$","E","M","E","T","R","E","M","$","M","R","BOSS","M","M","M","?","M","R","M","R","T","?","R","M","E","M","R","BOSS","R","$","E","BOSS"],"items_purchased_type":["Relic","Relic","Card","Relic","Relic","Relic"],"build_version":"2020-12-22","purchased_purges":2,"victory":false,"max_hp_per_floor":[75,75,75,75,75,75,77,77,77,77,79,79,79,81,81,81,81,83,83,83,85,85,85,97,97,97,97,99,101,101,101,101,103,103,103,105,105,107,109,109,109,109,109,109,109,109,109,111,111,111,111,111,118,118,118,118],"relic_stats":{"Lizard Tail":55,"Lee\u0027s Waffle":24,"TheAbacus":[96],"Singing Bowl":26,"counters":[32,130],"Mummified Hand":[65],"Bronze Scales":[347],"Bag of Preparation":[4],"Kunai":[34],"Smiling Mask":40,"obtain_stats":[{"TheCursedMod:BlackMagic101":0,"TheCursedMod:FourLeafCloverCharm":34,"Lee\u0027s Waffle":53,"Singing Bowl":7,"SacredBark":17,"TheCursedMod:Tack":25,"Oddly Smooth Stone":26,"Thread and Needle":54,"The Courier":28,"Bag of Preparation":53,"Odd Mushroom":10,"Smiling Mask":9,"Sling":30,"Akabeko":47,"Mercury Hourglass":23,"Lizard Tail":44,"TheAbacus":20,"Elementarium:ElementariumTrophy":33,"Mummified Hand":20,"Bronze Scales":11,"Kunai":13},{"TheCursedMod:BlackMagic101":0,"TheCursedMod:FourLeafCloverCharm":19,"Lee\u0027s Waffle":30,"Singing Bowl":5,"SacredBark":10,"TheCursedMod:Tack":15,"Oddly Smooth Stone":15,"Thread and Needle":31,"The Courier":16,"Bag of Preparation":30,"Odd Mushroom":6,"Smiling Mask":5,"Sling":17,"Akabeko":28,"Mercury Hourglass":13,"Lizard Tail":26,"TheAbacus":12,"Elementarium:ElementariumTrophy":19,"Mummified Hand":12,"Bronze Scales":7,"Kunai":8},{"TheCursedMod:BlackMagic101":0,"TheCursedMod:FourLeafCloverCharm":72,"Lee\u0027s Waffle":119,"Singing Bowl":18,"SacredBark":36,"TheCursedMod:Tack":53,"Oddly Smooth Stone":53,"Thread and Needle":125,"The Courier":58,"Bag of Preparation":119,"Odd Mushroom":21,"Smiling Mask":18,"Sling":61,"Akabeko":104,"Mercury Hourglass":49,"Lizard Tail":95,"TheAbacus":44,"Elementarium:ElementariumTrophy":72,"Mummified Hand":44,"Bronze Scales":23,"Kunai":28}],"Mercury Hourglass":[292]},"card_choices":[{"not_picked":["TheCursedMod:Wield","TheCursedMod:Evocation"],"picked":"TheCursedMod:ManaBullet","floor":1.0},{"not_picked":["TheCursedMod:CircleOfFocus","TheCursedMod:CursedArmor"],"picked":"TheCursedMod:BlessingInDisguise","floor":3.0},{"not_picked":["TheCursedMod:SaltUponWound","TheCursedMod:TacticalStrike"],"picked":"TheCursedMod:CircleOfFlame","floor":4.0},{"not_picked":["TheCursedMod:AshesToAshes","TheCursedMod:CursedMace"],"picked":"TheCursedMod:Wield","floor":5.0},{"not_picked":["TheCursedMod:FleshFromBone","TheCursedMod:DoubleShield","TheCursedMod:CursedShiv"],"picked":"Singing Bowl","floor":7.0},{"not_picked":["TheCursedMod:StingEye","TheCursedMod:SpreadPlague"],"picked":"TheCursedMod:CircleOfCorruption","floor":10.0},{"not_picked":["TheCursedMod:HellfireBreathing","TheCursedMod:Torture","TheCursedMod:ManaBullet"],"picked":"Singing Bowl","floor":11.0},{"not_picked":["TheCursedMod:SoulCrush","TheCursedMod:DoubleShield"],"picked":"TheCursedMod:CircleOfCorruption","floor":13.0},{"not_picked":["TheCursedMod:SpitefulPlan","TheCursedMod:Grudge","TheCursedMod:Mangle"],"picked":"Singing Bowl","floor":14.0},{"not_picked":["TheCursedMod:ParallelWorld","TheCursedMod:CircleOfAbyss"],"picked":"TheCursedMod:DemonSword","floor":16.0},{"not_picked":["TheCursedMod:Stigma","TheCursedMod:AbyssShockwave","TheCursedMod:Torture+1"],"picked":"Singing Bowl","floor":18.0},{"not_picked":["TheCursedMod:SpitefulStrike","TheCursedMod:SurpriseAttack"],"picked":"TheCursedMod:CursedBlade+1","floor":19.0},{"not_picked":["Jack Of All Trades","Mind Blast"],"picked":"Violence","floor":21.0},{"not_picked":["Jack Of All Trades","Violence","The Bomb"],"picked":"Singing Bowl","floor":21.0},{"not_picked":["TheCursedMod:CircleOfBlood","TheCursedMod:RavingStaff+1"],"picked":"TheCursedMod:CircleOfCorruption+1","floor":23.0},{"not_picked":["TheCursedMod:CursedMace+1","TheCursedMod:Wield","TheCursedMod:DoubleShield"],"picked":"Singing Bowl","floor":24.0},{"not_picked":["TheCursedMod:Obscuration","TheCursedMod:HellsGateOpen"],"picked":"TheCursedMod:CursedArmor+1","floor":25.0},{"not_picked":["TheCursedMod:Stigma","TheCursedMod:Obscuration","TheCursedMod:SurpriseAttack"],"picked":"Singing Bowl","floor":28.0},{"not_picked":["TheCursedMod:PrepareRite","TheCursedMod:SurpriseAttack","TheCursedMod:SoulCrush"],"picked":"Singing Bowl","floor":29.0},{"not_picked":["TheCursedMod:Obscuration","TheCursedMod:StingEye"],"picked":"TheCursedMod:CircleOfFocus","floor":31.0},{"not_picked":["TheCursedMod:Neurasthenia","TheCursedMod:ParallelWorld","TheCursedMod:DemonicPact"],"picked":"Singing Bowl","floor":33.0},{"not_picked":["TheCursedMod:CursedShiv","TheCursedMod:TacticalStrike"],"picked":"TheCursedMod:CircleOfCorruption+1","floor":35.0},{"not_picked":["TheCursedMod:BlessingInDisguise","TheCursedMod:Hemoplague","TheCursedMod:Obscuration+1"],"picked":"Singing Bowl","floor":36.0},{"not_picked":["TheCursedMod:Obscuration","TheCursedMod:Hemoplague"],"picked":"TheCursedMod:SpitefulStrike+1","floor":37.0},{"not_picked":["TheCursedMod:Obscuration","TheCursedMod:DemonSword","TheCursedMod:CursedBlade"],"picked":"Singing Bowl","floor":38.0},{"not_picked":["TheCursedMod:Stigma","TheCursedMod:CursedArmor","TheCursedMod:Obscuration"],"picked":"Singing Bowl","floor":39.0},{"not_picked":["TheCursedMod:Obscuration","TheCursedMod:ReleasedKnowledge"],"picked":"TheCursedMod:SmokeScreen+1","floor":41.0},{"not_picked":["TheCursedMod:CursedMace+1","TheCursedMod:UltimatePain"],"picked":"TheCursedMod:Hemoplague+1","floor":44.0},{"not_picked":["TheCursedMod:TacticalStrike","TheCursedMod:RavingStaff"],"picked":"TheCursedMod:WearCloak+1","floor":46.0},{"not_picked":["TheCursedMod:CursedMace","TheCursedMod:ManaBullet"],"picked":"TheCursedMod:VoidForm","floor":47.0},{"not_picked":["TheCursedMod:Torture","TheCursedMod:Stigma+1","TheCursedMod:LuckyCharm"],"picked":"Singing Bowl","floor":48},{"not_picked":["TheCursedMod:PrepareRite+1","TheCursedMod:CursedMace+1"],"picked":"TheCursedMod:CursedAmulet+1","floor":54}],"player_experience":1073093,"relics_obtained":[{"floor":7.0,"key":"Singing Bowl"},{"floor":9.0,"key":"Smiling Mask"},{"floor":10.0,"key":"Odd Mushroom"},{"floor":11.0,"key":"Bronze Scales"},{"floor":13.0,"key":"Kunai"},{"floor":23.0,"key":"Mercury Hourglass"},{"floor":25.0,"key":"TheCursedMod:Tack"},{"floor":26.0,"key":"Oddly Smooth Stone"},{"floor":28.0,"key":"The Courier"},{"floor":44.0,"key":"Lizard Tail"},{"floor":47.0,"key":"Akabeko"},{"floor":54,"key":"Thread and Needle"}],"event_choices":[{"damage_healed":0.0,"max_hp_gain":0.0,"max_hp_loss":0.0,"gold_gain":0.0,"event_name":"Shining Light","player_choice":"Entered Light","floor":2.0,"gold_loss":0.0,"damage_taken":15.0,"cards_upgraded":["TheCursedMod:CollectTribute","TheCursedMod:Strike_TheCursed"]},{"damage_healed":0.0,"max_hp_gain":0.0,"max_hp_loss":0.0,"gold_gain":0.0,"event_name":"Mushrooms","player_choice":"Fought Mushrooms","floor":10.0,"gold_loss":0.0,"damage_taken":0.0},{"cards_removed":["TheCursedMod:BlessingInDisguise"],"damage_healed":45.0,"max_hp_gain":0.0,"max_hp_loss":0.0,"gold_gain":0.0,"event_name":"Bonfire Elementals","player_choice":"Offered Uncommon","floor":12.0,"gold_loss":0.0,"damage_taken":0.0},{"damage_healed":0.0,"max_hp_gain":0.0,"max_hp_loss":0.0,"gold_gain":0.0,"event_name":"Elementarium:IncubationChamber","player_choice":"Machinery","floor":21.0,"gold_loss":0.0,"damage_taken":0.0},{"damage_healed":0.0,"max_hp_gain":0.0,"max_hp_loss":0.0,"gold_gain":0.0,"event_name":"MindBloom","player_choice":"Fight","floor":44.0,"gold_loss":0.0,"damage_taken":0.0}],"is_beta":false,"boss_relics":[{"not_picked":["Sozu","TheCursedMod:BlackMagicAdvanced"],"picked":"SacredBark"},{"not_picked":["Velvet Choker","Runic Dome"],"picked":"TheCursedMod:FourLeafCloverCharm"}],"items_purged_floors":[30,53],"is_endless":false,"potions_floor_spawned":[5,7,10,11,16,18,25,28,33,35,38,44,46],"killed_by":"The Heart","ascension_level":5}}