{"host":"f5gffvlv6a66yqkd","time":1612850485,"event":{"mods":["2.2 Compatiblity","BaseMod","Colored Map","Custom Start","DeckTracker","Keyboard Shortcuts","Minty Spire (QoL Compilation)","Permanent Neow","Quick Restart","Relic Stats","StSLib","SuperFastMode"],"gold_per_floor":[112,112,128,139,156,156,81,92,115,115,139,139,20,20,20,91,91,101,101,117,134,84,84,9,27,27,27,27,27,27,41,41,41,41],"floor_reached":33,"language":"KOR","playtime":978,"items_purged":["Strike_B"],"score":470,"play_id":"387f6fce-60e5-4619-a7cd-7d4728123911","local_time":"20210209150125","is_ascension_mode":true,"campfire_choices":[{"data":"Chaos","floor":6.0,"key":"SMITH"},{"data":"FTL","floor":10.0,"key":"SMITH"},{"data":"Reboot","floor":12.0,"key":"SMITH"},{"data":"Defragment","floor":15.0,"key":"SMITH"},{"data":"Seek","floor":23.0,"key":"SMITH"},{"floor":29,"key":"REST"},{"floor":32,"key":"REST"}],"circlet_count":0,"master_deck":["AscendersBane","Defend_B","Defend_B","Defend_B","Zap+1","Dualcast+1","Glacier","Chaos+1","FTL+1","Genetic Algorithm","Reboot+1","Defragment+1","Blizzard+1","Seek+1","Hologram","Rebound","Barrage","Consume+1","Buffer"],"relics":["Cracked Core","PreservedInsect","Art of War","Empty Cage","Bottled Tornado","Shuriken"],"acts_visited":["Exordium","TheCity"],"potions_floor_usage":[33],"damage_taken":[{"damage":7.0,"enemies":"Jaw Worm","floor":1.0,"turns":3.0},{"damage":0.0,"enemies":"Cultist","floor":3.0,"turns":3.0},{"damage":0.0,"enemies":"2 Louse","floor":4.0,"turns":3.0},{"damage":0.0,"enemies":"Red Slaver","floor":5.0,"turns":3.0},{"damage":15.0,"enemies":"3 Louse","floor":8.0,"turns":3.0},{"damage":38.0,"enemies":"Slime Boss","floor":16.0,"turns":10.0},{"damage":6.0,"enemies":"Shell Parasite","floor":18.0,"turns":5.0},{"damage":12.0,"enemies":"2 Thieves","floor":20.0,"turns":4.0},{"damage":8.0,"enemies":"Snecko","floor":21.0,"turns":6.0},{"damage":19,"enemies":"Snake Plant","floor":25,"turns":4},{"damage":29,"enemies":"Cultist and Chosen","floor":31,"turns":8},{"damage":28,"enemies":"Collector","floor":33,"turns":6}],"seed_played":"-5058513657807610948","potions_obtained":[{"floor":1.0,"key":"AttackPotion"},{"floor":3.0,"key":"Explosive Potion"},{"floor":18.0,"key":"SpeedPotion"},{"floor":21.0,"key":"DuplicationPotion"},{"floor":31,"key":"BlessingOfTheForge"}],"is_trial":false,"path_per_floor":["M","?","M","M","M","R","?","M","T","R","T","R","$","?","R","B",null,"M","T","M","M","?","R","$","M","T","?","?","R","$","M","R","B"],"character_chosen":"DEFECT","items_purchased":["Defragment","Blizzard"],"campfire_rested":2,"item_purchase_floors":[13,13],"current_hp_per_floor":[57,57,57,57,57,57,57,42,42,42,42,42,42,42,42,4,54,48,48,36,28,28,28,28,9,9,9,9,30,30,1,22,0,0],"gold":41,"neow_bonus":"UPGRADE_CARD","is_daily":false,"chose_seed":false,"campfire_upgraded":5,"win_rate":0.0,"timestamp":1612850485,"path_taken":["M","?","M","?","M","R","?","M","T","R","?","R","$","?","R","BOSS","M","?","M","M","?","R","$","?","T","?","?","R","$","M","R","BOSS"],"items_purchased_type":["Card","Card"],"build_version":"2020-12-22","purchased_purges":1,"victory":false,"max_hp_per_floor":[71,71,71,71,71,71,71,71,71,71,71,71,71,71,71,71,71,71,71,71,71,71,71,71,71,71,71,71,71,71,71,71,71,71],"relic_stats":{"counters":[12,58],"Shuriken":[1],"PreservedInsect":0,"Art of War":[9],"obtain_stats":[{"Shuriken":26,"PreservedInsect":9,"Art of War":11,"Bottled Tornado":19,"Cracked Core":0,"Empty Cage":17},{"Shuriken":10,"PreservedInsect":5,"Art of War":5,"Bottled Tornado":7,"Cracked Core":0,"Empty Cage":6},{"Shuriken":44,"PreservedInsect":15,"Art of War":15,"Bottled Tornado":30,"Cracked Core":0,"Empty Cage":25}]},"card_choices":[{"not_picked":["Tempest","Aggregate"],"picked":"Glacier","floor":1.0},{"not_picked":["Turbo","Rebound"],"picked":"Chaos","floor":3.0},{"not_picked":["Conserve Battery","Reprogram"],"picked":"FTL","floor":4.0},{"not_picked":["Coolheaded","Heatsinks"],"picked":"Genetic Algorithm","floor":5.0},{"not_picked":["Compile Driver","Conserve Battery"],"picked":"Reboot","floor":8.0},{"not_picked":["Echo Form","Multi-Cast"],"picked":"Seek","floor":16.0},{"not_picked":["Streamline","Aggregate"],"picked":"Hologram","floor":18.0},{"not_picked":["Go for the Eyes","Stack"],"picked":"Rebound","floor":20.0},{"not_picked":["Recycle","Cold Snap+1"],"picked":"Barrage","floor":21.0},{"not_picked":["Beam Cell","Chaos"],"picked":"Consume+1","floor":25},{"not_picked":["Steam","Gash"],"picked":"Buffer","floor":31}],"player_experience":1707718,"relics_obtained":[{"floor":9.0,"key":"PreservedInsect"},{"floor":11.0,"key":"Art of War"},{"floor":19.0,"key":"Bottled Tornado"},{"floor":26,"key":"Shuriken"}],"event_choices":[{"damage_healed":0.0,"max_hp_gain":0.0,"max_hp_loss":0.0,"gold_gain":0.0,"event_name":"Upgrade Shrine","player_choice":"Upgraded","floor":2.0,"gold_loss":0.0,"damage_taken":0.0,"cards_upgraded":["Dualcast"]},{"cards_removed":["Defend_B"],"damage_healed":0.0,"max_hp_gain":0.0,"max_hp_loss":0.0,"gold_gain":0.0,"event_name":"The Cleric","player_choice":"Card Removal","floor":7.0,"gold_loss":75.0,"damage_taken":0.0},{"cards_removed":["Strike_B"],"damage_healed":0.0,"max_hp_gain":0.0,"max_hp_loss":0.0,"gold_gain":0.0,"event_name":"Bonfire Elementals","player_choice":"Offered Basic","floor":14.0,"gold_loss":0.0,"damage_taken":0.0},{"damage_healed":0.0,"max_hp_gain":0.0,"max_hp_loss":0.0,"gold_gain":0.0,"event_name":"Designer","player_choice":"Upgrade","floor":22.0,"gold_loss":50.0,"damage_taken":0.0,"cards_upgraded":["Blizzard"]},{"damage_healed":0,"gold_gain":0,"player_choice":"Ignored","damage_taken":0,"max_hp_gain":0,"max_hp_loss":0,"event_name":"The Mausoleum","floor":27,"gold_loss":0}],"is_beta":false,"boss_relics":[{"not_picked":["Busted Crown","Runic Dome"],"picked":"Empty Cage"}],"items_purged_floors":[24],"is_endless":false,"potions_floor_spawned":[1,3,4,18,21,25,31],"killed_by":"Collector","ascension_level":20}}