{"host":"72j3if4hls1tefkc","time":1612831977,"event":{"mods":["AchievementEnabler","Always Whale","Aspiration","BaseMod","Beaked The Cultist","Colored Map","Conspire","FetchMod","Halation","Hermit","Hubris","Infinite Spire","Minty Spire (QoL Compilation)","Reliquary","Replay The Spire","Shop Mod","StSLib","The Construct","The Cursed","The Jungle","The Marked","The Necromancer","The Poker Player"],"gold_per_floor":[111,128,78,78,78,253,253,282,306,46,56,56,77,92,92,215,215,156,156,156,177,276,276,299,299],"floor_reached":24,"language":"ENG","playtime":657,"items_purged":[],"score":326,"play_id":"65167ddf-0927-45c9-a03c-bafe9e42f7b0","local_time":"20210208175257","is_ascension_mode":true,"campfire_choices":[{"data":"Deflect","floor":7,"key":"SMITH"},{"data":"Footwork","floor":12,"key":"SMITH"},{"data":"Deadly Poison","floor":15,"key":"SMITH"},{"floor":23,"key":"REST"}],"circlet_count":0,"master_deck":["AscendersBane","Strike_G","Strike_G+1","Strike_G","Strike_G","Strike_G","Defend_G+1","Defend_G+1","Defend_G+1","Defend_G+1","Defend_G+1","Survivor","Neutralize+1","Deflect+1","conspire:SpireCoStock","Doubt","Footwork+1","Deadly Poison+1","Deflect","Dodge and Roll"],"relics":["Ring of the Snake","NeowsBlessing","Replay:Bottled Eggs","Strawberry","Medical Kit","Black Star"],"acts_visited":["Exordium","TheCity"],"potions_floor_usage":[16,21],"damage_taken":[{"damage":0,"enemies":"conspire:RoseBush","floor":1,"turns":1},{"damage":0,"enemies":"Small Slimes","floor":2,"turns":1},{"damage":0,"enemies":"Lagavulin","floor":8,"turns":1},{"damage":0,"enemies":"2 Louse","floor":11,"turns":3},{"damage":7,"enemies":"2 Fungi Beasts","floor":13,"turns":4},{"damage":6,"enemies":"Looter","floor":14,"turns":4},{"damage":30,"enemies":"The Guardian","floor":16,"turns":15},{"damage":18,"enemies":"2 Thieves","floor":18,"turns":5},{"damage":21,"enemies":"3 Byrds","floor":21,"turns":10},{"damage":37,"enemies":"Cultist and Chosen","floor":24,"turns":6}],"seed_played":"-3204824937070404697","potions_obtained":[{"floor":13,"key":"Block Potion"},{"floor":16,"key":"Dexterity Potion"}],"is_trial":false,"path_per_floor":["M","M","?","?","?","?","R","E","T","$","M","R","M","M","R","B",null,"M","?","?","M","?","R","M"],"character_chosen":"THE_SILENT","items_purchased":["Footwork","Medical Kit","Deadly Poison"],"campfire_rested":1,"item_purchase_floors":[10,10,10],"current_hp_per_floor":[63,63,63,63,49,49,49,49,56,56,56,56,49,43,43,13,61,43,29,29,8,8,32,0,0],"gold":299,"neow_bonus":"THREE_ENEMY_KILL","is_daily":false,"chose_seed":false,"campfire_upgraded":3,"win_rate":0.0,"timestamp":1612831977,"path_taken":["M","M","?","?","?","?","R","E","T","$","M","R","M","M","R","BOSS","M","?","?","M","?","R","M"],"items_purchased_type":["Card","Relic","Card"],"build_version":"2020-12-22","purchased_purges":0,"victory":false,"max_hp_per_floor":[70,70,70,70,70,70,70,70,77,77,77,77,77,77,77,77,77,77,82,82,82,82,82,82,82],"card_choices":[{"not_picked":["Concentrate","Backstab"],"picked":"Deflect","floor":1},{"not_picked":["Poisoned Stab","Sucker Punch","Infinite Blades"],"picked":"SKIP","floor":2},{"not_picked":["Quick Slash","Heel Hook","Underhanded Strike"],"picked":"SKIP","floor":8},{"not_picked":["Blade Dance","Cloak And Dagger","All Out Attack"],"picked":"SKIP","floor":11},{"not_picked":["Prepared","Hidden Blade"],"picked":"Deflect","floor":13},{"not_picked":["Catalyst","Terror","Die Die Die"],"picked":"SKIP","floor":14},{"not_picked":["Prepared+1","Skewer+1","Eviscerate+1"],"picked":"SKIP","floor":18},{"not_picked":["Setup","hubris:SlightOfHand"],"picked":"Dodge and Roll","floor":21}],"player_experience":402035,"relics_obtained":[{"floor":8,"key":"Replay:Bottled Eggs"},{"floor":9,"key":"Strawberry"}],"event_choices":[{"damage_healed":0,"gold_gain":0,"player_choice":"Invest 1","damage_taken":0,"max_hp_gain":0,"max_hp_loss":0,"event_name":"conspire:Investor","floor":3,"gold_loss":0},{"damage_healed":0,"gold_gain":0,"player_choice":"Grow","damage_taken":0,"max_hp_gain":0,"max_hp_loss":0,"event_name":"Living Wall","floor":4,"gold_loss":0,"cards_upgraded":["Neutralize"]},{"damage_healed":0,"gold_gain":0,"player_choice":"Entered Light","damage_taken":14,"max_hp_gain":0,"max_hp_loss":0,"event_name":"Shining Light","floor":5,"gold_loss":0,"cards_upgraded":["Strike_G","Defend_G"]},{"damage_healed":0,"gold_gain":175,"player_choice":"AGREE","damage_taken":0,"max_hp_gain":0,"max_hp_loss":0,"event_name":"Liars Game","floor":6,"gold_loss":0,"cards_obtained":["Doubt"]},{"damage_healed":0,"gold_gain":0,"player_choice":"Shed Blood","damage_taken":19,"max_hp_gain":5,"max_hp_loss":0,"event_name":"Forgotten Altar","floor":19,"gold_loss":0},{"damage_healed":0,"gold_gain":99,"player_choice":"Stole From Cult","damage_taken":0,"max_hp_gain":0,"max_hp_loss":0,"event_name":"Nest","floor":22,"gold_loss":0}],"is_beta":false,"boss_relics":[{"not_picked":["hubris:TerracottaHorce","halation:Yufonium"],"picked":"Black Star"}],"items_purged_floors":[],"is_endless":false,"potions_floor_spawned":[13,16],"killed_by":"Cultist and Chosen","ascension_level":10}}