{"host":"c0rqchpxu0yjpthq","time":1612893855,"event":{"mods":["100% Spire Juice","BaseMod","Challenge The Spire","Conspire","Downfall","HololiveMod","Minty Spire (QoL Compilation)","Reimu£®≤©¿ˆ¡È√Œ£©","Relic Stats","Reliquary","Spicy Shops","StSLib","Wide Potions","[GremlinLeader]The Maniac"],"gold_per_floor":[99,113,125,125,201,1,1,1,32,17,31,31,65,165,185,283,283,183,198,209,226,133,133,160,52,52,84,95,125,144,171,186,186,186,186],"floor_reached":33,"language":"ZHS","playtime":2227,"items_purged":[],"score":340,"play_id":"b38867b6-41ba-4b6a-980a-7d79cc82c179","local_time":"20210210020415","is_ascension_mode":false,"campfire_choices":[{"floor":1,"key":"RECALL"},{"data":"Guardian:TwinSlam","floor":6,"key":"SMITH"},{"data":"Guardian:ExploitGems","floor":12,"key":"SMITH"},{"data":"Guardian:ConstructionForm","floor":18,"key":"SMITH"},{"data":"Guardian:SentryBeam","floor":23,"key":"SMITH"}],"circlet_count":0,"master_deck":["Guardian:Strike_Guardian","Guardian:Strike_Guardian","Guardian:Strike_Guardian","Guardian:Strike_Guardian","Guardian:Defend_Guardian","Guardian:Defend_Guardian","Guardian:Defend_Guardian","Guardian:Defend_Guardian+1","Guardian:CurlUp+1","Guardian:TwinSlam+1","Guardian:ExploitGems+1","Guardian:ConstructionForm+1","Guardian:SentryBeam+1","Moonworks:Bloodlust","conspire:Banana","SpringWay:ReiMu+1","Well Laid Plans+1"],"relics":["Guardian:ModeShifter","downfall:HeartBlessingRed","downfall:HeartBlessingBlue","War Paint","Juzu Bracelet","reliquary:HotPoker","reliquary:Stiletto","Guardian:StasisSlotReductionRelic","downfall:HeartBlessingGreen","PrismaticShard","PreservedInsect","Blood Vial","Anchor","Happy Flower"],"acts_visited":["Exordium","TheCity"],"potions_floor_usage":[9,13,13,16,29,31,33,33],"damage_taken":[{"damage":3,"enemies":"2 Louse","floor":2,"turns":3},{"damage":8,"enemies":"Jaw Worm","floor":3,"turns":4},{"damage":18,"enemies":"3 Sentries","floor":9,"turns":10},{"damage":0,"enemies":"downfall:FleeingMerchant","floor":10,"turns":4},{"damage":0,"enemies":"conspire:RoseBush","floor":11,"turns":3},{"damage":8,"enemies":"Gremlin Nob","floor":13,"turns":3},{"damage":0,"enemies":"2 Fungi Beasts","floor":15,"turns":3},{"damage":57,"enemies":"WA_ARCHETYPE_RETAIN","floor":16,"turns":8},{"damage":0,"enemies":"3 Byrds","floor":19,"turns":7},{"damage":0,"enemies":"Spheric Guardian","floor":20,"turns":3},{"damage":0,"enemies":"Shelled Parasite and Fungi","floor":21,"turns":6},{"damage":0,"enemies":"downfall:FleeingMerchant","floor":22,"turns":4},{"damage":0,"enemies":"downfall:FleeingMerchant","floor":25,"turns":4},{"damage":23,"enemies":"Slavers","floor":27,"turns":7},{"damage":0,"enemies":"Snecko","floor":28,"turns":4},{"damage":12,"enemies":"conspire:SneckoGhost","floor":29,"turns":5},{"damage":2,"enemies":"3 Cultists","floor":30,"turns":6},{"damage":18,"enemies":"Slavers","floor":31,"turns":6},{"damage":9,"enemies":"Centurion and Healer","floor":32,"turns":6},{"damage":122,"enemies":"DF_ARCHETYPE_CLAW","floor":33,"turns":9}],"seed_played":"6544227792849445169","potions_obtained":[{"floor":2,"key":"BlessingOfTheForge"},{"floor":3,"key":"champ:CounterPotion"},{"floor":11,"key":"Swift Potion"},{"floor":13,"key":"BlessingOfTheForge"},{"floor":16,"key":"Fire Potion"},{"floor":27,"key":"LiquidMemories"},{"floor":30,"key":"bronze:BurnAndBuffPotion"},{"floor":32,"key":"AttackPotion"}],"is_trial":false,"path_per_floor":["R","M","M","?","T","R","T","?","E","$","M","R","E","?","M","B",null,"R","M","M","M","$","R","T","$","?","E","M","E","M","E","M","B"],"character_chosen":"GUARDIAN","items_purchased":["PrismaticShard","conspire:Banana"],"campfire_rested":0,"item_purchase_floors":[22,25],"current_hp_per_floor":[88,85,77,77,77,87,87,84,66,66,66,66,58,58,58,1,98,98,98,98,98,98,98,98,98,98,86,100,101,102,89,97,0,0,0],"gold":186,"neow_bonus":"TEN_PERCENT_HP_BONUS","is_daily":false,"chose_seed":false,"campfire_upgraded":4,"win_rate":0.0,"timestamp":1612893855,"path_taken":["R","M","M","?","?","R","T","?","E","$","M","R","E","?","M","BOSS","R","M","M","M","$","R","T","$","?","E","M","E","M","E","M","BOSS"],"items_purchased_type":["Relic","Card"],"build_version":"2020-12-22","purchased_purges":0,"victory":false,"max_hp_per_floor":[88,88,88,88,88,98,98,98,98,98,98,98,98,98,98,98,98,98,98,98,98,98,98,98,98,98,99,100,101,102,103,104,105,105,105],"relic_stats":{"Blood Vial":6,"Happy Flower":[5],"counters":[20,105],"PreservedInsect":117,"Juzu Bracelet":0,"War Paint":["Guardian:Defend_Guardian","Guardian:CurlUp"],"obtain_stats":[{"Guardian:StasisSlotReductionRelic":17,"downfall:HeartBlessingRed":6,"Happy Flower":31,"Guardian:ModeShifter":0,"downfall:HeartBlessingGreen":18,"PreservedInsect":24,"Juzu Bracelet":8,"War Paint":7,"PrismaticShard":22,"Blood Vial":27,"reliquary:HotPoker":9,"Anchor":29,"downfall:HeartBlessingBlue":6,"reliquary:Stiletto":13},{"Guardian:StasisSlotReductionRelic":8,"downfall:HeartBlessingRed":2,"Happy Flower":18,"Guardian:ModeShifter":0,"downfall:HeartBlessingGreen":8,"PreservedInsect":12,"Juzu Bracelet":2,"War Paint":2,"PrismaticShard":12,"Blood Vial":14,"reliquary:HotPoker":3,"Anchor":16,"downfall:HeartBlessingBlue":2,"reliquary:Stiletto":6},{"Guardian:StasisSlotReductionRelic":38,"downfall:HeartBlessingRed":7,"Happy Flower":90,"Guardian:ModeShifter":0,"downfall:HeartBlessingGreen":38,"PreservedInsect":58,"Juzu Bracelet":7,"War Paint":7,"PrismaticShard":58,"Blood Vial":69,"reliquary:HotPoker":17,"Anchor":78,"downfall:HeartBlessingBlue":7,"reliquary:Stiletto":27}]},"card_choices":[{"not_picked":["Guardian:PrismaticBarrier","Guardian:Planning","Guardian:DecasProtection"],"picked":"SKIP","floor":2},{"not_picked":["Guardian:RefractedBeam","Guardian:CrystalBeam"],"picked":"Guardian:Gem_Blue","floor":3},{"not_picked":["Guardian:TimeBomb","Guardian:ChargeCore"],"picked":"Guardian:ExploitGems","floor":9},{"not_picked":["Guardian:Repulse","Guardian:RefractedBeam"],"picked":"Guardian:Gem_Red","floor":10},{"not_picked":["Guardian:BodySlam","Guardian:ShieldCharger","Guardian:Incinerate"],"picked":"SKIP","floor":11},{"not_picked":["Guardian:Gem_Purple","Guardian:Emergency"],"picked":"Guardian:Gem_Orange","floor":13},{"not_picked":["Guardian:TemporalShield","Guardian:Preprogram"],"picked":"Guardian:Gem_Purple","floor":15},{"not_picked":["Guardian:FastForward","Guardian:RevengeProtocol"],"picked":"Guardian:ConstructionForm","floor":16},{"not_picked":["Guardian:RollAttack","Guardian:PrismaticBarrier+1","Guardian:Recover"],"picked":"SKIP","floor":19},{"not_picked":["Guardian:PrimingBeam","Guardian:Gem_Green"],"picked":"Guardian:Gem_Crimson","floor":20},{"not_picked":["Guardian:PrimingBeam","Guardian:Gem_Green","Guardian:BronzeArmor+1"],"picked":"SKIP","floor":21},{"not_picked":["Guardian:Gem_White","Guardian:TimeBomb"],"picked":"Guardian:SentryBeam","floor":22},{"not_picked":["Beam Cell","Immolate"],"picked":"Moonworks:Bloodlust","floor":25},{"not_picked":["Anger+1","Moonworks:RagingMadness","SubcavityInstant:ReiMu"],"picked":"SKIP","floor":27},{"not_picked":["sneckomod:RainOfDice+1","Deflect","FearNoEvil"],"picked":"SKIP","floor":28},{"not_picked":["Deflect","maniac:EndOfTheRoad","sneckomod:SlitherStrike"],"picked":"SKIP","floor":29},{"not_picked":["Beam Cell","Slimebound:GoopSpray"],"picked":"SpringWay:ReiMu+1","floor":30},{"not_picked":["maniac:ExpectedMoves","champ:FancyFootwork+1"],"picked":"Well Laid Plans+1","floor":31},{"not_picked":["Moonworks:CastOff","sneckomod:MasterEye","maniac:BladeArtist+1"],"picked":"SKIP","floor":32}],"player_experience":48786,"relics_obtained":[{"floor":7,"key":"War Paint"},{"floor":9,"key":"reliquary:HotPoker"},{"floor":13,"key":"reliquary:Stiletto"},{"floor":24,"key":"PreservedInsect"},{"floor":27,"key":"Blood Vial"},{"floor":29,"key":"Anchor"},{"floor":31,"key":"Happy Flower"}],"event_choices":[{"damage_healed":0,"gold_gain":0,"player_choice":"Success","damage_taken":3,"relics_obtained":["Juzu Bracelet"],"max_hp_gain":0,"max_hp_loss":0,"event_name":"Scrap Ooze","floor":8,"gold_loss":0},{"damage_healed":0,"gold_gain":0,"player_choice":"Ignored","damage_taken":0,"max_hp_gain":0,"max_hp_loss":0,"event_name":"Ghosts","floor":26,"gold_loss":0}],"is_beta":false,"boss_relics":[{"not_picked":["Astrolabe","bronze:MakeshiftBattery"],"picked":"Guardian:StasisSlotReductionRelic"}],"items_purged_floors":[],"is_endless":false,"potions_floor_spawned":[2,3,11,13,16,27,28,30,32],"killed_by":"DF_ARCHETYPE_CLAW","ascension_level":0}}