{"host":"8u1cu4kisw6g21am","time":1612896854,"event":{"mods":["AchievementEnabler","BaseMod","Bestiary","BetterRewards","Minty Spire (QoL Compilation)","Quick Restart","Shop Mod","StSLib"],"gold_per_floor":[119,138,158,171,171,209,234,234,234],"floor_reached":8,"language":"ENG","playtime":1258,"items_purged":[],"score":58,"play_id":"5c2d25f2-1dfb-4985-b1bc-9d71066923c5","local_time":"20210209135414","is_ascension_mode":false,"campfire_choices":[],"circlet_count":0,"master_deck":["Strike_R","Strike_R","Strike_R","Strike_R","Defend_R","Defend_R","Defend_R","Defend_R","Bash","Second Wind","Combust","Inflame","Heavy Blade","Twin Strike","Shrug It Off"],"relics":["Burning Blood","Bird Faced Urn","Golden Idol","Dream Catcher","Nunchaku"],"acts_visited":["Exordium"],"potions_floor_usage":[8],"damage_taken":[{"damage":11.0,"enemies":"Jaw Worm","floor":1.0,"turns":2.0},{"damage":7.0,"enemies":"2 Louse","floor":2.0,"turns":3.0},{"damage":8.0,"enemies":"Small Slimes","floor":3.0,"turns":3.0},{"damage":18.0,"enemies":"Red Slaver","floor":4.0,"turns":5.0},{"damage":24.0,"enemies":"Lagavulin","floor":6.0,"turns":5.0},{"damage":29,"enemies":"Gremlin Nob","floor":8,"turns":3}],"seed_played":"-6281783740936350937","potions_obtained":[{"floor":1.0,"key":"Weak Potion"},{"floor":3.0,"key":"Dexterity Potion"},{"floor":6.0,"key":"GamblersBrew"}],"is_trial":false,"path_per_floor":["M","M","M","M","?","E","T","E"],"character_chosen":"IRONCLAD","items_purchased":[],"campfire_rested":0,"item_purchase_floors":[],"current_hp_per_floor":[63,64,64,56,36,22,22,0,0],"gold":234,"neow_bonus":"","is_daily":false,"chose_seed":false,"campfire_upgraded":0,"win_rate":0.0,"timestamp":1612896854,"path_taken":["M","M","M","M","?","E","?","E"],"items_purchased_type":[],"build_version":"2020-12-22","purchased_purges":0,"victory":false,"max_hp_per_floor":[80,80,80,80,80,80,80,80,80],"card_choices":[{"not_picked":["Pommel Strike","Ghostly Armor"],"picked":"Combust","floor":1.0},{"not_picked":["Armaments","Intimidate"],"picked":"Inflame","floor":2.0},{"not_picked":["Anger","Flame Barrier"],"picked":"Heavy Blade","floor":3.0},{"not_picked":["Headbutt","Blood for Blood"],"picked":"Twin Strike","floor":4.0},{"not_picked":["True Grit","Sword Boomerang"],"picked":"Shrug It Off","floor":6.0}],"player_experience":40508,"relics_obtained":[{"floor":6.0,"key":"Dream Catcher"},{"floor":7.0,"key":"Nunchaku"}],"event_choices":[{"damage_healed":0.0,"max_hp_gain":0.0,"max_hp_loss":0.0,"gold_gain":0.0,"event_name":"Golden Idol","player_choice":"Take Damage","floor":5.0,"gold_loss":0.0,"damage_taken":20.0,"relics_obtained":["Golden Idol"]}],"is_beta":false,"boss_relics":[],"items_purged_floors":[],"is_endless":false,"potions_floor_spawned":[1,3,6],"killed_by":"Gremlin Nob","ascension_level":0}}