{"host":"je4rgfex33y123xe","time":1612851177,"event":{"mods":["BaseMod","Minty Spire (QoL Compilation)","StSLib"],"gold_per_floor":[11,11,111,124,142,168,183,183,237,271,281,281,129,129,129,229,229,242,442,160,171,191,217,229,239,239,113,113,113,126,142,142,247,247,259,274,286,305,305,335,335,335,335,153,203,203,203,222,222,222,222],"floor_reached":50,"language":"ENG","playtime":3665,"items_purged":["Strike_P","Regret"],"score":743,"play_id":"d904c804-4e75-4517-b7fd-9729e5982d11","local_time":"20210209001257","is_ascension_mode":true,"campfire_choices":[{"data":"Blasphemy","floor":8.0,"key":"SMITH"},{"floor":12.0,"key":"REST"},{"data":"Discovery","floor":15.0,"key":"SMITH"},{"floor":28.0,"key":"REST"},{"floor":32.0,"key":"REST"},{"floor":41.0,"key":"REST"},{"floor":46.0,"key":"REST"},{"floor":49.0,"key":"RECALL"}],"circlet_count":0,"master_deck":["Strike_P","Strike_P+1","Defend_P","Defend_P+1","Defend_P","Defend_P+1","Eruption","Vigilance+1","MasterReality+1","EmptyFist+1","Blasphemy+1","Pray","CutThroughFate","CutThroughFate","FlurryOfBlows+1","Consecrate+1","Pray+1","Discovery+1","LessonLearned","ThirdEye+1","ReachHeaven","Halt+1","Crescendo+1","SpiritShield","Adaptation+1","Writhe","EmptyBody+1","Ragnarok","Apotheosis"],"relics":["PureWater","Darkstone Periapt","Bag of Preparation","Orichalcum","GoldenEye","Fusion Hammer","ClockworkSouvenir","Strawberry","Bag of Marbles","Cursed Key","Akabeko","Ginger"],"acts_visited":["Exordium","TheCity","TheBeyond"],"potions_floor_usage":[50],"damage_taken":[{"damage":6.0,"enemies":"Small Slimes","floor":1.0,"turns":2.0},{"damage":0.0,"enemies":"Cultist","floor":4.0,"turns":4.0},{"damage":2.0,"enemies":"Jaw Worm","floor":5.0,"turns":3.0},{"damage":29.0,"enemies":"3 Sentries","floor":6.0,"turns":10.0},{"damage":4.0,"enemies":"Looter","floor":7.0,"turns":3.0},{"damage":27.0,"enemies":"Lagavulin","floor":10.0,"turns":4.0},{"damage":0.0,"enemies":"Lots of Slimes","floor":11.0,"turns":1.0},{"damage":13.0,"enemies":"The Guardian","floor":16.0,"turns":9.0},{"damage":0.0,"enemies":"Spheric Guardian","floor":18.0,"turns":2.0},{"damage":9.0,"enemies":"3 Byrds","floor":21.0,"turns":4.0},{"damage":21.0,"enemies":"3 Cultists","floor":22.0,"turns":5.0},{"damage":0.0,"enemies":"Book of Stabbing","floor":23.0,"turns":1.0},{"damage":3.0,"enemies":"Snecko","floor":24.0,"turns":3.0},{"damage":16.0,"enemies":"Centurion and Healer","floor":25.0,"turns":5.0},{"damage":14.0,"enemies":"Shelled Parasite and Fungi","floor":30.0,"turns":5.0},{"damage":0.0,"enemies":"Snecko","floor":31.0,"turns":2.0},{"damage":32.0,"enemies":"Champ","floor":33.0,"turns":11.0},{"damage":5.0,"enemies":"3 Darklings","floor":35.0,"turns":4.0},{"damage":12.0,"enemies":"Orb Walker","floor":36.0,"turns":4.0},{"damage":10.0,"enemies":"Writhing Mass","floor":37.0,"turns":5.0},{"damage":41.0,"enemies":"Maw","floor":38.0,"turns":5.0},{"damage":16.0,"enemies":"Giant Head","floor":40.0,"turns":4.0},{"damage":0.0,"enemies":"Mind Bloom Boss Battle","floor":45.0,"turns":3.0},{"damage":22.0,"enemies":"4 Shapes","floor":48.0,"turns":3.0},{"damage":51,"enemies":"Time Eater","floor":50,"turns":6}],"seed_played":"1948519432995149786","potions_obtained":[{"floor":1.0,"key":"AttackPotion"},{"floor":4.0,"key":"EssenceOfSteel"},{"floor":11.0,"key":"DistilledChaos"},{"floor":18.0,"key":"SkillPotion"},{"floor":23.0,"key":"LiquidMemories"},{"floor":31.0,"key":"Regen Potion"},{"floor":33.0,"key":"Fire Potion"},{"floor":45.0,"key":"ColorlessPotion"}],"is_trial":false,"path_per_floor":["M","?","?","M","M","E","M","R","T","E","M","R","$","?","R","B",null,"M","?","$","M","M","E","M","M","T","$","R","?","M","M","R","B",null,"M","M","M","M","?","E","R","?","T","$","?","R","?","M","R","B"],"character_chosen":"WATCHER","items_purchased":["Pray","Discovery","ClockworkSouvenir","EmptyBody","ReachHeaven","Halt","Ragnarok"],"campfire_rested":5,"item_purchase_floors":[13,13,20,20,27,27,44],"current_hp_per_floor":[66,66,66,66,64,35,31,31,31,4,4,25,25,22,22,9,56,56,56,56,47,26,33,30,14,14,14,37,63,49,49,72,40,69,64,52,42,13,39,23,48,48,54,54,54,81,71,49,49,0,0],"gold":222,"neow_bonus":"THREE_RARE_CARDS","is_daily":false,"chose_seed":false,"campfire_upgraded":2,"win_rate":0.0,"timestamp":1612851177,"path_taken":["M","?","?","M","?","E","M","R","T","E","M","R","$","?","R","BOSS","M","?","$","M","?","E","M","M","T","?","R","?","M","M","R","BOSS","M","M","M","M","?","E","R","?","T","?","?","R","?","M","R","BOSS"],"items_purchased_type":["Card","Card","Relic","Card","Card","Card","Card"],"build_version":"2020-12-22","purchased_purges":2,"victory":false,"max_hp_per_floor":[72,72,72,72,72,72,72,72,72,72,72,72,72,72,72,72,72,72,72,72,72,72,79,79,79,79,79,79,79,79,79,79,79,79,79,79,79,79,85,85,85,85,91,91,91,91,91,91,91,91,91],"card_choices":[{"not_picked":["Omniscience","Ragnarok"],"picked":"MasterReality","floor":0.0},{"not_picked":["Fasting2","SignatureMove"],"picked":"EmptyFist","floor":1.0},{"not_picked":["Protect","EmptyFist"],"picked":"Pray","floor":4.0},{"not_picked":["Vengeance","ThirdEye"],"picked":"CutThroughFate","floor":5.0},{"not_picked":["Blasphemy","EmptyBody"],"picked":"CutThroughFate","floor":6.0},{"not_picked":["Prostrate","ForeignInfluence"],"picked":"FlurryOfBlows","floor":7.0},{"not_picked":["Halt","Nirvana"],"picked":"Consecrate","floor":10.0},{"not_picked":["Prostrate","ReachHeaven","Wireheading"],"picked":"SKIP","floor":11.0},{"not_picked":["Ragnarok","Blasphemy"],"picked":"LessonLearned","floor":16.0},{"not_picked":["Indignation","Consecrate","FollowUp"],"picked":"SKIP","floor":18.0},{"not_picked":["Prostrate","JustLucky","FlyingSleeves"],"picked":"SKIP","floor":21.0},{"not_picked":["Establishment","ThirdEye","Swivel+1"],"picked":"SKIP","floor":22.0},{"not_picked":["CutThroughFate","Fasting2"],"picked":"ThirdEye+1","floor":23.0},{"not_picked":["CrushJoints","JustLucky","WheelKick"],"picked":"SKIP","floor":24.0},{"not_picked":["Conclude+1","Perseverance","EmptyBody+1"],"picked":"SKIP","floor":25.0},{"not_picked":["Halt","ClearTheMind","Omniscience"],"picked":"SKIP","floor":30.0},{"not_picked":["FollowUp","FlurryOfBlows"],"picked":"Crescendo+1","floor":31.0},{"not_picked":["Establishment","ConjureBlade"],"picked":"SpiritShield","floor":33.0},{"not_picked":["FlurryOfBlows","FlyingSleeves+1"],"picked":"Adaptation+1","floor":35.0},{"not_picked":["ThirdEye+1","FlyingSleeves+1","FlurryOfBlows+1"],"picked":"SKIP","floor":36.0},{"not_picked":["Prostrate","InnerPeace","Perseverance"],"picked":"SKIP","floor":37.0},{"not_picked":["Collect","EmptyFist","Consecrate+1"],"picked":"SKIP","floor":38.0},{"not_picked":["Halt+1","FlyingSleeves"],"picked":"EmptyBody+1","floor":40.0},{"not_picked":["Bandage Up","Impatience"],"picked":"Apotheosis","floor":47.0},{"not_picked":["Evaluate","FollowUp","Conclude+1"],"picked":"SKIP","floor":48.0}],"player_experience":396568,"relics_obtained":[{"floor":6.0,"key":"Darkstone Periapt"},{"floor":9.0,"key":"Bag of Preparation"},{"floor":10.0,"key":"Orichalcum"},{"floor":23.0,"key":"Strawberry"},{"floor":26.0,"key":"Bag of Marbles"},{"floor":40.0,"key":"Akabeko"},{"floor":45.0,"key":"Ginger"}],"event_choices":[{"damage_healed":0.0,"max_hp_gain":0.0,"max_hp_loss":0.0,"gold_gain":0.0,"cards_transformed":["Strike_P"],"event_name":"Living Wall","player_choice":"Change","floor":2.0,"gold_loss":0.0,"damage_taken":0.0,"cards_obtained":["Blasphemy"]},{"damage_healed":0.0,"max_hp_gain":0.0,"max_hp_loss":0.0,"gold_gain":100.0,"event_name":"Golden Shrine","player_choice":"Pray","floor":3.0,"gold_loss":0.0,"damage_taken":0.0},{"damage_healed":0.0,"max_hp_gain":0.0,"max_hp_loss":0.0,"gold_gain":0.0,"event_name":"Scrap Ooze","player_choice":"Success","floor":14.0,"gold_loss":0.0,"damage_taken":3.0,"relics_obtained":["GoldenEye"]},{"damage_healed":0.0,"max_hp_gain":0.0,"max_hp_loss":0.0,"gold_gain":250.0,"event_name":"The Joust","player_choice":"Bet on Owner","floor":19.0,"gold_loss":50.0,"damage_taken":0.0},{"damage_healed":26.0,"max_hp_gain":0.0,"max_hp_loss":0.0,"gold_gain":0.0,"event_name":"The Library","player_choice":"Heal","floor":29.0,"gold_loss":0.0,"damage_taken":0.0},{"damage_healed":20.0,"max_hp_gain":0.0,"max_hp_loss":0.0,"gold_gain":0.0,"event_name":"Winding Halls","player_choice":"Writhe","floor":39.0,"gold_loss":0.0,"damage_taken":0.0,"cards_obtained":["Writhe"]},{"cards_removed":["EmptyBody"],"damage_healed":0.0,"max_hp_gain":0.0,"max_hp_loss":0.0,"gold_gain":0.0,"event_name":"Falling","player_choice":"Removed Skill","floor":42.0,"gold_loss":0.0,"damage_taken":0.0},{"damage_healed":0.0,"max_hp_gain":0.0,"max_hp_loss":0.0,"gold_gain":0.0,"event_name":"MindBloom","player_choice":"Fight","floor":45.0,"gold_loss":0.0,"damage_taken":0.0},{"damage_healed":0.0,"max_hp_gain":0.0,"max_hp_loss":0.0,"gold_gain":0.0,"event_name":"SensoryStone","player_choice":"Memory 3","floor":47.0,"gold_loss":0.0,"damage_taken":10.0}],"is_beta":false,"boss_relics":[{"not_picked":["Runic Dome","Tiny House"],"picked":"Fusion Hammer"},{"not_picked":["Philosopher\u0027s Stone","Pandora\u0027s Box"],"picked":"Cursed Key"}],"items_purged_floors":[20,44],"is_endless":false,"potions_floor_spawned":[1,4,11,18,23,31,33,36,45],"killed_by":"Time Eater","ascension_level":5}}