{"host":"djoj10dqzzvtkauc","time":1612906634,"event":{"mods":["2.2 Compatiblity","BaseMod","Colored Map","DeckTracker","Highlight Path","Keyboard Shortcuts","Marisa£¨Ùöéë¡¡Øª×âÞÞ£©","Minty Spire (QoL Compilation)","Permanent Neow","Quick Restart","Random Character Button","StSLib","SuperFastMode","everything is the same but u backflip on backflip"],"gold_per_floor":[115,115,125,136,36,36,66,66,66,66,15,47,61,10,10,109,109,125,125,125,142,156,156,166,166,219,219,232,232,232,242,242,242,242],"floor_reached":33,"language":"KOR","playtime":1043,"items_purged":[],"score":423,"play_id":"3d3ae4e8-3829-46ff-b641-92e47daf6e95","local_time":"20210210063714","is_ascension_mode":true,"campfire_choices":[{"data":"Dash","floor":6.0,"key":"SMITH"},{"data":"Well Laid Plans","floor":8.0,"key":"SMITH"},{"data":"Cloak And Dagger","floor":15.0,"key":"SMITH"},{"floor":23.0,"key":"REST"},{"data":"Storm of Steel","floor":25.0,"key":"SMITH"},{"data":"Choke","floor":27.0,"key":"SMITH"},{"floor":30,"key":"REST"},{"floor":32,"key":"REST"}],"circlet_count":0,"master_deck":["AscendersBane","Strike_G","Strike_G","Strike_G","Strike_G","Strike_G+1","Defend_G","Defend_G","Defend_G","Defend_G+1","Defend_G","Survivor","Neutralize+1","Noxious Fumes+1","Poisoned Stab+1","Slice","Cloak And Dagger+1","Dash+1","Well Laid Plans+1","Blade Dance","Cloak And Dagger","Choke+1","Sucker Punch","Storm of Steel+1","Dodge and Roll","PiercingWail","Flechettes","Deadly Poison+1","Underhanded Strike+1","Footwork","Poisoned Stab+1","PiercingWail+1"],"relics":["Ring of the Serpent","Juzu Bracelet","Blue Candle","Pear","Happy Flower","Dream Catcher","White Beast Statue","Whetstone"],"acts_visited":["Exordium","TheCity"],"potions_floor_usage":[29,33],"damage_taken":[{"damage":1.0,"enemies":"2 Louse","floor":1.0,"turns":3.0},{"damage":0.0,"enemies":"Jaw Worm","floor":3.0,"turns":5.0},{"damage":2.0,"enemies":"Cultist","floor":4.0,"turns":4.0},{"damage":14.0,"enemies":"3 Sentries","floor":7.0,"turns":7.0},{"damage":3.0,"enemies":"Lagavulin","floor":12.0,"turns":7.0},{"damage":0.0,"enemies":"2 Fungi Beasts","floor":13.0,"turns":3.0},{"damage":22.0,"enemies":"Hexaghost","floor":16.0,"turns":10.0},{"damage":30.0,"enemies":"2 Thieves","floor":18.0,"turns":5.0},{"damage":14.0,"enemies":"Shell Parasite","floor":21.0,"turns":7.0},{"damage":0.0,"enemies":"Centurion and Healer","floor":22.0,"turns":6.0},{"damage":8.0,"enemies":"Snecko","floor":24.0,"turns":6.0},{"damage":16.0,"enemies":"Snake Plant","floor":28.0,"turns":7.0},{"damage":0,"enemies":"Sentry and Sphere","floor":29,"turns":1},{"damage":32,"enemies":"Cultist and Chosen","floor":31,"turns":7},{"damage":54,"enemies":"Automaton","floor":33,"turns":6}],"seed_played":"-20737060356059447","potions_obtained":[{"floor":1.0,"key":"Poison Potion"},{"floor":4.0,"key":"Explosive Potion"},{"floor":7.0,"key":"Swift Potion"},{"floor":13.0,"key":"SmokeBomb"},{"floor":18.0,"key":"DistilledChaos"},{"floor":21.0,"key":"SpeedPotion"},{"floor":22.0,"key":"PowerPotion"},{"floor":24.0,"key":"Block Potion"},{"floor":28.0,"key":"Fruit Juice"},{"floor":31,"key":"Explosive Potion"}],"is_trial":false,"path_per_floor":["M","?","M","M","$","R","E","R","T","?","$","E","M","$","R","B",null,"M","?","?","M","M","R","M","R","T","R","M","M","R","M","R","B"],"character_chosen":"THE_SILENT","items_purchased":["Cloak And Dagger","Dash","Blade Dance","Sucker Punch"],"campfire_rested":3,"item_purchase_floors":[5,5,11,14],"current_hp_per_floor":[62,48,48,46,46,46,32,32,42,42,42,39,39,39,39,17,64,34,34,34,20,20,44,36,36,36,36,25,25,50,18,43,0,0],"gold":242,"neow_bonus":"RANDOM_COMMON_RELIC","is_daily":false,"chose_seed":false,"campfire_upgraded":5,"win_rate":0.0,"timestamp":1612906634,"path_taken":["M","?","M","M","$","R","E","R","T","?","?","E","M","$","R","BOSS","M","?","?","M","M","R","M","R","T","R","M","M","R","M","R","BOSS"],"items_purchased_type":["Card","Card","Card","Card"],"build_version":"2020-12-22","purchased_purges":0,"victory":false,"max_hp_per_floor":[70,70,70,70,70,70,70,70,80,80,80,80,80,80,80,80,80,80,80,80,80,80,80,80,80,80,80,85,85,85,85,85,85,85],"card_choices":[{"not_picked":["Catalyst","Calculated Gamble"],"picked":"Noxious Fumes","floor":1.0},{"not_picked":["Flying Knee","Calculated Gamble"],"picked":"Poisoned Stab","floor":3.0},{"not_picked":["Riddle With Holes","Sucker Punch"],"picked":"Slice","floor":4.0},{"not_picked":["Dagger Throw","Unload"],"picked":"Well Laid Plans","floor":7.0},{"not_picked":["Quick Slash","Catalyst"],"picked":"Cloak And Dagger","floor":12.0},{"not_picked":["Prepared","Quick Slash"],"picked":"Choke","floor":13.0},{"not_picked":["Venomology","After Image"],"picked":"Storm of Steel","floor":16.0},{"not_picked":["Dagger Throw","Eviscerate+1"],"picked":"Dodge and Roll","floor":18.0},{"not_picked":["Acrobatics","Blade Dance+1"],"picked":"PiercingWail","floor":21.0},{"not_picked":["Slice","Poisoned Stab"],"picked":"Flechettes","floor":22.0},{"not_picked":["Endless Agony","Sucker Punch"],"picked":"Deadly Poison+1","floor":23.0},{"not_picked":["Setup","Quick Slash"],"picked":"Underhanded Strike+1","floor":24.0},{"not_picked":["Deflect","Tools of the Trade"],"picked":"Footwork","floor":28.0},{"not_picked":["Heel Hook","All Out Attack"],"picked":"Poisoned Stab+1","floor":30},{"not_picked":["Eviscerate","Dagger Spray","Bane"],"picked":"SKIP","floor":31},{"not_picked":["Dodge and Roll","Prepared"],"picked":"PiercingWail+1","floor":32}],"player_experience":211867,"relics_obtained":[{"floor":7.0,"key":"Blue Candle"},{"floor":9.0,"key":"Pear"},{"floor":12.0,"key":"Happy Flower"},{"floor":26.0,"key":"Whetstone"}],"event_choices":[{"damage_healed":0.0,"max_hp_gain":0.0,"max_hp_loss":0.0,"gold_gain":0.0,"event_name":"Shining Light","player_choice":"Entered Light","floor":2.0,"gold_loss":0.0,"damage_taken":14.0,"cards_upgraded":["Defend_G","Strike_G"]},{"damage_healed":0.0,"max_hp_gain":0.0,"max_hp_loss":0.0,"gold_gain":0.0,"event_name":"Living Wall","player_choice":"Grow","floor":10.0,"gold_loss":0.0,"damage_taken":0.0,"cards_upgraded":["Noxious Fumes"]},{"damage_healed":0.0,"max_hp_gain":0.0,"max_hp_loss":0.0,"gold_gain":0.0,"event_name":"The Mausoleum","player_choice":"Opened","floor":19.0,"gold_loss":0.0,"damage_taken":0.0,"relics_obtained":["Dream Catcher"]},{"damage_healed":0.0,"max_hp_gain":0.0,"max_hp_loss":0.0,"gold_gain":0.0,"event_name":"WeMeetAgain","player_choice":"Gave Potion","floor":20.0,"gold_loss":0.0,"damage_taken":0.0,"relics_obtained":["White Beast Statue"]}],"is_beta":false,"boss_relics":[{"not_picked":["SacredBark","Fusion Hammer"],"picked":"Ring of the Serpent"}],"items_purged_floors":[],"is_endless":false,"potions_floor_spawned":[1,4,7,13,18,21,22,24,28,29,31],"killed_by":"Automaton","ascension_level":11}}