{"host":"cvgfrai8nrtinf2y","time":1612895520,"event":{"mods":["A Magickal Journey","Act Like it!","BaseMod","Better Third Choice","Challenge The Spire","Colored Map","Downfall","Gensokyo","Googly Eyes","Hermit","Highlight Path","Hubris","Infinite Spire","Minty Spire (QoL Compilation)","Rare Cards Sparkle","Relic Sorter","Remilia??????","Spicy Shops","StSLib","The Disciple","The Hierophant","The Necromancer","The Runesmith"],"gold_per_floor":[209,225,245,262,38,70,70,70,97,97,110,110,123,53,53,151,151,161,84,103,118,118,148,148,398,398,414,739,767,767,777,777,777,777],"floor_reached":33,"language":"ENG","playtime":1414,"items_purged":["Strike_W"],"score":312,"play_id":"43bd0a45-8316-4cfb-b398-d905e6b130f8","local_time":"20210209193200","is_ascension_mode":false,"campfire_choices":[{"data":"1","floor":7,"key":"LIFT"},{"data":"Summon_Vampire_Lady","floor":10,"key":"SMITH"},{"data":"2","floor":15,"key":"LIFT"},{"data":"Summon_Vampire_Lady","floor":24,"key":"SMITH"},{"data":"Summon_Death_Knight","floor":32,"key":"SMITH"}],"circlet_count":0,"master_deck":["Strike_W","Strike_W","Strike_W","Defend_W","Defend_W","Defend_W","Defend_W+1","Negative_Energy_Arrows","Bone_Wall","Stop_Heart+1","Death_March_Dance","Bone_Armor","Summon_Vampire_Lady+1","Summon_Vampire_Lady+1","Bone_Spikes","Clumsy","Spectral_Walk","CurseOfTheBell","Bone_Shift","Negative_Energy_Shield+1","Summon_Lich+1","Thousand_Bone_Knives+1","Summon_Death_Knight+1","Spectral_Walk"],"relics":["Vampire_Amulet","DollysMirror","Girya","Lantern","Gensokyo:NagashiBinaDoll","Calling Bell","Bronze Scales","Unceasing Top","Medical Kit","Gensokyo:MosesMiracle","Peace Pipe","Darkstone Periapt","Gambling Chip"],"acts_visited":["Exordium","Gensokyo:Gensokyo"],"potions_floor_usage":[16,29],"damage_taken":[{"damage":0,"enemies":"Gensokyo:Python","floor":1,"turns":4},{"damage":10,"enemies":"Gensokyo:3_Fairies","floor":2,"turns":5},{"damage":1,"enemies":"Gensokyo:Gryphon","floor":3,"turns":4},{"damage":8,"enemies":"Gensokyo:CorruptedTreant","floor":4,"turns":4},{"damage":37,"enemies":"Gensokyo:Aya","floor":6,"turns":6},{"damage":9,"enemies":"Gensokyo:Python_and_Kodama","floor":11,"turns":6},{"damage":13,"enemies":"Gensokyo:Gryphon_and_Rabbit","floor":13,"turns":5},{"damage":12,"enemies":"Gensokyo:Yukari","floor":16,"turns":9},{"damage":24,"enemies":"Gensokyo:AngelMirror","floor":18,"turns":5},{"damage":31,"enemies":"Gensokyo:2_Gloops","floor":20,"turns":6},{"damage":18,"enemies":"Gensokyo:Monolith_and_Dog","floor":21,"turns":5},{"damage":78,"enemies":"Gensokyo:Reisen","floor":23,"turns":11},{"damage":56,"enemies":"Gensokyo:Slime_Group","floor":27,"turns":7},{"damage":7,"enemies":"Gensokyo:Koishi","floor":29,"turns":4},{"damage":24,"enemies":"Gensokyo:Swordslinger","floor":31,"turns":5},{"damage":64,"enemies":"Gensokyo:Eternal_Rivals","floor":33,"turns":6}],"seed_played":"1266270226604426216","potions_obtained":[{"floor":3,"key":"bronze:BurnAndBuffPotion"},{"floor":4,"key":"Weak Potion"},{"floor":13,"key":"SteroidPotion"},{"floor":21,"key":"PowerPotion"},{"floor":29,"key":"Fire Potion"}],"is_trial":false,"path_per_floor":["M","M","M","M","$","E","R","COS","T","R","M","?","M","?","R","B",null,"M","$","M","M","?","E","R","?","T","M","?","E","AVR","M","R","B"],"character_chosen":"NECROMANCER","items_purchased":["DollysMirror","Medical Kit"],"campfire_rested":0,"item_purchase_floors":[5,19],"current_hp_per_floor":[75,65,66,60,60,55,55,55,55,55,62,62,75,75,75,75,75,71,71,64,75,75,49,49,49,49,21,21,28,28,27,27,0,0],"gold":777,"neow_bonus":"HUNDRED_GOLD","is_daily":false,"chose_seed":false,"campfire_upgraded":3,"win_rate":0.0,"timestamp":1612895520,"path_taken":["M","M","?","M","$","E","R","COS","T","R","?","?","M","?","R","BOSS","M","$","M","M","?","E","R","?","T","M","?","E","AVR","M","R","BOSS"],"items_purchased_type":["Relic","Relic"],"build_version":"2020-12-22","purchased_purges":1,"victory":false,"max_hp_per_floor":[75,75,75,75,75,75,75,75,75,75,75,75,75,75,75,75,75,75,75,75,75,75,75,75,71,71,71,71,71,71,71,71,71,71],"card_choices":[{"not_picked":["Negative_Energy_Javelin","Life_Tap"],"picked":"Stop_Heart","floor":1},{"not_picked":["Negative_Energy_Sphere","Toxic_Smoke_Screen"],"picked":"Death_March_Dance","floor":2},{"not_picked":["Slay_Living","Vampiric_Strike"],"picked":"Bone_Armor","floor":3},{"not_picked":["Bones_to_Steel","Negative_Energy_Javelin"],"picked":"Summon_Vampire_Lady","floor":4},{"not_picked":["Death_March_Dance","Blood_Curse"],"picked":"Bone_Spikes","floor":6},{"not_picked":["Negative_Energy_Javelin","Blood_Whip","Negative_Energy_Mist"],"picked":"SKIP","floor":11},{"not_picked":["Scare","Death_Knell"],"picked":"Spectral_Walk","floor":13},{"not_picked":["Necromantic_Selection","Death_Knell+1"],"picked":"Bone_Shift","floor":18},{"not_picked":["Corrupt+1","Bone_Spikes+1","Bone_Shift"],"picked":"SKIP","floor":20},{"not_picked":["Negative_Energy_Sphere+1","Bone_Bullets+1"],"picked":"Negative_Energy_Shield+1","floor":21},{"not_picked":["Bone_Armor","Blood_Magic"],"picked":"Summon_Lich+1","floor":23},{"not_picked":["Consume_Illness+1","Bone_Bullets+1"],"picked":"Thousand_Bone_Knives+1","floor":27},{"not_picked":["Bone_Armor","Shackles_Of_Pain+1"],"picked":"Summon_Death_Knight","floor":29},{"not_picked":["Thousand_Bone_Knives","Chill_Blood"],"picked":"Spectral_Walk","floor":31}],"player_experience":1249807,"relics_obtained":[{"floor":6,"key":"Girya"},{"floor":9,"key":"Lantern"},{"floor":17,"key":"Bronze Scales"},{"floor":17,"key":"Molten Egg 2"},{"floor":17,"key":"Unceasing Top"},{"floor":23,"key":"Peace Pipe"},{"floor":26,"key":"Darkstone Periapt"},{"floor":29,"key":"Gensokyo:MosesMiracle"},{"floor":29,"key":"Gambling Chip"}],"event_choices":[],"is_beta":false,"boss_relics":[{"not_picked":["SacredBark","Fusion Hammer"],"picked":"Calling Bell"}],"items_purged_floors":[5],"is_endless":false,"potions_floor_spawned":[3,4,13,21,27,29,31],"killed_by":"Gensokyo:Eternal_Rivals","ascension_level":0}}