{"host":"kk6i5v7sjcm8i50x","time":1612902016,"event":{"mods":["BaseMod","Bestiary","Colored Map","Downfall","Hubris","Minty Spire (QoL Compilation)","Reliquary","StSLib","The Saiyan"],"gold_per_floor":[117,67,67,142,142,175,175,175,175,175,29,70,94,114,114,235,235,258,292,292,217,93,93,93,93,93,45,58,58,58],"floor_reached":29,"language":"ENG","playtime":1326,"items_purged":["Defend_G"],"score":275,"play_id":"feb1f0aa-6360-4571-80d5-27d4581338eb","local_time":"20210209152016","is_ascension_mode":false,"campfire_choices":[{"data":"Neutralize","floor":7,"key":"SMITH"},{"data":"Poisoned Stab","floor":10,"key":"SMITH"},{"data":"After Image","floor":15,"key":"SMITH"},{"floor":23,"key":"REST"}],"circlet_count":0,"master_deck":["Strike_G","Strike_G","Strike_G","Strike_G","Strike_G","Defend_G","Defend_G","Survivor","Neutralize+1","Poisoned Stab+1","Deadly Poison","After Image+1","Bullet Time","Quick Slash","Poisoned Stab","Slice","Deadly Poison"],"relics":["Ring of the Serpent","NeowsBlessing","Golden Idol","Boot","Letter Opener","ClockworkSouvenir","Toy Ornithopter","Red Mask","Enchiridion","ClockworkSouvenir","Pantograph","hubris:Metronome"],"acts_visited":["Exordium","TheCity"],"potions_floor_usage":[16],"damage_taken":[{"damage":0,"enemies":"Jaw Worm","floor":1,"turns":1},{"damage":0,"enemies":"Gremlin Nob","floor":6,"turns":1},{"damage":0,"enemies":"3 Sentries","floor":12,"turns":1},{"damage":8,"enemies":"Small Slimes","floor":13,"turns":2},{"damage":0,"enemies":"2 Louse","floor":14,"turns":2},{"damage":26,"enemies":"Hexaghost","floor":16,"turns":10},{"damage":4,"enemies":"Shell Parasite","floor":18,"turns":5},{"damage":29,"enemies":"Masked Bandits","floor":19,"turns":6},{"damage":20,"enemies":"2 Thieves","floor":28,"turns":4},{"damage":19,"enemies":"Slavers","floor":29,"turns":3}],"seed_played":"5697569347515941494","potions_obtained":[{"floor":13,"key":"FearPotion"},{"floor":16,"key":"SteroidPotion"}],"is_trial":false,"path_per_floor":["M","?","$","?","?","E","R","?","T","R","$","E","M","M","R","B",null,"M","?","?","?","$","R","?","T","T","$","M","E"],"character_chosen":"THE_SILENT","items_purchased":["ClockworkSouvenir","Slice","Deadly Poison"],"campfire_rested":1,"item_purchase_floors":[11,22,27],"current_hp_per_floor":[70,70,70,59,59,59,59,59,59,59,59,59,51,51,51,30,65,61,32,16,16,16,35,35,35,35,35,15,0,0],"gold":58,"neow_bonus":"THREE_ENEMY_KILL","is_daily":false,"chose_seed":false,"campfire_upgraded":3,"win_rate":0.0,"timestamp":1612902016,"path_taken":["M","?","$","?","?","E","R","?","T","R","?","E","?","M","R","BOSS","M","?","?","?","$","R","?","?","T","?","?","E"],"items_purchased_type":["Relic","Card","Card"],"build_version":"2020-12-22","purchased_purges":1,"victory":false,"max_hp_per_floor":[70,70,70,70,65,65,65,65,65,65,65,65,65,65,65,65,65,65,65,65,65,65,65,65,65,65,65,65,65,65],"card_choices":[{"not_picked":["Dodge and Roll","Sucker Punch","Outmaneuver"],"picked":"SKIP","floor":1},{"not_picked":["PiercingWail","Acrobatics","Sucker Punch"],"picked":"SKIP","floor":6},{"not_picked":["Dash","Infinite Blades"],"picked":"Deadly Poison","floor":12},{"not_picked":["Backflip","Outmaneuver","Finisher"],"picked":"SKIP","floor":13},{"not_picked":["Backflip","Finisher"],"picked":"After Image","floor":14},{"not_picked":["Doppelganger","Unload"],"picked":"Bullet Time","floor":16},{"not_picked":["Dagger Throw","Sucker Punch"],"picked":"Quick Slash","floor":18},{"not_picked":["Caltrops","Distraction+1"],"picked":"Poisoned Stab","floor":19},{"not_picked":["Bane","Skewer+1","Dodge and Roll"],"picked":"SKIP","floor":28}],"player_experience":182554,"relics_obtained":[{"floor":6,"key":"Boot"},{"floor":9,"key":"Letter Opener"},{"floor":12,"key":"Toy Ornithopter"},{"floor":19,"key":"Red Mask"},{"floor":20,"key":"Enchiridion"},{"floor":25,"key":"Pantograph"},{"floor":26,"key":"hubris:Metronome"}],"event_choices":[{"cards_removed":["Defend_G"],"damage_healed":0,"gold_gain":0,"player_choice":"Card Removal","damage_taken":0,"max_hp_gain":0,"max_hp_loss":0,"event_name":"The Cleric","floor":2,"gold_loss":50},{"damage_healed":0,"gold_gain":75,"player_choice":"Gather Gold","damage_taken":11,"max_hp_gain":0,"max_hp_loss":0,"event_name":"World of Goop","floor":4,"gold_loss":0},{"damage_healed":0,"gold_gain":0,"player_choice":"Lose Max HP","damage_taken":0,"relics_obtained":["Golden Idol"],"max_hp_gain":0,"max_hp_loss":5,"event_name":"Golden Idol","floor":5,"gold_loss":0},{"damage_healed":0,"gold_gain":0,"player_choice":"Fought Bandits","damage_taken":0,"max_hp_gain":0,"max_hp_loss":0,"event_name":"Masked Bandits","floor":19,"gold_loss":0},{"damage_healed":0,"gold_gain":0,"player_choice":"Obtained Book","damage_taken":16,"max_hp_gain":0,"max_hp_loss":0,"event_name":"Cursed Tome","floor":20,"gold_loss":0},{"cards_removed":["Defend_G"],"damage_healed":0,"gold_gain":0,"player_choice":"Gave Gold","damage_taken":0,"max_hp_gain":0,"max_hp_loss":0,"event_name":"Beggar","floor":21,"gold_loss":75},{"damage_healed":0,"gold_gain":0,"player_choice":"Opened","damage_taken":0,"relics_obtained":["reliquary:SculptingSteel"],"max_hp_gain":0,"max_hp_loss":0,"event_name":"The Mausoleum","floor":24,"gold_loss":0}],"is_beta":false,"boss_relics":[{"not_picked":["hubris:VirtuousBlindfold","reliquary:RedCape"],"picked":"Ring of the Serpent"}],"items_purged_floors":[22],"is_endless":false,"potions_floor_spawned":[13,16],"killed_by":"Slavers","ascension_level":0}}