{"host":"Cenci","time":1612890111,"event":{"mods":["BaseMod","Downfall","Highlight Path","Minty Spire (QoL Compilation)","StSLib"],"gold_per_floor":[99,109,128,145,145,38,38,55,70,139,172,189,89,106,119,224,224,224,224,24,42,60,72,72,82,82,82,82,82],"floor_reached":27,"language":"ENG","playtime":1608,"items_purged":["Writhe"],"score":299,"play_id":"6d537b03-402d-4fcd-9db1-08c54f427b2a","local_time":"20210209180151","is_ascension_mode":true,"campfire_choices":[{"data":"hexamod:Float","floor":1.0,"key":"SMITH"},{"data":"hexamod:SpectralSpark","floor":13.0,"key":"SMITH"},{"data":"hexamod:HexaLevel","floor":18.0,"key":"SMITH"}],"circlet_count":0,"master_deck":["hexamod:Strike","hexamod:Strike","hexamod:Strike","hexamod:Defend","hexamod:Defend","hexamod:Defend","hexamod:Defend","hexamod:Sear","hexamod:Float+1","hexamod:SpectralSpark+1","hexamod:Haunt+1","hexamod:NecessarySacrifice","hexamod:AdvancingGuard","Purity","hexamod:EtherealExpedition","hexamod:Hexaguard","hexamod:RadiantFlame+1","hexamod:HexaLevel+1","hexamod:PhantomCloak","hexamod:RecurringNightmare","hexamod:EtherealExpedition+1","hexamod:ShieldOfDarkness"],"relics":["hexamod:SpiritBrand","Molten Egg 2","Meat on the Bone","downfall:HeartBlessingBlue","Coffee Dripper","Strawberry"],"acts_visited":["Exordium","TheCity"],"potions_floor_usage":[],"damage_taken":[{"damage":4.0,"enemies":"2 Louse","floor":2.0,"turns":4.0},{"damage":0.0,"enemies":"Cultist","floor":3.0,"turns":3.0},{"damage":2.0,"enemies":"Jaw Worm","floor":4.0,"turns":2.0},{"damage":0.0,"enemies":"downfall:FleeingMerchant","floor":6.0,"turns":4.0},{"damage":6.0,"enemies":"Exordium Thugs","floor":8.0,"turns":3.0},{"damage":14.0,"enemies":"Red Slaver","floor":9.0,"turns":3.0},{"damage":18.0,"enemies":"Gremlin Nob","floor":11.0,"turns":3.0},{"damage":16.0,"enemies":"3 Louse","floor":12.0,"turns":2.0},{"damage":5.0,"enemies":"Gremlin Gang","floor":14.0,"turns":5.0},{"damage":4.0,"enemies":"Lots of Slimes","floor":15.0,"turns":3.0},{"damage":1.0,"enemies":"SI_SHIV_ARCHETYPE","floor":16.0,"turns":6.0},{"damage":2.0,"enemies":"downfall:FleeingMerchant","floor":20.0,"turns":4.0},{"damage":5.0,"enemies":"Chosen","floor":21.0,"turns":3.0},{"damage":19.0,"enemies":"3 Cultists","floor":22.0,"turns":5.0},{"damage":12.0,"enemies":"Snecko","floor":23.0,"turns":6.0},{"damage":6.0,"enemies":"Centurion and Healer","floor":25.0,"turns":8.0},{"damage":54,"enemies":"Book of Stabbing","floor":27,"turns":7}],"seed_played":"-2535979644244989549","potions_obtained":[{"floor":2.0,"key":"SkillPotion"},{"floor":4.0,"key":"Explosive Potion"},{"floor":8.0,"key":"hexamod:SoulburnPotion"},{"floor":16.0,"key":"SteroidPotion"},{"floor":21.0,"key":"Ancient Potion"}],"is_trial":false,"path_per_floor":["R","M","M","M","?","$","T","M","M","T","E","M","R","M","M","B",null,"R","?","$","M","M","M","T","M","?","E"],"character_chosen":"THE_SPIRIT","items_purchased":["Purity","hexamod:PhantomCloak","hexamod:RecurringNightmare"],"campfire_rested":0,"item_purchase_floors":[6,20,20],"current_hp_per_floor":[77,73,73,71,71,71,71,65,51,51,33,29,39,46,54,53,79,79,79,77,72,53,53,60,54,54,0,0,0],"gold":82,"neow_bonus":"TEN_PERCENT_HP_BONUS","is_daily":false,"chose_seed":false,"campfire_upgraded":3,"win_rate":0.0,"timestamp":1612890111,"path_taken":["R","M","M","M","?","$","T","?","M","?","E","M","R","M","M","BOSS","R","?","?","M","M","M","T","?","?","E"],"items_purchased_type":["Card","Card","Card"],"build_version":"2020-11-17","purchased_purges":1,"victory":false,"max_hp_per_floor":[77,77,77,77,77,77,77,77,77,77,77,77,87,87,87,87,87,87,87,87,87,87,87,94,94,94,94,94,94],"card_choices":[{"not_picked":["hexamod:HauntingEcho","hexamod:SwordOfDarkness"],"picked":"hexamod:SpectralSpark","floor":2.0},{"not_picked":["hexamod:FastForward","hexamod:StepThrough"],"picked":"hexamod:Haunt","floor":3.0},{"not_picked":["hexamod:NightmareGuise","hexamod:SpectersWail"],"picked":"hexamod:NecessarySacrifice","floor":4.0},{"not_picked":["hexamod:HauntingEcho","hexamod:PowerFromBeyond"],"picked":"hexamod:AdvancingGuard","floor":6.0},{"not_picked":["hexamod:Again","hexamod:SpectersWail","hexamod:FlamesFromBeyond"],"picked":"SKIP","floor":8.0},{"not_picked":["hexamod:NightmareGuise","hexamod:NightmareStrike","hexamod:SpectersWail"],"picked":"SKIP","floor":9.0},{"not_picked":["hexamod:HauntingEcho+1","hexamod:AdvancingGuard"],"picked":"hexamod:EtherealExpedition","floor":11.0},{"not_picked":["hexamod:GhostOfSpirePresent","hexamod:RetreatToShadows"],"picked":"hexamod:Hexaguard","floor":12.0},{"not_picked":["hexamod:HeatCrush+1","hexamod:FastForward"],"picked":"hexamod:RadiantFlame","floor":14.0},{"not_picked":["hexamod:FirstSeal","hexamod:NecessarySacrifice","hexamod:AdvancingGuard"],"picked":"SKIP","floor":15.0},{"not_picked":["hexamod:ForkedFlame+1","hexamod:GhostOfSpirePresent"],"picked":"hexamod:HexaLevel","floor":16.0},{"not_picked":["hexamod:Haunt","hexamod:NightmareGuise","hexamod:RainOfEmbers+1"],"picked":"SKIP","floor":20.0},{"not_picked":["hexamod:ChargedBarrage","hexamod:NightmareGuise"],"picked":"hexamod:EtherealExpedition+1","floor":21.0},{"not_picked":["hexamod:RetreatToShadows","hexamod:AdvancingGuard"],"picked":"hexamod:ShieldOfDarkness","floor":22.0},{"not_picked":["hexamod:BurningTouch","hexamod:ChargedBarrage","hexamod:FlamesFromBeyond+1"],"picked":"SKIP","floor":23.0},{"not_picked":["hexamod:SwordOfDarkness+1","hexamod:SpectralAdrenaline+1","hexamod:FastForward"],"picked":"SKIP","floor":25.0}],"player_experience":298128,"relics_obtained":[{"floor":10.0,"key":"Molten Egg 2"},{"floor":11.0,"key":"Meat on the Bone"},{"floor":24.0,"key":"Strawberry"}],"event_choices":[],"is_beta":true,"boss_relics":[{"not_picked":["Fusion Hammer","Snecko Eye"],"picked":"Coffee Dripper"}],"items_purged_floors":[20],"is_endless":false,"potions_floor_spawned":[2,4,8,14,16,21,23],"killed_by":"Book of Stabbing","ascension_level":5}}