{"host":"n3yraofadl2d9nwo","time":1612881138,"event":{"mods":["BaseMod","Friendly Minions","Marisa????????","Minty Spire (QoL Compilation)","StSLib","The Animator"],"gold_per_floor":[130,142,169,200,222,234,265,288,348,360,372,409,434,466,478,616,628,658,688,700,725,758,770,252,285,310,160,160,185,210,210,210,330,330,346,405,405,405],"floor_reached":37,"language":"ENG","playtime":3436,"items_purged":["animator:SilverFang+1"],"score":444,"play_id":"9a167fe2-09a1-426f-a6cd-b98bc76c2fbe","local_time":"20210209153218","is_ascension_mode":false,"campfire_choices":[{"data":"animator:YuiTsuruno","floor":6,"key":"SMITH"},{"data":"animator:DolaSchwi","floor":10,"key":"SMITH"},{"data":"animator:YaoHaDucy","floor":15,"key":"SMITH"},{"floor":23,"key":"REST"},{"data":"animator:Kuroyukihime","floor":28,"key":"SMITH"},{"data":"animator:FielNirvalen","floor":32,"key":"SMITH"}],"circlet_count":0,"master_deck":["animator:Strike_AccelWorld","animator:Defend_AccelWorld","animator:Defend","animator:Defend","animator:Kuroyukihime+1","animator:LimeBell","animator:YaoHaDucy+1","animator:OrikoMikuni","animator:Verdia","animator:YuiTsuruno+1","animator:DolaSchwi+1","animator:Raven","animator:MadokaKaname","animator:YachiyoNanami","animator:Viivi","animator:Elesis","animator:DolaSchwi+1","animator:NagisaMomoe+1","animator:FielNirvalen+1","animator:CowGirl","animator:OrikoMikuni","animator:DwarfShaman","animator:Kuroyukihime+1","animator:WinryRockbell+1","animator:KrulTepes","animator:YuiTsuruno","animator:Hans+1","animator:Sebas","animator:Guy+1"],"relics":["animator:LivingPicture","animator:TheMissingPiece","animator:PurgingStone","MawBank","Vajra","Golden Idol","Astrolabe","Frozen Egg 2","Lee\u0027s Waffle","Busted Crown","Prayer Wheel"],"acts_visited":["Exordium","TheCity","TheBeyond"],"potions_floor_usage":[21,36,36,36,36],"damage_taken":[{"damage":5,"enemies":"2 Louse","floor":1,"turns":3},{"damage":0,"enemies":"Cultist","floor":3,"turns":3},{"damage":0,"enemies":"Jaw Worm","floor":4,"turns":4},{"damage":0,"enemies":"2 Fungi Beasts","floor":5,"turns":4},{"damage":0,"enemies":"Looter","floor":7,"turns":4},{"damage":0,"enemies":"3 Louse","floor":8,"turns":3},{"damage":1,"enemies":"Exordium Wildlife","floor":12,"turns":3},{"damage":0,"enemies":"2 Fungi Beasts","floor":13,"turns":2},{"damage":0,"enemies":"Gremlin Gang","floor":14,"turns":5},{"damage":0,"enemies":"Slime Boss","floor":16,"turns":10},{"damage":0,"enemies":"Spheric Guardian","floor":18,"turns":3},{"damage":22,"enemies":"2 Thieves","floor":19,"turns":4},{"damage":26,"enemies":"Sentry and Sphere","floor":21,"turns":6},{"damage":9,"enemies":"Centurion and Healer","floor":22,"turns":6},{"damage":22,"enemies":"Snecko","floor":25,"turns":5},{"damage":11,"enemies":"Snake Plant","floor":29,"turns":6},{"damage":31,"enemies":"Centurion and Healer","floor":30,"turns":8},{"damage":13,"enemies":"Champ","floor":33,"turns":12},{"damage":0,"enemies":"Orb Walker","floor":35,"turns":4},{"damage":54,"enemies":"2 Orb Walkers","floor":36,"turns":5},{"damage":24,"enemies":"3 Darklings","floor":37,"turns":2}],"seed_played":"7401747522028157749","potions_obtained":[{"floor":4,"key":"Energy Potion"},{"floor":7,"key":"ColorlessPotion"},{"floor":8,"key":"Swift Potion"},{"floor":18,"key":"animator:FalseLifePotion"},{"floor":36,"key":"Energy Potion"}],"is_trial":false,"path_per_floor":["M","?","M","M","M","R","M","M","T","R","?","M","M","M","R","B",null,"M","M","?","M","M","R","$","M","T","$","R","M","M","?","R","B",null,"M","?","M"],"character_chosen":"THE_ANIMATOR","items_purchased":["Frozen Egg 2","animator:Kuroyukihime","EntropicBrew","Lee\u0027s Waffle"],"campfire_rested":1,"item_purchase_floors":[24,24,24,27],"current_hp_per_floor":[61,61,61,61,61,61,61,61,61,61,45,44,44,44,44,44,66,66,44,44,18,9,28,28,9,9,73,73,68,37,61,61,57,73,73,19,0,0],"gold":405,"neow_bonus":"RANDOM_COMMON_RELIC","is_daily":false,"chose_seed":false,"campfire_upgraded":5,"win_rate":0.0,"timestamp":1612881138,"path_taken":["M","?","M","M","M","R","?","M","T","R","?","M","M","M","R","BOSS","M","M","?","M","M","R","$","M","T","$","R","M","M","?","R","BOSS","M","?","M"],"items_purchased_type":["Relic","Card","Potion","Relic"],"build_version":"2020-12-22","purchased_purges":1,"victory":false,"max_hp_per_floor":[66,66,66,66,66,66,66,66,66,66,66,66,66,66,66,66,66,66,66,66,66,66,66,66,66,66,73,73,73,73,73,73,73,73,73,73,73,73],"card_choices":[{"not_picked":["animator:Konayuki","animator:Archer"],"picked":"animator:YaoHaDucy","floor":1},{"not_picked":["animator:DolaRiku","animator:Cocytus"],"picked":"animator:OrikoMikuni","floor":3},{"not_picked":["animator:ZankiKiguchi","animator:LeleiLaLalena"],"picked":"animator:Verdia","floor":4},{"not_picked":["animator:NagisaMomoe","animator:SayakaMiki"],"picked":"animator:YuiTsuruno","floor":5},{"not_picked":["animator:Konayuki","animator:DwarfShaman"],"picked":"animator:DolaSchwi","floor":7},{"not_picked":["animator:Spearman","animator:Assassin"],"picked":"animator:Raven","floor":8},{"not_picked":["animator:DwarfShaman","animator:DolaCouronne"],"picked":"animator:MadokaKaname","floor":12},{"not_picked":["animator:OrikoMikuni","animator:SuzuneAmano"],"picked":"animator:YachiyoNanami","floor":13},{"not_picked":["animator:Yoichi","animator:PandorasActor"],"picked":"animator:Viivi","floor":14},{"not_picked":["animator:Sora","animator:Kyubey"],"picked":"animator:Elesis","floor":16},{"not_picked":["animator:Priestess","animator:MumenRider"],"picked":"animator:FielNirvalen","floor":18},{"not_picked":["animator:OrikoMikuni","animator:Layla+1"],"picked":"animator:CowGirl","floor":19},{"not_picked":["animator:YachiyoNanami","animator:SayakaMiki"],"picked":"animator:OrikoMikuni","floor":21},{"not_picked":["animator:Jibril","animator:Gillette"],"picked":"animator:DwarfShaman","floor":22},{"not_picked":["animator:IrohaTamaki","animator:OrikoMikuni"],"picked":"animator:WinryRockbell+1","floor":25},{"not_picked":["animator:Aqua","animator:Tet+1"],"picked":"animator:KrulTepes","floor":29},{"not_picked":["animator:SuzuneAmano","animator:KyokoSakura"],"picked":"animator:YuiTsuruno","floor":30},{"not_picked":["animator:Gilgamesh","animator:Albedo"],"picked":"animator:Hans+1","floor":33},{"not_picked":[],"picked":"animator:Sebas","floor":35},{"not_picked":[],"picked":"animator:Guy+1","floor":36}],"player_experience":833237,"relics_obtained":[{"floor":9,"key":"Vajra"},{"floor":36,"key":"Prayer Wheel"}],"event_choices":[{"damage_healed":0,"gold_gain":0,"player_choice":"Upgraded","damage_taken":0,"max_hp_gain":0,"max_hp_loss":0,"event_name":"Upgrade Shrine","floor":2,"gold_loss":0,"cards_upgraded":["animator:Kuroyukihime"]},{"damage_healed":0,"gold_gain":0,"player_choice":"Take Damage","damage_taken":16,"relics_obtained":["Golden Idol"],"max_hp_gain":0,"max_hp_loss":0,"event_name":"Golden Idol","floor":11,"gold_loss":0},{"cards_removed":["animator:Strike"],"damage_healed":0,"gold_gain":0,"player_choice":"Elegance","damage_taken":0,"max_hp_gain":0,"max_hp_loss":0,"event_name":"Back to Basics","floor":20,"gold_loss":0},{"damage_healed":24,"gold_gain":0,"player_choice":"Heal","damage_taken":0,"max_hp_gain":0,"max_hp_loss":0,"event_name":"The Library","floor":31,"gold_loss":0},{"damage_healed":0,"gold_gain":0,"player_choice":"Fight","damage_taken":0,"max_hp_gain":0,"max_hp_loss":0,"event_name":"Mysterious Sphere","floor":36,"gold_loss":0}],"is_beta":false,"boss_relics":[{"not_picked":["Sozu","animator:HolyGrailRelic"],"picked":"Astrolabe"},{"not_picked":["Velvet Choker","Black Star"],"picked":"Busted Crown"}],"items_purged_floors":[24],"is_endless":false,"potions_floor_spawned":[4,7,8,14,18,29,33,35,36],"killed_by":"3 Darklings","ascension_level":0}}