{"host":"newqdrzxfhh2im9e","time":1612899013,"event":{"mods":["AchievementEnabler","BaseMod","Block Reminder","Colored Map","Minty Spire (QoL Compilation)","Rare Cards Sparkle","Shop Mod","StSLib"],"gold_per_floor":[113,123,142,142,167,200,200,235,235,260,21,39,4,37,37,168,168,187,187,34,58,58,99,99,99,99,0,13,26,51,51,51,177,177,202,162,177,202,226,226,240,271,271,287,18,18,18,36,36,36,36],"floor_reached":50,"language":"ENG","playtime":2122,"items_purged":["Writhe","Parasite"],"score":591,"play_id":"31c0a62f-cbe1-40f1-b249-4621fbddf889","local_time":"20210209113013","is_ascension_mode":false,"campfire_choices":[{"floor":7,"key":"REST"},{"floor":15,"key":"REST"},{"floor":24,"key":"RECALL"},{"floor":32,"key":"REST"},{"data":"Adrenaline","floor":40,"key":"SMITH"},{"floor":49,"key":"REST"}],"circlet_count":0,"master_deck":["Defend_G","Defend_G+1","Survivor","Neutralize","Noxious Fumes+1","Slice","Predator","Backstab","Catalyst","Escape Plan","Enlightenment","Malaise","Backstab","Choke","Corpse Explosion","Dodge and Roll+1","Necronomicurse","Bite","Bite","Bite","Bite","Bite","Predator+1","Footwork+1","Catalyst","Bouncing Flask+1","Adrenaline+1","Bouncing Flask+1","Bouncing Flask+1","Crippling Poison+1","Slice+1","PiercingWail+1","Storm of Steel","Apotheosis","Caltrops+1"],"relics":["Ring of the Snake","Golden Idol","Toy Ornithopter","Smiling Mask","Pear","TwistedFunnel","Lizard Tail","WristBlade","Necronomicon","Kunai","Matryoshka","Ornamental Fan","Meat on the Bone","Astrolabe","Pen Nib","Bag of Marbles","Du-Vu Doll"],"acts_visited":["Exordium","TheCity","TheBeyond"],"potions_floor_usage":[6,8,14,16,23,29,41,42,42,42,48,48],"damage_taken":[{"damage":1,"enemies":"2 Louse","floor":1,"turns":2},{"damage":9,"enemies":"Jaw Worm","floor":2,"turns":5},{"damage":2,"enemies":"Cultist","floor":3,"turns":4},{"damage":1,"enemies":"Red Slaver","floor":5,"turns":4},{"damage":12,"enemies":"Gremlin Nob","floor":6,"turns":4},{"damage":24,"enemies":"3 Sentries","floor":8,"turns":6},{"damage":0,"enemies":"3 Louse","floor":10,"turns":2},{"damage":0,"enemies":"Exordium Thugs","floor":12,"turns":3},{"damage":11,"enemies":"Lagavulin","floor":14,"turns":3},{"damage":26,"enemies":"The Guardian","floor":16,"turns":13},{"damage":10,"enemies":"Chosen","floor":18,"turns":2},{"damage":7,"enemies":"2 Thieves","floor":21,"turns":2},{"damage":18,"enemies":"Gremlin Leader","floor":23,"turns":6},{"damage":11,"enemies":"Snake Plant","floor":28,"turns":4},{"damage":2,"enemies":"3 Cultists","floor":29,"turns":3},{"damage":14,"enemies":"Shelled Parasite and Fungi","floor":30,"turns":3},{"damage":52,"enemies":"Champ","floor":33,"turns":13},{"damage":0,"enemies":"3 Shapes","floor":35,"turns":2},{"damage":22,"enemies":"3 Darklings","floor":37,"turns":3},{"damage":0,"enemies":"Maw","floor":38,"turns":4},{"damage":3,"enemies":"Writhing Mass","floor":39,"turns":3},{"damage":13,"enemies":"Sphere and 2 Shapes","floor":41,"turns":3},{"damage":83,"enemies":"Reptomancer","floor":42,"turns":6},{"damage":21,"enemies":"Jaw Worm Horde","floor":44,"turns":4},{"damage":42,"enemies":"Transient","floor":48,"turns":5},{"damage":76,"enemies":"Time Eater","floor":50,"turns":9}],"seed_played":"8477719419086595875","potions_obtained":[{"floor":5,"key":"PowerPotion"},{"floor":6,"key":"LiquidBronze"},{"floor":12,"key":"SkillPotion"},{"floor":14,"key":"EssenceOfSteel"},{"floor":21,"key":"Poison Potion"},{"floor":30,"key":"Swift Potion"},{"floor":33,"key":"Dexterity Potion"},{"floor":35,"key":"LiquidMemories"},{"floor":38,"key":"Strength Potion"},{"floor":41,"key":"Ancient Potion"},{"floor":44,"key":"Explosive Potion"}],"is_trial":false,"path_per_floor":["M","M","M","?","M","E","R","E","T","M","$","M","$","E","R","B",null,"M","?","$","M","?","E","R","?","T","$","M","M","M","?","R","B",null,"M","?","M","M","M","R","M","E","T","M","$","?","$","M","R","B"],"character_chosen":"THE_SILENT","items_purchased":["TwistedFunnel","Enlightenment","Backstab","Blood Vial","Explosive Potion","Apotheosis","SteroidPotion"],"campfire_rested":4,"item_purchase_floors":[11,11,13,20,27,45,45],"current_hp_per_floor":[69,60,58,41,40,28,49,30,40,40,40,40,40,34,58,37,80,70,54,54,49,49,44,44,44,44,44,41,48,38,38,62,34,80,80,80,60,64,61,61,55,50,50,49,49,49,49,41,64,0,0],"gold":36,"neow_bonus":"THREE_CARDS","is_daily":false,"chose_seed":false,"campfire_upgraded":1,"win_rate":0.0,"timestamp":1612899013,"path_taken":["M","M","M","?","M","E","R","E","T","M","$","M","$","E","R","BOSS","M","?","$","M","?","E","R","?","T","$","M","M","M","?","R","BOSS","M","?","?","M","M","R","M","E","T","M","$","?","$","?","R","BOSS"],"items_purchased_type":["Relic","Card","Card","Relic","Potion","Card","Potion"],"build_version":"2020-12-22","purchased_purges":2,"victory":false,"max_hp_per_floor":[70,70,70,70,70,70,70,70,80,80,80,80,80,80,80,80,80,80,80,80,80,80,80,80,80,80,80,80,80,80,80,80,80,80,80,80,80,80,80,80,80,80,80,80,77,77,77,77,77,77,77],"card_choices":[{"not_picked":["Blade Dance","Slice"],"picked":"Noxious Fumes","floor":0},{"not_picked":["Dagger Throw","Prepared","Finisher"],"picked":"SKIP","floor":1},{"not_picked":["Poisoned Stab","Flying Knee"],"picked":"Slice","floor":2},{"not_picked":["Flying Knee","Cloak And Dagger"],"picked":"Predator","floor":3},{"not_picked":["Bane","Flying Knee"],"picked":"Backstab","floor":5},{"not_picked":["Backflip","Tactician"],"picked":"Catalyst","floor":6},{"not_picked":["Cloak And Dagger","Underhanded Strike","Prepared"],"picked":"SKIP","floor":8},{"not_picked":["Deadly Poison","Bane"],"picked":"Escape Plan","floor":10},{"not_picked":["Deadly Poison","Deflect"],"picked":"Malaise","floor":12},{"not_picked":["Outmaneuver","Skewer"],"picked":"Choke","floor":14},{"not_picked":["Wraith Form v2","Unload"],"picked":"Corpse Explosion","floor":16},{"not_picked":["Deadly Poison","Flying Knee"],"picked":"Dodge and Roll+1","floor":18},{"not_picked":["Dagger Spray","All Out Attack","Cloak And Dagger"],"picked":"SKIP","floor":21},{"not_picked":["Skewer","Blade Dance"],"picked":"Predator+1","floor":23},{"not_picked":["Terror","Blur"],"picked":"Footwork+1","floor":28},{"not_picked":["Blade Dance+1","Underhanded Strike"],"picked":"Catalyst","floor":29},{"not_picked":["Dodge and Roll","PiercingWail+1"],"picked":"Bouncing Flask+1","floor":30},{"not_picked":["Corpse Explosion","Wraith Form v2"],"picked":"Adrenaline","floor":33},{"not_picked":["Sucker Punch","Catalyst"],"picked":"Slice+1","floor":35},{"not_picked":["Prepared+1","Dodge and Roll+1"],"picked":"PiercingWail+1","floor":37},{"not_picked":["Quick Slash+1","Blur","Acrobatics+1"],"picked":"SKIP","floor":38},{"not_picked":["Poisoned Stab+1","Sucker Punch+1","Blade Dance+1"],"picked":"SKIP","floor":39},{"not_picked":["Blade Dance+1","Deflect"],"picked":"Concentrate+1","floor":41},{"not_picked":["Dash","Footwork","Underhanded Strike"],"picked":"SKIP","floor":42},{"not_picked":["Crippling Poison","Underhanded Strike"],"picked":"Storm of Steel","floor":44},{"not_picked":["Underhanded Strike+1","Slice+1"],"picked":"Caltrops+1","floor":48}],"player_experience":766481,"relics_obtained":[{"floor":6,"key":"Toy Ornithopter"},{"floor":8,"key":"Smiling Mask"},{"floor":9,"key":"Pear"},{"floor":14,"key":"Lizard Tail"},{"floor":19,"key":"Necronomicon"},{"floor":23,"key":"Kunai"},{"floor":26,"key":"Ornamental Fan"},{"floor":42,"key":"Pen Nib"},{"floor":43,"key":"Bag of Marbles"},{"floor":43,"key":"Du-Vu Doll"}],"event_choices":[{"damage_healed":0,"gold_gain":0,"player_choice":"Take Damage","damage_taken":17,"relics_obtained":["Golden Idol"],"max_hp_gain":0,"max_hp_loss":0,"event_name":"Golden Idol","floor":4,"gold_loss":0},{"damage_healed":0,"gold_gain":0,"player_choice":"Obtained Book","damage_taken":16,"max_hp_gain":0,"max_hp_loss":0,"event_name":"Cursed Tome","floor":19,"gold_loss":0},{"damage_healed":0,"gold_gain":0,"player_choice":"Became a vampire (Vial)","damage_taken":0,"max_hp_gain":0,"max_hp_loss":0,"event_name":"Vampires","floor":22,"relics_lost":["Blood Vial"],"gold_loss":0,"cards_obtained":["Bite","Bite","Bite","Bite","Bite"]},{"damage_healed":0,"gold_gain":0,"player_choice":"Opened","damage_taken":0,"relics_obtained":["Matryoshka"],"max_hp_gain":0,"max_hp_loss":0,"event_name":"The Mausoleum","floor":25,"gold_loss":0,"cards_obtained":["Writhe"]},{"damage_healed":0,"gold_gain":0,"player_choice":"Gave Potion","damage_taken":0,"relics_obtained":["Meat on the Bone"],"max_hp_gain":0,"max_hp_loss":0,"event_name":"WeMeetAgain","floor":31,"gold_loss":0},{"damage_healed":0,"gold_gain":0,"player_choice":"Upgraded Two","damage_taken":0,"max_hp_gain":0,"max_hp_loss":0,"event_name":"Designer","floor":36,"gold_loss":40,"cards_upgraded":["Noxious Fumes","Defend_G"]},{"cards_removed":["Concentrate"],"damage_healed":0,"gold_gain":0,"player_choice":"Purged","damage_taken":0,"max_hp_gain":0,"max_hp_loss":0,"event_name":"Purifier","floor":46,"gold_loss":0}],"is_beta":false,"boss_relics":[{"not_picked":["Ring of the Serpent","Tiny House"],"picked":"WristBlade"},{"not_picked":["Philosopher\u0027s Stone","Coffee Dripper"],"picked":"Astrolabe"}],"items_purged_floors":[27,45],"is_endless":false,"potions_floor_spawned":[5,6,12,14,21,30,33,35,38,41,44],"killed_by":"Time Eater","ascension_level":0}}