{"host":"1zjc08c6hob33401","time":1612904230,"event":{"mods":["AchievementEnabler","Act Like it!","Aspiration","BaseMod","Downfall","Elementarium","Energized Spire","Evolution","Friendly Minions","Gensokyo","GifTheSpireLib","Hubris","Infinite Spire","Jedi Mod","Menagerie","Minty Spire (QoL Compilation)","Pale of the Ancients","Quick Restart","Reliquary","Replay The Spire","Retaliation","Shop Mod","Spicy Shops","Spire Arcade","StS++","StSLib","Stuff the Spire","The Blue Laboratory","Wandering Minibosses","??????REMEMod"],"gold_per_floor":[112,112,128,142,152,152,166,198,274,293,293,53,53,53,53,143,93,107,56,72,92,7,7,7,7],"floor_reached":24,"language":"RUS","playtime":1759,"items_purged":["StuffTheSpire:CuriosityCurse"],"score":386,"play_id":"d54250e3-449a-4b58-a3eb-2e64b9c7e5cf","local_time":"20210209225710","is_ascension_mode":true,"campfire_choices":[{"data":"Bullet Time","floor":6.0,"key":"SMITH"},{"floor":13.0,"key":"REST"},{"data":"FIFO Queue","floor":15.0,"key":"SMITH"},{"data":"Genetic Algorithm","floor":23.0,"key":"SMITH"}],"circlet_count":0,"master_deck":["AscendersBane","Ball Lightning","Barrage","Rebound","Sweeping Beam","Leap","jedi:blockon","jedi:BurstFrost","Conserve Battery","Zap","Dualcast","Bullet Time+1","Dark Shackles","jedi:blockon","FIFO Queue+1","jedi:reiji","Genetic Algorithm+1","StuffTheSpire:Coldhearted","jedi:markofdeath","Injury","Rainbow","Strike_B","Chaos","Rip and Tear","REME_Compress+1","Stack"],"relics":["Cracked Core","EVO:Axolotl","REME_ComplimentaryCards","Question Card","StuffTheSpire:EmeraldSignet","StuffTheSpire:PointBlank","ReplayFunnel","Golden Idol","energizedSpire:HugeHouse","Gremlin Horn","wanderingMiniBosses:CarrionFlame","Eternal Feather"],"acts_visited":["Exordium","TheCity"],"potions_floor_usage":[],"damage_taken":[{"damage":0.0,"enemies":"Jaw Worm","floor":1.0,"turns":2.0},{"damage":6.0,"enemies":"Cultist","floor":3.0,"turns":3.0},{"damage":5.0,"enemies":"infinitespire:Voidling","floor":4.0,"turns":4.0},{"damage":0.0,"enemies":"3 Louse","floor":5.0,"turns":3.0},{"damage":7.0,"enemies":"2 Fungi Beasts","floor":7.0,"turns":5.0},{"damage":23.0,"enemies":"Replay:BlueRogue","floor":8.0,"turns":5.0},{"damage":0.0,"enemies":"Looter","floor":10.0,"turns":2.0},{"damage":21.0,"enemies":"The Guardian","floor":16.0,"turns":8.0},{"damage":2.0,"enemies":"Chosen","floor":18.0,"turns":5.0},{"damage":10.0,"enemies":"Spheric Guardian","floor":20.0,"turns":8.0},{"damage":31.0,"enemies":"Centurion and Healer","floor":21.0,"turns":7.0},{"damage":0,"enemies":"REME_1_Revenger","floor":24,"turns":1}],"seed_played":"-8851678503727154290","potions_obtained":[{"floor":4.0,"key":"blueLaboratory:FrostheartPotion"},{"floor":7.0,"key":"Toxic Potion"},{"floor":8.0,"key":"GamblersBrew"},{"floor":16.0,"key":"FocusPotion"},{"floor":21.0,"key":"blueLaboratory:AbyssPotion"}],"is_trial":false,"path_per_floor":["M","?","M","M","M","R","M","E","T","M","?","$","R","?","R","B",null,"M","?","M","M","?","R","E"],"character_chosen":"DEFECT","items_purchased":["ReplayFunnel"],"campfire_rested":1,"item_purchase_floors":[12],"current_hp_per_floor":[67,56,50,50,50,50,43,20,20,20,20,20,42,42,42,21,57,57,57,47,16,16,31,31,31],"gold":7,"neow_bonus":"RANDOM_COLORLESS","is_daily":false,"chose_seed":false,"campfire_upgraded":3,"win_rate":0.0,"timestamp":1612904230,"path_taken":["M","?","M","?","M","R","?","E","T","M","?","$","R","?","R","BOSS","M","?","M","?","?","R","E"],"items_purchased_type":["Relic"],"build_version":"2020-12-22","purchased_purges":1,"victory":false,"max_hp_per_floor":[74,74,74,74,74,74,74,74,74,74,74,74,74,74,74,74,69,69,69,69,69,69,69,69,69],"card_choices":[{"not_picked":["DDmod:MulticlassingSkill","REME_MagicPocketWatch"],"picked":"Dark Shackles","floor":0.0},{"not_picked":["Cold Snap","Hologram"],"picked":"jedi:blockon","floor":1.0},{"not_picked":["Streamline","Redo"],"picked":"FIFO Queue","floor":3.0},{"not_picked":["jedi:BurstLightning","jedi:blockon"],"picked":"jedi:reiji","floor":4.0},{"not_picked":["Self Repair","Ball Lightning"],"picked":"Genetic Algorithm","floor":5.0},{"not_picked":["Force Field","BasicCrystalCard"],"picked":"StuffTheSpire:Coldhearted","floor":7.0},{"not_picked":["Cold Snap","StuffTheSpire:Plugnplay"],"picked":"Conserve Battery","floor":8.0},{"not_picked":["ReplaySolidLightProjector","Hello World","Hologram"],"picked":"jedi:markofdeath","floor":10.0},{"not_picked":["jedi:darknesscall","jedi:readyaimfire","Fission"],"picked":"Rainbow","floor":16.0},{"not_picked":["BasicCrystalCard","REME_SelfUpgrade","Capacitor"],"picked":"Rip and Tear","floor":18.0},{"not_picked":["StuffTheSpire:Plugnplay","Go for the Eyes","Hologram"],"picked":"REME_Compress+1","floor":20.0},{"not_picked":["StuffTheSpire:GlassShard","Steam","Conserve Battery"],"picked":"Stack","floor":21.0}],"player_experience":743106,"relics_obtained":[{"floor":8.0,"key":"Question Card"},{"floor":9.0,"key":"StuffTheSpire:EmeraldSignet"},{"floor":20.0,"key":"wanderingMiniBosses:CarrionFlame"}],"event_choices":[{"damage_healed":0.0,"max_hp_gain":0.0,"max_hp_loss":0.0,"gold_gain":0.0,"event_name":"Wheel of Change","player_choice":"Damaged","floor":2.0,"gold_loss":0.0,"damage_taken":11.0},{"damage_healed":0.0,"max_hp_gain":0.0,"max_hp_loss":0.0,"gold_gain":0.0,"event_name":"Golden Idol","player_choice":"Take Wound","floor":14.0,"gold_loss":0.0,"damage_taken":0.0,"relics_obtained":["Golden Idol"],"cards_obtained":["Injury"]},{"damage_healed":0.0,"max_hp_gain":0.0,"max_hp_loss":0.0,"gold_gain":0.0,"event_name":"WeMeetAgain","player_choice":"Paid Gold","floor":19.0,"gold_loss":51.0,"damage_taken":0.0,"relics_obtained":["Gremlin Horn"]},{"damage_healed":0.0,"max_hp_gain":0.0,"max_hp_loss":0.0,"gold_gain":0.0,"event_name":"Addict","player_choice":"Obtained Relic","floor":22.0,"gold_loss":85.0,"damage_taken":0.0,"relics_obtained":["Eternal Feather"]}],"is_beta":false,"boss_relics":[{"not_picked":["bronze:MakeshiftBattery","aspiration:FutureDiary"],"picked":"energizedSpire:HugeHouse"}],"items_purged_floors":[12],"is_endless":false,"potions_floor_spawned":[4,7,8,16,21],"killed_by":"REME_1_Revenger","ascension_level":19}}