{"host":"jbmvtpvel2a8rbg6","time":1612913720,"event":{"mods":["Aspiration","BaseMod","Better Match","Better Sensory Stone","Better Skull","Conspire","Downfall","Energized Spire","GungeonMod","Hubris","Infinite Spire","Minty Spire (QoL Compilation)","RRrroohrrRGHHhhh!!","Reliquary","Replay The Spire","StSLib","Wandering Minibosses"],"gold_per_floor":[116,116,41,65,65,103,103,103,126,126,140,161,204,218,218,218,218],"floor_reached":16,"language":"ENG","playtime":2834,"items_purged":["rorgmod:Ache"],"score":135,"play_id":"0d13ddc8-de9b-4f38-ba90-4dc5ef49d6a5","local_time":"20210209153520","is_ascension_mode":false,"campfire_choices":[{"data":"Poisoned Stab","floor":7,"key":"SMITH"},{"data":"Strike_G+1","floor":10,"key":"SMITH"},{"floor":15,"key":"DIG"}],"circlet_count":0,"master_deck":["Strike_G+2","Strike_G","Strike_G","Strike_G","Strike_G","Defend_G","Defend_G","Defend_G+1","Defend_G","Defend_G","Survivor","Neutralize+1","Poisoned Stab+1","Deadly Poison","Poisoned Stab","rorgmod:Prepared","Flechettes"],"relics":["Ring of the Snake","NeowsBlessing","Golden Idol","White Beast Statue","Simple Rune","DemoMod:LamentConfigurum","reliquary:NewFriend"],"acts_visited":["Exordium"],"potions_floor_usage":[14,16,16],"damage_taken":[{"damage":0,"enemies":"2 Louse","floor":1,"turns":1},{"damage":0,"enemies":"Small Slimes","floor":4,"turns":1},{"damage":0,"enemies":"3 Sentries","floor":6,"turns":1},{"damage":0,"enemies":"Cultist","floor":11,"turns":3},{"damage":5,"enemies":"Blue Slaver","floor":12,"turns":3},{"damage":16,"enemies":"Lagavulin","floor":13,"turns":5},{"damage":30,"enemies":"3 Louse","floor":14,"turns":5},{"damage":23,"enemies":"Fading Forest","floor":16,"turns":7}],"seed_played":"5064736029418738950","potions_obtained":[{"floor":1,"key":"Poison Potion"},{"floor":11,"key":"hexamod:SoulburnPotion"},{"floor":12,"key":"DemoMod:BlankPotion"},{"floor":14,"key":"PowerPotion"}],"is_trial":false,"path_per_floor":["M","?","$","M","?","E","R","?","T","R","M","M","E","M","R","B"],"character_chosen":"THE_SILENT","items_purchased":[],"campfire_rested":0,"item_purchase_floors":[],"current_hp_per_floor":[70,70,70,70,63,63,63,63,63,63,63,58,42,12,12,0,0],"gold":218,"neow_bonus":"THREE_ENEMY_KILL","is_daily":false,"chose_seed":false,"campfire_upgraded":2,"win_rate":0.0,"timestamp":1612913720,"path_taken":["M","?","$","M","?","E","R","?","T","R","M","M","E","M","R","BOSS"],"items_purchased_type":[],"build_version":"2020-12-22","purchased_purges":1,"victory":false,"max_hp_per_floor":[70,70,70,70,70,70,70,70,70,70,70,70,70,70,70,70,70],"card_choices":[{"not_picked":["Cloak And Dagger","Sucker Punch"],"picked":"Poisoned Stab","floor":1},{"not_picked":["Deflect","Terror"],"picked":"Deadly Poison","floor":4},{"not_picked":["Finisher","Skewer","Replay:Poison Smokescreen"],"picked":"SKIP","floor":6},{"not_picked":["Cloak And Dagger","Dodge and Roll"],"picked":"Poisoned Stab","floor":11},{"not_picked":["Dash","Leg Sweep"],"picked":"rorgmod:Prepared","floor":12},{"not_picked":["Sneak Up","ReplayTheSpireMod:Tripwire","Setup"],"picked":"SKIP","floor":13},{"not_picked":["rorgmod:Tendon Slice","rorgmod:Prepared"],"picked":"Flechettes","floor":14}],"player_experience":848203,"relics_obtained":[{"floor":6,"key":"White Beast Statue"},{"floor":9,"key":"Simple Rune"},{"floor":13,"key":"DemoMod:LamentConfigurum"},{"floor":15,"key":"reliquary:NewFriend"}],"event_choices":[{"damage_healed":0,"gold_gain":0,"player_choice":"Take Wound","damage_taken":0,"relics_obtained":["Golden Idol"],"max_hp_gain":0,"max_hp_loss":0,"event_name":"Golden Idol","floor":2,"gold_loss":0,"cards_obtained":["rorgmod:Ache"]},{"damage_healed":0,"gold_gain":0,"player_choice":"Damaged","damage_taken":7,"max_hp_gain":0,"max_hp_loss":0,"event_name":"Wheel of Change","floor":5,"gold_loss":0},{"damage_healed":0,"gold_gain":0,"player_choice":"Upgraded","damage_taken":0,"max_hp_gain":0,"max_hp_loss":0,"event_name":"Upgrade Shrine","floor":8,"gold_loss":0,"cards_upgraded":["Neutralize"]}],"is_beta":false,"boss_relics":[],"items_purged_floors":[3],"is_endless":false,"potions_floor_spawned":[1,11,12,13,14],"killed_by":"Fading Forest","ascension_level":0}}