{"host":"2zu58scgr3ekv4lr","time":1612888353,"event":{"mods":["AchievementEnabler","BaseMod","Minty Spire (QoL Compilation)","Quick Restart","StSLib","The Cursed"],"gold_per_floor":[111,111,130,55,55,82,82,82,158,173,184,184,184,213,213,316,316,335,345,361,185,203,230,230,140,140,155,168,168,168,168],"floor_reached":30,"language":"ENG","playtime":1447,"items_purged":["Strike_G"],"score":285,"play_id":"e638b35a-efec-4312-95b2-bd68fc18e31b","local_time":"20210209173233","is_ascension_mode":false,"campfire_choices":[{"data":"Catalyst","floor":7,"key":"SMITH"},{"data":"Poisoned Stab","floor":13,"key":"SMITH"},{"floor":15,"key":"REST"},{"floor":24,"key":"REST"},{"floor":29,"key":"REST"}],"circlet_count":0,"master_deck":["Strike_G","Strike_G","Strike_G","Defend_G","Defend_G","Defend_G","Defend_G","Defend_G","Survivor+1","Neutralize","Poisoned Stab+1","Bane","Catalyst+1","Setup+1","Flying Knee","Deflect+1","Die Die Die","Burst+1","Blade Dance+1","Slice","Bane","Adrenaline+1","Outmaneuver+1","Acrobatics+1","Finisher","Prepared+1"],"relics":["Ring of the Snake","NeowsBlessing","Toxic Egg 2","The Courier","Shuriken","Oddly Smooth Stone","SlaversCollar","Gremlin Horn","Ornamental Fan"],"acts_visited":["Exordium","TheCity"],"potions_floor_usage":[16,16,19,23,23,23,28],"damage_taken":[{"damage":0,"enemies":"2 Louse","floor":1,"turns":1},{"damage":0,"enemies":"Small Slimes","floor":3,"turns":1},{"damage":0,"enemies":"Lagavulin","floor":6,"turns":1},{"damage":4,"enemies":"Cultist","floor":10,"turns":4},{"damage":12,"enemies":"Looter","floor":11,"turns":3},{"damage":10,"enemies":"Gremlin Nob","floor":14,"turns":3},{"damage":2,"enemies":"Hexaghost","floor":16,"turns":8},{"damage":8,"enemies":"Chosen","floor":18,"turns":8},{"damage":23,"enemies":"2 Thieves","floor":19,"turns":4},{"damage":1,"enemies":"Chosen and Byrds","floor":20,"turns":4},{"damage":18,"enemies":"Centurion and Healer","floor":22,"turns":5},{"damage":18,"enemies":"Book of Stabbing","floor":23,"turns":5},{"damage":15,"enemies":"Snake Plant","floor":27,"turns":6},{"damage":6,"enemies":"3 Cultists","floor":28,"turns":4},{"damage":23,"enemies":"Shelled Parasite and Fungi","floor":30,"turns":3}],"seed_played":"-2426590121939183573","potions_obtained":[{"floor":6,"key":"PowerPotion"},{"floor":10,"key":"AttackPotion"},{"floor":14,"key":"ColorlessPotion"},{"floor":16,"key":"Block Potion"},{"floor":19,"key":"Fire Potion"},{"floor":22,"key":"FearPotion"},{"floor":27,"key":"Ancient Potion"}],"is_trial":false,"path_per_floor":["M","?","M","$","?","E","R","?","T","M","M","T","R","E","R","B",null,"M","M","M","$","M","E","R","?","T","M","M","R","M"],"character_chosen":"THE_SILENT","items_purchased":["Catalyst","Adrenaline+1"],"campfire_rested":3,"item_purchase_floors":[4,21],"current_hp_per_floor":[70,70,70,70,70,70,70,70,70,66,54,54,54,44,65,63,70,62,39,38,38,20,2,23,23,23,8,2,23,0,0],"gold":168,"neow_bonus":"THREE_ENEMY_KILL","is_daily":false,"chose_seed":false,"campfire_upgraded":2,"win_rate":0.0,"timestamp":1612888353,"path_taken":["M","?","M","$","?","E","R","?","T","M","M","?","R","E","R","BOSS","M","M","?","$","M","E","R","?","T","M","M","R","M"],"items_purchased_type":["Card","Card"],"build_version":"2020-12-22","purchased_purges":1,"victory":false,"max_hp_per_floor":[70,70,70,70,70,70,70,70,70,70,70,70,70,70,70,70,70,70,70,70,70,70,70,70,70,70,70,70,70,70,70],"card_choices":[{"not_picked":["Deflect","Endless Agony"],"picked":"Poisoned Stab","floor":1},{"not_picked":["Accuracy","Caltrops"],"picked":"Bane","floor":3},{"not_picked":["Dagger Throw","Eviscerate"],"picked":"Setup+1","floor":6},{"not_picked":["Reflex+1","Dodge and Roll+1"],"picked":"Flying Knee","floor":10},{"not_picked":["Slice","Well Laid Plans"],"picked":"Deflect+1","floor":11},{"not_picked":["Masterful Stab","Dash"],"picked":"Die Die Die","floor":14},{"not_picked":["Tools of the Trade","Wraith Form v2"],"picked":"Burst+1","floor":16},{"not_picked":["Caltrops","Dagger Throw"],"picked":"Blade Dance+1","floor":18},{"not_picked":["Deflect+1","Dodge and Roll+1"],"picked":"Slice","floor":19},{"not_picked":["Tactician+1","Quick Slash"],"picked":"Bane","floor":20},{"not_picked":["Dagger Spray","Dash"],"picked":"Outmaneuver+1","floor":22},{"not_picked":["Caltrops","Concentrate+1"],"picked":"Acrobatics+1","floor":23},{"not_picked":["Acrobatics+1","Skewer+1"],"picked":"Finisher","floor":27},{"not_picked":["Dodge and Roll+1","Choke"],"picked":"Prepared+1","floor":28}],"player_experience":29512,"relics_obtained":[{"floor":6,"key":"Toxic Egg 2"},{"floor":9,"key":"The Courier"},{"floor":12,"key":"Shuriken"},{"floor":14,"key":"Oddly Smooth Stone"},{"floor":23,"key":"Gremlin Horn"},{"floor":26,"key":"Ornamental Fan"}],"event_choices":[{"damage_healed":0,"gold_gain":0,"player_choice":"Leave","damage_taken":0,"max_hp_gain":0,"max_hp_loss":0,"event_name":"The Cleric","floor":2,"gold_loss":0},{"damage_healed":0,"gold_gain":0,"player_choice":"Ignored","damage_taken":0,"max_hp_gain":0,"max_hp_loss":0,"event_name":"Golden Idol","floor":5,"gold_loss":0},{"damage_healed":0,"gold_gain":0,"player_choice":"Searched \u00270\u0027 times","damage_taken":0,"max_hp_gain":0,"max_hp_loss":0,"event_name":"Dead Adventurer","floor":8,"gold_loss":0},{"cards_removed":["Strike_G"],"damage_healed":0,"gold_gain":0,"player_choice":"Upgrade and Remove","damage_taken":0,"max_hp_gain":0,"max_hp_loss":0,"event_name":"Designer","floor":25,"gold_loss":90,"cards_upgraded":["Survivor"]}],"is_beta":false,"boss_relics":[{"not_picked":["Empty Cage","Runic Dome"],"picked":"SlaversCollar"}],"items_purged_floors":[21],"is_endless":false,"potions_floor_spawned":[6,10,14,16,19,22,27],"killed_by":"Shelled Parasite and Fungi","ascension_level":0}}