{"host":"hnfelxnirsihwvcb","time":1612910764,"event":{"mods":["BaseMod","Colored Map","DeckTracker","Highlight Path","Minty Spire (QoL Compilation)","Quick Restart","Relic Sorter","Relic Stats","Shop Mod","StSLib","SuperFastMode"],"gold_per_floor":[114,133,150,167,167,167,193,193,193,47,73,23,55,5,5,103,103,115,65,80,30,46,46,78,78,78,78,78,78,94,104,104,209,209,222,222,272,322,76,76,103,114,141,141,158,176,176,187,187,187],"floor_reached":51,"language":"ENG","playtime":1203,"items_purged":["White Noise","Steam","Go for the Eyes"],"score":1163,"play_id":"2afe5274-ae41-47ac-ae63-b7ef17dc8125","local_time":"20210209234604","daily_mods":["SealedDeck","Vintage","Lethality","Binary"],"is_ascension_mode":false,"campfire_choices":[{"data":"Beam Cell","floor":6,"key":"SMITH"},{"data":"FTL","floor":8,"key":"SMITH"},{"floor":15,"key":"REST"},{"data":"Go for the Eyes","floor":23,"key":"SMITH"},{"data":"Go for the Eyes","floor":25,"key":"SMITH"},{"floor":32,"key":"REST"},{"floor":40,"key":"REST"},{"floor":49,"key":"REST"}],"circlet_count":0,"master_deck":["Go for the Eyes+1","Go for the Eyes+1","Beam Cell+1","FTL+1","Beam Cell+1","FTL+1"],"relics":["Unceasing Top","Busted Crown","Strawberry","Blue Candle","Smiling Mask","Anchor","Bag of Marbles","Meat on the Bone","HandDrill","Symbiotic Virus","Nunchaku","Nuclear Battery","Boot","Omamori","Molten Egg 2","Toy Ornithopter","Juzu Bracelet","Lantern","Du-Vu Doll","WingedGreaves","Prayer Wheel","Bird Faced Urn","Shuriken","Ginger","CeramicFish","Art of War","Blood Vial","Centennial Puzzle","MealTicket"],"acts_visited":["Exordium","TheCity","TheBeyond"],"potions_floor_usage":[],"damage_taken":[{"damage":0,"enemies":"2 Louse","floor":1,"turns":1},{"damage":0,"enemies":"Jaw Worm","floor":2,"turns":1},{"damage":0,"enemies":"Small Slimes","floor":3,"turns":1},{"damage":0,"enemies":"Gremlin Gang","floor":4,"turns":1},{"damage":0,"enemies":"Lagavulin","floor":7,"turns":1},{"damage":0,"enemies":"Gremlin Nob","floor":11,"turns":1},{"damage":0,"enemies":"3 Sentries","floor":13,"turns":1},{"damage":0,"enemies":"Slime Boss","floor":16,"turns":1},{"damage":0,"enemies":"Chosen","floor":18,"turns":1},{"damage":0,"enemies":"3 Byrds","floor":20,"turns":1},{"damage":0,"enemies":"Snake Plant","floor":22,"turns":1},{"damage":0,"enemies":"Gremlin Leader","floor":24,"turns":1},{"damage":0,"enemies":"3 Cultists","floor":30,"turns":1},{"damage":0,"enemies":"Centurion and Healer","floor":31,"turns":1},{"damage":0,"enemies":"Champ","floor":33,"turns":1},{"damage":20,"enemies":"3 Shapes","floor":35,"turns":1},{"damage":0,"enemies":"Mind Bloom Boss Battle","floor":37,"turns":1},{"damage":0,"enemies":"2 Orb Walkers","floor":38,"turns":1},{"damage":0,"enemies":"Reptomancer","floor":41,"turns":1},{"damage":0,"enemies":"Orb Walker","floor":42,"turns":1},{"damage":0,"enemies":"3 Darklings","floor":45,"turns":1},{"damage":0,"enemies":"Sphere and 2 Shapes","floor":46,"turns":1},{"damage":0,"enemies":"Jaw Worm Horde","floor":48,"turns":1},{"damage":0,"enemies":"Awakened One","floor":50,"turns":2}],"seed_played":"-1698761087867789929","potions_obtained":[{"floor":2,"key":"Fire Potion"},{"floor":4,"key":"EssenceOfSteel"},{"floor":7,"key":"Energy Potion"}],"is_trial":true,"path_per_floor":["M","M","M","M","?","R","E","R","T","$","E","$","E","?","R","B",null,"M","$","M","$","M","R","E","R","T","?","?","?","M","M","R","B",null,"M","?","?","?","$","R","E","M","T","?","M","M","?","M","R","B",null],"character_chosen":"DEFECT","items_purchased":["HandDrill","Shuriken"],"campfire_rested":4,"item_purchase_floors":[10,39],"current_hp_per_floor":[82,82,82,82,66,66,66,66,66,66,66,66,66,66,82,82,82,82,82,82,82,82,82,82,82,82,82,82,82,82,82,82,82,82,62,62,62,62,62,82,82,82,82,82,82,82,78,78,78,78],"gold":187,"neow_bonus":"","is_daily":false,"chose_seed":false,"campfire_upgraded":4,"win_rate":0.0,"timestamp":1612910764,"path_taken":["M","M","M","M","?","R","E","R","T","$","E","$","E","?","R","BOSS","M","$","M","$","M","R","E","R","T","?","?","?","M","M","R","BOSS","M","?","?","?","$","R","E","M","T","?","M","M","?","M","R","BOSS"],"items_purchased_type":["Relic","Relic"],"build_version":"2020-12-22","purchased_purges":3,"victory":true,"max_hp_per_floor":[82,82,82,82,82,82,82,82,82,82,82,82,82,82,82,82,82,82,82,82,82,82,82,82,82,82,82,82,82,82,82,82,82,82,82,82,82,82,82,82,82,82,82,82,82,82,78,78,78,78],"relic_stats":{"counters":[24,25],"Blue Candle":[0],"CeramicFish":0,"Juzu Bracelet":1,"Ginger":[0],"Smiling Mask":150,"Boot":[16],"Blood Vial":0,"Nunchaku":[29],"Centennial Puzzle":[0],"Busted Crown":18,"Shuriken":[31],"Bird Faced Urn":[0],"Prayer Wheel":0,"MealTicket":0,"HandDrill":[28],"Art of War":[0],"obtain_stats":[{"Lantern":30,"CeramicFish":42,"Juzu Bracelet":26,"Ginger":41,"Smiling Mask":3,"Boot":18,"Blood Vial":45,"Nunchaku":13,"Centennial Puzzle":46,"Strawberry":1,"Prayer Wheel":37,"MealTicket":48,"WingedGreaves":35,"HandDrill":10,"Blue Candle":2,"Omamori":20,"Nuclear Battery":17,"Du-Vu Doll":31,"Anchor":4,"Busted Crown":0,"Shuriken":39,"Bird Faced Urn":38,"Molten Egg 2":22,"Bag of Marbles":7,"Art of War":43,"Symbiotic Virus":11,"Unceasing Top":0,"Toy Ornithopter":24,"Meat on the Bone":9},{"Lantern":13,"CeramicFish":20,"Juzu Bracelet":12,"Ginger":19,"Smiling Mask":3,"Boot":9,"Blood Vial":21,"Nunchaku":7,"Centennial Puzzle":22,"Strawberry":1,"Prayer Wheel":17,"MealTicket":23,"WingedGreaves":16,"HandDrill":5,"Blue Candle":2,"Omamori":10,"Nuclear Battery":8,"Du-Vu Doll":14,"Anchor":4,"Busted Crown":0,"Shuriken":18,"Bird Faced Urn":18,"Molten Egg 2":11,"Bag of Marbles":5,"Art of War":20,"Symbiotic Virus":6,"Unceasing Top":0,"Toy Ornithopter":12,"Meat on the Bone":5},{"Lantern":13,"CeramicFish":20,"Juzu Bracelet":12,"Ginger":19,"Smiling Mask":3,"Boot":9,"Blood Vial":21,"Nunchaku":7,"Centennial Puzzle":22,"Strawberry":1,"Prayer Wheel":17,"MealTicket":23,"WingedGreaves":16,"HandDrill":5,"Blue Candle":2,"Omamori":10,"Nuclear Battery":8,"Du-Vu Doll":14,"Anchor":4,"Busted Crown":0,"Shuriken":18,"Bird Faced Urn":18,"Molten Egg 2":11,"Bag of Marbles":5,"Art of War":20,"Symbiotic Virus":6,"Unceasing Top":0,"Toy Ornithopter":12,"Meat on the Bone":5}],"Unceasing Top":[220],"Toy Ornithopter":0,"Meat on the Bone":0},"card_choices":[],"player_experience":858214,"relics_obtained":[{"floor":1,"key":"Strawberry"},{"floor":2,"key":"Blue Candle"},{"floor":3,"key":"Smiling Mask"},{"floor":4,"key":"Anchor"},{"floor":7,"key":"Bag of Marbles"},{"floor":9,"key":"Meat on the Bone"},{"floor":11,"key":"Symbiotic Virus"},{"floor":13,"key":"Nunchaku"},{"floor":18,"key":"Boot"},{"floor":20,"key":"Omamori"},{"floor":22,"key":"Molten Egg 2"},{"floor":24,"key":"Toy Ornithopter"},{"floor":26,"key":"Juzu Bracelet"},{"floor":30,"key":"Lantern"},{"floor":31,"key":"Du-Vu Doll"},{"floor":35,"key":"WingedGreaves"},{"floor":37,"key":"Prayer Wheel"},{"floor":38,"key":"Bird Faced Urn"},{"floor":41,"key":"Ginger"},{"floor":42,"key":"CeramicFish"},{"floor":43,"key":"Art of War"},{"floor":45,"key":"Blood Vial"},{"floor":46,"key":"Centennial Puzzle"},{"floor":48,"key":"MealTicket"}],"event_choices":[{"damage_healed":0,"gold_gain":0,"player_choice":"Entered Light","damage_taken":16,"max_hp_gain":0,"max_hp_loss":0,"event_name":"Shining Light","floor":5,"gold_loss":0,"cards_upgraded":["FTL","Beam Cell"]},{"cards_removed":["Steam"],"damage_healed":0,"gold_gain":0,"player_choice":"Card Removal","damage_taken":0,"max_hp_gain":0,"max_hp_loss":0,"event_name":"The Cleric","floor":14,"gold_loss":50},{"damage_healed":0,"gold_gain":0,"player_choice":"Ignored","damage_taken":0,"max_hp_gain":0,"max_hp_loss":0,"event_name":"Ghosts","floor":28,"gold_loss":0},{"damage_healed":0,"gold_gain":0,"player_choice":"Ignored","damage_taken":0,"max_hp_gain":0,"max_hp_loss":0,"event_name":"The Mausoleum","floor":29,"gold_loss":0},{"damage_healed":0,"gold_gain":0,"player_choice":"Got Potions","damage_taken":0,"max_hp_gain":0,"max_hp_loss":0,"event_name":"Lab","floor":36,"gold_loss":0},{"damage_healed":0,"gold_gain":0,"player_choice":"Fight","damage_taken":0,"max_hp_gain":0,"max_hp_loss":0,"event_name":"MindBloom","floor":37,"gold_loss":0},{"damage_healed":0,"gold_gain":0,"player_choice":"Fight","damage_taken":0,"max_hp_gain":0,"max_hp_loss":0,"event_name":"Mysterious Sphere","floor":38,"gold_loss":0},{"damage_healed":0,"gold_gain":0,"player_choice":"Ignored","damage_taken":0,"max_hp_gain":0,"max_hp_loss":0,"event_name":"Tomb of Lord Red Mask","floor":44,"gold_loss":0},{"damage_healed":0,"gold_gain":0,"player_choice":"Max HP","damage_taken":0,"max_hp_gain":0,"max_hp_loss":4,"event_name":"Winding Halls","floor":47,"gold_loss":0}],"is_beta":false,"boss_relics":[{"not_picked":["Snecko Eye","Black Star"],"picked":"Nuclear Battery"},{"not_picked":["Runic Dome","Tiny House","Sozu"]}],"items_purged_floors":[12,19,21],"is_endless":false,"potions_floor_spawned":[2,4,7,18,22,24,31,35,38,41,46,48],"ascension_level":0}}