{"host":"btj53a7qlsawl9sy","time":1612849976,"event":{"mods":["100% Spire Juice","ATMod(∞¢Ë™Mod)","Act Like it!","Arknights","BaseMod","Better Vampires","Colored Powertips","Dota2Spire","Gensokyo","Luminous","Marisa£®ÏF”Í°°ƒß¿Ì…≥£©","Marked Mod","Minty Spire (QoL Compilation)","Quick Restart","Reimu£®≤©¿ˆ¡È√Œ£©","Relic Stats","Remilia£®¿Ÿ√◊¿Ú—«£©","Replay The Spire","Spicy Shops","StSLib","The Administrix","The Servant 0.9.4","Yakumo Yukari mod","Youmu£®ªÍ∆«—˝√Œ£©","Yuyuko","°æ“≈ŒÔø®≈∆°øREMEMod","≤–¡Ù÷ÆŒÔ"],"gold_per_floor":[219,231,243,260,273,273,129,140,140,157,157,117,127,127,127,227,227,246,263,280,260,22,22,50,63,113,132,132,132,47,47,47,146,146,158,175,194,205,205,230,230,289,314,48,82,98,136,150,150,152],"floor_reached":51,"language":"ZHS","playtime":2371,"items_purged":["Poor:ReiMu"],"score":1049,"play_id":"b910dbd4-e020-404c-a3fd-800b6ffb9323","local_time":"20210209135256","is_ascension_mode":true,"campfire_choices":[{"floor":6,"key":"REST"},{"floor":11,"key":"REST"},{"floor":23,"key":"REST"},{"floor":28,"key":"REST"},{"floor":32,"key":"REST"},{"floor":49,"key":"REST"}],"circlet_count":0,"master_deck":["Strike_B","Strike_B","Strike_B","Strike_B","Defend_B","Defend_B","Defend_B","Defend_B","Zap","Dualcast","Redo","REME_SelfUpgrade","Force Field","Undo","Conserve Battery","Coolheaded","Fusion","Electrodynamics","AT_ThunderBolt","Steam","Cold Snap","Hologram","Cold Snap","ReplayTheSpireMod:Faulty Equipment","Chill","CommonCold","AT_RightCognition","AT_EmpoweredMortalDraw","Aggregate+1","Conserve Battery+1","Sweeping Beam","Genetic Algorithm","FIFO Queue","Madness","Madness","FIFO Queue+1","Cold Snap","Coolheaded+1","Stack","Chill","Parasite","Chill"],"relics":["Cracked Core","AT_ATBox","REME_ComplimentaryCards","Orichalcum","Dota2Spire:ShivaGuard","PaintedHorse:ReiMu","Dota2Spire:DivineRapier","Cursed Key","Dota2Spire:EtherealBlade","Dota2Spire:OrchidMalevolence","Dota2Spire:Vanguard","MutagenicStrength","Thread and Needle","Dota2Spire:DrumOfEndurance","AT_MortalBlade","Replay:Bandana","Replay:Kaleidoscope","ReplayFunnel","TheAbacus","Mercury Hourglass","Lantern"],"acts_visited":["Exordium","TheCity","TheBeyond"],"potions_floor_usage":[3,4,8,8,16,20,24,24,35,35,40,42],"damage_taken":[{"damage":0,"enemies":"Cultist","floor":1,"turns":3},{"damage":8,"enemies":"2 Louse","floor":2,"turns":2},{"damage":2,"enemies":"Small Slimes","floor":3,"turns":4},{"damage":41,"enemies":"Gremlin Gang","floor":4,"turns":3},{"damage":5,"enemies":"3 Louse","floor":5,"turns":3},{"damage":29,"enemies":"Exordium Thugs","floor":8,"turns":5},{"damage":1,"enemies":"Blue Slaver","floor":10,"turns":4},{"damage":0,"enemies":"2 Fungi Beasts","floor":13,"turns":5},{"damage":11,"enemies":"The Guardian","floor":16,"turns":13},{"damage":3,"enemies":"Chosen","floor":18,"turns":5},{"damage":20,"enemies":"Spheric Guardian","floor":19,"turns":4},{"damage":9,"enemies":"Snecko","floor":20,"turns":5},{"damage":23,"enemies":"Slavers","floor":24,"turns":5},{"damage":20,"enemies":"Cultist and Chosen","floor":25,"turns":7},{"damage":0,"enemies":"Centurion and Healer","floor":27,"turns":7},{"damage":51,"enemies":"Automaton","floor":33,"turns":19},{"damage":0,"enemies":"3 Darklings","floor":35,"turns":5},{"damage":0,"enemies":"3 Shapes","floor":36,"turns":3},{"damage":0,"enemies":"Jaw Worm Horde","floor":37,"turns":3},{"damage":0,"enemies":"Transient","floor":38,"turns":5},{"damage":1,"enemies":"Giant Head","floor":40,"turns":11},{"damage":4,"enemies":"2 Orb Walkers","floor":42,"turns":4},{"damage":26,"enemies":"Reptomancer","floor":45,"turns":10},{"damage":0,"enemies":"Spire Growth","floor":46,"turns":5},{"damage":0,"enemies":"R_Hoarder","floor":47,"turns":8},{"damage":0,"enemies":"Writhing Mass","floor":48,"turns":6},{"damage":5,"enemies":"Donu and Deca","floor":50,"turns":12}],"seed_played":"-2875858687330794831","potions_obtained":[{"floor":2,"key":"Weak Potion"},{"floor":3,"key":"LiquidBronze"},{"floor":4,"key":"Weak Potion"},{"floor":5,"key":"Fire Potion"},{"floor":15,"key":"FairyPotion"},{"floor":15,"key":"Reflective Coating"},{"floor":19,"key":"EssenceOfSteel"},{"floor":20,"key":"Block Potion"},{"floor":21,"key":"PotionOfCapacity"},{"floor":25,"key":"SkillPotion"},{"floor":27,"key":"Dota2Spire:Clarity"},{"floor":37,"key":"ColorlessPotion"},{"floor":40,"key":"Fire Potion"},{"floor":47,"key":"SpeedPotion"},{"floor":48,"key":"Adrenaline Potion"}],"is_trial":false,"path_per_floor":["M","M","M","M","M","R","$","M","T","M","R","?","M","?","R","B",null,"M","M","M","?","$","R","E","M","T","M","R","?","?","T","R","B",null,"M","M","M","M","?","E","?","?","T","$","E","M","E","M","R","B",null],"character_chosen":"DEFECT","items_purchased":["Orichalcum","Dota2Spire:EtherealBlade","TheAbacus","Cold Snap"],"campfire_rested":6,"item_purchase_floors":[7,22,44,44],"current_hp_per_floor":[75,67,65,24,19,41,41,12,12,11,33,33,33,33,33,22,75,72,52,43,43,43,65,42,22,22,22,44,44,44,44,66,15,75,75,75,75,75,75,74,65,61,61,61,35,35,35,35,57,52],"gold":152,"neow_bonus":"HUNDRED_GOLD","is_daily":false,"chose_seed":false,"campfire_upgraded":0,"win_rate":0.0,"timestamp":1612849976,"path_taken":["M","M","?","M","M","R","$","M","T","M","R","?","M","?","R","BOSS","M","M","?","?","?","R","E","M","T","M","R","?","?","?","R","BOSS","M","M","M","M","?","E","?","?","T","$","E","?","E","M","R","BOSS"],"items_purchased_type":["Relic","Relic","Relic","Card"],"build_version":"2020-12-22","purchased_purges":1,"victory":true,"max_hp_per_floor":[75,75,75,75,75,75,75,75,75,75,75,75,75,75,75,75,75,75,75,75,75,75,75,75,75,75,75,75,75,75,75,75,75,75,75,75,75,75,75,75,75,75,75,75,75,75,75,75,75,75],"relic_stats":{"TheAbacus":[12],"counters":[27,166],"Orichalcum":[66],"Cursed Key":3,"obtain_stats":[{"ReplayFunnel":43,"Lantern":47,"AT_ATBox":0,"Dota2Spire:OrchidMalevolence":24,"AT_MortalBlade":34,"Dota2Spire:ShivaGuard":9,"Thread and Needle":30,"Dota2Spire:DrumOfEndurance":31,"Dota2Spire:Vanguard":26,"Replay:Kaleidoscope":42,"Orichalcum":7,"Dota2Spire:EtherealBlade":22,"Cursed Key":17,"Mercury Hourglass":45,"Replay:Bandana":40,"TheAbacus":44,"PaintedHorse:ReiMu":12,"MutagenicStrength":29,"Dota2Spire:DivineRapier":14,"Cracked Core":0,"REME_ComplimentaryCards":0},{"ReplayFunnel":22,"Lantern":25,"AT_ATBox":0,"Dota2Spire:OrchidMalevolence":13,"AT_MortalBlade":16,"Dota2Spire:ShivaGuard":6,"Thread and Needle":15,"Dota2Spire:DrumOfEndurance":15,"Dota2Spire:Vanguard":14,"Replay:Kaleidoscope":22,"Orichalcum":5,"Dota2Spire:EtherealBlade":12,"Cursed Key":9,"Mercury Hourglass":23,"Replay:Bandana":21,"TheAbacus":22,"PaintedHorse:ReiMu":7,"MutagenicStrength":15,"Dota2Spire:DivineRapier":8,"Cracked Core":0,"REME_ComplimentaryCards":0},{"ReplayFunnel":125,"Lantern":148,"AT_ATBox":0,"Dota2Spire:OrchidMalevolence":61,"AT_MortalBlade":94,"Dota2Spire:ShivaGuard":20,"Thread and Needle":75,"Dota2Spire:DrumOfEndurance":75,"Dota2Spire:Vanguard":68,"Replay:Kaleidoscope":125,"Orichalcum":15,"Dota2Spire:EtherealBlade":56,"Cursed Key":42,"Mercury Hourglass":135,"Replay:Bandana":121,"TheAbacus":125,"PaintedHorse:ReiMu":24,"MutagenicStrength":75,"Dota2Spire:DivineRapier":29,"Cracked Core":0,"REME_ComplimentaryCards":0}],"Mercury Hourglass":[90]},"card_choices":[{"not_picked":["AT_HeatAcrobatics","ReplaySolidLightProjector"],"picked":"Redo","floor":1},{"not_picked":["Redo","Panic Button"],"picked":"REME_SelfUpgrade","floor":2},{"not_picked":["Beam Cell","Panic Button","REME_Whirling"],"picked":"Force Field","floor":3},{"not_picked":["FTL","Rebound","AT_EMC2"],"picked":"Undo","floor":4},{"not_picked":["Reboot","AT_RobotInSpace"],"picked":"Conserve Battery","floor":5},{"not_picked":["AT_HeatAcrobatics","BasicCrystalCard","Redo"],"picked":"Coolheaded","floor":8},{"not_picked":["AT_HeatAcrobatics","Compile Driver","Go for the Eyes"],"picked":"Coolheaded","floor":10},{"not_picked":["Gash","Turbo","Rip and Tear"],"picked":"Fusion","floor":13},{"not_picked":["Fission","Reboot","REME_ForAll"],"picked":"Electrodynamics","floor":16},{"not_picked":["Turbo","Barrage","Go for the Eyes"],"picked":"AT_ThunderBolt","floor":18},{"not_picked":["ReplaySort+1","Recycle"],"picked":"Steam","floor":19},{"not_picked":["Beam Cell","Panic Button+1","Rebound"],"picked":"Cold Snap","floor":20},{"not_picked":["All For One","ReplayTheSpireMod:Reroute Power","Barrage"],"picked":"Hologram","floor":24},{"not_picked":["Go for the Eyes","AT_HeatAcrobatics","AT_ThunderBolt"],"picked":"Cold Snap","floor":25},{"not_picked":["Darkness","Leap","Fusion"],"picked":"Chill","floor":27},{"not_picked":["Electrodynamics","ReplayTheSpireMod:Omega Cannon","All For One"],"picked":"AT_RightCognition","floor":33},{"not_picked":["Barrage","Compile Driver+1"],"picked":"Aggregate+1","floor":35},{"not_picked":["Compile Driver+1","Panic Button+1"],"picked":"Conserve Battery+1","floor":36},{"not_picked":["Rebound+1","Panic Button+1"],"picked":"Sweeping Beam","floor":37},{"not_picked":["Hyperbeam","Chaos+1","Streamline+1"],"picked":"Genetic Algorithm","floor":38},{"not_picked":["Conserve Battery","Hyperbeam","BasicCrystalCard+1"],"picked":"FIFO Queue","floor":40},{"not_picked":["Hologram","Panic Button"],"picked":"FIFO Queue+1","floor":42},{"not_picked":["Gash","Barrage","Aggregate"],"picked":"Coolheaded+1","floor":45},{"not_picked":["Hologram","Redo","AT_HeatAcrobatics+1"],"picked":"Stack","floor":46},{"not_picked":["Gash+1","Ball Lightning","Echo Form"],"picked":"Chill","floor":47},{"not_picked":["Go for the Eyes+1","Barrage","Rebound"],"picked":"Chill","floor":48}],"player_experience":154619,"relics_obtained":[{"floor":9,"key":"Dota2Spire:ShivaGuard"},{"floor":24,"key":"Dota2Spire:OrchidMalevolence"},{"floor":26,"key":"Dota2Spire:Vanguard"},{"floor":31,"key":"Dota2Spire:DrumOfEndurance"},{"floor":40,"key":"Replay:Bandana"},{"floor":42,"key":"Replay:Kaleidoscope"},{"floor":43,"key":"ReplayFunnel"},{"floor":45,"key":"Mercury Hourglass"},{"floor":47,"key":"Lantern"}],"event_choices":[{"damage_healed":0,"gold_gain":0,"player_choice":"»˚«Æ","damage_taken":0,"relics_obtained":["PaintedHorse:ReiMu"],"max_hp_gain":0,"max_hp_loss":0,"event_name":"yidonshenshe","floor":12,"gold_loss":40},{"cards_removed":["Coolheaded"],"damage_healed":0,"gold_gain":0,"player_choice":"Gave Card","damage_taken":0,"relics_obtained":["Dota2Spire:DivineRapier"],"max_hp_gain":0,"max_hp_loss":0,"event_name":"WeMeetAgain","floor":14,"gold_loss":0},{"damage_healed":0,"gold_gain":0,"player_choice":"Bought 1 Potion","damage_taken":0,"max_hp_gain":0,"max_hp_loss":0,"event_name":"The Woman in Blue","floor":21,"gold_loss":0},{"damage_healed":0,"gold_gain":0,"player_choice":"Inject Mutagens","damage_taken":0,"relics_obtained":["MutagenicStrength"],"max_hp_gain":0,"max_hp_loss":0,"event_name":"Drug Dealer","floor":29,"gold_loss":0},{"damage_healed":0,"gold_gain":0,"player_choice":"Obtained Relic","damage_taken":0,"relics_obtained":["Thread and Needle"],"max_hp_gain":0,"max_hp_loss":0,"event_name":"Addict","floor":30,"gold_loss":85},{"damage_healed":0,"gold_gain":0,"player_choice":"Ignored","damage_taken":0,"max_hp_gain":0,"max_hp_loss":0,"event_name":"Tomb of Lord Red Mask","floor":39,"gold_loss":0},{"damage_healed":0,"gold_gain":0,"player_choice":"Embrace Madness","damage_taken":9,"max_hp_gain":0,"max_hp_loss":0,"event_name":"Winding Halls","floor":41,"gold_loss":0,"cards_obtained":["Madness","Madness"]},{"damage_healed":0,"gold_gain":0,"player_choice":"Fight","damage_taken":0,"max_hp_gain":0,"max_hp_loss":0,"event_name":"Mysterious Sphere","floor":42,"gold_loss":0}],"is_beta":false,"boss_relics":[{"not_picked":["SlaversCollar","REME_LowDesire"],"picked":"Cursed Key"},{"not_picked":["RedLine:ReiMu","Replay:Ancient Bell"],"picked":"AT_MortalBlade"}],"items_purged_floors":[44],"is_endless":false,"potions_floor_spawned":[2,3,4,5,19,20,25,27,37,40,47,48],"ascension_level":1}}