{"host":"odhb85ppoyjrwi3n","time":1612903043,"event":{"mods":["BaseMod","Better Third Choice","BetterRewards","Bossed Relics","Minty Spire (QoL Compilation)","Quick Restart","StSLib"],"gold_per_floor":[112,129,129,204,204,16,31,65,117,134,134,194,227,247,247,345,345,359,334,334,334,36,36,69,89,89,103,103,123,123,135,135,239,239,256,310,310,321,4505,4505,4540,4554,4605,4605,4630,4630,4640,4652,4652,4652],"floor_reached":51,"language":"ENG","playtime":2048,"items_purged":["Strike_R+1"],"score":973,"play_id":"9e3475f1-4d56-4cab-a0b6-2920a47e7e4e","local_time":"20210209213723","is_ascension_mode":true,"campfire_choices":[{"data":"Mayhem","floor":11,"key":"SMITH"},{"floor":15,"key":"REST"},{"floor":23,"key":"REST"},{"floor":28,"key":"REST"},{"data":"Rupture","floor":30,"key":"SMITH"},{"floor":32,"key":"REST"},{"data":"Rupture","floor":40,"key":"SMITH"},{"floor":44,"key":"REST"},{"floor":49,"key":"REST"}],"circlet_count":0,"master_deck":["Strike_R+1","Strike_R+1","Strike_R+1","Defend_R+1","Defend_R+1","Defend_R+1","Defend_R+1","Bash","Immolate+1","Disarm","Mayhem+1","Flex","Rupture+1","Demon Form","Entrench+1","Combust","Flame Barrier","Brutality","Combust","Rupture+1","Brutality","Inflame+1"],"relics":["Black Blood","Bag of Preparation","Omamori","Toy Ornithopter","PreservedInsect","Bronze Scales","Self Forming Clay","Tiny House","Prayer Wheel","Shuriken","Centennial Puzzle","Medical Kit","Kunai","Pen Nib","Oddly Smooth Stone"],"acts_visited":["Exordium","TheCity","TheBeyond"],"potions_floor_usage":[8,8,13,25,29,31,39,42,47,50,50],"damage_taken":[{"damage":2,"enemies":"Jaw Worm","floor":1,"turns":3},{"damage":0,"enemies":"Small Slimes","floor":2,"turns":3},{"damage":0,"enemies":"Cultist","floor":7,"turns":3},{"damage":17,"enemies":"Lagavulin","floor":8,"turns":5},{"damage":9,"enemies":"3 Louse","floor":10,"turns":2},{"damage":22,"enemies":"3 Sentries","floor":13,"turns":5},{"damage":11,"enemies":"Looter","floor":14,"turns":2},{"damage":51,"enemies":"The Guardian","floor":16,"turns":14},{"damage":38,"enemies":"3 Byrds","floor":18,"turns":5},{"damage":33,"enemies":"2 Thieves","floor":19,"turns":5},{"damage":30,"enemies":"Book of Stabbing","floor":24,"turns":7},{"damage":30,"enemies":"Cultist and Chosen","floor":25,"turns":4},{"damage":15,"enemies":"Sentry and Sphere","floor":27,"turns":5},{"damage":19,"enemies":"Snecko","floor":29,"turns":5},{"damage":25,"enemies":"3 Cultists","floor":31,"turns":4},{"damage":34,"enemies":"Collector","floor":33,"turns":9},{"damage":31,"enemies":"3 Shapes","floor":35,"turns":4},{"damage":34,"enemies":"2 Orb Walkers","floor":36,"turns":3},{"damage":0,"enemies":"Orb Walker","floor":38,"turns":1},{"damage":0,"enemies":"Giant Head","floor":41,"turns":1},{"damage":21,"enemies":"Jaw Worm Horde","floor":42,"turns":3},{"damage":12,"enemies":"Reptomancer","floor":45,"turns":2},{"damage":39,"enemies":"Transient","floor":47,"turns":5},{"damage":17,"enemies":"4 Shapes","floor":48,"turns":3},{"damage":68,"enemies":"Awakened One","floor":50,"turns":10}],"seed_played":"-4193983144064122521","potions_obtained":[{"floor":1,"key":"Dexterity Potion"},{"floor":2,"key":"ColorlessPotion"},{"floor":10,"key":"BloodPotion"},{"floor":24,"key":"Dexterity Potion"},{"floor":27,"key":"SkillPotion"},{"floor":29,"key":"Energy Potion"},{"floor":38,"key":"Block Potion"},{"floor":47,"key":"FearPotion"},{"floor":48,"key":"Energy Potion"}],"is_trial":false,"path_per_floor":["M","M","?","?","?","$","M","E","T","M","R","?","E","M","R","B",null,"M","M","?","?","$","R","E","M","T","M","R","M","R","M","R","B",null,"M","?","?","M","$","R","E","M","T","R","E","?","M","M","R","B",null],"character_chosen":"IRONCLAD","items_purchased":["Mayhem","Combust","PreservedInsect","Flame Barrier","Rupture","Shuriken","Centennial Puzzle","Medical Kit","Fruit Juice","DistilledChaos"],"campfire_rested":6,"item_purchase_floors":[6,22,22,22,39,39,39,39,39,39],"current_hp_per_floor":[80,80,80,69,69,69,75,64,64,61,61,61,61,56,80,35,80,54,33,33,59,59,80,62,49,49,46,70,68,68,60,80,58,80,61,39,39,51,61,61,73,69,69,85,85,85,58,53,78,29],"gold":4652,"neow_bonus":"ONE_RANDOM_RARE_CARD","is_daily":false,"chose_seed":false,"campfire_upgraded":3,"win_rate":0.0,"timestamp":1612903043,"path_taken":["M","M","?","?","?","$","M","E","T","?","R","?","E","M","R","BOSS","M","M","?","?","$","R","E","M","T","M","R","M","R","M","R","BOSS","M","?","?","M","$","R","E","M","T","R","E","?","M","M","R","BOSS"],"items_purchased_type":["Card","Card","Relic","Card","Card","Relic","Relic","Relic","Potion","Potion"],"build_version":"2020-12-22","purchased_purges":1,"victory":true,"max_hp_per_floor":[80,80,80,80,80,80,80,80,80,80,80,80,80,80,80,80,80,80,80,80,80,80,80,80,80,80,80,80,80,80,80,80,80,80,80,80,80,80,85,85,85,85,85,85,85,85,85,85,85,85],"card_choices":[{"not_picked":["Wild Strike","Iron Wave"],"picked":"Disarm","floor":1},{"not_picked":["Second Wind","Dropkick","Armaments"],"picked":"SKIP","floor":2},{"not_picked":["Twin Strike","Body Slam"],"picked":"Flex","floor":7},{"not_picked":["Fire Breathing","Searing Blow","Shrug It Off"],"picked":"SKIP","floor":8},{"not_picked":["Perfected Strike","Whirlwind","Sword Boomerang"],"picked":"SKIP","floor":10},{"not_picked":["Seeing Red","Dual Wield"],"picked":"Rupture","floor":13},{"not_picked":["Flex","Sever Soul","Clothesline"],"picked":"SKIP","floor":14},{"not_picked":["Feed","Reaper"],"picked":"Demon Form","floor":16},{"not_picked":["Reckless Charge","Flex","Dropkick"],"picked":"SKIP","floor":18},{"not_picked":["Clothesline","Perfected Strike"],"picked":"Entrench+1","floor":19},{"not_picked":["Burning Pact","Seeing Red"],"picked":"Brutality","floor":24},{"not_picked":["Havoc","Burning Pact","Flex"],"picked":"SKIP","floor":25},{"not_picked":["Anger","Warcry","Clothesline"],"picked":"SKIP","floor":27},{"not_picked":["Perfected Strike+1","Disarm","Armaments"],"picked":"SKIP","floor":29},{"not_picked":["Havoc","Reckless Charge","Wild Strike"],"picked":"SKIP","floor":31},{"not_picked":["Perfected Strike","Rage+1","Second Wind"],"picked":"SKIP","floor":35},{"not_picked":["Sever Soul+1","Shockwave"],"picked":"Combust","floor":38},{"not_picked":["Spot Weakness+1","Blood for Blood+1","Shrug It Off"],"picked":"SKIP","floor":38},{"not_picked":["Evolve","Feel No Pain+1"],"picked":"Brutality","floor":41},{"not_picked":["Havoc","Clothesline"],"picked":"Sword Boomerang+1","floor":42},{"not_picked":["Flex","Body Slam+1","Twin Strike+1"],"picked":"SKIP","floor":42},{"not_picked":["Flex","Body Slam+1","Twin Strike+1"],"picked":"SKIP","floor":42},{"not_picked":["Body Slam+1","Thunderclap+1","Perfected Strike"],"picked":"SKIP","floor":45},{"not_picked":["Iron Wave","Burning Pact","Headbutt"],"picked":"SKIP","floor":47},{"not_picked":["Exhume","Sentinel","Seeing Red"],"picked":"SKIP","floor":47},{"not_picked":["Whirlwind+1","Anger"],"picked":"Inflame+1","floor":48},{"not_picked":["Warcry","True Grit","Clash+1"],"picked":"SKIP","floor":48}],"player_experience":144374,"relics_obtained":[{"floor":8,"key":"Bag of Preparation"},{"floor":9,"key":"Omamori"},{"floor":13,"key":"Toy Ornithopter"},{"floor":24,"key":"Bronze Scales"},{"floor":26,"key":"Self Forming Clay"},{"floor":36,"key":"Prayer Wheel"},{"floor":41,"key":"Kunai"},{"floor":43,"key":"Pen Nib"},{"floor":45,"key":"Oddly Smooth Stone"}],"event_choices":[{"damage_healed":0,"gold_gain":0,"player_choice":"Grow","damage_taken":0,"max_hp_gain":0,"max_hp_loss":0,"event_name":"Living Wall","floor":3,"gold_loss":0,"cards_upgraded":["Immolate"]},{"damage_healed":0,"gold_gain":75,"player_choice":"Gold","damage_taken":11,"max_hp_gain":0,"max_hp_loss":0,"event_name":"betterThird:BetterGoop","floor":4,"gold_loss":0},{"cards_removed":["Strike_R"],"damage_healed":0,"gold_gain":0,"player_choice":"Card Removal","damage_taken":0,"max_hp_gain":0,"max_hp_loss":0,"event_name":"Wheel of Change","floor":5,"gold_loss":0},{"damage_healed":0,"gold_gain":60,"player_choice":"Gained Gold","damage_taken":0,"max_hp_gain":0,"max_hp_loss":0,"event_name":"Golden Wing","floor":12,"gold_loss":0},{"damage_healed":0,"gold_gain":0,"player_choice":"Simplicity","damage_taken":0,"max_hp_gain":0,"max_hp_loss":8,"event_name":"betterThird:BetterWriting","floor":20,"gold_loss":0},{"damage_healed":26,"gold_gain":0,"player_choice":"Heal","damage_taken":0,"max_hp_gain":0,"max_hp_loss":0,"event_name":"The Library","floor":21,"gold_loss":0},{"damage_healed":0,"gold_gain":0,"player_choice":"Fight","damage_taken":0,"max_hp_gain":0,"max_hp_loss":0,"event_name":"Mysterious Sphere","floor":36,"gold_loss":0},{"damage_healed":0,"gold_gain":0,"player_choice":"Memory 1","damage_taken":0,"max_hp_gain":0,"max_hp_loss":0,"event_name":"SensoryStone","floor":37,"gold_loss":0},{"cards_removed":["Sword Boomerang"],"damage_healed":0,"gold_gain":0,"player_choice":"Purged","damage_taken":0,"max_hp_gain":0,"max_hp_loss":0,"event_name":"Purifier","floor":46,"gold_loss":0}],"is_beta":false,"boss_relics":[{"not_picked":["Runic Cube","Astrolabe"],"picked":"Black Blood"},{"not_picked":["Black Star","Pandora\u0027s Box"],"picked":"Tiny House"}],"items_purged_floors":[39],"is_endless":false,"potions_floor_spawned":[1,2,10,24,27,29,38,47,48],"ascension_level":3}}