{"host":"yml0ux6c8lqydjlc","time":1612843681,"event":{"mods":["Aspiration","BaseMod","Conspire","Downfall","Hermit","Jedi Mod","Minty Spire (QoL Compilation)","Robot Space Explorer","StSLib"],"gold_per_floor":[116,116,126,142,67,67,81,101,176,203,203,218,230,122,122,226,226,246,258,274,294,313,313,313,313],"floor_reached":24,"language":"ENG","playtime":2893,"items_purged":["Normality"],"score":204,"play_id":"2b0dfb11-a980-4dce-9ae6-fabb15c50715","local_time":"20210208230801","is_ascension_mode":false,"campfire_choices":[{"data":"Flying Knee","floor":6.0,"key":"SMITH"},{"floor":11.0,"key":"REST"},{"floor":15.0,"key":"REST"},{"floor":23,"key":"REST"}],"circlet_count":0,"master_deck":["Strike_G","Strike_G","Strike_G","Strike_G","Defend_G","Defend_G","Defend_G","Defend_G","Defend_G","Survivor","Neutralize","Blade Dance","Poisoned Stab","Neutralize","Phantasmal Killer","Riddle With Holes","Flying Knee+1","jedi:pocketpoison","Deadly Poison","Dash","Bane","Endless Agony","jedi:pocketpoison+1","conspire:Banana+1","Die Die Die","Acrobatics+1","Leg Sweep+1","Predator","Bane","Backflip+1"],"relics":["Ring of the Snake","Toxic Egg 2","Happy Flower"],"acts_visited":["Exordium","TheCity"],"potions_floor_usage":[21],"damage_taken":[{"damage":0.0,"enemies":"Small Slimes","floor":1.0,"turns":3.0},{"damage":0.0,"enemies":"Cultist","floor":3.0,"turns":3.0},{"damage":0.0,"enemies":"2 Louse","floor":4.0,"turns":2.0},{"damage":28.0,"enemies":"conspire:2 RoseBushes","floor":7.0,"turns":3.0},{"damage":7.0,"enemies":"Looter","floor":8.0,"turns":2.0},{"damage":26.0,"enemies":"Lagavulin","floor":10.0,"turns":6.0},{"damage":0.0,"enemies":"Exordium Wildlife","floor":12.0,"turns":3.0},{"damage":9.0,"enemies":"Lots of Slimes","floor":13.0,"turns":4.0},{"damage":22.0,"enemies":"Hexaghost","floor":16.0,"turns":8.0},{"damage":0.0,"enemies":"Chosen","floor":18.0,"turns":4.0},{"damage":21,"enemies":"2 Thieves","floor":19,"turns":4},{"damage":6,"enemies":"Snecko","floor":20,"turns":4},{"damage":20,"enemies":"Centurion and Healer","floor":21,"turns":5},{"damage":23,"enemies":"conspire:HollyBat","floor":22,"turns":8},{"damage":42,"enemies":"Gremlin Leader","floor":24,"turns":3}],"seed_played":"-6445227202838622304","potions_obtained":[{"floor":3.0,"key":"FearPotion"},{"floor":7.0,"key":"jedi:StrikingPotion"},{"floor":8.0,"key":"jedi:hoardpotion"}],"is_trial":false,"path_per_floor":["M","?","M","M","$","R","M","M","T","E","R","M","M","$","R","B",null,"M","M","M","M","M","R","E"],"character_chosen":"THE_SILENT","items_purchased":["jedi:pocketpoison+1","conspire:Banana+1"],"campfire_rested":3,"item_purchase_floors":[14,14],"current_hp_per_floor":[70,70,70,70,70,70,42,35,35,9,30,30,21,21,42,22,72,74,55,49,31,10,34,0,0],"gold":313,"neow_bonus":"TRANSFORM_CARD","is_daily":false,"chose_seed":false,"campfire_upgraded":1,"win_rate":0.0,"timestamp":1612843681,"path_taken":["M","?","?","M","$","R","M","M","T","E","R","M","M","$","R","BOSS","M","?","M","M","?","R","E"],"items_purchased_type":["Card","Card"],"build_version":"2020-12-22","purchased_purges":1,"victory":false,"max_hp_per_floor":[70,70,70,70,70,70,70,70,70,70,70,70,70,70,70,72,72,74,76,76,78,80,80,82,82],"card_choices":[{"not_picked":["Deadly Poison","Sucker Punch"],"picked":"Poisoned Stab","floor":1.0},{"not_picked":["Tactician","PiercingWail"],"picked":"Riddle With Holes","floor":3.0},{"not_picked":["Skewer","Dodge and Roll"],"picked":"Flying Knee","floor":4.0},{"not_picked":["Sucker Punch","Backflip"],"picked":"jedi:pocketpoison","floor":7.0},{"not_picked":["Backflip","Acrobatics"],"picked":"Deadly Poison","floor":8.0},{"not_picked":["Endless Agony","jedi:acidrain+1"],"picked":"Dash","floor":10.0},{"not_picked":["Dagger Throw","Choke"],"picked":"Bane","floor":12.0},{"not_picked":["Leg Sweep+1","Riddle With Holes"],"picked":"Endless Agony","floor":13.0},{"not_picked":["jedi:studypoison+1","Night Terror+1"],"picked":"Die Die Die","floor":16.0},{"not_picked":["Reflex+1","Escape Plan+1"],"picked":"Acrobatics+1","floor":18.0},{"not_picked":["Bane","jedi:acidrain+1"],"picked":"Leg Sweep+1","floor":19},{"not_picked":["Flying Knee","Dagger Throw"],"picked":"Predator","floor":20},{"not_picked":["Dodge and Roll+1","PiercingWail+1"],"picked":"Bane","floor":21},{"not_picked":["Masterful Stab+1","Bane"],"picked":"Backflip+1","floor":22}],"player_experience":27865,"relics_obtained":[{"floor":9.0,"key":"Toxic Egg 2"},{"floor":10.0,"key":"Happy Flower"}],"event_choices":[{"damage_healed":0.0,"max_hp_gain":0.0,"max_hp_loss":0.0,"gold_gain":0.0,"event_name":"Match and Keep!","player_choice":"3 cards matched","floor":2.0,"gold_loss":0.0,"damage_taken":0.0,"cards_obtained":["Neutralize","Phantasmal Killer","Normality"]}],"is_beta":false,"boss_relics":[{"not_picked":["jedi:paperlyon","aspiration:IroncladSkillbook","conspire:RunicOctahedron"]}],"items_purged_floors":[5],"is_endless":false,"potions_floor_spawned":[3,7,8,13,18,20],"killed_by":"Gremlin Leader","ascension_level":0}}