{"host":"kk6i5v7sjcm8i50x","time":1612833284,"event":{"mods":["BaseMod","Bestiary","Colored Map","Downfall","Minty Spire (QoL Compilation)","StSLib","The Saiyan"],"gold_per_floor":[99,116,566,641,654,6,30,43,57,67,67,93,93,38,50,147,197,197,208,64,64,64,84,108,141,160,160,160,160],"floor_reached":27,"language":"ENG","playtime":2401,"items_purged":["champ:Defend"],"score":248,"play_id":"a29193ea-2a8a-44fa-99b9-6ea799289ef4","local_time":"20210208201444","is_ascension_mode":false,"campfire_choices":[{"data":"champ:Taunt","floor":1,"key":"SMITH"},{"floor":11,"key":"REST"},{"data":"champ:Haymaker","floor":13,"key":"SMITH"},{"data":"champ:FanOfKnives","floor":18,"key":"SMITH"}],"circlet_count":0,"master_deck":["champ:Defend","champ:Defend+1","champ:Execute","champ:Taunt+1","champ:PreciseThrust","downfall:Icky","downfall:Icky","downfall:Icky","champ:Haymaker+1","champ:GladiatorStyle","champ:TornadoPunch","champ:Backstep","champ:Encircle","champ:Endure","champ:FanOfKnives+1","champ:StanceDance","champ:AdrenalArmor","champ:DeathBlow","champ:BerserkersShout","Slimebound:Tackle+1","Slimebound:Tackle+1","Slimebound:Tackle+1","champ:HeartStrike"],"relics":["champ:ChampionCrown","Omamori","InkBottle","Lee\u0027s Waffle","Blood Vial","MealTicket","Tiny House","Ornamental Fan"],"acts_visited":["Exordium","TheCity"],"potions_floor_usage":[16,16,25,25,25,27],"damage_taken":[{"damage":10,"enemies":"2 Louse","floor":2,"turns":2},{"damage":10,"enemies":"Cultist","floor":5,"turns":3},{"damage":20,"enemies":"downfall:FleeingMerchant","floor":6,"turns":4},{"damage":25,"enemies":"Jaw Worm","floor":8,"turns":4},{"damage":38,"enemies":"Exordium Wildlife","floor":9,"turns":4},{"damage":20,"enemies":"2 Fungi Beasts","floor":10,"turns":5},{"damage":10,"enemies":"downfall:FleeingMerchant","floor":14,"turns":4},{"damage":17,"enemies":"3 Louse","floor":15,"turns":4},{"damage":81,"enemies":"IC_STATUS_ARCHETYPE","floor":16,"turns":11},{"damage":20,"enemies":"3 Byrds","floor":19,"turns":7},{"damage":17,"enemies":"downfall:FleeingMerchant","floor":20,"turns":4},{"damage":54,"enemies":"Spheric Guardian","floor":23,"turns":4},{"damage":66,"enemies":"Gremlin Leader","floor":25,"turns":6},{"damage":55,"enemies":"Snecko","floor":26,"turns":6},{"damage":14,"enemies":"Slavers","floor":27,"turns":2}],"seed_played":"2295441549829670185","potions_obtained":[{"floor":4,"key":"downfall:CursedFountainPotion"},{"floor":8,"key":"Dexterity Potion"},{"floor":15,"key":"DistilledChaos"},{"floor":17,"key":"FearPotion"},{"floor":23,"key":"EssenceOfSteel"},{"floor":26,"key":"champ:TechniquePotion"}],"is_trial":false,"path_per_floor":["R","M","?","?","M","$","T","M","M","M","R","T","R","$","M","B",null,"R","M","$","?","?","M","T","E","M","E"],"character_chosen":"THE_CHAMP","items_purchased":["champ:GladiatorStyle","Omamori","InkBottle","Lee\u0027s Waffle","champ:Endure","champ:BerserkersShout"],"campfire_rested":1,"item_purchase_floors":[6,6,6,6,14,20],"current_hp_per_floor":[99,99,99,99,99,106,106,91,65,47,78,78,78,95,80,21,111,111,106,104,104,104,87,87,48,10,0,0,0],"gold":160,"neow_bonus":"TEN_PERCENT_HP_BONUS","is_daily":false,"chose_seed":false,"campfire_upgraded":3,"win_rate":0.0,"timestamp":1612833284,"path_taken":["R","M","?","?","?","$","T","M","M","?","R","?","R","?","M","BOSS","R","M","$","?","?","M","T","E","M","E"],"items_purchased_type":["Card","Relic","Relic","Relic","Card","Card"],"build_version":"2020-12-22","purchased_purges":1,"victory":false,"max_hp_per_floor":[99,99,99,99,99,106,106,106,106,106,106,106,106,106,106,106,111,111,111,111,111,111,111,111,111,111,111,111,111],"card_choices":[{"not_picked":["champ:Haymaker","champ:BladeFlurry"],"picked":"champ:PreciseThrust","floor":2},{"not_picked":["champ:PreciseThrust","champ:PerfectedStrike"],"picked":"champ:Haymaker","floor":5},{"not_picked":["champ:FlashCut","champ:CrownThrow","champ:CalledShot"],"picked":"SKIP","floor":6},{"not_picked":["champ:SetATrap","champ:SkillfulDodge"],"picked":"champ:TornadoPunch","floor":8},{"not_picked":["champ:Improvising","champ:EnGarde"],"picked":"champ:Backstep","floor":9},{"not_picked":["champ:AdrenalArmor","champ:BringItOn"],"picked":"champ:Encircle","floor":10},{"not_picked":["champ:Haymaker","champ:FlashCut","champ:Backstep"],"picked":"SKIP","floor":14},{"not_picked":["champ:Circumvent","champ:GutPunch"],"picked":"champ:FanOfKnives","floor":15},{"not_picked":["champ:FlashCut","champ:GladiatorStyle"],"picked":"champ:StanceDance","floor":17},{"not_picked":["champ:RapidStrikes+1","champ:Shatter"],"picked":"champ:AdrenalArmor","floor":19},{"not_picked":["champ:FancyFootwork+1","champ:ShieldThrow"],"picked":"champ:DeathBlow","floor":20},{"not_picked":["champ:Haymaker","champ:PreciseThrust","champ:Circumvent+1"],"picked":"SKIP","floor":23},{"not_picked":["champ:AdrenalArmor","champ:GutPunch","champ:BladeFlurry"],"picked":"SKIP","floor":25},{"not_picked":["champ:BladeFlurry","champ:AdrenalArmor"],"picked":"champ:HeartStrike","floor":26}],"player_experience":167745,"relics_obtained":[{"floor":7,"key":"Blood Vial"},{"floor":12,"key":"MealTicket"},{"floor":25,"key":"Ornamental Fan"}],"event_choices":[],"is_beta":false,"boss_relics":[{"not_picked":["Sozu","Snecko Eye"],"picked":"Tiny House"}],"items_purged_floors":[20],"is_endless":false,"potions_floor_spawned":[8,15,23,26],"killed_by":"Slavers","ascension_level":0}}