{"host":"zxkjcgzis4pm3za5","time":1612843165,"event":{"mods":["AchievementEnabler","BaseMod","Colored Map","Colored Powertips","Minty Spire (QoL Compilation)","Quick Restart","RNG Fix","Random Character Button","Relic Sorter","Relic Stats","StSLib"],"gold_per_floor":[111,111,186,196,96,130,130,150,150,170,170,201,201,217,217,217,217],"floor_reached":16,"language":"ENG","playtime":438,"items_purged":["Defend_P"],"score":308,"play_id":"2778b34d-5d1d-4b66-b491-68e9708432ea","local_time":"20210209092925","is_ascension_mode":true,"campfire_choices":[{"data":"Eruption","floor":7,"key":"SMITH"},{"data":"LikeWater","floor":11,"key":"SMITH"},{"data":"TalkToTheHand","floor":15,"key":"SMITH"}],"circlet_count":0,"master_deck":["AscendersBane","Strike_P","Strike_P+1","Strike_P","Strike_P","Defend_P","Defend_P","Defend_P+1","Eruption+1","Vigilance","JustLucky+1","SashWhip","BowlingBash","Tantrum","LikeWater+1","Meditate","LessonLearned","TalkToTheHand+1"],"relics":["PureWater","NeowsBlessing","Ornamental Fan","Odd Mushroom","InkBottle","Toxic Egg 2"],"acts_visited":["Exordium"],"potions_floor_usage":[8,14],"damage_taken":[{"damage":0,"enemies":"Small Slimes","floor":1,"turns":1},{"damage":0,"enemies":"Cultist","floor":4,"turns":1},{"damage":0,"enemies":"Lagavulin","floor":6,"turns":1},{"damage":1,"enemies":"The Mushroom Lair","floor":8,"turns":3},{"damage":0,"enemies":"Jaw Worm","floor":10,"turns":1},{"damage":0,"enemies":"3 Sentries","floor":12,"turns":4},{"damage":14,"enemies":"Exordium Thugs","floor":14,"turns":4},{"damage":17,"enemies":"Hexaghost","floor":16,"turns":10}],"seed_played":"-6562805182682952480","potions_obtained":[{"floor":1,"key":"Block Potion"},{"floor":6,"key":"BottledMiracle"},{"floor":8,"key":"BlessingOfTheForge"}],"is_trial":false,"path_per_floor":["M","?","?","M","$","E","R","?","T","M","R","E","?","M","R","B"],"character_chosen":"WATCHER","items_purchased":["BowlingBash"],"campfire_rested":0,"item_purchase_floors":[5],"current_hp_per_floor":[61,41,30,30,30,30,30,29,29,29,29,29,29,15,15,0,0],"gold":217,"neow_bonus":"THREE_ENEMY_KILL","is_daily":false,"chose_seed":false,"campfire_upgraded":3,"win_rate":0.0,"timestamp":1612843165,"path_taken":["M","?","?","M","$","E","R","?","T","M","R","E","?","M","R","BOSS"],"items_purchased_type":["Card"],"build_version":"2020-12-22","purchased_purges":1,"victory":false,"max_hp_per_floor":[68,68,68,68,68,68,68,68,68,68,68,68,68,68,68,68,68],"relic_stats":{"counters":[8,25],"Ornamental Fan":[32],"obtain_stats":[{"NeowsBlessing":0,"Ornamental Fan":6,"PureWater":0,"Odd Mushroom":8,"Toxic Egg 2":12,"InkBottle":9},{"NeowsBlessing":0,"Ornamental Fan":3,"PureWater":0,"Odd Mushroom":4,"Toxic Egg 2":6,"InkBottle":4},{"NeowsBlessing":0,"Ornamental Fan":3,"PureWater":0,"Odd Mushroom":6,"Toxic Egg 2":11,"InkBottle":6}],"InkBottle":[6]},"card_choices":[{"not_picked":["Halt","Crescendo"],"picked":"JustLucky","floor":1},{"not_picked":["Perseverance","EmptyBody"],"picked":"SashWhip","floor":4},{"not_picked":["Pray","Crescendo"],"picked":"Tantrum","floor":6},{"not_picked":["FlyingSleeves","EmptyBody"],"picked":"LikeWater","floor":8},{"not_picked":["Adaptation","BattleHymn"],"picked":"Meditate","floor":10},{"not_picked":["BowlingBash","EmptyFist"],"picked":"LessonLearned","floor":12},{"not_picked":["BowlingBash","Study"],"picked":"TalkToTheHand","floor":14}],"player_experience":338828,"relics_obtained":[{"floor":6,"key":"Ornamental Fan"},{"floor":8,"key":"Odd Mushroom"},{"floor":9,"key":"InkBottle"},{"floor":12,"key":"Toxic Egg 2"}],"event_choices":[{"damage_healed":0,"gold_gain":0,"player_choice":"Entered Light","damage_taken":20,"max_hp_gain":0,"max_hp_loss":0,"event_name":"Shining Light","floor":2,"gold_loss":0,"cards_upgraded":["JustLucky","Strike_P"]},{"damage_healed":0,"gold_gain":75,"player_choice":"Gather Gold","damage_taken":11,"max_hp_gain":0,"max_hp_loss":0,"event_name":"World of Goop","floor":3,"gold_loss":0},{"damage_healed":0,"gold_gain":0,"player_choice":"Fought Mushrooms","damage_taken":0,"max_hp_gain":0,"max_hp_loss":0,"event_name":"Mushrooms","floor":8,"gold_loss":0},{"damage_healed":0,"gold_gain":0,"player_choice":"Ignored","damage_taken":0,"max_hp_gain":0,"max_hp_loss":0,"event_name":"Liars Game","floor":13,"gold_loss":0}],"is_beta":false,"boss_relics":[],"items_purged_floors":[5],"is_endless":false,"potions_floor_spawned":[1,6,8,12],"killed_by":"Hexaghost","ascension_level":19}}