{"host":"avq773cl9g5msfol","time":1612892952,"event":{"mods":["100% Spire Juice","AchievementEnabler","Act Like it!","Ascension Unlocker","Aspiration","Astrologer","Bard","Bartender","BaseMod","Better Altar","Better Third Choice","BetterRewards","CapriCore","ChefMod","Colored Map","Colored Powertips","Conspire","Dio Mod","Downfall","Elementarium","Energized Spire","Gensokyo","GifTheSpireLib","Hallownest","Hermit","Highlight Path","Hubris","Humility","Infinite Spire","Jorbs\u0027s Wanderer Trilogy","Koishi","Magitek Elite","Marisa????????","Marked Mod","Menagerie","Minty Spire (QoL Compilation)","Pale of the Ancients","Potionbrewer","Quarter Circle Forward PUNCH!","Rare Cards Sparkle","Reimu??????","Relic Stats","Reliquary","Remilia??????","Replay The Spire","Robot Space Explorer","SacredBarkPlus","Shade Mod","Somnambulant","Spicy Shops","Spire Arcade","StSLib","The Administrix","The Animator","The Blue Laboratory","The Bug Knight","The Construct","The Cursed","The Disciple","The Dragon Tamer","The Exalted","The Hayseed","The Hierophant","The Hydrologist","The Immortal","The Marked","The Mystic","The Problem Sleuth","The Runesmith","The Senshi","The Vixen","The Wild Card","TheFirefly","Wandering Minibosses","Wide Potions","vexMod"],"gold_per_floor":[50112,50142,50142,50142,50171,1171,1201,1219,1299,1299,820,840,840,872,872,945,945,965,965,965,965,981,1016,1016,1049,1099,1134,1134,1149,1149,1149,1149,1226,1226,1246,1246,1259,1259,1259,1259,1290,1290,1290,1318,1318,657,690,690,690,690,690],"floor_reached":52,"language":"ENG","playtime":3866,"items_purged":["theSleuth:Joust+1"],"score":2111,"play_id":"924fb5fd-d8fa-483d-bc92-3ebefcbe48a9","local_time":"20210210004912","is_ascension_mode":true,"campfire_choices":[{"data":"theSleuth:FoolPlate","floor":6.0,"key":"SMITH"},{"data":"theSleuth:TakeInventory","floor":10.0,"key":"SMITH"},{"data":"infinitespire:SevenWalls","floor":13.0,"key":"SMITH"},{"data":"Injury","floor":15.0,"key":"PURGE"},{"data":"RitualDagger","floor":24.0,"key":"SMITH"},{"data":"theSleuth:Embarrass","floor":32.0,"key":"SMITH"},{"data":"infinitespire:DeathsTouch","floor":40,"key":"SMITH"},{"data":"theSleuth:KeyringTommygun","floor":42,"key":"SMITH"},{"data":"theSleuth:Diplomacy","floor":45,"key":"SMITH"},{"floor":49,"key":"REST"}],"circlet_count":0,"master_deck":["AscendersBane","theSleuth:KeyHandgun+1","theSleuth:TakeInventory+1","theSleuth:Diplomacy+1","theSleuth:Tootshotgun+1","theSleuth:Taze+1","theSleuth:WeighIn+1","theSleuth:RollBoxcars+1","theSleuth:Parry+1","theSleuth:Fortify+1","theSleuth:VictoryPose+1","theSleuth:WilsonBust+1","theSleuth:CandidBullets+1","theSleuth:LeverageHeight+1","theSleuth:HairpinMachinegun+1","Deep Breath+1","theSleuth:ForceDeck+1","Finesse+1","theSleuth:FairShake+1","theSleuth:Ignore+1","theSleuth:KingpinBust+1","theSleuth:FudgeDeck+1","theSleuth:FoolPlate+1","infinitespire:SevenWalls+1","theSleuth:KeyringTommygun+1","theSleuth:MobRule+1","theSleuth:CandyCornVampire+1","theSleuth:Fortify+1","theSleuth:Ignore+1","theSleuth:WizardSudoku+1","theSleuth:Embarrass+1","RitualDagger+1","AbeCurse","theSleuth:GummyWormZombie+1","theSleuth:PezUzi+1","infinitespire:DeathsTouch+1","theSleuth:HairpinMachinegun+1","Swift Strike+1","theSleuth:HairpinMachinegun+1","theSleuth:CharismaBlast+1"],"relics":["theSleuth:Typewriter","Golden Egg","Quantum Egg","Membership Card","OrangePellets","Durian","Incense Burner","Lee\u0027s Waffle","infinitespire:EmpoweringShard","ReplayTheSpireMod:TigerMarble","conspire:GlowingRock","Juzu Bracelet","Iron Hammer","Gremlin Food","Tiny Chest","Astrolabe","hubris:Metronome","MealTicket","Runesmith:AutoHammer","hubris:Towel","hubris:Backtick","Koishi:LettersToReimu","ScarletDevilRocket","vexMod:TanglingVine","Bronze Scales","Peace Pipe","hubris:Teleporter","HornCleat","Kunai","hubris:EmptyBottle","Guide Book","sneckomod:BlankCard","infinitespire:EvilPickle"],"acts_visited":["Gensokyo:Gensokyo","TheCity","TheBeyond"],"potions_floor_usage":[33,33,48,51],"damage_taken":[{"damage":0.0,"enemies":"Gensokyo:Gryphon","floor":1.0,"turns":7.0},{"damage":0.0,"enemies":"conspire:MimicChest","floor":2.0,"turns":5.0},{"damage":0.0,"enemies":"Gensokyo:Aya","floor":5.0,"turns":3.0},{"damage":0.0,"enemies":"Gensokyo:Mamizou","floor":7.0,"turns":5.0},{"damage":0.0,"enemies":"Gensokyo:3_Fairies","floor":8.0,"turns":3.0},{"damage":0.0,"enemies":"Gensokyo:2_Kodama","floor":12.0,"turns":4.0},{"damage":0.0,"enemies":"Gensokyo:Cirno","floor":14.0,"turns":6.0},{"damage":0.0,"enemies":"Gensokyo:Reimu","floor":16.0,"turns":9.0},{"damage":4.0,"enemies":"Spheric Guardian","floor":18.0,"turns":5.0},{"damage":0.0,"enemies":"Shell Parasite","floor":22.0,"turns":3.0},{"damage":0.0,"enemies":"HollowMod:Nosk","floor":23.0,"turns":7.0},{"damage":0.0,"enemies":"Gremlin Leader","floor":25.0,"turns":2.0},{"damage":0.0,"enemies":"HollowMod:Nosk","floor":27.0,"turns":9.0},{"damage":0.0,"enemies":"Centurion and Healer","floor":29.0,"turns":2.0},{"damage":0,"enemies":"Pondfish","floor":33,"turns":12},{"damage":0,"enemies":"Orb Walker","floor":35,"turns":3},{"damage":0,"enemies":"3 Shapes","floor":37,"turns":2},{"damage":0,"enemies":"Giant Head","floor":41,"turns":7},{"damage":3,"enemies":"Reptomancer","floor":44,"turns":3},{"damage":19,"enemies":"Nemesis","floor":47,"turns":5},{"damage":43,"enemies":"Sphere and 2 Shapes","floor":48,"turns":8},{"damage":0,"enemies":"Replay:Hell Engine","floor":50,"turns":10},{"damage":2,"enemies":"Time Eater","floor":51,"turns":10}],"seed_played":"-1675479553250257040","potions_obtained":[{"floor":18.0,"key":"Adrenaline Potion"},{"floor":25.0,"key":"potionbrewer:AcidPotion"}],"is_trial":false,"path_per_floor":["M","?","?","?","?","R","E","M","T","R","?","M","R","E","R_BF","B",null,"M","?","?","?","M","E","R","E","T","E","?","M","?","?","R","B",null,"M","?","M","?","AVR","R","E","R","T","E","R","$","E","M","R","B","B",null],"character_chosen":"THE_sleuth","items_purchased":["Membership Card","theSleuth:Parry","theSleuth:Fortify","theSleuth:VictoryPose","theSleuth:WilsonBust","theSleuth:ThrowHat","theSleuth:CandidBullets","theSleuth:LeverageHeight","theSleuth:HairpinMachinegun","OrangePellets","Durian","Incense Burner","Lee\u0027s Waffle","infinitespire:EmpoweringShard","ReplayTheSpireMod:TigerMarble","conspire:GlowingRock","Juzu Bracelet","Deep Breath","theSleuth:ForceDeck","Finesse","theSleuth:FairShake","theSleuth:Ignore","theSleuth:KingpinBust","theSleuth:Depotion","infinitespire:BlackPotion","theSleuth:FudgeDeck","HornCleat","Kunai","FairyPotion","Elixir","theSleuth:HairpinMachinegun","Swift Strike","hubris:EmptyBottle","Guide Book"],"campfire_rested":1,"item_purchase_floors":[0,0,0,0,0,0,0,0,0,0,0,0,0,0,0,0,0,0,0,0,0,0,0,0,0,0,46,46,46,46,46,46,46,46],"current_hp_per_floor":[85,85,85,85,85,85,85,85,85,85,85,85,85,87,87,87,87,83,83,77,77,77,77,77,77,77,77,77,77,77,77,77,77,85,85,85,85,85,85,85,85,85,85,84,84,89,70,27,53,53,51],"gold":690,"neow_bonus":"","is_daily":false,"chose_seed":false,"campfire_upgraded":8,"win_rate":0.0,"timestamp":1612892952,"path_taken":["M","?","?","?","?","R","E","M","T","R","?","M","R","E","R_BF","BOSS","M","?","?","?","M","E","R","E","T","E","?","M","?","?","R","BOSS","M","?","M","?","AVR","R","E","R","T","E","R","$","E","M","R","BOSS","BOSS"],"items_purchased_type":["Relic","Card","Card","Card","Card","Card","Card","Card","Card","Relic","Relic","Relic","Relic","Relic","Relic","Relic","Relic","Card","Card","Card","Card","Card","Card","Potion","Potion","Card","Relic","Relic","Potion","Potion","Card","Card","Relic","Relic"],"build_version":"2020-12-22","purchased_purges":1,"victory":true,"max_hp_per_floor":[85,85,85,85,85,85,85,85,85,85,85,85,85,87,87,87,87,87,87,87,87,87,87,87,87,87,87,87,87,87,87,87,87,87,87,87,87,87,87,87,87,87,87,89,89,89,89,89,89,89,89],"relic_stats":{"Peace Pipe":1,"OrangePellets":[28],"Lee\u0027s Waffle":21,"counters":[151,510],"Astrolabe":["theSleuth:Fortify","theSleuth:Ignore","theSleuth:WizardSudoku"],"Bronze Scales":[106],"Tiny Chest":0,"MealTicket":5,"Juzu Bracelet":0,"Kunai":[23],"obtain_stats":[{"Golden Egg":0,"ScarletDevilRocket":35,"Bromod:ArcaneNullifier":46,"Hallownest:UnbreakableCardRelic":21,"Gensokyo:UndefinedDarkness":27,"downfall:HeartBlessingGreen":18,"Whetstone":44,"Ginger":12,"wanderingMiniBosses:OtherGremlinHorn":19,"vexMod:TanglingVine":39,"hubris:MysteriousPyramids":28,"Blood Vial":12,"conspire:GlowingRock":5,"MealTicket":45,"Fusion Hammer":17,"Replay:Bottled Flurry":44,"HandDrill":53,"Kunai":25,"theMarked:DemonDagger":6,"Pear":46,"HollowMod:JonisBlessing":55,"hubris:SphereOfDissonance":0,"qcfpunch:Dark_Gi":17,"theSleuth:Typewriter":0,"infinitespire:Magic Flask":26,"Akabeko":22,"potionbrewer:Torch":0,"reliquary:Bookmark":44,"infinitespire:EvilPickle":48,"Elementarium:ElementariumTrophy":33,"dioMod:VampireBlood":0,"ReplayTheSpireMod:Ring of Collecting":5,"Snecko Eye":36,"Tintinnabulum":44,"Pandora\u0027s Box":0,"conspire:BottledYoYo":13,"energizedSpire:MagnifyingGlass":34,"Unceasing Top":27,"Elementarium:HuntersElixir":19,"vexMod:PlasmaPancake":0,"qcfpunch:Spiky_Bracers":0,"Lantern":28,"aspiration:Lifesprig":21,"hubris:Metronome":25,"sneckomod:BlankCard":47,"Bromod:ArcanePistoleer":41,"wanderingMiniBosses:AbyssPearl":20,"Mythril_Glove":53,"hubris:EmptyBottle":0,"White_Cape":39,"Power_Wrist":6,"Gensokyo:PortableGap":1,"Pet Ghost":6,"Silver_Glasses":19,"Replay:Rubber Ducky":0,"Ring of Fangs":26,"hubris:Backtick":34,"Ring of Peace":5,"WingedGreaves":24,"hubris:CuriousFeather":0,"Ring of Panic":9,"hubris:GlazedTorus":0,"Lee\u0027s Waffle":0,"Runesmith:Nanobots":13,"downfall:HeartBlessingRed":18,"qcfpunch:Black_Training_Shirt":10,"DemoMod:PartiallyEatenCheese":10,"Thread and Needle":14,"The Courier":8,"Protect_Vest":55,"hubris:Towel":12,"Replay:Arrowhead":41,"Bromod:ArcaneMomentum":10,"theMarked:ArtifactOfAir":0,"potionbrewer:BoosterPack":43,"MokouMod:PhoenixFeather":0,"Turnip":0,"Durian":0,"Bottled Lightning":49,"Runesmith:AutoHammer":27,"theMarked:Winder":0,"hexamod:BolsterEngine":0,"Ice Cream":0,"Bromod:ArcaneUltimatum":0,"DemoMod:GreenGuonStone":26,"Calipers":0,"hubris:CrystalStatue":43,"potionbrewer:AlchemistFlask":0,"DemoMod:GlassGuonStoneRelic":1,"Centennial Puzzle":26,"HornCleat":30,"aspiration:MobileForge":17,"DemoMod:MonsterBlood":40,"qcfpunch:Red_Gi":38,"Philosopher\u0027s Stone":48,"Iron Hammer":2,"qcfpunch:Handcuffs":0,"hubris:Teleporter":44,"Dead Branch":10,"Astrolabe":17,"Oddly Smooth Stone":0,"wanderingMiniBosses:MasterThiefsPresence":22,"conspire:Boomerang":9,"Du-Vu Doll":0,"OrangePellets":0,"conspire:GiftBox":53,"ReplayTheSpireMod:Shallot":26,"energizedSpire:NeverEndingSparkler":34,"Bronze Scales":46,"ReplayTheSpireMod:TigerMarble":43,"infinitespire:EmpoweringShard":13,"Black Star":21,"theSenshi:SuperSailorFukuRelic":0,"Snecko Heart":34,"Juzu Bracelet":0,"Hallownest:DreamNailRelic":4,"hubris:SlimyHat":30,"Incense Burner":30,"ClockworkSouvenir":0,"DemoMod:SevenLeafClover":0,"Frozen Eye":30,"Replay:Bandana":8,"downfall:HeartBlessingBlue":18,"Bromod:ArcaneTempo":56,"Genji_Glove":0,"Tiny Chest":7,"qcfpunch:Wrestler\u0027s_Cloak":0,"TheVixenMod:UmbreonRelic":39,"Hallownest:BeastSealRelic":37,"Koishi:LettersToReimu":34,"Gremlin Food":4,"ReplayTheSpireMod:Ninjato":0,"Quantum Egg":0,"Guide Book":46,"aspiration:SecretTechniqueScroll":17,"vexMod:FocusSash":19,"Gensokyo:ConquerorOfFear":28,"Orichalcum":8,"qcfpunch:White_Boots":44,"Peace Pipe":25,"Anchor":24,"Golden_Hairpin":34,"infinitespire:WardingShard":0,"vexMod:HeadHunter":0,"infinitespire:Satchel":44,"Ring of Fury":43,"Gem_Box":24,"Membership Card":0,"potionbrewer:Keyblade":0,"DemoMod:Bottle":28,"FossilizedHelix":0,"TungstenRod":0,"RuthlessExorcism:ReiMu":11},{"Golden Egg":0,"ScarletDevilRocket":144,"Bromod:ArcaneNullifier":23,"Hallownest:UnbreakableCardRelic":9,"Gensokyo:UndefinedDarkness":85,"downfall:HeartBlessingGreen":106,"Whetstone":22,"Ginger":78,"wanderingMiniBosses:OtherGremlinHorn":81,"vexMod:TanglingVine":145,"hubris:MysteriousPyramids":65,"Blood Vial":5,"conspire:GlowingRock":1,"MealTicket":22,"Fusion Hammer":79,"Replay:Bottled Flurry":91,"HandDrill":126,"Kunai":110,"theMarked:DemonDagger":76,"Pear":71,"HollowMod:JonisBlessing":27,"hubris:SphereOfDissonance":95,"qcfpunch:Dark_Gi":106,"theSleuth:Typewriter":128,"infinitespire:Magic Flask":111,"Akabeko":83,"potionbrewer:Torch":0,"reliquary:Bookmark":120,"infinitespire:EvilPickle":149,"Elementarium:ElementariumTrophy":66,"dioMod:VampireBlood":95,"ReplayTheSpireMod:Ring of Collecting":75,"Snecko Eye":18,"Tintinnabulum":49,"Pandora\u0027s Box":0,"conspire:BottledYoYo":35,"energizedSpire:MagnifyingGlass":88,"Unceasing Top":12,"Elementarium:HuntersElixir":61,"vexMod:PlasmaPancake":29,"qcfpunch:Spiky_Bracers":29,"Lantern":12,"aspiration:Lifesprig":61,"hubris:Metronome":140,"sneckomod:BlankCard":148,"Bromod:ArcanePistoleer":118,"wanderingMiniBosses:AbyssPearl":9,"Mythril_Glove":126,"hubris:EmptyBottle":0,"White_Cape":20,"Power_Wrist":55,"Gensokyo:PortableGap":95,"Pet Ghost":32,"Silver_Glasses":8,"Replay:Rubber Ducky":73,"Ring of Fangs":85,"hubris:Backtick":143,"Ring of Peace":75,"WingedGreaves":10,"hubris:CuriousFeather":95,"Ring of Panic":76,"hubris:GlazedTorus":0,"Lee\u0027s Waffle":52,"Runesmith:Nanobots":103,"downfall:HeartBlessingRed":106,"qcfpunch:Black_Training_Shirt":57,"DemoMod:PartiallyEatenCheese":4,"Thread and Needle":59,"The Courier":34,"Protect_Vest":27,"hubris:Towel":58,"Replay:Arrowhead":47,"Bromod:ArcaneMomentum":77,"theMarked:ArtifactOfAir":52,"potionbrewer:BoosterPack":21,"MokouMod:PhoenixFeather":0,"Turnip":52,"Durian":128,"Bottled Lightning":25,"Runesmith:AutoHammer":141,"theMarked:Winder":52,"hexamod:BolsterEngine":95,"Ice Cream":29,"Bromod:ArcaneUltimatum":29,"DemoMod:GreenGuonStone":63,"Calipers":52,"hubris:CrystalStatue":70,"potionbrewer:AlchemistFlask":52,"DemoMod:GlassGuonStoneRelic":1,"Centennial Puzzle":63,"HornCleat":14,"aspiration:MobileForge":60,"DemoMod:MonsterBlood":69,"qcfpunch:Red_Gi":89,"Philosopher\u0027s Stone":50,"Iron Hammer":130,"qcfpunch:Handcuffs":0,"hubris:Teleporter":147,"Dead Branch":34,"Astrolabe":136,"Oddly Smooth Stone":95,"wanderingMiniBosses:MasterThiefsPresence":108,"conspire:Boomerang":56,"Du-Vu Doll":0,"OrangePellets":0,"conspire:GiftBox":126,"ReplayTheSpireMod:Shallot":41,"energizedSpire:NeverEndingSparkler":116,"Bronze Scales":49,"ReplayTheSpireMod:TigerMarble":48,"infinitespire:EmpoweringShard":59,"Black Star":61,"theSenshi:SuperSailorFukuRelic":73,"Snecko Heart":44,"Juzu Bracelet":29,"Hallownest:DreamNailRelic":31,"hubris:SlimyHat":43,"Incense Burner":87,"ClockworkSouvenir":29,"DemoMod:SevenLeafClover":52,"Frozen Eye":86,"Replay:Bandana":3,"downfall:HeartBlessingBlue":106,"Bromod:ArcaneTempo":28,"Genji_Glove":0,"Tiny Chest":132,"qcfpunch:Wrestler\u0027s_Cloak":52,"TheVixenMod:UmbreonRelic":45,"Hallownest:BeastSealRelic":45,"Koishi:LettersToReimu":143,"Gremlin Food":130,"ReplayTheSpireMod:Ninjato":73,"Quantum Egg":29,"Guide Book":147,"aspiration:SecretTechniqueScroll":37,"vexMod:FocusSash":39,"Gensokyo:ConquerorOfFear":86,"Orichalcum":56,"qcfpunch:White_Boots":120,"Peace Pipe":11,"Anchor":41,"Golden_Hairpin":66,"infinitespire:WardingShard":29,"vexMod:HeadHunter":0,"infinitespire:Satchel":120,"Ring of Fury":90,"Gem_Box":62,"Membership Card":73,"potionbrewer:Keyblade":0,"DemoMod:Bottle":86,"FossilizedHelix":0,"TungstenRod":73,"RuthlessExorcism:ReiMu":4},{"Golden Egg":0,"ScarletDevilRocket":465,"Bromod:ArcaneNullifier":61,"Hallownest:UnbreakableCardRelic":22,"Gensokyo:UndefinedDarkness":275,"downfall:HeartBlessingGreen":332,"Whetstone":58,"Ginger":245,"wanderingMiniBosses:OtherGremlinHorn":260,"vexMod:TanglingVine":467,"hubris:MysteriousPyramids":209,"Blood Vial":14,"conspire:GlowingRock":2,"MealTicket":58,"Fusion Hammer":252,"Replay:Bottled Flurry":294,"HandDrill":373,"Kunai":341,"theMarked:DemonDagger":239,"Pear":223,"HollowMod:JonisBlessing":79,"hubris:SphereOfDissonance":307,"qcfpunch:Dark_Gi":332,"theSleuth:Typewriter":380,"infinitespire:Magic Flask":344,"Akabeko":266,"potionbrewer:Torch":0,"reliquary:Bookmark":361,"infinitespire:EvilPickle":490,"Elementarium:ElementariumTrophy":213,"dioMod:VampireBlood":307,"ReplayTheSpireMod:Ring of Collecting":235,"Snecko Eye":50,"Tintinnabulum":165,"Pandora\u0027s Box":0,"conspire:BottledYoYo":105,"energizedSpire:MagnifyingGlass":289,"Unceasing Top":34,"Elementarium:HuntersElixir":204,"vexMod:PlasmaPancake":91,"qcfpunch:Spiky_Bracers":91,"Lantern":34,"aspiration:Lifesprig":204,"hubris:Metronome":439,"sneckomod:BlankCard":482,"Bromod:ArcanePistoleer":359,"wanderingMiniBosses:AbyssPearl":22,"Mythril_Glove":373,"hubris:EmptyBottle":0,"White_Cape":54,"Power_Wrist":183,"Gensokyo:PortableGap":307,"Pet Ghost":99,"Silver_Glasses":18,"Replay:Rubber Ducky":230,"Ring of Fangs":275,"hubris:Backtick":462,"Ring of Peace":235,"WingedGreaves":24,"hubris:CuriousFeather":307,"Ring of Panic":239,"hubris:GlazedTorus":0,"Lee\u0027s Waffle":177,"Runesmith:Nanobots":328,"downfall:HeartBlessingRed":332,"qcfpunch:Black_Training_Shirt":190,"DemoMod:PartiallyEatenCheese":12,"Thread and Needle":197,"The Courier":102,"Protect_Vest":79,"hubris:Towel":192,"Replay:Arrowhead":161,"Bromod:ArcaneMomentum":243,"theMarked:ArtifactOfAir":177,"potionbrewer:BoosterPack":56,"MokouMod:PhoenixFeather":0,"Turnip":177,"Durian":380,"Bottled Lightning":69,"Runesmith:AutoHammer":448,"theMarked:Winder":177,"hexamod:BolsterEngine":307,"Ice Cream":91,"Bromod:ArcaneUltimatum":91,"DemoMod:GreenGuonStone":206,"Calipers":177,"hubris:CrystalStatue":222,"potionbrewer:AlchemistFlask":177,"DemoMod:GlassGuonStoneRelic":2,"Centennial Puzzle":206,"HornCleat":39,"aspiration:MobileForge":202,"DemoMod:MonsterBlood":220,"qcfpunch:Red_Gi":291,"Philosopher\u0027s Stone":168,"Iron Hammer":392,"qcfpunch:Handcuffs":0,"hubris:Teleporter":477,"Dead Branch":102,"Astrolabe":422,"Oddly Smooth Stone":307,"wanderingMiniBosses:MasterThiefsPresence":337,"conspire:Boomerang":187,"Du-Vu Doll":0,"OrangePellets":0,"conspire:GiftBox":373,"ReplayTheSpireMod:Shallot":135,"energizedSpire:NeverEndingSparkler":354,"Bronze Scales":165,"ReplayTheSpireMod:TigerMarble":162,"infinitespire:EmpoweringShard":197,"Black Star":204,"theSenshi:SuperSailorFukuRelic":230,"Snecko Heart":150,"Juzu Bracelet":91,"Hallownest:DreamNailRelic":95,"hubris:SlimyHat":145,"Incense Burner":281,"ClockworkSouvenir":91,"DemoMod:SevenLeafClover":177,"Frozen Eye":278,"Replay:Bandana":8,"downfall:HeartBlessingBlue":332,"Bromod:ArcaneTempo":84,"Genji_Glove":0,"Tiny Chest":400,"qcfpunch:Wrestler\u0027s_Cloak":177,"TheVixenMod:UmbreonRelic":153,"Hallownest:BeastSealRelic":153,"Koishi:LettersToReimu":462,"Gremlin Food":392,"ReplayTheSpireMod:Ninjato":230,"Quantum Egg":91,"Guide Book":477,"aspiration:SecretTechniqueScroll":113,"vexMod:FocusSash":124,"Gensokyo:ConquerorOfFear":278,"Orichalcum":187,"qcfpunch:White_Boots":361,"Peace Pipe":27,"Anchor":135,"Golden_Hairpin":213,"infinitespire:WardingShard":91,"vexMod:HeadHunter":0,"infinitespire:Satchel":361,"Ring of Fury":292,"Gem_Box":205,"Membership Card":230,"potionbrewer:Keyblade":0,"DemoMod:Bottle":278,"FossilizedHelix":0,"TungstenRod":230,"RuthlessExorcism:ReiMu":12}]},"card_choices":[{"not_picked":["theSleuth:Ignore","theSleuth:BenStillerBust","theSleuth:Ogle"],"picked":"SKIP","floor":1.0},{"not_picked":["theSleuth:Distill","theSleuth:Pepperminthryl"],"picked":"theSleuth:FoolPlate","floor":5.0},{"not_picked":["theSleuth:CandyLeather","theSleuth:ClubClubClub","theSleuth:RetainReturn"],"picked":"SKIP","floor":7.0},{"not_picked":["theSleuth:BenStillerBust","theSleuth:Ignore","theSleuth:CandyCorn"],"picked":"SKIP","floor":8.0},{"not_picked":["infinitespire:Gouge","infinitespire:SealOfDarkness+"],"picked":"infinitespire:SevenWalls","floor":11.0},{"not_picked":["theSleuth:Treaty","theSleuth:ThinkAhead"],"picked":"theSleuth:KeyringTommygun","floor":12.0},{"not_picked":["theSleuth:Unscale","theSleuth:BenStillerBust"],"picked":"theSleuth:MobRule","floor":14.0},{"not_picked":["theSleuth:Diabeatdown","theSleuth:Conjure"],"picked":"theSleuth:CandyCornVampire","floor":16.0},{"not_picked":["theSleuth:BenStillerBust","theSleuth:ClubClubClub"],"picked":"theSleuth:Embarrass","floor":18.0},{"not_picked":["theSleuth:CharismaBlast","theSleuth:Tootshotgun","theSleuth:KeyringTommygun"],"picked":"SKIP","floor":22.0},{"not_picked":["theSleuth:WeighIn","theSleuth:FlaskOfWhiskey","theSleuth:CandyLeather"],"picked":"SKIP","floor":23.0},{"not_picked":["theSleuth:Ogle","theSleuth:CharismaBlast","theSleuth:UnDeEscalate"],"picked":"SKIP","floor":25.0},{"not_picked":["theSleuth:VictoryPose","theSleuth:RetainReturn+1","theSleuth:Embarrass"],"picked":"SKIP","floor":27.0},{"not_picked":["theSleuth:Ignore","theSleuth:Ogle","theSleuth:Appropriate"],"picked":"SKIP","floor":29.0},{"not_picked":["theSleuth:CandyMech","theSleuth:Supermassive"],"picked":"theSleuth:GummyWormZombie","floor":33},{"not_picked":["theSleuth:Taze","theSleuth:Ignore"],"picked":"theSleuth:PezUzi","floor":35},{"not_picked":["theSleuth:Fortify","theSleuth:PezUzi+1","theSleuth:WilsonBust"],"picked":"SKIP","floor":37},{"not_picked":["theSleuth:Taze","theSleuth:ThrowHat","theSleuth:Fortify"],"picked":"SKIP","floor":41},{"not_picked":["theSleuth:Appropriate+1","theSleuth:Ignore","theSleuth:WizardSudoku+1"],"picked":"SKIP","floor":44},{"not_picked":["theSleuth:RetainReturn+1","theSleuth:UnDeEscalate+1"],"picked":"theSleuth:HairpinMachinegun","floor":47},{"not_picked":["theSleuth:BellyOTheWhale","theSleuth:Ogle"],"picked":"theSleuth:CharismaBlast+1","floor":48}],"player_experience":1445940,"relics_obtained":[{"floor":2.0,"key":"Iron Hammer"},{"floor":7.0,"key":"Tiny Chest"},{"floor":25.0,"key":"hubris:Metronome"},{"floor":26.0,"key":"MealTicket"},{"floor":27.0,"key":"Runesmith:AutoHammer"},{"floor":41,"key":"Bronze Scales"},{"floor":43,"key":"Peace Pipe"},{"floor":44,"key":"hubris:Teleporter"},{"floor":47,"key":"sneckomod:BlankCard"}],"event_choices":[{"damage_healed":0.0,"max_hp_gain":0.0,"max_hp_loss":0.0,"gold_gain":0.0,"event_name":"Ghosts","player_choice":"Ignored","floor":19.0,"gold_loss":0.0,"damage_taken":0.0},{"damage_healed":0.0,"max_hp_gain":0.0,"max_hp_loss":0.0,"gold_gain":0.0,"event_name":"betterThird:BetterNest","player_choice":"Dagger","floor":20.0,"gold_loss":0.0,"damage_taken":6.0,"cards_obtained":["RitualDagger"]},{"damage_healed":0.0,"max_hp_gain":0.0,"max_hp_loss":0.0,"gold_gain":0.0,"event_name":"The Mausoleum","player_choice":"Ignored","floor":21.0,"gold_loss":0.0,"damage_taken":0.0},{"damage_healed":0.0,"max_hp_gain":0.0,"max_hp_loss":0.0,"gold_gain":0.0,"event_name":"Vampires","player_choice":"Ignored","floor":30.0,"gold_loss":0.0,"damage_taken":0.0}],"is_beta":false,"boss_relics":[{"not_picked":["aspiration:RunicSpoon","reliquary:KinkedSpring"],"picked":"Astrolabe"},{"not_picked":["Gem_Box","aspiration:DefectSkillbook"],"picked":"hubris:Backtick"}],"items_purged_floors":[0],"is_endless":false,"potions_floor_spawned":[1,2,7,18,23,25,29,35,44,48],"ascension_level":20,"is_humility":true}}