{"host":"k85tjwrh7mjrrc9a","time":1612913287,"event":{"mods":["AchievementEnabler","BaseMod","Colored Powertips","Highlight Path","Minty Spire (QoL Compilation)","Rare Cards Sparkle","StSLib"],"gold_per_floor":[112,112,74,88,106,106,120,120,143,158,158,158],"floor_reached":11,"language":"ENG","playtime":416,"items_purged":[],"score":124,"play_id":"49ce791f-fc08-4601-bd07-aeaeaf7e2028","local_time":"20210209182807","is_ascension_mode":true,"campfire_choices":[{"floor":6,"key":"REST"},{"data":"Armaments","floor":8,"key":"SMITH"}],"circlet_count":0,"master_deck":["AscendersBane","Strike_R","Strike_R","Strike_R","Strike_R","Strike_R","Defend_R+1","Defend_R","Defend_R+1","Defend_R","Bash","Mayhem","Twin Strike","Pommel Strike","Armaments+1","Heavy Blade","Flex"],"relics":["Burning Blood","Art of War","War Paint"],"acts_visited":["Exordium"],"potions_floor_usage":[10,11],"damage_taken":[{"damage":5,"enemies":"2 Louse","floor":1,"turns":4},{"damage":4,"enemies":"Jaw Worm","floor":4,"turns":4},{"damage":6,"enemies":"Cultist","floor":5,"turns":3},{"damage":19,"enemies":"Blue Slaver","floor":7,"turns":4},{"damage":16,"enemies":"Exordium Thugs","floor":10,"turns":5},{"damage":31,"enemies":"3 Sentries","floor":11,"turns":8}],"seed_played":"-6637388680051058643","potions_obtained":[{"floor":7,"key":"SteroidPotion"},{"floor":10,"key":"Fruit Juice"}],"is_trial":false,"path_per_floor":["M","?","?","M","M","R","M","R","T","M","E"],"character_chosen":"IRONCLAD","items_purchased":[],"campfire_rested":1,"item_purchase_floors":[],"current_hp_per_floor":[51,25,25,27,27,49,36,36,36,26,0,0],"gold":158,"neow_bonus":"RANDOM_COLORLESS_2","is_daily":false,"chose_seed":false,"campfire_upgraded":1,"win_rate":0.0,"timestamp":1612913287,"path_taken":["M","?","?","M","M","R","M","R","T","M","E"],"items_purchased_type":[],"build_version":"2020-12-22","purchased_purges":0,"victory":false,"max_hp_per_floor":[75,75,75,75,75,75,75,75,75,75,80,80],"card_choices":[{"not_picked":["Metamorphosis","Master of Strategy"],"picked":"Mayhem","floor":0},{"not_picked":["Feel No Pain","Seeing Red"],"picked":"Twin Strike","floor":1},{"not_picked":["Clash","Body Slam"],"picked":"Pommel Strike","floor":4},{"not_picked":["Cleave","Dark Embrace"],"picked":"Armaments","floor":5},{"not_picked":["Shrug It Off","Havoc"],"picked":"Heavy Blade","floor":7},{"not_picked":["Offering","Armaments"],"picked":"Flex","floor":10}],"player_experience":256459,"relics_obtained":[{"floor":9,"key":"War Paint"}],"event_choices":[{"damage_healed":0,"gold_gain":0,"player_choice":"Success","damage_taken":26,"relics_obtained":["Art of War"],"max_hp_gain":0,"max_hp_loss":0,"event_name":"Scrap Ooze","floor":2,"gold_loss":0},{"damage_healed":0,"gold_gain":0,"player_choice":"Left Gold","damage_taken":0,"max_hp_gain":0,"max_hp_loss":0,"event_name":"World of Goop","floor":3,"gold_loss":38}],"is_beta":false,"boss_relics":[],"items_purged_floors":[],"is_endless":false,"potions_floor_spawned":[7,10],"killed_by":"3 Sentries","ascension_level":18}}