{"host":"psytf3wd8ccrk52d","time":1612901198,"event":{"mods":["100% Spire Juice","2.2 Compatiblity","A Magickal Journey","Act Like it!","Arknights","Astrologer","Bartender","BaseMod","Beaked The Cultist","Bestiary","Better Note","Better Third Choice","BetterRewards","CapriCore","Challenge The Spire","Clockwork Mod","Colored Map","Colored Powertips","Conspire","Curses Come First","Dio Mod","Downfall","Ekko","Fiend Mod","Friendly Minions","FutureSeer","Halation","Hermit","Hubris","Infinite Spire","JesterMod","Marisa????????","Mimic Mod","Minty Spire (QoL Compilation)","Permanent Neow","Poor People Problems","Reliquary","Remilia??????","Replay The Spire","Robot Space Explorer","SOS???????","Shade Mod","Shop Mod","Somnambulant","Spicy Shops","Spikes Relics","Spire Arcade","StSLib","The Accelerator","The Alterego","The Blackbeard","The Bug Knight","The Clintock","The Cursed","The Death Knight","The Dragon Tamer","The Exalted","The Florist","The Forsaken","The Gatherer","The Hayseed","The Hierophant","The Immortal","The Judge","The Marked","The Mystic","The Necromancer","The Problem Sleuth","The Runesmith","The Sage","The Saiyan","The Senshi","The Spell Scribe","The Valiant","TheFirefly","TheVacant","Waifu the Spire","Wide Potions","Yohane!","Yuri Mod","thorton"],"gold_per_floor":[117,117,133,133,153,153,56,56,56,69,69,85,117,130,130,226,226,238,252,522,532,545,545,450,450,450,450],"floor_reached":26,"language":"ENG","playtime":1455,"items_purged":[],"score":199,"play_id":"66111399-483e-4fed-a25c-15addcd01e69","local_time":"20210209200638","is_ascension_mode":false,"campfire_choices":[{"data":"alterego_mod:Impale","floor":6,"key":"SMITH"},{"data":"alterego_mod:DiscoLights","floor":8,"key":"SMITH"},{"floor":15,"key":"REST"},{"data":"alterego_mod:AlterEgo","floor":23,"key":"SMITH"}],"circlet_count":0,"master_deck":["alterego_mod:Strike","alterego_mod:Strike","alterego_mod:Strike","alterego_mod:Strike","alterego_mod:Defend","alterego_mod:Defend","alterego_mod:Defend","alterego_mod:Defend","alterego_mod:Impale+1","alterego_mod:BigMeatyClaws+1","alterego_mod:BrynhildrsRune","alterego_mod:Bounce","alterego_mod:BiFurious","alterego_mod:Smother","alterego_mod:Bounce","alterego_mod:DiscoLights+1","alterego_mod:Valkyrie","alterego_mod:GoddessCore","alterego_mod:Maid","alterego_mod:Collar","alterego_mod:ChallengeComplete","alterego_mod:Cooking","alterego_mod:TrashNCrash","alterego_mod:ChallengeComplete","alterego_mod:Undulate","alterego_mod:AlterEgo+1","alterego_mod:Cooking+1","alterego_mod:AlterEgo+1","alterego_mod:Nekomimi+1","alterego_mod:Bounce","Decay"],"relics":["alterego_mod:MasochisticConstitution","theForsaken:PlagueMask","Spirit Poop","Huge Egg","halation:PromiseList","halation:SmartPhone","Quantum Egg"],"acts_visited":["Exordium","TheCity"],"potions_floor_usage":[5,13,22],"damage_taken":[{"damage":8,"enemies":"Cultist","floor":1,"turns":3},{"damage":10,"enemies":"Small Slimes","floor":3,"turns":3},{"damage":0,"enemies":"2 Louse","floor":5,"turns":1},{"damage":16,"enemies":"Exordium Thugs","floor":10,"turns":3},{"damage":13,"enemies":"Lots of Slimes","floor":12,"turns":5},{"damage":30,"enemies":"conspire:MimicChest","floor":13,"turns":8},{"damage":10,"enemies":"Looter","floor":14,"turns":2},{"damage":44,"enemies":"Slime Boss","floor":16,"turns":12},{"damage":18,"enemies":"Spheric Guardian","floor":18,"turns":6},{"damage":5,"enemies":"Chosen","floor":19,"turns":3},{"damage":2,"enemies":"Snecko","floor":21,"turns":5},{"damage":24,"enemies":"Snake Plant","floor":22,"turns":5}],"seed_played":"963300857215560029","potions_obtained":[{"floor":3,"key":"AttackPotion"},{"floor":5,"key":"Swift Potion"},{"floor":14,"key":"SpeedPotion"},{"floor":16,"key":"BlessingOfTheForge"},{"floor":19,"key":"LiquidMemories"},{"floor":22,"key":"Weak Potion"}],"is_trial":false,"path_per_floor":["M","?","M","?","M","R","$","R","T","M","?","M","?","M","R","B",null,"M","M","?","M","M","R","$","?","MIM"],"character_chosen":"The_Alterego","items_purchased":["alterego_mod:Bounce","alterego_mod:DiscoLights","Quantum Egg"],"campfire_rested":1,"item_purchase_floors":[7,7,24],"current_hp_per_floor":[63,63,54,54,54,54,54,54,54,39,39,42,23,14,36,23,77,60,59,32,37,13,13,5,5,0,0],"gold":450,"neow_bonus":"UPGRADE_CARD","is_daily":false,"chose_seed":false,"campfire_upgraded":3,"win_rate":0.0,"timestamp":1612901198,"path_taken":["M","?","M","?","M","R","$","R","T","?","?","M","?","M","R","BOSS","M","?","?","?","M","R","$","?","MIM"],"items_purchased_type":["Card","Card","Relic"],"build_version":"2020-12-22","purchased_purges":0,"victory":false,"max_hp_per_floor":[71,71,72,72,72,72,72,72,72,73,73,74,75,76,76,77,77,78,79,79,80,81,81,81,81,81,81],"card_choices":[{"not_picked":["alterego_mod:Bunnysuit","alterego_mod:TrashNCrash"],"picked":"alterego_mod:Bounce","floor":1},{"not_picked":["alterego_mod:Skirt","alterego_mod:HighServant"],"picked":"alterego_mod:BiFurious","floor":3},{"not_picked":["alterego_mod:1TonWallop","alterego_mod:Belle"],"picked":"alterego_mod:Smother","floor":5},{"not_picked":["alterego_mod:BiFurious","alterego_mod:Belle"],"picked":"alterego_mod:Valkyrie","floor":10},{"not_picked":["alterego_mod:DustData","alterego_mod:Mirror"],"picked":"alterego_mod:TrashNCrash","floor":12},{"not_picked":["alterego_mod:Complex","alterego_mod:Punishment"],"picked":"alterego_mod:ChallengeComplete","floor":13},{"not_picked":["alterego_mod:DeftHands","alterego_mod:DestructionOfProperty"],"picked":"alterego_mod:Undulate","floor":14},{"not_picked":["alterego_mod:TrickOrTreatment","alterego_mod:BrynhildrRomantia"],"picked":"alterego_mod:AlterEgo","floor":16},{"not_picked":["alterego_mod:RocketPunch","alterego_mod:MagicResistance"],"picked":"alterego_mod:Cooking+1","floor":18},{"not_picked":["alterego_mod:Cooking","alterego_mod:BustOut"],"picked":"alterego_mod:AlterEgo","floor":19},{"not_picked":["alterego_mod:Rip","alterego_mod:Cycle"],"picked":"alterego_mod:Nekomimi+1","floor":21},{"not_picked":["alterego_mod:Pet","alterego_mod:Maid"],"picked":"alterego_mod:Bounce","floor":22}],"player_experience":268261,"relics_obtained":[{"floor":9,"key":"Huge Egg"},{"floor":13,"key":"halation:PromiseList"}],"event_choices":[{"damage_healed":0,"gold_gain":0,"player_choice":"Obtain Plague Curse","damage_taken":0,"max_hp_gain":0,"max_hp_loss":0,"event_name":"Plague Doctor","floor":2,"gold_loss":0,"cards_obtained":["theForsaken:PlagueCurse"]},{"cards_removed":["theForsaken:PlagueCurse"],"damage_healed":0,"gold_gain":0,"player_choice":"Offered Curse","damage_taken":0,"relics_obtained":["Spirit Poop"],"max_hp_gain":0,"max_hp_loss":0,"event_name":"Bonfire Elementals","floor":4,"gold_loss":0},{"damage_healed":0,"gold_gain":270,"player_choice":"GOLD GOLD GOLD ","damage_taken":27,"max_hp_gain":0,"max_hp_loss":0,"event_name":"Knowing Skull","floor":20,"potions_obtained":[],"gold_loss":0,"cards_obtained":[]},{"damage_healed":0,"gold_gain":0,"player_choice":"Upgraded","damage_taken":0,"max_hp_gain":0,"max_hp_loss":0,"event_name":"Upgrade Shrine","floor":25,"gold_loss":0,"cards_upgraded":["alterego_mod:AlterEgo"]}],"is_beta":false,"boss_relics":[{"not_picked":["SacredBark","hubris:VirtuousBlindfold"],"picked":"halation:SmartPhone"}],"items_purged_floors":[],"is_endless":false,"potions_floor_spawned":[3,5,14,16,19,21,22],"killed_by":"Centurion and Healer","ascension_level":0}}