{"host":"mw3dmj42qtkbha4b","time":1612883571,"event":{"mods":["BaseMod","Colored Map","Colored Powertips","DeckTracker","Minty Spire (QoL Compilation)","StSLib","SuperFastMode"],"gold_per_floor":[12,32,52,69,84,110,110,126,176,209,209,222,57,83,83,83,83],"floor_reached":16,"language":"KOR","playtime":628,"items_purged":[],"score":298,"play_id":"f3712e84-cecb-4451-8ffc-eca9dd999e16","local_time":"20210210001251","is_ascension_mode":true,"campfire_choices":[{"floor":7.0,"key":"REST"},{"floor":11.0,"key":"REST"},{"floor":15,"key":"REST"}],"circlet_count":0,"master_deck":["AscendersBane","Strike_P","Strike_P","Strike_P","Strike_P","Defend_P","Defend_P","Defend_P","Defend_P","Eruption","Vigilance","ReachHeaven","Consecrate","LessonLearned"],"relics":["PureWater","Dead Branch","Mummified Hand","Nunchaku","Du-Vu Doll","Bag of Marbles","Frozen Egg 2"],"acts_visited":["Exordium"],"potions_floor_usage":[16],"damage_taken":[{"damage":0.0,"enemies":"Cultist","floor":1.0,"turns":2.0},{"damage":1.0,"enemies":"Small Slimes","floor":2.0,"turns":3.0},{"damage":0.0,"enemies":"Jaw Worm","floor":3.0,"turns":1.0},{"damage":34.0,"enemies":"Exordium Wildlife","floor":4.0,"turns":5.0},{"damage":11.0,"enemies":"Blue Slaver","floor":5.0,"turns":4.0},{"damage":10.0,"enemies":"3 Sentries","floor":6.0,"turns":3.0},{"damage":4.0,"enemies":"2 Fungi Beasts","floor":8.0,"turns":4.0},{"damage":0.0,"enemies":"Lagavulin","floor":10.0,"turns":2.0},{"damage":7.0,"enemies":"Exordium Thugs","floor":12.0,"turns":3.0},{"damage":35,"enemies":"3 Sentries","floor":14,"turns":4},{"damage":29,"enemies":"Hexaghost","floor":16,"turns":8}],"seed_played":"57739037418727544","potions_obtained":[{"floor":1.0,"key":"SteroidPotion"},{"floor":5.0,"key":"Strength Potion"},{"floor":6.0,"key":"EntropicBrew"},{"floor":8.0,"key":"SneckoOil"},{"floor":10.0,"key":"Fruit Juice"},{"floor":14,"key":"Dexterity Potion"}],"is_trial":false,"path_per_floor":["M","M","M","M","M","E","R","M","T","E","R","M","$","E","R","B"],"character_chosen":"WATCHER","items_purchased":["Bag of Marbles"],"campfire_rested":3,"item_purchase_floors":[13],"current_hp_per_floor":[61,60,60,26,15,5,25,21,21,21,47,40,40,5,26,0,0],"gold":83,"neow_bonus":"ONE_RARE_RELIC","is_daily":false,"chose_seed":false,"campfire_upgraded":0,"win_rate":0.0,"timestamp":1612883571,"path_taken":["M","?","?","M","M","E","R","M","T","E","R","M","$","E","R","BOSS"],"items_purchased_type":["Relic"],"build_version":"2020-12-22","purchased_purges":0,"victory":false,"max_hp_per_floor":[68,68,68,68,68,68,68,68,68,68,73,73,73,73,73,73,73],"card_choices":[{"not_picked":["Sanctity","FlurryOfBlows"],"picked":"ReachHeaven","floor":1.0},{"not_picked":["Study","CrushJoints","ThirdEye"],"picked":"SKIP","floor":2.0},{"not_picked":["InnerPeace","Wish","JustLucky"],"picked":"SKIP","floor":3.0},{"not_picked":["Protect","JustLucky","Crescendo"],"picked":"SKIP","floor":4.0},{"not_picked":["TalkToTheHand","EmptyBody","Tantrum"],"picked":"SKIP","floor":5.0},{"not_picked":["ClearTheMind","Study","Adaptation"],"picked":"SKIP","floor":6.0},{"not_picked":["ClearTheMind","EmptyBody","Nirvana"],"picked":"SKIP","floor":8.0},{"not_picked":["JustLucky","EmptyMind"],"picked":"Consecrate","floor":10.0},{"not_picked":["FlyingSleeves","EmptyBody","FlurryOfBlows"],"picked":"SKIP","floor":12.0},{"not_picked":["Evaluate","WheelKick"],"picked":"LessonLearned","floor":14}],"player_experience":1809536,"relics_obtained":[{"floor":6.0,"key":"Mummified Hand"},{"floor":9.0,"key":"Nunchaku"},{"floor":10.0,"key":"Du-Vu Doll"},{"floor":14,"key":"Frozen Egg 2"}],"event_choices":[],"is_beta":false,"boss_relics":[],"items_purged_floors":[],"is_endless":false,"potions_floor_spawned":[1,5,6,8,10,14],"killed_by":"Hexaghost","ascension_level":20}}