{"host":"n605f8gctjc87d7h","time":1612897800,"event":{"mods":["Aspiration","Bard","BaseMod","Better Match","Better Note","Better Skull","Better Third Choice","Conspire","Downfall","Halation","Hermit","Infinite Spire","Minty Spire (QoL Compilation)","Reliquary","Replay The Spire","Retaliation","Shade Mod","Spicy Shops","StSLib","The IronCluck","The Jungle","The Runesmith"],"gold_per_floor":[114,125,125,135,135,135,146,146,146,181,181,212,225,181,181,181,181],"floor_reached":16,"language":"ENG","playtime":851,"items_purged":[],"score":223,"play_id":"71c0f68a-a138-450c-a57e-89c4ba02813d","local_time":"20210209111000","is_ascension_mode":true,"campfire_choices":[{"data":"Zap","floor":6,"key":"SMITH"},{"floor":11,"key":"REST"},{"floor":15,"key":"REST"}],"circlet_count":0,"master_deck":["AscendersBane","conspire:GhostlyStrike","conspire:GhostlyStrike","conspire:GhostlyStrike","conspire:GhostlyDefend","conspire:GhostlyDefend","conspire:GhostlyDefend","conspire:GhostlyDefend","Zap+1","Dualcast","BasicCrystalCard","Sweeping Beam","BootSequence","Gash","Gash","Scrape"],"relics":["Cracked Core","halation:StarCompass","Replay:Baseball","reliquary:Knoch","Calipers"],"acts_visited":["Exordium"],"potions_floor_usage":[7,10,12,12,16],"damage_taken":[{"damage":1,"enemies":"Cultist","floor":1,"turns":3},{"damage":2,"enemies":"Jaw Worm","floor":2,"turns":3},{"damage":8,"enemies":"2 Louse","floor":4,"turns":2},{"damage":0,"enemies":"Lots of Slimes","floor":7,"turns":3},{"damage":36,"enemies":"3 Sentries","floor":10,"turns":8},{"damage":25,"enemies":"Gremlin Nob","floor":12,"turns":4},{"damage":1,"enemies":"Looter","floor":13,"turns":3},{"damage":58,"enemies":"Fading Forest","floor":16,"turns":10}],"seed_played":"6541809884789283908","potions_obtained":[{"floor":1,"key":"AttackPotion"},{"floor":4,"key":"Dexterity Potion"},{"floor":7,"key":"BlessingOfTheForge"},{"floor":10,"key":"Adrenaline Potion"},{"floor":12,"key":"Block Potion"}],"is_trial":false,"path_per_floor":["M","M","?","M","?","R","M","$","T","E","R","E","M","$","R","B"],"character_chosen":"DEFECT","items_purchased":["Scrape"],"campfire_rested":2,"item_purchase_floors":[14],"current_hp_per_floor":[63,61,61,53,53,53,53,53,53,17,38,13,12,12,33,0,0],"gold":181,"neow_bonus":"TRANSFORM_CARD","is_daily":false,"chose_seed":false,"campfire_upgraded":1,"win_rate":0.0,"timestamp":1612897800,"path_taken":["M","M","?","M","?","R","M","?","T","E","R","E","M","$","R","BOSS"],"items_purchased_type":["Card"],"build_version":"2020-12-22","purchased_purges":0,"victory":false,"max_hp_per_floor":[71,71,71,71,71,71,71,71,71,71,71,71,71,71,71,71,71],"card_choices":[{"not_picked":["Ball Lightning","Stack"],"picked":"Sweeping Beam","floor":1},{"not_picked":["Melter","Rebound","Skim"],"picked":"SKIP","floor":2},{"not_picked":["aspiration:Polymerization","Chill"],"picked":"BootSequence","floor":4},{"not_picked":["Coolheaded","Turbo","Go for the Eyes"],"picked":"SKIP","floor":7},{"not_picked":["Panic Button","Streamline"],"picked":"Gash","floor":10},{"not_picked":["ReplaySolidLightProjector","Streamline"],"picked":"Gash","floor":12},{"not_picked":["ReplayTheSpireMod:Repulse","Compile Driver","Coolheaded"],"picked":"SKIP","floor":13}],"player_experience":845426,"relics_obtained":[{"floor":9,"key":"Replay:Baseball"},{"floor":10,"key":"reliquary:Knoch"},{"floor":12,"key":"Calipers"}],"event_choices":[{"damage_healed":0,"gold_gain":0,"player_choice":"Agree","damage_taken":0,"max_hp_gain":0,"max_hp_loss":0,"event_name":"conspire:LoneGhost","floor":3,"gold_loss":0}],"is_beta":false,"boss_relics":[],"items_purged_floors":[],"is_endless":false,"potions_floor_spawned":[1,4,7,10,12],"killed_by":"Fading Forest","ascension_level":16}}