{"host":"tjq6rykv202u6iqx","time":1612903204,"event":{"mods":["AchievementEnabler","BaseMod","Minty Spire (QoL Compilation)","Rare Cards Sparkle","Relic Stats"],"gold_per_floor":[110,126,126,145,145,145,164,179,179,212,227,227,237,249,249,352,352,367,381,401,326,26,26,53,66,66,66,86,86,8,42,42,147,147,157,157,11,31,31,63,63,79,79,79,94,94,94,109,109,109],"floor_reached":51,"language":"ENG","playtime":3975,"items_purged":["Strike_R","Strike_R"],"score":746,"play_id":"dcd391cc-1864-4e71-8be9-7c743b833f02","local_time":"20210209144004","is_ascension_mode":false,"campfire_choices":[{"data":"Disarm","floor":6.0,"key":"SMITH"},{"data":"Bash","floor":12.0,"key":"SMITH"},{"data":"True Grit","floor":15.0,"key":"SMITH"},{"data":"Sever Soul","floor":23.0,"key":"SMITH"},{"data":"Evolve","floor":29.0,"key":"SMITH"},{"floor":32,"key":"REST"},{"data":"Armaments","floor":41,"key":"SMITH"},{"floor":44,"key":"REST"},{"data":"Barricade","floor":46,"key":"SMITH"},{"floor":49,"key":"REST"}],"circlet_count":0,"master_deck":["Strike_R","Strike_R","Defend_R","Defend_R","Defend_R","Defend_R","Bash+1","Thunderclap","Disarm+1","True Grit+1","Evolve+1","Sever Soul+1","Wild Strike","Disarm","Rampage","Wild Strike","Feed","Pommel Strike+1","Pommel Strike+1","Shrug It Off+1","Barricade+1","Double Tap","Shockwave+1","Feel No Pain","Ghostly Armor","Ghostly Armor+1","Limit Break","Metallicize+1","Armaments+1","Cleave+1","Thinking Ahead","Thinking Ahead","Discovery","Disarm","Sever Soul+1","Evolve+1"],"relics":["Cursed Key"],"acts_visited":["Exordium","TheCity","TheBeyond"],"potions_floor_usage":[31,31,31,38,42,42,50],"damage_taken":[{"damage":0.0,"enemies":"2 Louse","floor":1.0,"turns":2.0},{"damage":0.0,"enemies":"Small Slimes","floor":2.0,"turns":2.0},{"damage":4.0,"enemies":"Jaw Worm","floor":4.0,"turns":4.0},{"damage":2.0,"enemies":"Gremlin Gang","floor":7.0,"turns":3.0},{"damage":0.0,"enemies":"3 Louse","floor":8.0,"turns":4.0},{"damage":8.0,"enemies":"3 Sentries","floor":10.0,"turns":8.0},{"damage":6.0,"enemies":"Exordium Wildlife","floor":11.0,"turns":3.0},{"damage":8.0,"enemies":"Exordium Thugs","floor":13.0,"turns":5.0},{"damage":0.0,"enemies":"2 Fungi Beasts","floor":14.0,"turns":2.0},{"damage":4.0,"enemies":"Hexaghost","floor":16.0,"turns":9.0},{"damage":20.0,"enemies":"2 Thieves","floor":18.0,"turns":3.0},{"damage":10.0,"enemies":"3 Byrds","floor":19.0,"turns":5.0},{"damage":15.0,"enemies":"Centurion and Healer","floor":20.0,"turns":5.0},{"damage":8.0,"enemies":"Book of Stabbing","floor":24.0,"turns":8.0},{"damage":4.0,"enemies":"Snecko","floor":25.0,"turns":6.0},{"damage":8.0,"enemies":"Snake Plant","floor":28.0,"turns":7.0},{"damage":25,"enemies":"Slavers","floor":31,"turns":5},{"damage":19,"enemies":"Champ","floor":33,"turns":20},{"damage":0,"enemies":"3 Shapes","floor":35,"turns":9},{"damage":7,"enemies":"3 Darklings","floor":38,"turns":10},{"damage":40,"enemies":"Nemesis","floor":40,"turns":13},{"damage":43,"enemies":"Transient","floor":42,"turns":5},{"damage":17,"enemies":"Maw","floor":45,"turns":12},{"damage":17,"enemies":"Jaw Worm Horde","floor":48,"turns":5},{"damage":14,"enemies":"Time Eater","floor":50,"turns":28}],"seed_played":"-6994877095245389264","potions_obtained":[{"floor":4.0,"key":"Energy Potion"},{"floor":7.0,"key":"Dexterity Potion"},{"floor":8.0,"key":"GamblersBrew"},{"floor":13.0,"key":"CultistPotion"},{"floor":20.0,"key":"Swift Potion"},{"floor":31,"key":"Energy Potion"},{"floor":33,"key":"Energy Potion"},{"floor":40,"key":"EntropicBrew"},{"floor":48,"key":"FearPotion"}],"is_trial":false,"path_per_floor":["M","M","?","M","?","R","M","M","T","E","M","R","M","M","R","B",null,"M","M","M","?","$","R","E","M","T","?","M","R","$","E","R","B",null,"M","?","$","M","?","E","R","M","T","R","M","R","T","M","R","B",null],"character_chosen":"IRONCLAD","items_purchased":["Barricade","Double Tap","Ghostly Armor","Armaments"],"campfire_rested":3,"item_purchase_floors":[22,22,30,37],"current_hp_per_floor":[80,80,80,76,76,76,74,74,74,66,60,60,52,52,52,48,80,60,50,38,38,38,38,33,32,32,32,27,27,27,5,33,17,98,101,101,101,94,84,48,48,5,5,36,22,22,22,8,41,27],"gold":109,"neow_bonus":"BOSS_RELIC","is_daily":false,"chose_seed":false,"campfire_upgraded":7,"win_rate":0.0,"timestamp":1612903204,"path_taken":["M","M","?","M","?","R","M","M","T","E","M","R","?","?","R","BOSS","M","M","M","?","$","R","E","M","T","?","M","R","?","E","R","BOSS","M","?","$","M","?","E","R","M","T","R","M","R","?","M","R","BOSS"],"items_purchased_type":["Card","Card","Card","Card"],"build_version":"2020-12-22","purchased_purges":2,"victory":true,"max_hp_per_floor":[80,80,80,80,80,80,80,80,80,80,80,80,80,80,80,80,80,80,80,83,83,83,83,86,89,89,89,92,92,92,95,95,98,98,101,101,101,101,101,105,105,105,105,105,108,108,108,111,111,111],"relic_stats":{"counters":[25,183],"Cursed Key":0,"obtain_stats":[{"Cursed Key":0,"Burning Blood":0},{"Cursed Key":0,"Burning Blood":0},{"Cursed Key":0,"Burning Blood":0}]},"card_choices":[{"not_picked":["Havoc","Warcry"],"picked":"Thunderclap","floor":1.0},{"not_picked":["Intimidate","Seeing Red"],"picked":"Disarm","floor":2.0},{"not_picked":["Anger","Body Slam"],"picked":"True Grit","floor":4.0},{"not_picked":["Armaments","Perfected Strike"],"picked":"Evolve","floor":7.0},{"not_picked":["Cleave","Thunderclap"],"picked":"Sever Soul","floor":8.0},{"not_picked":["Headbutt","Clothesline"],"picked":"Wild Strike","floor":10.0},{"not_picked":["Clash","Sever Soul"],"picked":"Disarm","floor":11.0},{"not_picked":["Anger","Havoc"],"picked":"Rampage","floor":13.0},{"not_picked":["Twin Strike","Clothesline"],"picked":"Wild Strike","floor":14.0},{"not_picked":["Demon Form","Bludgeon"],"picked":"Feed","floor":16.0},{"not_picked":["Rampage","Perfected Strike"],"picked":"Pommel Strike+1","floor":18.0},{"not_picked":["Anger","Twin Strike"],"picked":"Pommel Strike+1","floor":19.0},{"not_picked":["Anger","Perfected Strike"],"picked":"Shrug It Off+1","floor":20.0},{"not_picked":["Havoc","Sever Soul"],"picked":"Shockwave+1","floor":24.0},{"not_picked":["Heavy Blade","Pommel Strike+1","Anger"],"picked":"SKIP","floor":25.0},{"not_picked":["Heavy Blade","Searing Blow"],"picked":"Feel No Pain","floor":28.0},{"not_picked":["Sword Boomerang","Iron Wave+1"],"picked":"Ghostly Armor+1","floor":31},{"not_picked":["Feed","Double Tap"],"picked":"Limit Break","floor":33},{"not_picked":["Flex+1","Sentinel"],"picked":"Metallicize+1","floor":35},{"not_picked":["Pommel Strike+1","True Grit"],"picked":"Cleave+1","floor":38},{"not_picked":["Mayhem","Transmutation"],"picked":"Thinking Ahead","floor":39},{"not_picked":["Enlightenment","Madness"],"picked":"Thinking Ahead","floor":39},{"not_picked":["Forethought","Swift Strike"],"picked":"Discovery","floor":39},{"not_picked":["Infernal Blade","Wild Strike"],"picked":"Disarm","floor":40},{"not_picked":["Sword Boomerang+1","Metallicize+1"],"picked":"Sever Soul+1","floor":42},{"not_picked":["Flex","Thunderclap+1","Heavy Blade"],"picked":"SKIP","floor":45},{"not_picked":["Infernal Blade","Whirlwind"],"picked":"Evolve+1","floor":48}],"player_experience":936177,"relics_obtained":[],"event_choices":[{"damage_healed":0.0,"max_hp_gain":0.0,"max_hp_loss":0.0,"gold_gain":0.0,"event_name":"Scrap Ooze","player_choice":"Fled","floor":3.0,"gold_loss":0.0,"damage_taken":0.0},{"damage_healed":0.0,"max_hp_gain":0.0,"max_hp_loss":0.0,"gold_gain":0.0,"event_name":"Golden Idol","player_choice":"Ignored","floor":5.0,"gold_loss":0.0,"damage_taken":0.0},{"cards_removed":["Strike_R"],"damage_healed":0.0,"max_hp_gain":0.0,"max_hp_loss":0.0,"gold_gain":0.0,"event_name":"Beggar","player_choice":"Gave Gold","floor":21.0,"gold_loss":75.0,"damage_taken":0.0},{"damage_healed":0,"gold_gain":0,"player_choice":"Ignored","damage_taken":0,"max_hp_gain":0,"max_hp_loss":0,"event_name":"Tomb of Lord Red Mask","floor":36,"gold_loss":0},{"damage_healed":0,"gold_gain":0,"player_choice":"Memory 3","damage_taken":10,"max_hp_gain":0,"max_hp_loss":0,"event_name":"SensoryStone","floor":39,"gold_loss":0}],"is_beta":false,"boss_relics":[{"not_picked":["Runic Dome","Sozu","SacredBark"]},{"not_picked":["Pandora\u0027s Box","Busted Crown","Philosopher\u0027s Stone"]}],"items_purged_floors":[22,37],"is_endless":false,"potions_floor_spawned":[4,7,8,13,16,20,31,33,40,48],"ascension_level":0}}