{"host":"7f01flv6y0vhl3vt","time":1612901232,"event":{"mods":["Act Like it!","BaseMod","Downfall","Minty Spire (QoL Compilation)","StSLib"],"gold_per_floor":[99,109,124,135,135,35,35,50,50,69,69,99,129,154,178,190,190,190],"floor_reached":16,"language":"ENG","playtime":4439,"items_purged":[],"score":131,"play_id":"414da8c5-1f4e-46e9-b88b-a71ce85447f8","local_time":"20210209150712","is_ascension_mode":false,"campfire_choices":[{"floor":1,"key":"RECALL"},{"data":"champ:RageSigil","floor":6,"key":"SMITH"},{"floor":9,"key":"REST"}],"circlet_count":0,"master_deck":["champ:Strike+1","champ:Strike+1","champ:Strike","champ:Strike","champ:Defend","champ:Defend","champ:Defend","champ:Defend","champ:Execute","champ:Taunt","champ:DefensiveStyle+1","champ:Circumvent","champ:RageSigil+1","downfall:Malfunctioning","champ:GladiatorStyle","champ:CheapShot","champ:ViciousMockery","champ:CrookedStrike","champ:Circumvent","champ:StrikeOfGenius"],"relics":["champ:ChampionCrown","PreservedInsect","downfall:HeartBlessingRed","MawBank"],"acts_visited":["Exordium"],"potions_floor_usage":[10,15,16],"damage_taken":[{"damage":24,"enemies":"Cultist","floor":2,"turns":4},{"damage":26,"enemies":"Jaw Worm","floor":3,"turns":4},{"damage":12,"enemies":"2 Louse","floor":4,"turns":3},{"damage":46,"enemies":"Exordium Thugs","floor":8,"turns":5},{"damage":57,"enemies":"Exordium Wildlife","floor":10,"turns":7},{"damage":25,"enemies":"Lagavulin","floor":12,"turns":6},{"damage":38,"enemies":"Lots of Slimes","floor":13,"turns":6},{"damage":28,"enemies":"Large Slime","floor":14,"turns":5},{"damage":18,"enemies":"3 Louse","floor":15,"turns":3},{"damage":48,"enemies":"DF_ARCHETYPE_STREAMLINE","floor":16,"turns":6}],"seed_played":"3147823259650900341","potions_obtained":[{"floor":2,"key":"SmokeBomb"},{"floor":4,"key":"Ancient Potion"},{"floor":13,"key":"BlessingOfTheForge"},{"floor":15,"key":"Fire Potion"}],"is_trial":false,"path_per_floor":["R","M","M","M","?","R","T","M","R","M","?","E","M","M","M","B"],"character_chosen":"THE_CHAMP","items_purchased":[],"campfire_rested":1,"item_purchase_floors":[],"current_hp_per_floor":[90,86,75,73,73,73,73,52,79,42,72,72,49,46,28,0,0,0],"gold":190,"neow_bonus":"RANDOM_COMMON_RELIC","is_daily":false,"chose_seed":false,"campfire_upgraded":1,"win_rate":0.0,"timestamp":1612901232,"path_taken":["R","M","?","M","?","R","T","M","R","M","?","E","M","M","M","BOSS"],"items_purchased_type":[],"build_version":"2020-12-22","purchased_purges":0,"victory":false,"max_hp_per_floor":[90,90,90,90,90,90,90,90,90,90,90,90,90,90,90,90,90,90],"card_choices":[{"not_picked":["champ:BladeFlurry","champ:StanceDance"],"picked":"champ:DefensiveStyle","floor":2},{"not_picked":["champ:TornadoPunch","champ:CrownThrow"],"picked":"champ:Circumvent","floor":3},{"not_picked":["champ:Shatter","champ:DefensiveShout"],"picked":"champ:RageSigil","floor":4},{"not_picked":["champ:ShieldSigil","champ:Haymaker"],"picked":"champ:GladiatorStyle","floor":8},{"not_picked":["champ:AdrenalArmor","champ:GladiatorStyle"],"picked":"champ:CheapShot","floor":10},{"not_picked":["champ:AdrenalArmor","champ:TornadoPunch"],"picked":"champ:ViciousMockery","floor":12},{"not_picked":["champ:TornadoPunch","champ:GutPunch"],"picked":"champ:CrookedStrike","floor":13},{"not_picked":["champ:BringItOn","champ:TornadoPunch"],"picked":"champ:Circumvent","floor":14},{"not_picked":["champ:Circumvent","champ:Shatter"],"picked":"champ:StrikeOfGenius","floor":15}],"player_experience":1675363,"relics_obtained":[{"floor":12,"key":"MawBank"}],"event_choices":[{"damage_healed":30,"gold_gain":0,"player_choice":"Banana","damage_taken":0,"max_hp_gain":0,"max_hp_loss":0,"event_name":"Big Fish","floor":11,"gold_loss":0}],"is_beta":false,"boss_relics":[],"items_purged_floors":[],"is_endless":false,"potions_floor_spawned":[2,4,13,15],"killed_by":"DF_ARCHETYPE_STREAMLINE","ascension_level":0}}