{"host":"mw3dmj42qtkbha4b","time":1612881606,"event":{"mods":["BaseMod","Colored Map","Colored Powertips","DeckTracker","Minty Spire (QoL Compilation)","StSLib","SuperFastMode"],"gold_per_floor":[117,41,52,52,52,84,84,112,112,112,122,132,166,186,186,186,186],"floor_reached":16,"language":"KOR","playtime":445,"items_purged":[],"score":290,"play_id":"e14ca8ea-a33e-4169-b4c2-62ee3b234d88","local_time":"20210209234006","is_ascension_mode":true,"campfire_choices":[{"data":"Eruption","floor":7.0,"key":"SMITH"},{"data":"Vigilance","floor":10.0,"key":"SMITH"},{"floor":15.0,"key":"REST"}],"circlet_count":0,"master_deck":["AscendersBane","Strike_P","Strike_P","Strike_P","Strike_P","Defend_P","Defend_P","Defend_P","Defend_P","Eruption+1","Vigilance+1","Regret","BattleHymn","Consecrate"],"relics":["PureWater","NeowsBlessing","Yang","Letter Opener","Ancient Tea Set","Pantograph"],"acts_visited":["Exordium"],"potions_floor_usage":[16,16],"damage_taken":[{"damage":0.0,"enemies":"Jaw Worm","floor":1.0,"turns":1.0},{"damage":0.0,"enemies":"Cultist","floor":3.0,"turns":1.0},{"damage":0.0,"enemies":"Gremlin Nob","floor":6.0,"turns":1.0},{"damage":23.0,"enemies":"3 Sentries","floor":8.0,"turns":7.0},{"damage":3.0,"enemies":"2 Louse","floor":11.0,"turns":3.0},{"damage":4.0,"enemies":"2 Fungi Beasts","floor":12.0,"turns":3.0},{"damage":19.0,"enemies":"Gremlin Nob","floor":13.0,"turns":3.0},{"damage":0.0,"enemies":"Gremlin Gang","floor":14.0,"turns":3.0},{"damage":57,"enemies":"The Guardian","floor":16,"turns":6}],"seed_played":"3209556161925236437","potions_obtained":[{"floor":3.0,"key":"Swift Potion"},{"floor":8.0,"key":"Weak Potion"},{"floor":13.0,"key":"SneckoOil"},{"floor":14.0,"key":"PowerPotion"}],"is_trial":false,"path_per_floor":["M","?","M","?","$","E","R","E","T","R","M","M","E","M","R","B"],"character_chosen":"WATCHER","items_purchased":[],"campfire_rested":1,"item_purchase_floors":[],"current_hp_per_floor":[61,61,61,61,61,61,61,38,38,38,35,31,12,12,32,0,0],"gold":186,"neow_bonus":"THREE_ENEMY_KILL","is_daily":false,"chose_seed":false,"campfire_upgraded":2,"win_rate":0.0,"timestamp":1612881606,"path_taken":["M","?","?","?","$","E","R","E","T","R","M","M","E","M","R","BOSS"],"items_purchased_type":[],"build_version":"2020-12-22","purchased_purges":0,"victory":false,"max_hp_per_floor":[68,68,68,68,68,68,68,68,68,68,68,68,68,68,68,68,68],"card_choices":[{"not_picked":["EmptyFist","Worship","WaveOfTheHand"],"picked":"SKIP","floor":1.0},{"not_picked":["EmptyFist","SandsOfTime","Protect"],"picked":"SKIP","floor":3.0},{"not_picked":["EmptyBody","PathToVictory","MentalFortress"],"picked":"SKIP","floor":6.0},{"not_picked":["Vengeance","CrushJoints","Perseverance"],"picked":"SKIP","floor":8.0},{"not_picked":["FlyingSleeves","PathToVictory"],"picked":"BattleHymn","floor":11.0},{"not_picked":["Study","Vault"],"picked":"Consecrate","floor":12.0},{"not_picked":["CrushJoints","FlyingSleeves","InnerPeace"],"picked":"SKIP","floor":13.0},{"not_picked":["Evaluate","EmptyFist","EmptyBody"],"picked":"SKIP","floor":14.0}],"player_experience":1808410,"relics_obtained":[{"floor":6.0,"key":"Ancient Tea Set"},{"floor":8.0,"key":"Pantograph"}],"event_choices":[{"damage_healed":0.0,"max_hp_gain":0.0,"max_hp_loss":0.0,"gold_gain":0.0,"event_name":"WeMeetAgain","player_choice":"Paid Gold","floor":2.0,"gold_loss":76.0,"damage_taken":0.0,"relics_obtained":["Yang"]},{"damage_healed":0.0,"max_hp_gain":0.0,"max_hp_loss":0.0,"gold_gain":0.0,"event_name":"Big Fish","player_choice":"Box","floor":4.0,"gold_loss":0.0,"damage_taken":0.0,"relics_obtained":["Letter Opener"],"cards_obtained":["Regret"]}],"is_beta":false,"boss_relics":[],"items_purged_floors":[],"is_endless":false,"potions_floor_spawned":[3,8,13,14],"killed_by":"The Guardian","ascension_level":20}}