{"host":"vfg9szunmpjwj08o","time":1612909662,"event":{"mods":["Act Like it!","BaseMod","BetterRewards","Bossed Relics","Challenge The Spire","Clawfect","Colored Map","Colored Powertips","Dark Map","Highlight Path","Minty Spire (QoL Compilation)","Quick Restart","Relic Stats","StSLib","Waifu the Spire","everything is the same but u backflip on backflip"],"gold_per_floor":[119,136,150,150,160,195,23,33,33,33,33,66,11,11,11,11,11],"floor_reached":16,"language":"ENG","playtime":746,"items_purged":[],"score":345,"play_id":"2539aae9-9f3f-472f-aae8-e823dca4f34d","local_time":"20210209232742","is_ascension_mode":true,"campfire_choices":[{"data":"Coolheaded","floor":11,"key":"SMITH"},{"data":"Clawfect:ClawCell","floor":15,"key":"SMITH"}],"circlet_count":0,"master_deck":["AscendersBane","Gash","Gash+1","Gash","Gash","Gash","Defend_B","Defend_B","Defend_B","Defend_B","Defend_B","Clawfect:ClawForTheEyes","Self Repair","Clawfect:ScrapingClaw+1","Glacier","Coolheaded+1","Glacier","Clawfect:ClawCell+1","Conserve Battery"],"relics":["Clawfect:DRClaw","Happy Flower","Tiny Chest","Question Card","Golden Idol","Singing Bowl"],"acts_visited":["Exordium"],"potions_floor_usage":[6,16],"damage_taken":[{"damage":6,"enemies":"Cultist","floor":1,"turns":5},{"damage":10,"enemies":"Small Slimes","floor":2,"turns":4},{"damage":7,"enemies":"Jaw Worm","floor":3,"turns":4},{"damage":19,"enemies":"2 Fungi Beasts","floor":5,"turns":5},{"damage":36,"enemies":"Gremlin Nob","floor":6,"turns":5},{"damage":27,"enemies":"3 Louse","floor":8,"turns":4},{"damage":7,"enemies":"3 Sentries","floor":12,"turns":10}],"seed_played":"98639722673589017","potions_obtained":[{"floor":2,"key":"FearPotion"},{"floor":3,"key":"Block Potion"},{"floor":5,"key":"FairyPotion"},{"floor":12,"key":"SpeedPotion"}],"is_trial":false,"path_per_floor":["M","M","M","?","M","E","$","M","T","?","R","E","$","?","R","B"],"character_chosen":"DEFECT","items_purchased":["Tiny Chest","Clawfect:ClawCell"],"campfire_rested":0,"item_purchase_floors":[7,13],"current_hp_per_floor":[58,55,55,34,22,28,28,8,8,8,8,8,8,8,8,0,0],"gold":11,"neow_bonus":"THREE_CARDS","is_daily":false,"chose_seed":false,"campfire_upgraded":2,"win_rate":0.0,"timestamp":1612909662,"path_taken":["M","?","M","?","M","E","$","M","T","?","R","E","$","?","R","BOSS"],"items_purchased_type":["Relic","Card"],"build_version":"2020-12-22","purchased_purges":0,"victory":false,"max_hp_per_floor":[71,71,71,71,71,71,71,71,71,64,64,64,64,64,64,64,64],"relic_stats":{"Happy Flower":[8],"Singing Bowl":0,"counters":[8,48],"Golden Idol":7,"Tiny Chest":0,"Question Card":1,"obtain_stats":[{"Happy Flower":6,"Singing Bowl":12,"Golden Idol":10,"Tiny Chest":7,"Clawfect:DRClaw":0,"Question Card":9},{"Happy Flower":5,"Singing Bowl":7,"Golden Idol":6,"Tiny Chest":5,"Clawfect:DRClaw":0,"Question Card":6},{"Happy Flower":23,"Singing Bowl":37,"Golden Idol":27,"Tiny Chest":23,"Clawfect:DRClaw":0,"Question Card":27}]},"card_choices":[{"not_picked":["Clawfect:ClawSnap","Redo"],"picked":"Clawfect:ClawForTheEyes","floor":0},{"not_picked":["Clawfect:ClawingBeam","Storm"],"picked":"Self Repair","floor":1},{"not_picked":["Redo","Gash","Clawfect:Clawrage"],"picked":"SKIP","floor":2},{"not_picked":["Sunder","Steam"],"picked":"Clawfect:ScrapingClaw","floor":3},{"not_picked":["Rebound","Biased Cognition","Clawfect:Clawter"],"picked":"SKIP","floor":5},{"not_picked":["Turbo","BootSequence"],"picked":"Glacier","floor":6},{"not_picked":["Aggregate","Gash"],"picked":"Coolheaded","floor":8},{"not_picked":["Gash","Darkness","Redo"],"picked":"Glacier","floor":12}],"player_experience":1101419,"relics_obtained":[{"floor":6,"key":"Happy Flower"},{"floor":9,"key":"Question Card"},{"floor":12,"key":"Singing Bowl"}],"event_choices":[{"damage_healed":0,"gold_gain":0,"player_choice":"Entered Light","damage_taken":21,"max_hp_gain":0,"max_hp_loss":0,"event_name":"Shining Light","floor":4,"gold_loss":0,"cards_upgraded":["Gash","Clawfect:ScrapingClaw"]},{"damage_healed":0,"gold_gain":0,"player_choice":"Lose Max HP","damage_taken":0,"relics_obtained":["Golden Idol"],"max_hp_gain":0,"max_hp_loss":7,"event_name":"Golden Idol","floor":10,"gold_loss":0},{"damage_healed":0,"gold_gain":0,"player_choice":"1 cards matched","damage_taken":0,"max_hp_gain":0,"max_hp_loss":0,"event_name":"Match and Keep!","floor":14,"gold_loss":0,"cards_obtained":["Conserve Battery"]}],"is_beta":false,"boss_relics":[],"items_purged_floors":[],"is_endless":false,"potions_floor_spawned":[2,3,5,12],"killed_by":"The Guardian","ascension_level":20}}