{"host":"928gv66myv2vlnsd","time":1612912760,"event":{"mods":["BaseMod","Highlight Path","Minty Spire (QoL Compilation)","StSLib"],"gold_per_floor":[110,128,303,253,263,263,278,310,310,141,216,216,34,34,34],"floor_reached":14,"language":"ENG","playtime":284,"items_purged":["Writhe","Strike_B"],"score":141,"play_id":"881700f9-35c3-45de-a103-c0e656bfd836","local_time":"20210209181920","is_ascension_mode":true,"campfire_choices":[{"data":"Beam Cell","floor":6,"key":"SMITH"}],"circlet_count":0,"master_deck":["AscendersBane","Strike_B","Strike_B","Strike_B","Defend_B","Defend_B","Defend_B","Defend_B","Zap","Dualcast","Beam Cell+1","Ball Lightning","Hologram","Sweeping Beam","Chill","Panacea+1","Leap+1","Self Repair"],"relics":["Cracked Core","Ginger","Calipers","Toxic Egg 2"],"acts_visited":["Exordium"],"potions_floor_usage":[8,14],"damage_taken":[{"damage":0,"enemies":"2 Louse","floor":1,"turns":3},{"damage":12,"enemies":"Jaw Worm","floor":2,"turns":3},{"damage":0,"enemies":"Small Slimes","floor":5,"turns":3},{"damage":13,"enemies":"Blue Slaver","floor":7,"turns":4},{"damage":24,"enemies":"Gremlin Nob","floor":8,"turns":4},{"damage":1,"enemies":"3 Sentries","floor":14,"turns":2}],"seed_played":"1737338052588839161","potions_obtained":[{"floor":1,"key":"PotionOfCapacity"},{"floor":5,"key":"Weak Potion"},{"floor":8,"key":"DistilledChaos"}],"is_trial":false,"path_per_floor":["M","M","?","?","M","R","M","E","T","$","?","?","$","E"],"character_chosen":"DEFECT","items_purchased":["Panacea+1","Leap+1","Self Repair"],"campfire_rested":0,"item_purchase_floors":[10,13,13],"current_hp_per_floor":[68,56,56,56,56,56,43,19,19,19,8,1,1,0,0],"gold":34,"neow_bonus":"ONE_RARE_RELIC","is_daily":false,"chose_seed":false,"campfire_upgraded":1,"win_rate":0.0,"timestamp":1612912760,"path_taken":["M","M","?","?","M","R","M","E","T","?","?","?","$","E"],"items_purchased_type":["Card","Card","Card"],"build_version":"2020-12-22","purchased_purges":2,"victory":false,"max_hp_per_floor":[75,75,75,75,75,75,75,75,75,75,75,75,75,75,75],"card_choices":[{"not_picked":["Leap","Streamline"],"picked":"Beam Cell","floor":1},{"not_picked":["Go for the Eyes","Stack"],"picked":"Ball Lightning","floor":2},{"not_picked":["Beam Cell","Skim"],"picked":"Hologram","floor":5},{"not_picked":["Turbo","Steam"],"picked":"Sweeping Beam","floor":7},{"not_picked":["Rebound","Reboot"],"picked":"Chill","floor":8}],"player_experience":1471913,"relics_obtained":[{"floor":8,"key":"Calipers"},{"floor":9,"key":"Toxic Egg 2"}],"event_choices":[{"damage_healed":0,"gold_gain":175,"player_choice":"AGREE","damage_taken":0,"max_hp_gain":0,"max_hp_loss":0,"event_name":"Liars Game","floor":3,"gold_loss":0,"cards_obtained":["Doubt"]},{"cards_removed":["Doubt"],"damage_healed":0,"gold_gain":0,"player_choice":"Card Removal","damage_taken":0,"max_hp_gain":0,"max_hp_loss":0,"event_name":"The Cleric","floor":4,"gold_loss":50},{"damage_healed":0,"gold_gain":75,"player_choice":"Gather Gold","damage_taken":11,"max_hp_gain":0,"max_hp_loss":0,"event_name":"World of Goop","floor":11,"gold_loss":0},{"damage_healed":0,"gold_gain":0,"player_choice":"Fled","damage_taken":7,"max_hp_gain":0,"max_hp_loss":0,"event_name":"Scrap Ooze","floor":12,"gold_loss":0}],"is_beta":false,"boss_relics":[],"items_purged_floors":[10,13],"is_endless":false,"potions_floor_spawned":[1,5,8],"killed_by":"3 Sentries","ascension_level":12}}