{"host":"Jinnai","time":1612897093,"event":{"mods":["BaseMod","Bestiary","Block Reminder","Colored Map","Colored Powertips","Curses Come First","Highlight Path","Minty Spire (QoL Compilation)","Permanent Neow","Potion Indicator Mod","Quick Restart","Relic Stats","StSLib","ojb\u0027s Info Mod"],"gold_per_floor":[116,131,145,145,70,70,89,121,121,132,149,149,4,24,24,124,124,139,159,159,172,172,172,271,271,271,146,146,181,181,211,211,310,310,320,337,337,337,355,371,399,399,423,447,197,197,197,215,215,215,215,215,215,247,247,247],"floor_reached":55,"language":"ENG","playtime":15130,"items_purged":["Strike_B","Strike_B","Hologram"],"score":710,"play_id":"b8adaa2c-ebe2-4bc4-8d61-94374066ef2c","local_time":"20210209135813","is_ascension_mode":false,"campfire_choices":[{"data":"Gash","floor":6,"key":"SMITH"},{"data":"Defend_B","floor":12,"key":"PURGE"},{"data":"Strike_B","floor":15,"key":"PURGE"},{"data":"Zap","floor":23,"key":"PURGE"},{"data":"Hyperbeam+1","floor":30,"key":"PURGE"},{"floor":32,"key":"REST"},{"data":"Gash","floor":42,"key":"SMITH"},{"floor":49,"key":"RECALL"},{"data":"Gash","floor":52,"key":"SMITH"}],"circlet_count":0,"master_deck":["Gash+1","Gash+1","Gash+1","Leap+1","Scrape+1"],"relics":["Cracked Core","Peace Pipe","Meat on the Bone","Astrolabe","Toy Ornithopter","Symbiotic Virus","Blue Candle","Bag of Marbles","Eternal Feather","Bronze Scales","Membership Card","PreservedInsect","Strawberry"],"acts_visited":["Exordium","TheCity","TheBeyond","TheEnding"],"potions_floor_usage":[8,11,41,54,55],"damage_taken":[{"damage":0,"enemies":"Small Slimes","floor":1,"turns":2},{"damage":1,"enemies":"Cultist","floor":2,"turns":3},{"damage":0,"enemies":"2 Louse","floor":3,"turns":2},{"damage":10,"enemies":"2 Fungi Beasts","floor":7,"turns":3},{"damage":12,"enemies":"Lagavulin","floor":8,"turns":6},{"damage":2,"enemies":"3 Louse","floor":10,"turns":2},{"damage":13,"enemies":"Exordium Thugs","floor":11,"turns":2},{"damage":0,"enemies":"Exordium Wildlife","floor":14,"turns":2},{"damage":11,"enemies":"Slime Boss","floor":16,"turns":5},{"damage":7,"enemies":"2 Thieves","floor":18,"turns":2},{"damage":0,"enemies":"3 Byrds","floor":19,"turns":2},{"damage":0,"enemies":"Centurion and Healer","floor":21,"turns":2},{"damage":6,"enemies":"Book of Stabbing","floor":29,"turns":3},{"damage":7,"enemies":"Slavers","floor":31,"turns":2},{"damage":2,"enemies":"Automaton","floor":33,"turns":4},{"damage":0,"enemies":"Orb Walker","floor":35,"turns":1},{"damage":0,"enemies":"3 Darklings","floor":36,"turns":2},{"damage":0,"enemies":"Jaw Worm Horde","floor":39,"turns":2},{"damage":0,"enemies":"4 Shapes","floor":40,"turns":2},{"damage":0,"enemies":"Nemesis","floor":41,"turns":1},{"damage":0,"enemies":"Transient","floor":48,"turns":5},{"damage":36,"enemies":"Donu and Deca","floor":50,"turns":5},{"damage":22,"enemies":"Shield and Spear","floor":54,"turns":3},{"damage":90,"enemies":"The Heart","floor":55,"turns":3}],"seed_played":"-6373750899942887353","potions_obtained":[{"floor":4,"key":"Swift Potion"},{"floor":4,"key":"SneckoOil"},{"floor":4,"key":"BlessingOfTheForge"},{"floor":7,"key":"Fire Potion"},{"floor":8,"key":"FairyPotion"},{"floor":11,"key":"Fire Potion"}],"is_trial":false,"path_per_floor":["M","M","M","?","$","R","M","E","T","M","M","R","$","M","R","B",null,"M","M","T","M","?","R","?","?","T","$","?","E","R","E","R","B",null,"M","M","?","$","M","M","E","R","T","T","$","?","$","M","R","B",null,"R","$","E","B"],"character_chosen":"DEFECT","items_purchased":["Gash","Membership Card","PreservedInsect","SteroidPotion"],"campfire_rested":1,"item_purchase_floors":[13,45,45,45],"current_hp_per_floor":[54,53,53,53,53,53,43,31,31,41,40,40,40,40,40,41,75,68,68,68,68,54,54,54,54,54,54,54,48,48,41,65,63,80,80,80,76,76,76,76,76,76,76,76,76,76,76,76,76,40,76,76,76,61,0,0],"gold":247,"neow_bonus":"REMOVE_TWO","is_daily":false,"chose_seed":false,"campfire_upgraded":3,"win_rate":0.0,"timestamp":1612897093,"path_taken":["M","M","M","?","$","R","M","E","T","M","M","R","$","M","R","BOSS","M","M","?","M","?","R","?","?","T","$","?","E","R","E","R","BOSS","M","M","?","$","M","M","E","R","T","?","$","?","$","M","R","BOSS","R","$","E","BOSS"],"items_purchased_type":["Card","Relic","Relic","Potion"],"build_version":"2020-12-18","purchased_purges":3,"victory":false,"max_hp_per_floor":[75,75,75,75,75,75,75,75,75,75,75,75,75,75,75,75,75,75,75,75,75,80,80,80,80,80,80,80,80,80,80,80,80,80,80,80,76,76,76,76,76,76,76,76,76,76,76,76,76,76,76,76,76,83,83,83],"relic_stats":{"Peace Pipe":4,"counters":[24,66],"Astrolabe":["White Noise","Hyperbeam","Leap"],"Blue Candle":[0],"Bronze Scales":[66],"Eternal Feather":0,"PreservedInsect":68,"obtain_stats":[{"Astrolabe":17,"Blue Candle":29,"Eternal Feather":41,"PreservedInsect":45,"Peace Pipe":8,"Bronze Scales":43,"Strawberry":54,"Bag of Marbles":31,"Membership Card":45,"Cracked Core":0,"Symbiotic Virus":26,"Toy Ornithopter":20,"Meat on the Bone":9},{"Astrolabe":9,"Blue Candle":13,"Eternal Feather":20,"PreservedInsect":20,"Peace Pipe":5,"Bronze Scales":20,"Strawberry":23,"Bag of Marbles":14,"Membership Card":20,"Cracked Core":0,"Symbiotic Virus":12,"Toy Ornithopter":11,"Meat on the Bone":5},{"Astrolabe":27,"Blue Candle":36,"Eternal Feather":50,"PreservedInsect":50,"Peace Pipe":16,"Bronze Scales":50,"Strawberry":63,"Bag of Marbles":38,"Membership Card":50,"Cracked Core":0,"Symbiotic Virus":33,"Toy Ornithopter":31,"Meat on the Bone":16}],"Toy Ornithopter":5,"Meat on the Bone":36},"card_choices":[{"not_picked":["Go for the Eyes","Tempest"],"picked":"Gash","floor":1},{"not_picked":["Loop","Heatsinks","Sweeping Beam"],"picked":"SKIP","floor":2},{"not_picked":["Capacitor","Stack"],"picked":"Gash","floor":3},{"not_picked":["Consume","Undo","Scrape"],"picked":"SKIP","floor":7},{"not_picked":["Streamline","Creative AI","Leap"],"picked":"SKIP","floor":8},{"not_picked":["Turbo","Conserve Battery"],"picked":"Hologram","floor":10},{"not_picked":["Hello World","Rainbow","Sunder"],"picked":"SKIP","floor":11},{"not_picked":["Go for the Eyes","Steam","Redo"],"picked":"SKIP","floor":14},{"not_picked":["Gash","Compile Driver","Turbo"],"picked":"SKIP","floor":18},{"not_picked":["Compile Driver","Consume"],"picked":"Scrape+1","floor":19},{"not_picked":["Ball Lightning+1","Machine Learning","Steam+1"],"picked":"SKIP","floor":21},{"not_picked":["Ball Lightning","BootSequence","Rebound"],"picked":"SKIP","floor":29},{"not_picked":["Redo+1","Cold Snap+1","Glacier"],"picked":"SKIP","floor":31},{"not_picked":["Redo+1","Cold Snap+1","Glacier"],"picked":"SKIP","floor":31},{"not_picked":["Stack+1","FTL","Leap"],"picked":"SKIP","floor":35},{"not_picked":["Gash+1","Leap+1","Turbo"],"picked":"SKIP","floor":36},{"not_picked":["Redo+1","Compile Driver","Hologram"],"picked":"SKIP","floor":39},{"not_picked":["Scrape","Conserve Battery","Sweeping Beam"],"picked":"SKIP","floor":40},{"not_picked":["Storm+1","Coolheaded","Self Repair+1"],"picked":"SKIP","floor":41},{"not_picked":["Beam Cell+1","Redo","Streamline"],"picked":"SKIP","floor":48},{"not_picked":["Conserve Battery+1","Go for the Eyes","Echo Form"],"picked":"SKIP","floor":54}],"player_experience":1685165,"relics_obtained":[{"floor":8,"key":"Peace Pipe"},{"floor":9,"key":"Meat on the Bone"},{"floor":20,"key":"Toy Ornithopter"},{"floor":26,"key":"Symbiotic Virus"},{"floor":29,"key":"Blue Candle"},{"floor":31,"key":"Bag of Marbles"},{"floor":41,"key":"Eternal Feather"},{"floor":43,"key":"Bronze Scales"},{"floor":54,"key":"Strawberry"}],"event_choices":[{"damage_healed":0,"gold_gain":0,"player_choice":"Got Potions","damage_taken":0,"max_hp_gain":0,"max_hp_loss":0,"event_name":"Lab","floor":4,"gold_loss":0},{"damage_healed":0,"gold_gain":0,"player_choice":"Shed Blood","damage_taken":19,"max_hp_gain":5,"max_hp_loss":0,"event_name":"Forgotten Altar","floor":22,"gold_loss":0},{"damage_healed":0,"gold_gain":99,"player_choice":"Stole From Cult","damage_taken":0,"max_hp_gain":0,"max_hp_loss":0,"event_name":"Nest","floor":24,"gold_loss":0},{"cards_removed":["White Noise"],"damage_healed":0,"gold_gain":0,"player_choice":"Elegance","damage_taken":0,"max_hp_gain":0,"max_hp_loss":0,"event_name":"Back to Basics","floor":25,"gold_loss":0},{"damage_healed":0,"gold_gain":0,"player_choice":"Bought 0 Potions","damage_taken":0,"max_hp_gain":0,"max_hp_loss":0,"event_name":"The Woman in Blue","floor":28,"gold_loss":0},{"damage_healed":0,"gold_gain":0,"player_choice":"Max HP","damage_taken":0,"max_hp_gain":0,"max_hp_loss":4,"event_name":"Winding Halls","floor":37,"gold_loss":0},{"damage_healed":0,"gold_gain":0,"player_choice":"Ignored","damage_taken":0,"max_hp_gain":0,"max_hp_loss":0,"event_name":"Tomb of Lord Red Mask","floor":46,"gold_loss":0}],"is_beta":true,"boss_relics":[{"not_picked":["Cursed Key","Fusion Hammer"],"picked":"Astrolabe"},{"not_picked":["Philosopher\u0027s Stone","Sozu","Velvet Choker"]}],"items_purged_floors":[5,13,27],"is_endless":false,"potions_floor_spawned":[7,8,10,11,16,21,31,35,36,48],"killed_by":"The Heart","ascension_level":0}}