{"host":"mal0jdk4f6ubgyb8","time":1612887155,"event":{"mods":["100% Spire Juice","Act Like it!","Aspiration","BaseMod","Gensokyo","KinomotoSakuraMod(木之本樱)","Luminous","Marisa（F雨　魔理沙）","Minty Spire (QoL Compilation)","Quick Restart","Relic Stats","Reliquary","Remilia（蕾米莉亚）","Replay The Spire","StSLib","WarShipGirlsR/战舰少女R mod","Yakumo Yukari mod"],"gold_per_floor":[119,131,142,67,85,113,127,202,275,305,319,346,346,371,371,473,473,487,487,502,417,429,457,477,487,487,506,506,520,551,565,565,668,768,788,329,339,339,135,168,188,188,213,247,247,247],"floor_reached":45,"language":"ZHS","playtime":3356,"items_purged":["Strike_R"],"score":684,"play_id":"73cb74d9-f5f2-42a0-aaa8-048f8effabc0","local_time":"20210210001235","is_ascension_mode":true,"campfire_choices":[{"data":"Armaments","floor":13.0,"key":"SMITH"},{"data":"Armaments","floor":15.0,"key":"SMITH"},{"floor":42.0,"key":"RECALL"}],"circlet_count":0,"master_deck":["Defend_R","Defend_R","Defend_R","Defend_R","Bash","Pummel","Pommel Strike","Armaments+1","Armaments+1","Hemogenesis","Whirlwind","Spot Weakness+1","Sword Boomerang","ReplayReversal+1","Dark Embrace","Hemogenesis","Iron Wave","Brutality","Sword Boomerang+1","Inflame+1","Inflame","Fire Breathing+1","Flex+1","Dual Wield+1","Rupture","Armaments+1","Feed+1","Tantrum+1","Shockwave+1","Berserk","Spot Weakness+1","Spot Weakness+1","Barricade","Infernal Blade+1","FollowUp","FollowUp+1","Burning Pact+1","BowlingBash","EmptyFist"],"relics":["Honey Jar","Replay:PocketPolymizer","Kunai","Toxic Egg 2","reliquary:BallBearing","ScarletDevilRocket","Mark of Pain","Blood Vial","Darkstone Periapt","Replay:Kaleidoscope","aspiration:SeaSaltIceCream","aspiration:Nostalgia","Replay:M_SmolderingBlood","Lizard Tail","Replay:Wanted Poster","reliquary:NewFriend","Sling","Gambling Chip","reliquary:Knoch","MealTicket"],"acts_visited":["Exordium","TheCity","TheBeyond"],"potions_floor_usage":[45,45],"damage_taken":[{"damage":0.0,"enemies":"Small Slimes","floor":1.0,"turns":4.0},{"damage":3.0,"enemies":"2 Louse","floor":2.0,"turns":4.0},{"damage":7.0,"enemies":"Jaw Worm","floor":3.0,"turns":2.0},{"damage":20.0,"enemies":"Lots of Slimes","floor":5.0,"turns":6.0},{"damage":20.0,"enemies":"Lagavulin","floor":6.0,"turns":6.0},{"damage":7.0,"enemies":"Exordium Thugs","floor":7.0,"turns":6.0},{"damage":17.0,"enemies":"3 Sentries","floor":10.0,"turns":8.0},{"damage":5.0,"enemies":"Exordium Wildlife","floor":11.0,"turns":4.0},{"damage":1.0,"enemies":"Replay:BlueRogue","floor":12.0,"turns":7.0},{"damage":9.0,"enemies":"Gremlin Nob","floor":14.0,"turns":3.0},{"damage":30.0,"enemies":"Slime Boss","floor":16.0,"turns":6.0},{"damage":0.0,"enemies":"3 Byrds","floor":18.0,"turns":4.0},{"damage":9.0,"enemies":"Chosen","floor":20.0,"turns":4.0},{"damage":38.0,"enemies":"Centurion and Healer","floor":22.0,"turns":7.0},{"damage":21.0,"enemies":"Slavers","floor":23.0,"turns":3.0},{"damage":19.0,"enemies":"Snecko","floor":24.0,"turns":5.0},{"damage":12.0,"enemies":"Chosen and Byrds","floor":25.0,"turns":4.0},{"damage":29.0,"enemies":"3 Cultists","floor":27.0,"turns":6.0},{"damage":32.0,"enemies":"Centurion and Healer","floor":29.0,"turns":6.0},{"damage":45.0,"enemies":"Book of Stabbing","floor":30.0,"turns":5.0},{"damage":10.0,"enemies":"Cultist and Chosen","floor":31.0,"turns":4.0},{"damage":61.0,"enemies":"Collector","floor":33.0,"turns":5.0},{"damage":27.0,"enemies":"3 Shapes","floor":35.0,"turns":3.0},{"damage":3.0,"enemies":"Orb Walker","floor":37.0,"turns":3.0},{"damage":10.0,"enemies":"Giant Head","floor":40.0,"turns":3.0},{"damage":1.0,"enemies":"Transient","floor":41.0,"turns":5.0},{"damage":14.0,"enemies":"Reptomancer","floor":44.0,"turns":2.0},{"damage":60,"enemies":"Reptomancer","floor":45,"turns":7}],"seed_played":"1911288731311654360","potions_obtained":[{"floor":3.0,"key":"Weak Potion"},{"floor":7.0,"key":"Venom Potion"},{"floor":10.0,"key":"Cursed Concoction"},{"floor":12.0,"key":"DuplicationPotion"},{"floor":20.0,"key":"Explosive Potion"},{"floor":22.0,"key":"Explosive Potion"},{"floor":24.0,"key":"ColorlessPotion"},{"floor":29.0,"key":"AttackPotion"},{"floor":30.0,"key":"LiquidBronze"},{"floor":35.0,"key":"AttackPotion"},{"floor":40.0,"key":"Venom Potion"},{"floor":44.0,"key":"SpeedPotion"}],"is_trial":false,"path_per_floor":["M","M","M","$","M","E","M","?","T","E","M","E","R","E","R","B",null,"M","?","M","?","M","E","M","M","T","M","T","M","E","M","R","B",null,"M","$","M","?","$","E","M","R","T","E","?"],"character_chosen":"IRONCLAD","items_purchased":["reliquary:NewFriend","Spot Weakness+1","Barricade","Sling","FollowUp"],"campfire_rested":0,"item_purchase_floors":[36,36,36,39,39],"current_hp_per_floor":[80,77,70,70,50,30,42,31,31,31,26,36,36,32,32,15,80,80,80,79,79,68,49,42,37,37,34,34,22,3,52,76,17,80,53,53,63,63,63,59,69,69,69,57,0,0],"gold":247,"neow_bonus":"BOSS_RELIC","is_daily":false,"chose_seed":false,"campfire_upgraded":2,"win_rate":0.0,"timestamp":1612887155,"path_taken":["M","M","M","$","M","E","M","?","T","E","M","E","R","E","R","BOSS","M","?","M","?","?","E","?","M","T","M","?","M","E","M","R","BOSS","M","$","M","?","$","E","M","R","T","E","?"],"items_purchased_type":["Relic","Card","Card","Relic","Card"],"build_version":"2020-12-22","purchased_purges":1,"victory":false,"max_hp_per_floor":[80,80,80,80,80,80,80,80,80,80,80,80,80,80,80,80,80,80,80,80,80,80,80,80,80,80,80,80,80,80,80,80,80,80,80,80,80,80,80,84,84,84,84,84,84,84],"relic_stats":{"Blood Vial":27,"Darkstone Periapt":0,"Lizard Tail":40,"counters":[28,132],"Gambling Chip":[8],"MealTicket":0,"Kunai":[13],"obtain_stats":[{"Darkstone Periapt":21,"Replay:PocketPolymizer":6,"ScarletDevilRocket":14,"aspiration:Nostalgia":28,"Replay:Kaleidoscope":23,"aspiration:SeaSaltIceCream":28,"Sling":39,"Burning Blood":0,"Blood Vial":19,"Replay:Wanted Poster":34,"Lizard Tail":30,"Replay:M_SmolderingBlood":28,"Gambling Chip":40,"Honey Jar":0,"reliquary:NewFriend":36,"MealTicket":44,"reliquary:BallBearing":12,"Mark of Pain":17,"Kunai":9,"reliquary:Knoch":43,"Toxic Egg 2":10},{"Darkstone Periapt":13,"Replay:PocketPolymizer":5,"ScarletDevilRocket":10,"aspiration:Nostalgia":18,"Replay:Kaleidoscope":15,"aspiration:SeaSaltIceCream":18,"Sling":24,"Burning Blood":0,"Blood Vial":12,"Replay:Wanted Poster":22,"Lizard Tail":20,"Replay:M_SmolderingBlood":18,"Gambling Chip":25,"Honey Jar":0,"reliquary:NewFriend":23,"MealTicket":27,"reliquary:BallBearing":9,"Mark of Pain":11,"Kunai":6,"reliquary:Knoch":26,"Toxic Egg 2":7},{"Darkstone Periapt":64,"Replay:PocketPolymizer":22,"ScarletDevilRocket":50,"aspiration:Nostalgia":89,"Replay:Kaleidoscope":74,"aspiration:SeaSaltIceCream":89,"Sling":115,"Burning Blood":0,"Blood Vial":60,"Replay:Wanted Poster":109,"Lizard Tail":100,"Replay:M_SmolderingBlood":89,"Gambling Chip":118,"Honey Jar":0,"reliquary:NewFriend":112,"MealTicket":125,"reliquary:BallBearing":47,"Mark of Pain":56,"Kunai":28,"reliquary:Knoch":123,"Toxic Egg 2":36}]},"card_choices":[{"not_picked":["ReplayTheSpireMod:Strike From Hell","Wild Strike","Twin Strike"],"picked":"Pummel","floor":1.0},{"not_picked":["Disarm","Perfected Strike","ReplayTheSpireMod:Strike From Hell"],"picked":"Pommel Strike","floor":2.0},{"not_picked":["Shrug It Off","Warcry","True Grit"],"picked":"Armaments","floor":3.0},{"not_picked":["Burning Pact","Headbutt","Replay:Undeath\u0027s Touch"],"picked":"Armaments","floor":5.0},{"not_picked":["ReplayTheSpireMod:Stacked","Rampage","Thunderclap"],"picked":"Hemogenesis","floor":6.0},{"not_picked":["True Grit","Abandon","Twin Strike"],"picked":"Whirlwind","floor":7.0},{"not_picked":["Iron Wave","Life Link","Run Through"],"picked":"Spot Weakness+1","floor":10.0},{"not_picked":["True Grit+1","Cleave","Run Through"],"picked":"Sword Boomerang","floor":11.0},{"not_picked":["Blood for Blood","Clash","Flame Barrier+1"],"picked":"ReplayReversal+1","floor":12.0},{"not_picked":["Clothesline","Perfected Strike","Body Slam"],"picked":"Hemogenesis","floor":14.0},{"not_picked":["Reaper","Replay:Many Hands+1","Feed"],"picked":"Brutality","floor":16.0},{"not_picked":["Sever Soul+1","Wild Strike","ReplayTheSpireMod:Strike From Hell"],"picked":"Sword Boomerang+1","floor":18.0},{"not_picked":["Headbutt","Clash+1","Carnage"],"picked":"Inflame+1","floor":20.0},{"not_picked":["Clash","Dark Embrace","Shrug It Off+1"],"picked":"Inflame","floor":22.0},{"not_picked":["Metallicize","Cleave","Thunderclap"],"picked":"Fire Breathing+1","floor":23.0},{"not_picked":["Barricade","Intimidate+1","Fire Breathing+1"],"picked":"Flex+1","floor":24.0},{"not_picked":["ReplayTheSpireMod:Corrosion Curse+1","Searing Blow+1","Dark Embrace"],"picked":"Dual Wield+1","floor":25.0},{"not_picked":["Disarm+1","Thunderclap+1","Run Through"],"picked":"Rupture","floor":27.0},{"not_picked":["FlyingSleeves","Heavy Blade","Sword Boomerang"],"picked":"Armaments+1","floor":29.0},{"not_picked":["EmptyFist","Defy Death+1","Armaments+1"],"picked":"Feed","floor":30.0},{"not_picked":["Inflame","Spot Weakness+1","FollowUp"],"picked":"Tantrum+1","floor":31.0},{"not_picked":["Double Tap+1","Exhume+1","Reaper"],"picked":"Berserk","floor":33.0},{"not_picked":["Battle Trance+1","Havoc+1","Clash+1","Cleave+1"],"picked":"SKIP","floor":35.0},{"not_picked":["Crescendo+1","Dark Embrace+1","Hemogenesis"],"picked":"Infernal Blade+1","floor":37.0},{"not_picked":["Halt+1","Armaments+1","Feed"],"picked":"FollowUp+1","floor":40.0},{"not_picked":["Anger+1","Thunderclap+1","Wild Strike+1"],"picked":"Burning Pact+1","floor":41.0},{"not_picked":["Sever Soul","Cleave","BowlingBash"],"picked":"EmptyFist","floor":44.0}],"player_experience":296303,"relics_obtained":[{"floor":6.0,"key":"Replay:PocketPolymizer"},{"floor":9.0,"key":"Kunai"},{"floor":10.0,"key":"Toxic Egg 2"},{"floor":12.0,"key":"reliquary:BallBearing"},{"floor":14.0,"key":"ScarletDevilRocket"},{"floor":23.0,"key":"Replay:Kaleidoscope"},{"floor":28.0,"key":"aspiration:SeaSaltIceCream"},{"floor":30.0,"key":"Lizard Tail"},{"floor":40.0,"key":"Gambling Chip"},{"floor":43.0,"key":"reliquary:Knoch"},{"floor":44.0,"key":"MealTicket"}],"event_choices":[{"damage_healed":0.0,"max_hp_gain":0.0,"max_hp_loss":0.0,"gold_gain":75.0,"event_name":"World of Goop","player_choice":"Gather Gold","floor":8.0,"gold_loss":0.0,"damage_taken":11.0},{"damage_healed":0.0,"max_hp_gain":0.0,"max_hp_loss":0.0,"gold_gain":0.0,"event_name":"Addict","player_choice":"Obtained Relic","floor":21.0,"gold_loss":85.0,"damage_taken":0.0,"relics_obtained":["Darkstone Periapt"]},{"damage_healed":0.0,"max_hp_gain":0.0,"max_hp_loss":0.0,"gold_gain":0.0,"event_name":"Tomb of Lord Red Mask","player_choice":"Ignored","floor":38.0,"gold_loss":0.0,"damage_taken":0.0}],"is_beta":false,"boss_relics":[{"not_picked":["aspiration:WatcherSkillbook","Ectoplasm"],"picked":"Mark of Pain"},{"not_picked":["Runic Pyramid","reliquary:Craggleroot"],"picked":"Replay:Wanted Poster"}],"items_purged_floors":[4],"is_endless":false,"potions_floor_spawned":[3,7,10,12,20,22,24,29,30,35,40,44],"killed_by":"Reptomancer","ascension_level":4}}