{"host":"sian7qp8a9pc9xwd","time":1612907623,"event":{"mods":["BaseMod","Minty Spire (QoL Compilation)","StSLib","SuperFastMode"],"gold_per_floor":[16,16,16,36,36,36,50,50,50,63,81,81,81,97,97,222,222,240,240,127,141,141,141,180,180,180,180,180],"floor_reached":27,"language":"ENG","playtime":938,"items_purged":["Strike_P"],"score":312,"play_id":"a8267c42-4d24-43d1-975f-fd2fe3ddf538","local_time":"20210209165343","is_ascension_mode":true,"campfire_choices":[{"data":"FollowUp","floor":6,"key":"SMITH"},{"data":"CutThroughFate","floor":8,"key":"SMITH"},{"data":"Vigilance","floor":13,"key":"SMITH"},{"data":"Strike_P","floor":15,"key":"SMITH"},{"data":"Pray","floor":23,"key":"SMITH"},{"data":"Prostrate","floor":25,"key":"SMITH"}],"circlet_count":0,"master_deck":["Strike_P+1","Strike_P","Defend_P","Defend_P","Defend_P+1","Eruption+1","Vigilance+1","FollowUp+1","CutThroughFate+1","Brilliance","RitualDagger","Pray+1","ThirdEye+1","Prostrate+1"],"relics":["PureWater","Golden Idol","Centennial Puzzle","Sozu","MutagenicStrength","Omamori","Mummified Hand"],"acts_visited":["Exordium","TheCity"],"potions_floor_usage":[16,24,27],"damage_taken":[{"damage":11,"enemies":"Small Slimes","floor":1,"turns":3},{"damage":4,"enemies":"Jaw Worm","floor":4,"turns":3},{"damage":0,"enemies":"2 Louse","floor":7,"turns":1},{"damage":6,"enemies":"Exordium Thugs","floor":10,"turns":2},{"damage":0,"enemies":"3 Louse","floor":11,"turns":2},{"damage":0,"enemies":"Blue Slaver","floor":14,"turns":1},{"damage":0,"enemies":"Slime Boss","floor":16,"turns":4},{"damage":0,"enemies":"Chosen","floor":18,"turns":3},{"damage":9,"enemies":"2 Thieves","floor":21,"turns":2},{"damage":25,"enemies":"Gremlin Leader","floor":24,"turns":4},{"damage":36,"enemies":"Slavers","floor":27,"turns":4}],"seed_played":"-9042020501532730303","potions_obtained":[{"floor":10,"key":"Fire Potion"},{"floor":14,"key":"Fruit Juice"},{"floor":16,"key":"Strength Potion"}],"is_trial":false,"path_per_floor":["M","?","$","M","?","R","M","R","T","M","M","?","R","M","R","B",null,"M","?","$","M","?","R","E","R","T","E"],"character_chosen":"WATCHER","items_purchased":["Pray"],"campfire_rested":0,"item_purchase_floors":[20],"current_hp_per_floor":[61,43,43,39,25,25,25,25,25,19,19,24,24,24,24,24,77,77,71,71,62,62,62,37,37,37,6,6],"gold":180,"neow_bonus":"REMOVE_TWO","is_daily":false,"chose_seed":false,"campfire_upgraded":6,"win_rate":0.0,"timestamp":1612907623,"path_taken":["M","?","?","M","?","R","M","R","T","M","M","?","R","M","R","BOSS","M","?","?","M","?","R","E","R","T","E"],"items_purchased_type":["Card"],"build_version":"2020-12-22","purchased_purges":1,"victory":false,"max_hp_per_floor":[72,72,72,72,72,72,72,72,72,72,72,77,77,77,77,77,77,77,77,77,77,77,77,77,77,77,82,82],"card_choices":[{"not_picked":["JustLucky","SashWhip"],"picked":"FollowUp","floor":1},{"not_picked":["Fasting2","FollowUp","BowlingBash"],"picked":"SKIP","floor":4},{"not_picked":["Protect","Study"],"picked":"CutThroughFate","floor":7},{"not_picked":["FlyingSleeves","PathToVictory","CrushJoints"],"picked":"SKIP","floor":10},{"not_picked":["Swivel","CarveReality","FollowUp"],"picked":"SKIP","floor":11},{"not_picked":["FlyingSleeves","Halt","SignatureMove"],"picked":"SKIP","floor":14},{"not_picked":["SpiritShield","MasterReality"],"picked":"Brilliance","floor":16},{"not_picked":["ClearTheMind+1","Halt","JustLucky"],"picked":"SKIP","floor":18},{"not_picked":["Crescendo","Evaluate"],"picked":"ThirdEye+1","floor":21},{"not_picked":["Weave","DevaForm"],"picked":"Prostrate","floor":24}],"player_experience":939258,"relics_obtained":[{"floor":9,"key":"Centennial Puzzle"},{"floor":24,"key":"Omamori"},{"floor":26,"key":"Mummified Hand"}],"event_choices":[{"damage_healed":0,"gold_gain":0,"player_choice":"Take Damage","damage_taken":18,"relics_obtained":["Golden Idol"],"max_hp_gain":0,"max_hp_loss":0,"event_name":"Golden Idol","floor":2,"gold_loss":0},{"damage_healed":0,"gold_gain":0,"player_choice":"Entered Light","damage_taken":14,"max_hp_gain":0,"max_hp_loss":0,"event_name":"Shining Light","floor":5,"gold_loss":0,"cards_upgraded":["Eruption","Defend_P"]},{"damage_healed":0,"gold_gain":0,"player_choice":"Donut","damage_taken":0,"max_hp_gain":5,"max_hp_loss":0,"event_name":"Big Fish","floor":12,"gold_loss":0},{"damage_healed":0,"gold_gain":0,"player_choice":"Joined the Cult","damage_taken":6,"max_hp_gain":0,"max_hp_loss":0,"event_name":"Nest","floor":19,"gold_loss":0,"cards_obtained":["RitualDagger"]},{"damage_healed":0,"gold_gain":0,"player_choice":"Inject Mutagens","damage_taken":0,"relics_obtained":["MutagenicStrength"],"max_hp_gain":0,"max_hp_loss":0,"event_name":"Drug Dealer","floor":22,"gold_loss":0}],"is_beta":false,"boss_relics":[{"not_picked":["Pandora\u0027s Box","SlaversCollar"],"picked":"Sozu"}],"items_purged_floors":[20],"is_endless":false,"potions_floor_spawned":[10,14,16,24],"killed_by":"Slavers","ascension_level":3}}