{"host":"d52brwsy6af8zvaq","time":1612844859,"event":{"mods":["AchievementEnabler","BaseMod","Bestiary","Highlight Path","Minty Spire (QoL Compilation)","Quick Restart","Relic Stats","ojb\u0027s Better Paths Mod"],"gold_per_floor":[115,27,44,61,61,93,18,18,92,110,110,140,151,131,131,208,208,219,231,247,247,247,247,0,0,0],"floor_reached":25,"language":"ENG","playtime":1241,"items_purged":["Strike_B"],"score":422,"play_id":"b63bd22f-ddbc-423a-841e-d6735523764d","local_time":"20210208212739","is_ascension_mode":true,"campfire_choices":[{"data":"Zap","floor":8.0,"key":"SMITH"},{"data":"Defragment","floor":11.0,"key":"SMITH"},{"data":"Dualcast","floor":15.0,"key":"SMITH"},{"data":"Buffer","floor":23.0,"key":"SMITH"}],"circlet_count":0,"master_deck":["AscendersBane","Strike_B","Strike_B+1","Defend_B","Defend_B","Defend_B","Defend_B","Zap+1","Dualcast+1","Streamline","Defragment+1","Cold Snap+1","Compile Driver","Glacier","Go for the Eyes","Sunder","Turbo","Buffer+1","Redo+1","Conserve Battery","Core Surge","Buffer+1"],"relics":["Cracked Core","Whetstone","Letter Opener","Pocketwatch","Snecko Eye","Nilry\u0027s Codex","DollysMirror"],"acts_visited":["Exordium","TheCity"],"potions_floor_usage":[25,25],"damage_taken":[{"damage":6.0,"enemies":"Cultist","floor":1.0,"turns":3.0},{"damage":2.0,"enemies":"Small Slimes","floor":3.0,"turns":3.0},{"damage":7.0,"enemies":"2 Louse","floor":4.0,"turns":2.0},{"damage":23.0,"enemies":"3 Sentries","floor":6.0,"turns":9.0},{"damage":0.0,"enemies":"Blue Slaver","floor":10.0,"turns":3.0},{"damage":4.0,"enemies":"Lagavulin","floor":12.0,"turns":7.0},{"damage":2.0,"enemies":"2 Fungi Beasts","floor":13.0,"turns":2.0},{"damage":10.0,"enemies":"Hexaghost","floor":16.0,"turns":11.0},{"damage":0.0,"enemies":"Chosen","floor":18.0,"turns":4.0},{"damage":0.0,"enemies":"Spheric Guardian","floor":19.0,"turns":3.0},{"damage":8.0,"enemies":"Shelled Parasite and Fungi","floor":20.0,"turns":7.0},{"damage":56,"enemies":"Book of Stabbing","floor":25,"turns":7}],"seed_played":"-1056077301123039226","potions_obtained":[{"floor":1.0,"key":"LiquidMemories"},{"floor":6.0,"key":"SteroidPotion"},{"floor":13.0,"key":"Block Potion"},{"floor":16.0,"key":"Energy Potion"}],"is_trial":false,"path_per_floor":["M","$","M","M","?","E","?","R","T","M","R","E","M","?","R","B",null,"M","M","M","?","?","R","$","E"],"character_chosen":"DEFECT","items_purchased":["Defragment","DollysMirror"],"campfire_rested":0,"item_purchase_floors":[2,24],"current_hp_per_floor":[65,65,63,56,56,33,33,33,33,33,33,29,27,27,27,17,63,63,63,55,34,50,50,50,0,0],"gold":0,"neow_bonus":"TEN_PERCENT_HP_BONUS","is_daily":false,"chose_seed":false,"campfire_upgraded":4,"win_rate":0.0,"timestamp":1612844859,"path_taken":["M","$","M","M","?","E","?","R","T","M","R","E","M","?","R","BOSS","M","M","?","?","?","R","?","E"],"items_purchased_type":["Card","Relic"],"build_version":"2020-12-22","purchased_purges":1,"victory":false,"max_hp_per_floor":[78,78,78,78,78,78,78,78,78,78,78,78,78,78,78,78,78,78,78,78,78,78,78,78,78,78],"relic_stats":{"counters":[12,61],"Snecko Eye":[42,28,48,39],"Whetstone":["Strike_B","Cold Snap"],"Letter Opener":[40],"obtain_stats":[{"Nilry\u0027s Codex":21,"DollysMirror":24,"Snecko Eye":17,"Whetstone":6,"Letter Opener":9,"Cracked Core":0,"Pocketwatch":12},{"Nilry\u0027s Codex":11,"DollysMirror":11,"Snecko Eye":8,"Whetstone":4,"Letter Opener":4,"Cracked Core":0,"Pocketwatch":6},{"Nilry\u0027s Codex":54,"DollysMirror":54,"Snecko Eye":40,"Whetstone":17,"Letter Opener":17,"Cracked Core":0,"Pocketwatch":27}],"Pocketwatch":[33]},"card_choices":[{"not_picked":["Undo","Hello World"],"picked":"Streamline","floor":1.0},{"not_picked":["Go for the Eyes","Turbo"],"picked":"Cold Snap","floor":3.0},{"not_picked":["Storm","Tempest"],"picked":"Compile Driver","floor":4.0},{"not_picked":["Reinforced Body","Double Energy"],"picked":"Glacier","floor":6.0},{"not_picked":["Reprogram","Streamline"],"picked":"Go for the Eyes","floor":10.0},{"not_picked":["Machine Learning","Double Energy"],"picked":"Sunder","floor":12.0},{"not_picked":["Streamline","Rebound"],"picked":"Turbo","floor":13.0},{"not_picked":["Machine Learning","Fission"],"picked":"Buffer","floor":16.0},{"not_picked":["Rebound","Beam Cell"],"picked":"Redo+1","floor":18.0},{"not_picked":["Blizzard","Recycle"],"picked":"Conserve Battery","floor":19.0},{"not_picked":["Lockon","Hologram"],"picked":"Core Surge","floor":20.0}],"player_experience":2194691,"relics_obtained":[{"floor":6.0,"key":"Whetstone"},{"floor":9.0,"key":"Letter Opener"},{"floor":12.0,"key":"Pocketwatch"},{"floor":21.0,"key":"Nilry\u0027s Codex"}],"event_choices":[{"damage_healed":0.0,"max_hp_gain":0.0,"max_hp_loss":0.0,"gold_gain":0.0,"event_name":"Shining Light","player_choice":"Ignored","floor":5.0,"gold_loss":0.0,"damage_taken":0.0},{"cards_removed":["Strike_B"],"damage_healed":0.0,"max_hp_gain":0.0,"max_hp_loss":0.0,"gold_gain":0.0,"event_name":"The Cleric","player_choice":"Card Removal","floor":7.0,"gold_loss":75.0,"damage_taken":0.0},{"damage_healed":0.0,"max_hp_gain":0.0,"max_hp_loss":0.0,"gold_gain":0.0,"event_name":"The Woman in Blue","player_choice":"Bought 1 Potion","floor":14.0,"gold_loss":0.0,"damage_taken":0.0},{"damage_healed":0.0,"max_hp_gain":0.0,"max_hp_loss":0.0,"gold_gain":0.0,"event_name":"Cursed Tome","player_choice":"Obtained Book","floor":21.0,"gold_loss":0.0,"damage_taken":21.0},{"damage_healed":16.0,"max_hp_gain":0.0,"max_hp_loss":0.0,"gold_gain":0.0,"event_name":"The Library","player_choice":"Heal","floor":22.0,"gold_loss":0.0,"damage_taken":0.0}],"is_beta":false,"boss_relics":[{"not_picked":["FrozenCore","Ectoplasm"],"picked":"Snecko Eye"}],"items_purged_floors":[24],"is_endless":false,"potions_floor_spawned":[1,6,13,16,19],"killed_by":"Book of Stabbing","ascension_level":20}}