{"host":"ryxkq7m36cv0y2ky","time":1612912377,"event":{"mods":["100% Spire Juice","BaseMod","Duelist Mod","Hubris","Marisa????????","Minty Spire (QoL Compilation)","Reliquary","Remilia??????","Replay The Spire","Spire Arcade","StSLib","The Cursed","The Disciple","The Marked","The Mystic","The Necromancer","The Runesmith","The Servant 0.9.4"],"gold_per_floor":[119,129,139,214,214,241,241,274,298,8,23,23,0,12,12,12,12],"floor_reached":16,"language":"ENG","playtime":1030,"items_purged":[],"score":110,"play_id":"2c4075a1-2d6d-46c4-a9fa-1322075d135c","local_time":"20210210094257","is_ascension_mode":false,"campfire_choices":[{"data":"mysticmod:Flurry","floor":7,"key":"SMITH"},{"floor":15,"key":"REST"}],"circlet_count":0,"master_deck":["mysticmod:Strike_Mystic","mysticmod:Strike_Mystic","mysticmod:Strike_Mystic","mysticmod:Strike_Mystic","mysticmod:Defend_Mystic","mysticmod:Defend_Mystic","mysticmod:Defend_Mystic","mysticmod:Defend_Mystic","mysticmod:ArcaneDodge","mysticmod:ShockingGrasp","mysticmod:PureInstinct","mysticmod:SuddenClarity","mysticmod:Riposte","mysticmod:Flurry+1","mysticmod:Alacrity","mysticmod:Probe+1","mysticmod:TomeOfSpells","mysticmod:Probe+1","mysticmod:DiviningBlow"],"relics":["hubris:SlimyHat","reliquary:Aerogel","Replay:Rubber Ducky","Golden Egg","m_BookOfShivs"],"acts_visited":["Exordium"],"potions_floor_usage":[16,16,16],"damage_taken":[{"damage":1,"enemies":"Jaw Worm","floor":1,"turns":6},{"damage":0,"enemies":"2 Louse","floor":2,"turns":3},{"damage":0,"enemies":"Small Slimes","floor":3,"turns":4},{"damage":25,"enemies":"Gremlin Nob","floor":6,"turns":5},{"damage":17,"enemies":"3 Sentries","floor":8,"turns":10},{"damage":0,"enemies":"Exordium Thugs","floor":11,"turns":5},{"damage":5,"enemies":"Lots of Slimes","floor":14,"turns":4},{"damage":94,"enemies":"Fading Forest","floor":16,"turns":7}],"seed_played":"496137118266389918","potions_obtained":[{"floor":3,"key":"Dexterity Potion"},{"floor":6,"key":"FearPotion"},{"floor":11,"key":"LiquidBronze"}],"is_trial":false,"path_per_floor":["M","M","M","?","?","E","R","E","T","$","M","?","$","M","R","B"],"character_chosen":"MYSTIC_CLASS","items_purchased":["Golden Egg","mysticmod:Probe","mysticmod:Probe"],"campfire_rested":1,"item_purchase_floors":[10,10,13],"current_hp_per_floor":[83,83,83,72,75,50,50,33,33,33,33,33,33,28,54,0,0],"gold":12,"neow_bonus":"TEN_PERCENT_HP_BONUS","is_daily":false,"chose_seed":false,"campfire_upgraded":1,"win_rate":0.0,"timestamp":1612912377,"path_taken":["M","M","M","?","?","E","R","E","T","$","M","?","?","M","R","BOSS"],"items_purchased_type":["Relic","Card","Card"],"build_version":"2020-12-22","purchased_purges":0,"victory":false,"max_hp_per_floor":[84,84,84,84,87,87,87,87,87,87,87,87,87,87,87,87,87],"card_choices":[{"not_picked":["mysticmod:ChargedParry","mysticmod:Alacrity"],"picked":"mysticmod:PureInstinct","floor":1},{"not_picked":["mysticmod:Daze","mysticmod:PureInstinct"],"picked":"mysticmod:SuddenClarity","floor":2},{"not_picked":["mysticmod:Flourish","mysticmod:EarthenWall"],"picked":"mysticmod:Riposte","floor":3},{"not_picked":["mysticmod:DiviningBlow","mysticmod:HeavyStrike"],"picked":"mysticmod:Flurry","floor":6},{"not_picked":["mysticmod:ChargedParry","mysticmod:HunkerDown"],"picked":"mysticmod:Alacrity","floor":8},{"not_picked":["mysticmod:Daze","mysticmod:BladeMaster"],"picked":"mysticmod:TomeOfSpells","floor":11},{"not_picked":["mysticmod:Alacrity","Concentrate"],"picked":"mysticmod:DiviningBlow","floor":14}],"player_experience":325382,"relics_obtained":[{"floor":6,"key":"hubris:SlimyHat"},{"floor":8,"key":"reliquary:Aerogel"},{"floor":9,"key":"Replay:Rubber Ducky"}],"event_choices":[{"damage_healed":0,"gold_gain":75,"player_choice":"Gather Gold","damage_taken":11,"max_hp_gain":0,"max_hp_loss":0,"event_name":"World of Goop","floor":4,"gold_loss":0}],"is_beta":false,"boss_relics":[],"items_purged_floors":[],"is_endless":false,"potions_floor_spawned":[3,6,11,14],"killed_by":"Fading Forest","ascension_level":0}}