{"host":"xi8yg1ddhptuxb9d","time":1612913533,"event":{"mods":["AchievementEnabler","BaseMod","Block Reminder","Minty Spire (QoL Compilation)","Relic Sorter","StSLib"],"gold_per_floor":[116,128,146,146,13,38,38,66,93,93,111,141,141,157,157,228,228,244,244,259,309,322,322,351,368,368,368,388,408,420,144,144,144,144],"floor_reached":33,"language":"ENG","playtime":2258,"items_purged":[],"score":545,"play_id":"d45e0af9-afe8-4b71-9761-9d180d328e77","local_time":"20210209183213","is_ascension_mode":true,"campfire_choices":[{"floor":7.0,"key":"REST"},{"floor":10.0,"key":"REST"},{"data":"Dark Embrace","floor":13.0,"key":"SMITH"},{"data":"Bash","floor":15.0,"key":"SMITH"},{"data":"Rupture","floor":23.0,"key":"SMITH"},{"floor":27.0,"key":"REST"},{"data":"Uppercut","floor":32.0,"key":"SMITH"}],"circlet_count":0,"master_deck":["AscendersBane","Defend_R","Defend_R","Defend_R","Defend_R","Bash+1","Clothesline","Rupture+1","Battle Trance","Pummel","Shrug It Off","Dark Embrace+1","Clothesline","Ghostly Armor","Headbutt","Offering","Bite","Bite","Bite","Bite","Bite","Combust+1","Uppercut+1","Exhume","Bloodletting"],"relics":["Mark of Pain","Potion Belt","Regal Pillow","Orichalcum","Happy Flower","Cursed Key","Akabeko","Eternal Feather"],"acts_visited":["Exordium","TheCity"],"potions_floor_usage":[33],"damage_taken":[{"damage":1.0,"enemies":"Cultist","floor":1.0,"turns":3.0},{"damage":2.0,"enemies":"Jaw Worm","floor":2.0,"turns":3.0},{"damage":12.0,"enemies":"Small Slimes","floor":3.0,"turns":4.0},{"damage":21.0,"enemies":"Lagavulin","floor":6.0,"turns":8.0},{"damage":25.0,"enemies":"Gremlin Nob","floor":8.0,"turns":4.0},{"damage":1.0,"enemies":"3 Louse","floor":11.0,"turns":3.0},{"damage":18.0,"enemies":"Lagavulin","floor":12.0,"turns":8.0},{"damage":0.0,"enemies":"Exordium Thugs","floor":14.0,"turns":3.0},{"damage":45.0,"enemies":"Hexaghost","floor":16.0,"turns":13.0},{"damage":12.0,"enemies":"3 Byrds","floor":18.0,"turns":5.0},{"damage":8.0,"enemies":"Chosen","floor":20.0,"turns":3.0},{"damage":32.0,"enemies":"Centurion and Healer","floor":22.0,"turns":4.0},{"damage":43.0,"enemies":"Book of Stabbing","floor":24.0,"turns":6.0},{"damage":8.0,"enemies":"Cultist and Chosen","floor":25.0,"turns":5.0},{"damage":32.0,"enemies":"Snake Plant","floor":28.0,"turns":4.0},{"damage":17.0,"enemies":"Snecko","floor":29.0,"turns":4.0},{"damage":18.0,"enemies":"Shelled Parasite and Fungi","floor":30.0,"turns":4.0},{"damage":43,"enemies":"Collector","floor":33,"turns":3}],"seed_played":"8533351597111541347","potions_obtained":[{"floor":2.0,"key":"BloodPotion"},{"floor":3.0,"key":"SpeedPotion"},{"floor":8.0,"key":"Weak Potion"},{"floor":11.0,"key":"SneckoOil"},{"floor":14.0,"key":"FairyPotion"},{"floor":20.0,"key":"DuplicationPotion"},{"floor":24.0,"key":"Weak Potion"},{"floor":29.0,"key":"PowerPotion"}],"is_trial":false,"path_per_floor":["M","M","M","?","$","E","R","E","T","R","M","E","R","M","R","B",null,"M","?","M","?","M","R","E","M","T","R","M","M","M","$","R","B"],"character_chosen":"IRONCLAD","items_purchased":["Pummel","Shrug It Off","Eternal Feather"],"campfire_rested":3,"item_purchase_floors":[5,5,31],"current_hp_per_floor":[67,65,53,58,58,37,61,36,36,75,74,56,56,56,56,11,63,51,51,53,48,32,32,12,16,16,47,21,16,22,22,37,0,0],"gold":144,"neow_bonus":"BOSS_RELIC","is_daily":false,"chose_seed":false,"campfire_upgraded":4,"win_rate":0.0,"timestamp":1612913533,"path_taken":["M","?","M","?","$","E","R","E","T","R","M","E","R","M","R","BOSS","M","?","M","?","M","R","E","M","T","R","M","M","M","$","R","BOSS"],"items_purchased_type":["Card","Card","Relic"],"build_version":"2020-12-22","purchased_purges":0,"victory":false,"max_hp_per_floor":[75,75,75,80,80,80,80,80,80,80,80,80,80,80,80,80,80,80,56,56,56,56,56,56,56,56,56,56,56,56,56,56,56,56],"card_choices":[{"not_picked":["Dark Embrace","Seeing Red"],"picked":"Clothesline","floor":1.0},{"not_picked":["Wild Strike","Flex"],"picked":"Rupture","floor":2.0},{"not_picked":["Cleave","Dual Wield"],"picked":"Battle Trance","floor":3.0},{"not_picked":["Intimidate","Anger"],"picked":"Dark Embrace","floor":6.0},{"not_picked":["Sword Boomerang","Rampage"],"picked":"Clothesline","floor":8.0},{"not_picked":["Body Slam","Battle Trance","Whirlwind"],"picked":"SKIP","floor":11.0},{"not_picked":["Twin Strike","Anger"],"picked":"Ghostly Armor","floor":12.0},{"not_picked":["Barricade","Power Through"],"picked":"Headbutt","floor":14.0},{"not_picked":["Bludgeon","Double Tap"],"picked":"Offering","floor":16.0},{"not_picked":["Warcry","Headbutt","Battle Trance"],"picked":"SKIP","floor":18.0},{"not_picked":["Havoc","Pommel Strike+1"],"picked":"Combust+1","floor":20.0},{"not_picked":["Anger","Iron Wave"],"picked":"Uppercut","floor":22.0},{"not_picked":["Twin Strike","Armaments"],"picked":"Exhume","floor":24.0},{"not_picked":["Armaments","Clothesline","Combust"],"picked":"SKIP","floor":25.0},{"not_picked":["Twin Strike","Metallicize","Iron Wave+1"],"picked":"SKIP","floor":28.0},{"not_picked":["Headbutt+1","Iron Wave","Sword Boomerang"],"picked":"SKIP","floor":29.0},{"not_picked":["Flex+1","Wild Strike"],"picked":"Bloodletting","floor":30.0}],"player_experience":705788,"relics_obtained":[{"floor":6.0,"key":"Potion Belt"},{"floor":8.0,"key":"Regal Pillow"},{"floor":9.0,"key":"Orichalcum"},{"floor":12.0,"key":"Happy Flower"},{"floor":24.0,"key":"Akabeko"}],"event_choices":[{"damage_healed":0.0,"max_hp_gain":5.0,"max_hp_loss":0.0,"gold_gain":0.0,"event_name":"Big Fish","player_choice":"Donut","floor":4.0,"gold_loss":0.0,"damage_taken":0.0},{"damage_healed":0.0,"max_hp_gain":0.0,"max_hp_loss":24.0,"gold_gain":0.0,"event_name":"Vampires","player_choice":"Became a vampire","floor":19.0,"gold_loss":0.0,"damage_taken":0.0,"cards_obtained":["Bite","Bite","Bite","Bite","Bite"]},{"damage_healed":0.0,"max_hp_gain":0.0,"max_hp_loss":0.0,"gold_gain":50.0,"event_name":"FaceTrader","player_choice":"Touch","floor":21.0,"gold_loss":0.0,"damage_taken":5.0}],"is_beta":false,"boss_relics":[{"not_picked":["Empty Cage","Pandora\u0027s Box"],"picked":"Cursed Key"}],"items_purged_floors":[],"is_endless":false,"potions_floor_spawned":[2,3,8,11,14,20,24,29],"killed_by":"Collector","ascension_level":16}}