{"host":"u2tqs5prbwebzr58","time":1612857472,"event":{"mods":["BaseMod","Better Skull","Hermit","Jorbs\u0027s Wanderer Trilogy","Marisa????????","Minty Spire (QoL Compilation)","Prisma Mod","READ ME - Guardian Mod","Shade Mod","StSLib","The Bug Knight","The Cursed","The Disciple","The Druid","The Hierophant","The Necromancer","The Senshi","The Servant 0.9.4"],"gold_per_floor":[114,114,39,139,155,182,192,224,269,289,289,301,333,345,345,447,447,463,218,238,238,257,272,272,284,284,284,209,239,239,273,273,378,378,389,409,459,45,45,45,70,84,84,115,132,143,143,163,163,163],"floor_reached":51,"language":"ENG","playtime":3185,"items_purged":["Strike_W","Defend_W"],"score":780,"play_id":"6f17655a-2336-41d3-b14d-763faf4745d5","local_time":"20210208235752","is_ascension_mode":true,"campfire_choices":[{"floor":11,"key":"REST"},{"data":"Bone_Bullets","floor":15,"key":"SMITH"},{"floor":24,"key":"REST"},{"floor":27,"key":"REST"},{"data":"Summon_Lich","floor":30,"key":"SMITH"},{"floor":32,"key":"REST"},{"data":"1","floor":40,"key":"LIFT"},{"data":"2","floor":47,"key":"LIFT"},{"floor":49,"key":"REST"}],"circlet_count":0,"master_deck":["Strike_W","Strike_W","Defend_W+1","Defend_W","Defend_W","Negative_Energy_Arrows","Bone_Wall+1","Death_March_Dance","Summon_Lich+1","Bone_Prison","Bone_Bullets","Bone_Spikes","Bone_Bullets+1","Skeleton_Dragon","Bone_Armor","Spectral_Walk","Summon_Death_Knight","Siphon_Strength+1","Whirlwind_of_Bones","Bone_Armory+1","Life_Tap"],"relics":["Vampire_Amulet","NeowsBlessing","Mercury Hourglass","Lantern","Regal Pillow","Blue Candle","SlaversCollar","Bronze Scales","Darkstone Periapt","PreservedInsect","Omamori","Fusion Hammer","Girya","Orichalcum","Sundial","Dead Branch","Bottled Flame","Boot"],"acts_visited":["Exordium","TheCity","TheBeyond"],"potions_floor_usage":[6,16,29,33,41,44,45,50,50],"damage_taken":[{"damage":0,"enemies":"Small Slimes","floor":1,"turns":1},{"damage":0,"enemies":"Cultist","floor":5,"turns":1},{"damage":12,"enemies":"HollowMod:MossKnight","floor":6,"turns":6},{"damage":0,"enemies":"2 Louse","floor":7,"turns":2},{"damage":18,"enemies":"3 Sentries","floor":8,"turns":5},{"damage":6,"enemies":"2 Fungi Beasts","floor":10,"turns":2},{"damage":0,"enemies":"Gremlin Gang","floor":12,"turns":3},{"damage":9,"enemies":"Lagavulin","floor":13,"turns":5},{"damage":4,"enemies":"Red Slaver","floor":14,"turns":2},{"damage":25,"enemies":"The Guardian","floor":16,"turns":10},{"damage":2,"enemies":"3 Byrds","floor":18,"turns":4},{"damage":27,"enemies":"Shell Parasite","floor":20,"turns":6},{"damage":31,"enemies":"Centurion and Healer","floor":22,"turns":7},{"damage":18,"enemies":"Snake Plant","floor":23,"turns":4},{"damage":19,"enemies":"Snecko","floor":25,"turns":4},{"damage":34,"enemies":"Slavers","floor":29,"turns":4},{"damage":13,"enemies":"Gremlin Leader","floor":31,"turns":4},{"damage":66,"enemies":"Collector","floor":33,"turns":10},{"damage":0,"enemies":"3 Shapes","floor":35,"turns":5},{"damage":5,"enemies":"3 Darklings","floor":36,"turns":4},{"damage":0,"enemies":"Mind Bloom Boss Battle","floor":37,"turns":4},{"damage":15,"enemies":"Reptomancer","floor":41,"turns":4},{"damage":0,"enemies":"Spire Growth","floor":42,"turns":4},{"damage":26,"enemies":"Giant Head","floor":44,"turns":8},{"damage":4,"enemies":"Transient","floor":45,"turns":5},{"damage":2,"enemies":"Sphere and 2 Shapes","floor":46,"turns":3},{"damage":23,"enemies":"3 Darklings","floor":48,"turns":3},{"damage":42,"enemies":"Donu and Deca","floor":50,"turns":6}],"seed_played":"1297844411486552301","potions_obtained":[{"floor":5,"key":"SteroidPotion"},{"floor":6,"key":"DuplicationPotion"},{"floor":13,"key":"SpeedPotion"},{"floor":14,"key":"FearPotion"},{"floor":18,"key":"DistilledChaos"},{"floor":20,"key":"FairyPotion"},{"floor":36,"key":"SkillPotion"},{"floor":39,"key":"LiquidBronze"},{"floor":39,"key":"LiquidMemories"},{"floor":41,"key":"DistilledChaos"},{"floor":44,"key":"Regen Potion"}],"is_trial":false,"path_per_floor":["M","?","$","?","M","E","M","E","T","M","R","M","E","M","R","B",null,"M","$","M","?","M","M","R","M","T","R","?","E","R","E","R","B",null,"M","M","?","$","?","R","E","M","T","E","M","M","R","M","R","B",null],"character_chosen":"NECROMANCER","items_purchased":["Bronze Scales","Orichalcum","Sundial"],"campfire_rested":5,"item_purchase_floors":[19,38,38],"current_hp_per_floor":[75,60,60,60,62,52,56,44,44,42,75,75,68,66,66,43,75,75,75,50,36,9,20,59,42,42,80,80,52,52,45,80,24,80,80,77,80,80,80,80,72,74,74,50,62,66,66,45,80,42],"gold":163,"neow_bonus":"THREE_ENEMY_KILL","is_daily":false,"chose_seed":false,"campfire_upgraded":2,"win_rate":0.0,"timestamp":1612857472,"path_taken":["M","?","$","?","M","E","M","E","T","M","R","M","E","M","R","BOSS","M","?","M","?","M","M","R","M","T","R","?","E","R","E","R","BOSS","M","M","?","$","?","R","E","M","T","E","M","?","R","M","R","BOSS"],"items_purchased_type":["Relic","Relic","Relic"],"build_version":"2020-12-22","purchased_purges":2,"victory":true,"max_hp_per_floor":[75,75,75,75,75,75,75,75,75,75,75,75,75,75,75,75,75,75,75,75,80,80,80,80,80,80,80,80,80,80,80,80,80,80,80,80,80,80,80,80,80,80,80,80,80,80,80,80,80,80],"card_choices":[{"not_picked":["Death_Coil","Toxic_Smoke_Screen"],"picked":"Death_March_Dance","floor":1},{"not_picked":["Bone_Armor","Plague_Bolt"],"picked":"Summon_Lich","floor":5},{"not_picked":["Acid_Javelin","Requiem","Shackles_Of_Pain"],"picked":"SKIP","floor":6},{"not_picked":["Blood_Shield","Death_Coil"],"picked":"Bone_Prison","floor":7},{"not_picked":["Life_Tap","Plague_Bolt"],"picked":"Bone_Bullets","floor":8},{"not_picked":["Negative_Energy_Bomb","Negative_Energy_Javelin"],"picked":"Bone_Spikes","floor":10},{"not_picked":["Negative_Energy_Sphere","Chill_Blood"],"picked":"Bone_Bullets","floor":12},{"not_picked":["Violent_Necrosis","Death_Coil","Blood_Curse"],"picked":"SKIP","floor":13},{"not_picked":["Toxic_Smoke_Screen","Violent_Necrosis","Bones_to_Steel"],"picked":"SKIP","floor":14},{"not_picked":["Grasp_Heart","Blood_Wake"],"picked":"Skeleton_Dragon","floor":16},{"not_picked":["Toxic_Smoke_Screen","Bones_to_Steel"],"picked":"Bone_Armor","floor":18},{"not_picked":["Death_March_Dance+1","Vampiric_Strike+1","Blood_Curse"],"picked":"SKIP","floor":20},{"not_picked":["Scare","Stop_Heart","Pandemic+1"],"picked":"SKIP","floor":22},{"not_picked":["Negative_Energy_Javelin","Bones_to_Steel","Negative_Energy_Bomb"],"picked":"SKIP","floor":23},{"not_picked":["Shade_Step","Bone_Prison","Chill_Blood"],"picked":"SKIP","floor":25},{"not_picked":["Death_Knell","Negative_Energy_Sphere","Blood_for_Blood"],"picked":"SKIP","floor":29},{"not_picked":["Chill_Blood+1","Bone_Spikes"],"picked":"Spectral_Walk","floor":31},{"not_picked":["Summon_Vampire_Lady","Negative_Energy_Bomb"],"picked":"Summon_Death_Knight","floor":33},{"not_picked":["Death_March_Dance+1","Toxic_Smoke_Screen","Death_Coil+1"],"picked":"SKIP","floor":35},{"not_picked":["Flesh_Made_Foul+1","Bones_to_Steel"],"picked":"Siphon_Strength+1","floor":36},{"not_picked":["Life_Drain","Necromantic_Selection+1"],"picked":"Whirlwind_of_Bones","floor":41},{"not_picked":["Plague_Bolt","Bone_Armor","Consume_Illness"],"picked":"SKIP","floor":42},{"not_picked":["Acid_Javelin+1","Siphon_Strength"],"picked":"Bone_Armory+1","floor":44},{"not_picked":["Finger_Of_Death","Bone_Prison","Whirlwind_of_Bones"],"picked":"SKIP","floor":45},{"not_picked":["Toxic_Smoke_Screen+1","Skeleton_Dragon","Blood_Shield+1"],"picked":"SKIP","floor":46},{"not_picked":["Death_Knell","Epidemic+1"],"picked":"Life_Tap","floor":48}],"player_experience":514167,"relics_obtained":[{"floor":6,"key":"Mercury Hourglass"},{"floor":8,"key":"Lantern"},{"floor":9,"key":"Regal Pillow"},{"floor":13,"key":"Blue Candle"},{"floor":26,"key":"Darkstone Periapt"},{"floor":29,"key":"PreservedInsect"},{"floor":31,"key":"Omamori"},{"floor":37,"key":"Girya"},{"floor":41,"key":"Dead Branch"},{"floor":43,"key":"Bottled Flame"},{"floor":44,"key":"Boot"}],"event_choices":[{"damage_healed":0,"gold_gain":0,"player_choice":"Entered Light","damage_taken":15,"max_hp_gain":0,"max_hp_loss":0,"event_name":"Shining Light","floor":2,"gold_loss":0,"cards_upgraded":["Bone_Wall","Defend_W"]},{"damage_healed":0,"gold_gain":100,"player_choice":"Pray","damage_taken":0,"max_hp_gain":0,"max_hp_loss":0,"event_name":"Golden Shrine","floor":4,"gold_loss":0},{"damage_healed":0,"gold_gain":0,"player_choice":"Shed Blood","damage_taken":19,"max_hp_gain":5,"max_hp_loss":0,"event_name":"Forgotten Altar","floor":21,"gold_loss":0},{"cards_removed":["Strike_W"],"damage_healed":0,"gold_gain":0,"player_choice":"Gave Gold","damage_taken":0,"max_hp_gain":0,"max_hp_loss":0,"event_name":"Beggar","floor":28,"gold_loss":75},{"damage_healed":0,"gold_gain":0,"player_choice":"Fight","damage_taken":0,"max_hp_gain":0,"max_hp_loss":0,"event_name":"MindBloom","floor":37,"gold_loss":0},{"damage_healed":0,"gold_gain":0,"player_choice":"Got Potions","damage_taken":0,"max_hp_gain":0,"max_hp_loss":0,"event_name":"Lab","floor":39,"gold_loss":0}],"is_beta":false,"boss_relics":[{"not_picked":["Empty Cage","Velvet Choker"],"picked":"SlaversCollar"},{"not_picked":["Philosopher\u0027s Stone","Pandora\u0027s Box"],"picked":"Fusion Hammer"}],"items_purged_floors":[3,19],"is_endless":false,"potions_floor_spawned":[5,6,13,14,18,20,22,36,41,42,44],"ascension_level":1}}