{"host":"4qjjfc8z9nom5eko","time":1612900182,"event":{"mods":["Abigail Mod","AchievementEnabler","Act Like it!","BaseMod","BetterRewards","Chen","Colored Map","Colored Powertips","Custom Start","Friendly Minions","Gensokyo","Googly Eyes","Highlight Path","Kiyohime????","Koishi","Marisa????????","Minty Spire (QoL Compilation)","Prisma Mod","Random Character Button","Reimu??????","Remilia??????","Shop Mod","StSLib","SuperFastMode","everything is the same but u backflip on backflip"],"gold_per_floor":[119,119,137,154,229,257,257,257,257,257,257,275,293,304,304,402,402,418,418,418,418,436,436,22,52,52,52,52],"floor_reached":27,"language":"ENG","playtime":791,"items_purged":[],"score":231,"play_id":"a150b5d6-5428-4f42-b4bb-6fbb9b1d725a","local_time":"20210210064942","is_ascension_mode":false,"campfire_choices":[{"floor":8,"key":"REST"},{"data":"Zap","floor":10,"key":"SMITH"},{"floor":15,"key":"REST"},{"data":"EndlessPower","floor":23,"key":"SMITH"}],"circlet_count":0,"master_deck":["Strike_B+1","Strike_B","Defend_B","Defend_B","Defend_B","Defend_B","Zap+1","Dualcast","Ball Lightning","Capacitor","Rainbow+1","Ball Lightning","Cold Snap","Biased Cognition","Recycle","Steam Power","Wrath_TH","EndlessPower+1","Go for the Eyes+1"],"relics":["Philosopher\u0027s Stone","Shuriken","Juzu Bracelet","Strawberry","Smiling Mask","Runic Dome","Kunai","ClockworkSouvenir","Frozen Egg 2","Pocketwatch"],"acts_visited":["Exordium","TheCity"],"potions_floor_usage":[25,25],"damage_taken":[{"damage":1,"enemies":"2 Louse","floor":1,"turns":3},{"damage":0,"enemies":"Jaw Worm","floor":3,"turns":3},{"damage":0,"enemies":"Cultist","floor":4,"turns":3},{"damage":26,"enemies":"Gremlin Nob","floor":6,"turns":4},{"damage":14,"enemies":"3 Louse","floor":12,"turns":4},{"damage":6,"enemies":"Gremlin Gang","floor":13,"turns":5},{"damage":2,"enemies":"Looter","floor":14,"turns":3},{"damage":35,"enemies":"Hexaghost","floor":16,"turns":8},{"damage":9,"enemies":"Shell Parasite","floor":18,"turns":4},{"damage":28,"enemies":"Chosen","floor":22,"turns":5},{"damage":41,"enemies":"Gremlin Leader","floor":25,"turns":4},{"damage":10,"enemies":"Snake Plant","floor":27,"turns":1}],"seed_played":"5490804948137254872","potions_obtained":[{"floor":3,"key":"DistilledChaos"},{"floor":13,"key":"BlessingOfTheForge"},{"floor":14,"key":"Ancient Potion"},{"floor":16,"key":"DistilledChaos"},{"floor":18,"key":"Strength Potion"}],"is_trial":false,"path_per_floor":["M","?","M","M","?","E","T","R","T","R","?","M","M","M","R","B",null,"M","?","?","?","M","R","$","E","T","M"],"character_chosen":"DEFECT","items_purchased":["Kunai","ClockworkSouvenir"],"campfire_rested":2,"item_purchase_floors":[24,24],"current_hp_per_floor":[74,56,56,56,45,19,26,50,50,50,34,20,14,12,36,1,82,73,78,78,78,50,50,50,9,9,0,0],"gold":52,"neow_bonus":"BOSS_RELIC","is_daily":false,"chose_seed":false,"campfire_upgraded":2,"win_rate":0.0,"timestamp":1612900182,"path_taken":["M","?","M","M","?","E","?","R","T","R","?","M","M","M","R","BOSS","M","?","?","?","M","R","$","E","T","M"],"items_purchased_type":["Relic","Relic"],"build_version":"2020-12-22","purchased_purges":0,"victory":false,"max_hp_per_floor":[75,75,75,75,75,75,82,82,82,82,82,82,82,82,82,82,82,82,82,82,82,82,82,82,82,82,82,82],"card_choices":[{"not_picked":["Gash","Steam","Streamline"],"picked":"SKIP","floor":1},{"not_picked":["Steam","Amplify"],"picked":"Ball Lightning","floor":3},{"not_picked":["Beam Cell","Hologram"],"picked":"Capacitor","floor":4},{"not_picked":["Go for the Eyes","Rebound"],"picked":"Rainbow","floor":6},{"not_picked":["Scrape","Coolheaded"],"picked":"Ball Lightning","floor":12},{"not_picked":["Coolheaded","Conserve Battery"],"picked":"Cold Snap","floor":13},{"not_picked":["Reprogram","Sweeping Beam"],"picked":"Redo","floor":14},{"not_picked":["Hyperbeam","Meteor Strike"],"picked":"Biased Cognition","floor":16},{"not_picked":["Gash","Reprogram","Streamline+1"],"picked":"SKIP","floor":18},{"not_picked":["Redo","Stack"],"picked":"Go for the Eyes+1","floor":22},{"not_picked":["Hologram","Aggregate","White Noise"],"picked":"SKIP","floor":25}],"player_experience":317478,"relics_obtained":[{"floor":6,"key":"Juzu Bracelet"},{"floor":7,"key":"Strawberry"},{"floor":9,"key":"Smiling Mask"},{"floor":25,"key":"Frozen Egg 2"},{"floor":26,"key":"Pocketwatch"}],"event_choices":[{"damage_healed":0,"gold_gain":0,"player_choice":"Success","damage_taken":18,"relics_obtained":["Shuriken"],"max_hp_gain":0,"max_hp_loss":0,"event_name":"Scrap Ooze","floor":2,"gold_loss":0},{"damage_healed":0,"gold_gain":75,"player_choice":"Gather Gold","damage_taken":11,"max_hp_gain":0,"max_hp_loss":0,"event_name":"World of Goop","floor":5,"gold_loss":0},{"damage_healed":0,"gold_gain":0,"player_choice":"Entered Light","damage_taken":16,"max_hp_gain":0,"max_hp_loss":0,"event_name":"Shining Light","floor":11,"gold_loss":0,"cards_upgraded":["Rainbow","Strike_B"]},{"cards_removed":["Redo"],"damage_healed":5,"gold_gain":0,"player_choice":"Offered Common","damage_taken":0,"max_hp_gain":0,"max_hp_loss":0,"event_name":"Bonfire Elementals","floor":19,"gold_loss":0},{"cards_removed":["Redo"],"damage_healed":5,"gold_gain":0,"player_choice":"Offered Special","damage_taken":0,"max_hp_gain":0,"max_hp_loss":0,"event_name":"Bonfire Elementals","floor":19,"gold_loss":0},{"damage_healed":0,"gold_gain":0,"cards_transformed":["Strike_B","Strike_B"],"player_choice":"Became Test Subject","damage_taken":0,"max_hp_gain":0,"max_hp_loss":0,"event_name":"Drug Dealer","floor":20,"gold_loss":0,"cards_obtained":["Recycle","Steam Power"]}],"is_beta":false,"boss_relics":[{"not_picked":["RedLine:ReiMu","Astrolabe"],"picked":"Runic Dome"}],"items_purged_floors":[],"is_endless":false,"potions_floor_spawned":[3,13,14,16,18,22],"killed_by":"Snake Plant","ascension_level":0}}