{"host":"xpjtot4lypeyz0sz","time":1612877005,"event":{"mods":["BaseMod","BetterRewards","Challenge The Spire","Colored Map","Colored Powertips","Conspire","Downfall","Infinite Spire","Mimic Mod","Minty Spire (QoL Compilation)","Replay The Spire","Shop Mod","StSLib","SuperFastMode","The Jungle","【功能Mod】混沌之环修复补丁"],"gold_per_floor":[99,99,99,99,99,110,110,110,130,140,140,155,155,183,195,291,291,191,203,216,216,216,116,116,132,132,132,151,162,162,175,188,188,188],"floor_reached":33,"language":"ZHS","playtime":1403,"items_purged":[],"score":299,"play_id":"d5bfd92b-33e8-42e3-97fd-4ac2d33a2e60","local_time":"20210209212325","is_ascension_mode":false,"campfire_choices":[{"data":"Strike_R","floor":8,"key":"SMITH"},{"data":"Bash","floor":11,"key":"SMITH"},{"data":"Whirlwind","floor":13,"key":"SMITH"},{"floor":18,"key":"RECALL"},{"floor":23,"key":"REST"},{"floor":30,"key":"REST"}],"circlet_count":0,"master_deck":["Strike_R+1","Strike_R","Strike_R","Strike_R","Strike_R","Bash+1","Whirlwind+1","Rage","champ:HeavySlash","champ:Circumvent","champ:FanOfKnives","Metallicize","ReplayTheSpireMod:Corrosion Curse","champ:DeathBlow","champ:CalledShot","Hemogenesis","Shrug It Off","champ:FanOfKnives+1","champ:PerfectedStrike","theJungle:Gourd","theJungle:Gourd","theJungle:Gourd","theJungle:Gourd","theJungle:Gourd","infinitespire:OneForAll","champ:CrookedStrike","champ:Circumvent","Feed"],"relics":["Burning Blood","downfall:HeartsMalice","Mango","Red Skull","infinitespire:EmpoweringShard","Fusion Hammer","downfall:HeartBlessingBlue","theJungle:BirthdayCakeSlice","downfall:HeartBlessingRed","Garlic"],"acts_visited":["Exordium","Exordium"],"potions_floor_usage":[],"damage_taken":[{"damage":0,"enemies":"Cultist","floor":3,"turns":1},{"damage":0,"enemies":"2 Louse","floor":4,"turns":1},{"damage":0,"enemies":"Small Slimes","floor":5,"turns":1},{"damage":20,"enemies":"Looter","floor":6,"turns":3},{"damage":11,"enemies":"Exordium Wildlife","floor":9,"turns":3},{"damage":0,"enemies":"Lots of Slimes","floor":10,"turns":1},{"damage":12,"enemies":"2 Fungi Beasts","floor":12,"turns":3},{"damage":31,"enemies":"Gremlin Nob","floor":14,"turns":5},{"damage":21,"enemies":"Large Slime","floor":15,"turns":4},{"damage":52,"enemies":"Fading Forest","floor":16,"turns":11},{"damage":41,"enemies":"theJungle:5_Spyders","floor":19,"turns":6},{"damage":14,"enemies":"theJungle:MUSHROOMGANG","floor":20,"turns":3},{"damage":17,"enemies":"theJungle:SlimyTreeVines","floor":25,"turns":5},{"damage":0,"enemies":"theJungle:2_Snecko_Cultists","floor":28,"turns":2},{"damage":37,"enemies":"theJungle:2_Flameangoes","floor":29,"turns":5},{"damage":25,"enemies":"theJungle:JungleHuntersEncounter","floor":31,"turns":6},{"damage":12,"enemies":"Snake Plant","floor":32,"turns":2},{"damage":115,"enemies":"WA_ARCHETYPE_CALM","floor":33,"turns":10}],"seed_played":"176718511997923471","potions_obtained":[{"floor":6,"key":"Reflective Coating"},{"floor":9,"key":"ElixirPotion"},{"floor":12,"key":"BloodPotion"},{"floor":14,"key":"Dexterity Potion"},{"floor":32,"key":"BlessingOfTheForge"}],"is_trial":false,"path_per_floor":["R_BF","T","M","M","M","M","T","R","M","M","R","M","R","E","M","B",null,"R_BF","M","M","?","?","R","T","M","?","?","M","M","R","M","M","B"],"character_chosen":"IRONCLAD","items_purchased":[],"campfire_rested":2,"item_purchase_floors":[],"current_hp_per_floor":[94,94,94,94,94,80,80,80,75,81,81,75,75,50,35,31,94,104,94,96,75,80,109,109,108,108,109,109,93,109,100,94,0,0],"gold":188,"neow_bonus":"THREE_ENEMY_KILL","is_daily":false,"chose_seed":false,"campfire_upgraded":3,"win_rate":0.0,"timestamp":1612877005,"path_taken":["R_BF","?","M","M","M","M","T","R","M","M","R","M","R","E","M","BOSS","R_BF","M","M","?","?","R","T","M","?","?","?","M","R","M","M","BOSS"],"items_purchased_type":[],"build_version":"2020-12-22","purchased_purges":0,"victory":false,"max_hp_per_floor":[94,94,94,94,94,94,94,94,94,94,94,94,94,94,94,94,94,104,104,104,104,109,109,109,109,109,109,109,109,109,109,109,109,109],"card_choices":[{"not_picked":["champ:Backstep","champ:FocusedDefense"],"picked":"Whirlwind","floor":3},{"not_picked":["champ:FlashCut","champ:BerserkersShout"],"picked":"Rage","floor":4},{"not_picked":["champ:CrownThrow","Dropkick"],"picked":"champ:HeavySlash","floor":5},{"not_picked":["Body Slam","champ:DefensiveShout"],"picked":"champ:Circumvent","floor":6},{"not_picked":["champ:PreciseThrust","champ:BladeFlurry"],"picked":"champ:FanOfKnives","floor":9},{"not_picked":["Disarm","Warcry"],"picked":"Metallicize","floor":10},{"not_picked":["champ:CrownThrow","Burning Pact"],"picked":"ReplayTheSpireMod:Corrosion Curse","floor":12},{"not_picked":["champ:BerserkersShout","champ:FalseCounter"],"picked":"champ:DeathBlow","floor":14},{"not_picked":["Metallicize","champ:GutPunch"],"picked":"champ:CalledShot","floor":15},{"not_picked":["champ:SwordThrow","champ:Improvising"],"picked":"Hemogenesis","floor":16},{"not_picked":["Body Slam","champ:PreciseThrust"],"picked":"Shrug It Off","floor":19},{"not_picked":["Clash","Abandon"],"picked":"champ:FanOfKnives+1","floor":20},{"not_picked":["Twin Strike","Replay:Undeath\u0027s Touch"],"picked":"champ:PerfectedStrike","floor":25},{"not_picked":["Twin Strike","champ:Duel"],"picked":"infinitespire:OneForAll","floor":28},{"not_picked":["ReplayReversal+1","champ:BringItOn+1"],"picked":"champ:CrookedStrike","floor":29},{"not_picked":["champ:BerserkersShout+1","ReplayTheSpireMod:Muscle Training"],"picked":"champ:Circumvent","floor":31},{"not_picked":["champ:Shatter+1","champ:BladeFlurry"],"picked":"Feed","floor":32}],"player_experience":4168,"relics_obtained":[{"floor":1,"key":"Mango"},{"floor":7,"key":"Red Skull"},{"floor":14,"key":"infinitespire:EmpoweringShard"},{"floor":24,"key":"Garlic"}],"event_choices":[{"damage_healed":0,"gold_gain":0,"player_choice":"Relic","damage_taken":0,"max_hp_gain":0,"max_hp_loss":0,"event_name":"Wheel of Change","floor":1,"gold_loss":0}],"is_beta":false,"boss_relics":[{"not_picked":["infinitespire:Burning Sword","Empty Cage"],"picked":"Fusion Hammer"}],"items_purged_floors":[],"is_endless":false,"potions_floor_spawned":[6,9,12,14,19,20,28,31,32],"killed_by":"WA_ARCHETYPE_CALM","ascension_level":0}}