{"host":"vrqilyg3eq27f2tn","time":1612877357,"event":{"mods":["2.2 Compatiblity","Aspiration","BaseMod","Colored Powertips","Downfall","Friendly Minions","Hermit","Minty Spire (QoL Compilation)","Relic Stats","Reliquary","Replay The Spire","StSLib","The Cursed"],"gold_per_floor":[112,112,12,12,12,46,57,57,57,57,71,71,97,130,130,228,228,247,147,167,180,192,192,205,205,205,205,225,240,269,279,279,279,279],"floor_reached":33,"language":"ENG","playtime":1404,"items_purged":["Looming Evil","Injury"],"score":277,"play_id":"18d1d569-99e5-49bb-8f9f-125ba2567637","local_time":"20210209082917","is_ascension_mode":false,"campfire_choices":[{"data":"Bash","floor":15,"key":"SMITH"},{"floor":23,"key":"REST"},{"floor":25,"key":"REST"},{"floor":32,"key":"REST"}],"circlet_count":0,"master_deck":["Strike_R","Strike_R+1","Strike_R","Strike_R","Strike_R","Defend_R","Defend_R","Defend_R","Defend_R+1","Bash+1","Clash","Clash","Flame Barrier","Run Through+1","Iron Wave+1","Anger+1","Sword Boomerang+1","Warcry","Cleave+1","Disarm+1"],"relics":["Burning Blood","aspiration:DSix","ReplayTheSpireMod:Ring of Challenge","Molten Egg 2","reliquary:Aerogel","Champion Belt","Replay:Rubber Ducky","Paper Frog","Fusion Hammer","Vajra","Blue Candle","Anchor"],"acts_visited":["Exordium","TheCity"],"potions_floor_usage":[14,16,33,33],"damage_taken":[{"damage":2,"enemies":"2 Louse","floor":1,"turns":3},{"damage":58,"enemies":"Lagavulin","floor":6,"turns":9},{"damage":6,"enemies":"Jaw Worm","floor":7,"turns":3},{"damage":0,"enemies":"Small Slimes","floor":11,"turns":2},{"damage":4,"enemies":"Gremlin Nob","floor":14,"turns":5},{"damage":26,"enemies":"The Guardian","floor":16,"turns":13},{"damage":15,"enemies":"2 Thieves","floor":18,"turns":4},{"damage":5,"enemies":"3 Byrds","floor":20,"turns":4},{"damage":14,"enemies":"Snecko","floor":21,"turns":5},{"damage":13,"enemies":"Centurion and Healer","floor":22,"turns":5},{"damage":2,"enemies":"Cultist and Chosen","floor":24,"turns":5},{"damage":7,"enemies":"Snake Plant","floor":28,"turns":3},{"damage":26,"enemies":"Centurion and Healer","floor":29,"turns":5},{"damage":23,"enemies":"Gremlin Leader","floor":30,"turns":5},{"damage":8,"enemies":"Snecko","floor":31,"turns":4},{"damage":80,"enemies":"Pondfish","floor":33,"turns":9}],"seed_played":"-8035106748598327461","potions_obtained":[{"floor":6,"key":"sneckomod:MuddlingPotion"},{"floor":11,"key":"Block Potion"},{"floor":14,"key":"BloodPotion"},{"floor":21,"key":"BlessingOfTheForge"},{"floor":30,"key":"Regen Potion"},{"floor":31,"key":"Regen Potion"}],"is_trial":false,"path_per_floor":["M","?","$","?","?","E","M","?","T","$","M","$","T","E","R","B",null,"M","$","M","M","M","R","M","R","T","?","M","M","E","M","R","B"],"character_chosen":"IRONCLAD","items_purchased":["Clash"],"campfire_rested":3,"item_purchase_floors":[3],"current_hp_per_floor":[80,80,80,80,77,25,25,9,9,9,15,15,15,17,17,13,80,71,71,72,64,57,80,80,80,80,75,74,54,37,35,59,0,0],"gold":279,"neow_bonus":"DSIX","is_daily":false,"chose_seed":false,"campfire_upgraded":1,"win_rate":0.0,"timestamp":1612877357,"path_taken":["M","?","$","?","?","E","M","?","T","$","M","?","?","E","R","BOSS","M","$","M","M","M","R","M","R","T","?","M","M","E","M","R","BOSS"],"items_purchased_type":["Card"],"build_version":"2020-12-22","purchased_purges":2,"victory":false,"max_hp_per_floor":[80,80,80,80,80,80,80,80,80,80,80,80,80,80,80,80,80,80,80,80,80,80,80,80,80,80,80,80,80,80,80,80,80,80],"relic_stats":{"counters":[16,84],"Blue Candle":[0],"Champion Belt":[15],"obtain_stats":[{"Anchor":30,"reliquary:Aerogel":5,"Blue Candle":27,"Vajra":26,"Molten Egg 2":4,"Fusion Hammer":17,"Champion Belt":6,"ReplayTheSpireMod:Ring of Challenge":2,"aspiration:DSix":0,"Burning Blood":0,"Replay:Rubber Ducky":13,"Paper Frog":14},{"Anchor":14,"reliquary:Aerogel":1,"Blue Candle":11,"Vajra":11,"Molten Egg 2":1,"Fusion Hammer":6,"Champion Belt":2,"ReplayTheSpireMod:Ring of Challenge":1,"aspiration:DSix":0,"Burning Blood":0,"Replay:Rubber Ducky":4,"Paper Frog":5},{"Anchor":71,"reliquary:Aerogel":3,"Blue Candle":58,"Vajra":58,"Molten Egg 2":3,"Fusion Hammer":35,"Champion Belt":12,"ReplayTheSpireMod:Ring of Challenge":3,"aspiration:DSix":0,"Burning Blood":0,"Replay:Rubber Ducky":17,"Paper Frog":22}],"Burning Blood":82},"card_choices":[{"not_picked":["Armaments","Burning Pact"],"picked":"Clash","floor":1},{"not_picked":["Ghostly Armor","Combust","Burning Pact"],"picked":"SKIP","floor":6},{"not_picked":["Shockwave","Havoc"],"picked":"Flame Barrier","floor":7},{"not_picked":["ReplayTheSpireMod:Muscle Training","Twin Strike+1"],"picked":"Run Through+1","floor":11},{"not_picked":["Havoc","Headbutt+1"],"picked":"Iron Wave+1","floor":14},{"not_picked":["Perfected Strike+1","Cleave+1"],"picked":"Anger+1","floor":18},{"not_picked":["Flex","Cleave+1"],"picked":"Sword Boomerang+1","floor":20},{"not_picked":["Sever Soul+1","Havoc"],"picked":"Warcry","floor":21},{"not_picked":["True Grit","Infernal Blade","ReplayReversal"],"picked":"SKIP","floor":22},{"not_picked":["Flame Barrier","ReplayTheSpireMod:Strike From Hell+1","Impervious"],"picked":"SKIP","floor":24},{"not_picked":["ReplayTheSpireMod:Muscle Training+1","Burning Pact","Armaments+1"],"picked":"SKIP","floor":28},{"not_picked":["Iron Wave+1","Havoc","Armaments"],"picked":"SKIP","floor":29},{"not_picked":["Metallicize","Battle Trance+1"],"picked":"Cleave+1","floor":30},{"not_picked":["Thunderclap+1","Body Slam+1"],"picked":"Disarm+1","floor":31}],"player_experience":356065,"relics_obtained":[{"floor":2,"key":"ReplayTheSpireMod:Ring of Challenge"},{"floor":6,"key":"Champion Belt"},{"floor":13,"key":"Replay:Rubber Ducky"},{"floor":14,"key":"Paper Frog"},{"floor":26,"key":"Vajra"},{"floor":30,"key":"Anchor"}],"event_choices":[{"damage_healed":0,"gold_gain":0,"player_choice":"Success","damage_taken":3,"relics_obtained":["reliquary:Aerogel"],"max_hp_gain":0,"max_hp_loss":0,"event_name":"Scrap Ooze","floor":5,"gold_loss":0},{"damage_healed":0,"gold_gain":0,"player_choice":"Entered Light","damage_taken":16,"max_hp_gain":0,"max_hp_loss":0,"event_name":"Shining Light","floor":8,"gold_loss":0,"cards_upgraded":["Strike_R","Defend_R"]}],"is_beta":false,"boss_relics":[{"not_picked":["aspiration:SecretTechniqueScroll","aspiration:RitualDagger"],"picked":"Fusion Hammer"}],"items_purged_floors":[3,19],"is_endless":false,"potions_floor_spawned":[6,11,14,21,30,31],"killed_by":"Pondfish","ascension_level":0}}