{"host":"1vy6j31128f61x2z","time":1612897651,"event":{"mods":["AchievementEnabler","BaseMod","Colored Powertips","Minty Spire (QoL Compilation)","Permanent Neow"],"gold_per_floor":[115,125,141,155,330,330,361,361],"floor_reached":7,"language":"ENG","playtime":286,"items_purged":[],"score":56,"play_id":"031d74af-695d-42f5-9b04-6e0e6124636d","local_time":"20210209140731","is_ascension_mode":true,"campfire_choices":[{"data":"Immolate","floor":6,"key":"SMITH"}],"circlet_count":0,"master_deck":["Strike_R","Strike_R","Strike_R","Strike_R","Strike_R+1","Defend_R","Defend_R","Defend_R","Defend_R","Bash","Immolate+1","Pommel Strike+1","Hemokinesis","Cleave","Doubt"],"relics":["Burning Blood","Whetstone"],"acts_visited":["Exordium"],"potions_floor_usage":[],"damage_taken":[{"damage":1,"enemies":"Cultist","floor":1,"turns":3},{"damage":0,"enemies":"Small Slimes","floor":2,"turns":1},{"damage":0,"enemies":"2 Louse","floor":3,"turns":2},{"damage":20,"enemies":"Exordium Thugs","floor":4,"turns":4},{"damage":50,"enemies":"Lagavulin","floor":7,"turns":8}],"seed_played":"8709477264161941678","potions_obtained":[{"floor":4,"key":"Regen Potion"},{"floor":7,"key":"Weak Potion"}],"is_trial":false,"path_per_floor":["M","M","M","M","?","R","E"],"character_chosen":"IRONCLAD","items_purchased":[],"campfire_rested":0,"item_purchase_floors":[],"current_hp_per_floor":[61,67,73,59,59,59,15,15],"gold":361,"neow_bonus":"THREE_RARE_CARDS","is_daily":false,"chose_seed":false,"campfire_upgraded":1,"win_rate":0.0,"timestamp":1612897651,"path_taken":["M","M","?","M","?","R","E"],"items_purchased_type":[],"build_version":"2020-12-22","purchased_purges":0,"victory":false,"max_hp_per_floor":[80,80,80,80,80,80,80,80],"card_choices":[{"not_picked":["Impervious","Reaper"],"picked":"Immolate","floor":0},{"not_picked":["Perfected Strike","Heavy Blade"],"picked":"Pommel Strike","floor":1},{"not_picked":["Warcry","Reckless Charge"],"picked":"Hemokinesis","floor":2},{"not_picked":["Dark Embrace","Thunderclap","Entrench"],"picked":"SKIP","floor":3},{"not_picked":["Uppercut","Heavy Blade"],"picked":"Cleave","floor":4}],"player_experience":19274,"relics_obtained":[{"floor":7,"key":"Whetstone"}],"event_choices":[{"damage_healed":0,"gold_gain":175,"player_choice":"AGREE","damage_taken":0,"max_hp_gain":0,"max_hp_loss":0,"event_name":"Liars Game","floor":5,"gold_loss":0,"cards_obtained":["Doubt"]}],"is_beta":false,"boss_relics":[],"items_purged_floors":[],"is_endless":false,"potions_floor_spawned":[4,7],"killed_by":"Lagavulin","ascension_level":1}}