{"host":"c6u7e77myxvw4d0m","time":1612871716,"event":{"mods":["AchievementEnabler","BaseMod","Bestiary","Colored Map","Colored Powertips","Minty Spire (QoL Compilation)","Rare Cards Sparkle","Relic Stats","everything is the same but u backflip on backflip"],"gold_per_floor":[113,188,188,200,212,242,253,253,276,276,287,322,322,19,19,93,93,104,116,129,129,129,129,159,159,159,159,179,179,179,192,192,192,192],"floor_reached":33,"language":"ENG","playtime":1485,"items_purged":["Strike_G"],"score":550,"play_id":"0cc728b0-0d30-4161-9654-d709eced022e","local_time":"20210209135516","is_ascension_mode":true,"campfire_choices":[{"floor":8,"key":"REST"},{"data":"Glass Knife","floor":10,"key":"SMITH"},{"data":"Blade Dance","floor":13,"key":"SMITH"},{"data":"Neutralize","floor":15,"key":"SMITH"},{"data":"Cloak And Dagger","floor":23,"key":"SMITH"},{"data":"Terror","floor":25,"key":"SMITH"},{"data":"Cloak And Dagger","floor":27,"key":"SMITH"},{"data":"Blade Dance","floor":30,"key":"SMITH"},{"floor":32,"key":"REST"}],"circlet_count":0,"master_deck":["AscendersBane","Strike_G","Strike_G","Strike_G","Strike_G","Defend_G","Defend_G+1","Defend_G","Defend_G","Defend_G","Survivor+1","Neutralize+1","Masterful Stab","Dagger Spray","Glass Knife+1","Infinite Blades","Dagger Throw","Cloak And Dagger+1","Blade Dance+1","Footwork","Predator","Phantasmal Killer","CurseOfTheBell","PiercingWail","Blade Dance+1","Cloak And Dagger+1","Ghostly","Ghostly","Ghostly","Terror+1","Bouncing Flask+1","Catalyst+1"],"relics":["Ring of the Snake","Vajra","War Paint","Bag of Preparation","Calling Bell","Bronze Scales","Ninja Scroll","The Specimen","Paper Crane","Kunai"],"acts_visited":["Exordium","TheCity"],"potions_floor_usage":[6,6,7,12,16,24,33,33],"damage_taken":[{"damage":0,"enemies":"2 Louse","floor":1,"turns":5},{"damage":5,"enemies":"Small Slimes","floor":4,"turns":5},{"damage":0,"enemies":"Cultist","floor":5,"turns":3},{"damage":30,"enemies":"Gremlin Nob","floor":6,"turns":4},{"damage":12,"enemies":"Lots of Slimes","floor":7,"turns":4},{"damage":0,"enemies":"Exordium Wildlife","floor":11,"turns":4},{"damage":5,"enemies":"3 Sentries","floor":12,"turns":4},{"damage":19,"enemies":"Hexaghost","floor":16,"turns":8},{"damage":0,"enemies":"3 Byrds","floor":18,"turns":3},{"damage":6,"enemies":"Chosen","floor":19,"turns":3},{"damage":0,"enemies":"Centurion and Healer","floor":20,"turns":2},{"damage":8,"enemies":"Book of Stabbing","floor":24,"turns":5},{"damage":3,"enemies":"Snake Plant","floor":28,"turns":4},{"damage":11,"enemies":"Snecko","floor":31,"turns":3},{"damage":31,"enemies":"Champ","floor":33,"turns":5}],"seed_played":"-1122656966446074385","potions_obtained":[{"floor":1,"key":"CultistPotion"},{"floor":5,"key":"Dexterity Potion"},{"floor":6,"key":"Fruit Juice"},{"floor":7,"key":"Fire Potion"},{"floor":16,"key":"Fire Potion"},{"floor":18,"key":"GamblersBrew"},{"floor":28,"key":"CunningPotion"}],"is_trial":false,"path_per_floor":["M","?","?","M","M","E","M","R","T","R","M","E","R","$","R","B",null,"M","M","M","?","?","R","E","R","T","R","M","?","R","M","R","B"],"character_chosen":"THE_SILENT","items_purchased":["Footwork","Strength Potion","Predator"],"campfire_rested":2,"item_purchase_floors":[14,14,14],"current_hp_per_floor":[65,54,59,54,54,29,17,41,41,41,41,36,36,36,36,17,66,66,60,60,36,36,36,28,28,28,28,25,25,25,14,26,0,0],"gold":192,"neow_bonus":"TEN_PERCENT_HP_BONUS","is_daily":false,"chose_seed":false,"campfire_upgraded":7,"win_rate":0.0,"timestamp":1612871716,"path_taken":["M","?","?","M","M","E","M","R","T","R","M","E","R","$","R","BOSS","M","M","M","?","?","R","E","R","T","R","M","?","R","M","R","BOSS"],"items_purchased_type":["Card","Potion","Card"],"build_version":"2020-12-22","purchased_purges":1,"victory":false,"max_hp_per_floor":[72,72,77,77,77,82,82,82,82,82,82,82,82,82,82,82,82,82,82,82,87,43,43,43,43,43,43,43,43,43,43,43,43,43],"relic_stats":{"counters":[15,62],"Bronze Scales":[90],"Bag of Preparation":[2],"Kunai":[13],"War Paint":["Survivor","Defend_G"],"obtain_stats":[{"Calling Bell":17,"The Specimen":17,"Ninja Scroll":17,"Bronze Scales":17,"Vajra":6,"Bag of Preparation":12,"Kunai":26,"War Paint":9,"Paper Crane":24,"Ring of the Snake":0},{"Calling Bell":8,"The Specimen":8,"Ninja Scroll":8,"Bronze Scales":8,"Vajra":4,"Bag of Preparation":7,"Kunai":12,"War Paint":5,"Paper Crane":12,"Ring of the Snake":0},{"Calling Bell":37,"The Specimen":37,"Ninja Scroll":37,"Bronze Scales":37,"Vajra":17,"Bag of Preparation":29,"Kunai":50,"War Paint":21,"Paper Crane":50,"Ring of the Snake":0}],"Ring of the Snake":[30]},"card_choices":[{"not_picked":["Escape Plan","Deflect"],"picked":"Masterful Stab","floor":1},{"not_picked":["Quick Slash","Flying Knee"],"picked":"Dagger Spray","floor":4},{"not_picked":["Blade Dance","Dodge and Roll"],"picked":"Glass Knife","floor":5},{"not_picked":["Heel Hook","Prepared"],"picked":"Infinite Blades","floor":6},{"not_picked":["Deflect","Bane"],"picked":"Dagger Throw","floor":7},{"not_picked":["Dagger Spray","Quick Slash"],"picked":"Cloak And Dagger","floor":11},{"not_picked":["Backflip","A Thousand Cuts"],"picked":"Blade Dance","floor":12},{"not_picked":["Doppelganger","A Thousand Cuts"],"picked":"Phantasmal Killer","floor":16},{"not_picked":["Masterful Stab","Distraction"],"picked":"PiercingWail","floor":18},{"not_picked":["Footwork","Leg Sweep"],"picked":"Blade Dance","floor":19},{"not_picked":["Backstab","Acrobatics"],"picked":"Cloak And Dagger","floor":20},{"not_picked":["Flying Knee","Bane"],"picked":"Terror","floor":24},{"not_picked":["Outmaneuver","Leg Sweep"],"picked":"Bouncing Flask+1","floor":28},{"not_picked":["Blur","Slice"],"picked":"Catalyst+1","floor":31}],"player_experience":748080,"relics_obtained":[{"floor":6,"key":"Vajra"},{"floor":9,"key":"War Paint"},{"floor":12,"key":"Bag of Preparation"},{"floor":17,"key":"Bronze Scales"},{"floor":17,"key":"Ninja Scroll"},{"floor":17,"key":"The Specimen"},{"floor":24,"key":"Paper Crane"},{"floor":26,"key":"Kunai"}],"event_choices":[{"damage_healed":0,"gold_gain":75,"player_choice":"Gather Gold","damage_taken":11,"max_hp_gain":0,"max_hp_loss":0,"event_name":"World of Goop","floor":2,"gold_loss":0},{"damage_healed":0,"gold_gain":0,"player_choice":"Donut","damage_taken":0,"max_hp_gain":5,"max_hp_loss":0,"event_name":"Big Fish","floor":3,"gold_loss":0},{"damage_healed":0,"gold_gain":0,"player_choice":"Shed Blood","damage_taken":29,"max_hp_gain":5,"max_hp_loss":0,"event_name":"Forgotten Altar","floor":21,"gold_loss":0},{"damage_healed":0,"gold_gain":0,"player_choice":"Became a Ghost","damage_taken":0,"max_hp_gain":0,"max_hp_loss":44,"event_name":"Ghosts","floor":22,"gold_loss":0,"cards_obtained":["Ghostly","Ghostly","Ghostly"]},{"damage_healed":0,"gold_gain":0,"player_choice":"Ignored","damage_taken":0,"max_hp_gain":0,"max_hp_loss":0,"event_name":"The Mausoleum","floor":29,"gold_loss":0}],"is_beta":false,"boss_relics":[{"not_picked":["Snecko Eye","Busted Crown"],"picked":"Calling Bell"}],"items_purged_floors":[14],"is_endless":false,"potions_floor_spawned":[1,5,6,7,16,18,28],"killed_by":"Champ","ascension_level":20}}