{"host":"5jyeqch4fosnsiz2","time":1612907124,"event":{"mods":["BaseMod","Bestiary","Colored Map","Colored Powertips","Filter the Spire","Minty Spire (QoL Compilation)","Relic Stats","StSLib","The Bug Knight","Waifu the Spire","ojb\u0027s Better Paths Mod","ojb\u0027s Info Mod"],"gold_per_floor":[113,20,32,32,45,45,45,64,134,40,60,87,12,47,47,145,195,211,222,222,240,257,257,277,302,302,10,10,10],"floor_reached":28,"language":"ENG","playtime":1385,"items_purged":["HollowMod:QuickDashStart"],"score":275,"play_id":"f427ee5f-39ac-4fae-b5ad-370ae672244f","local_time":"20210209164524","is_ascension_mode":false,"campfire_choices":[{"data":"HollowMod:FocusHealStart","floor":6,"key":"SMITH"},{"floor":15,"key":"REST"},{"data":"HollowMod:SlysStrikes","floor":23,"key":"SMITH"}],"circlet_count":0,"master_deck":["HollowMod:NailStrikeStart","HollowMod:NailStrikeStart+1","HollowMod:NailStrikeStart","HollowMod:QuickDashStart","HollowMod:QuickDashStart","HollowMod:QuickDashStart","HollowMod:FocusHealStart+1","HollowMod:PogoStrike+1","HollowMod:ShadowDash","HollowMod:HeavyBlow","HollowMod:VengefulVoid","HollowMod:MantisMark+1","HollowMod:LifebloodCocoon","HollowMod:WraithStrike","HollowMod:DescendingDark","HollowMod:SlysStrikes+1","HollowMod:LifebloodCore","HollowMod:PerfectDash","HollowMod:ShadowDash","HollowMod:BlackTendrils","HollowMod:CloakDash+1"],"relics":["SlaversCollar","Bag of Marbles","HollowMod:LifeEnderRelic","Tiny House","Nloth\u0027s Gift","Mummified Hand","Toxic Egg 2","Membership Card","Boot"],"acts_visited":["Exordium","TheCity"],"potions_floor_usage":[11,12,16,16,18,24,28],"damage_taken":[{"damage":1,"enemies":"Cultist","floor":1,"turns":3},{"damage":0,"enemies":"2 Louse","floor":3,"turns":2},{"damage":10,"enemies":"Small Slimes","floor":5,"turns":3},{"damage":14,"enemies":"Looter","floor":8,"turns":3},{"damage":1,"enemies":"Large Slime","floor":11,"turns":3},{"damage":17,"enemies":"Gremlin Nob","floor":12,"turns":4},{"damage":15,"enemies":"3 Sentries","floor":14,"turns":5},{"damage":32,"enemies":"HollowMod:FalseKnight","floor":16,"turns":8},{"damage":5,"enemies":"Chosen","floor":18,"turns":4},{"damage":51,"enemies":"Shell Parasite","floor":19,"turns":7},{"damage":21,"enemies":"3 Cultists","floor":21,"turns":5},{"damage":12,"enemies":"Snecko","floor":22,"turns":5},{"damage":21,"enemies":"Centurion and Healer","floor":24,"turns":8},{"damage":49,"enemies":"Slavers","floor":25,"turns":6},{"damage":16,"enemies":"Sentry and Sphere","floor":28,"turns":4}],"seed_played":"6990477484755299376","potions_obtained":[{"floor":3,"key":"FairyPotion"},{"floor":5,"key":"CultistPotion"},{"floor":11,"key":"SpeedPotion"},{"floor":14,"key":"Fruit Juice"},{"floor":17,"key":"Block Potion"},{"floor":22,"key":"AttackPotion"},{"floor":25,"key":"Block Potion"}],"is_trial":false,"path_per_floor":["M","$","M","?","M","R","?","M","T","$","M","E","?","E","R","B",null,"M","M","?","M","M","R","M","E","T","$","M"],"character_chosen":"THE_BUGKNIGHT","items_purchased":["AttackPotion","HollowMod:HeavyBlow","HollowMod:MantisMark","HollowMod:LifebloodCocoon","Membership Card","HollowMod:CloakDash+1","Boot"],"campfire_rested":1,"item_purchase_floors":[2,2,10,10,27,27,27],"current_hp_per_floor":[74,74,74,74,64,64,52,48,48,48,47,40,45,40,64,49,90,90,45,45,24,22,22,11,6,6,6,0,0],"gold":10,"neow_bonus":"BOSS_RELIC","is_daily":false,"chose_seed":false,"campfire_upgraded":2,"win_rate":0.0,"timestamp":1612907124,"path_taken":["M","$","?","?","M","R","?","M","T","$","M","E","?","E","R","BOSS","M","M","?","?","M","R","M","E","T","?","M"],"items_purchased_type":["Potion","Card","Card","Card","Relic","Card","Relic"],"build_version":"2020-12-22","purchased_purges":1,"victory":false,"max_hp_per_floor":[75,75,75,75,75,75,75,75,75,75,75,75,80,80,80,85,90,90,90,90,90,90,90,90,90,90,90,90,90],"relic_stats":{"counters":[15,70],"Mummified Hand":[1],"Nloth\u0027s Gift":2,"Boot":[0],"obtain_stats":[{"SlaversCollar":0,"HollowMod:LifeEnderRelic":14,"Tiny House":17,"Mummified Hand":25,"HollowMod:VesselMask":0,"Bag of Marbles":7,"Nloth\u0027s Gift":20,"Whetstone":12,"Membership Card":27,"Toxic Egg 2":26,"Boot":27},{"SlaversCollar":0,"HollowMod:LifeEnderRelic":7,"Tiny House":8,"Mummified Hand":14,"HollowMod:VesselMask":0,"Bag of Marbles":3,"Nloth\u0027s Gift":10,"Whetstone":6,"Membership Card":14,"Toxic Egg 2":14,"Boot":14},{"SlaversCollar":0,"HollowMod:LifeEnderRelic":23,"Tiny House":31,"Mummified Hand":66,"HollowMod:VesselMask":0,"Bag of Marbles":8,"Nloth\u0027s Gift":42,"Whetstone":18,"Membership Card":66,"Toxic Egg 2":66,"Boot":66}]},"card_choices":[{"not_picked":["HollowMod:TaintedHusks","HollowMod:HeavyBlow"],"picked":"HollowMod:ShadowDash","floor":1},{"not_picked":["HollowMod:InfectedCysts","HollowMod:CoiledNail","HollowMod:MawleksShell"],"picked":"SKIP","floor":3},{"not_picked":["HollowMod:CloakDash","HollowMod:CycloneSlash"],"picked":"HollowMod:VengefulVoid","floor":5},{"not_picked":["HollowMod:CornifersMapStart","HollowMod:SoulEater","HollowMod:CoiledNail"],"picked":"SKIP","floor":8},{"not_picked":["HollowMod:HowlingWraiths","HollowMod:DashSlash"],"picked":"HollowMod:WraithStrike","floor":11},{"not_picked":["HollowMod:ChannelNail","HollowMod:BaldurShell"],"picked":"HollowMod:DescendingDark","floor":12},{"not_picked":["HollowMod:SiblingsSouls","HollowMod:theNailsmith"],"picked":"HollowMod:SlysStrikes","floor":14},{"not_picked":["HollowMod:theNailsmith","HollowMod:SoulMaster"],"picked":"HollowMod:LifebloodCore","floor":16},{"not_picked":["HollowMod:CycloneSlash","HollowMod:TaintedHusks"],"picked":"HollowMod:PerfectDash","floor":18},{"not_picked":["HollowMod:MothsMistake","HollowMod:SharpenedNail+1"],"picked":"HollowMod:ShadowDash","floor":19},{"not_picked":["HollowMod:HeavyBlow+1","HollowMod:PureNailStrike","HollowMod:CoiledNail"],"picked":"SKIP","floor":21},{"not_picked":["HollowMod:WraithStrike","HollowMod:theNailsmith","HollowMod:HowlingWraiths+1"],"picked":"SKIP","floor":22},{"not_picked":["HollowMod:NewLittleFool","HollowMod:ChannelNail"],"picked":"HollowMod:BlackTendrils","floor":24},{"not_picked":["HollowMod:ElderbugsWisdom","HollowMod:BrokenVessel+1","HollowMod:GoodIntentions+1"],"picked":"SKIP","floor":25}],"player_experience":398436,"relics_obtained":[{"floor":12,"key":"Whetstone"},{"floor":14,"key":"HollowMod:LifeEnderRelic"},{"floor":25,"key":"Mummified Hand"},{"floor":26,"key":"Toxic Egg 2"}],"event_choices":[{"damage_healed":0,"gold_gain":0,"player_choice":"Success","damage_taken":12,"relics_obtained":["Bag of Marbles"],"max_hp_gain":0,"max_hp_loss":0,"event_name":"Scrap Ooze","floor":7,"gold_loss":0},{"damage_healed":0,"gold_gain":0,"player_choice":"Traded Relic","damage_taken":0,"relics_obtained":["Nloth\u0027s Gift"],"max_hp_gain":0,"max_hp_loss":0,"event_name":"N\u0027loth","floor":20,"relics_lost":["Whetstone"],"gold_loss":0}],"is_beta":false,"boss_relics":[{"not_picked":["Cursed Key","Busted Crown"],"picked":"Tiny House"}],"items_purged_floors":[27],"is_endless":false,"potions_floor_spawned":[3,5,11,14,22,25],"killed_by":"Sentry and Sphere","ascension_level":0}}