{"host":"wf1r1zhguvoo22rf","time":1612894861,"event":{"mods":["BaseMod","Colored Powertips","Minty Spire (QoL Compilation)","StSLib"],"gold_per_floor":[112,128,203,53,18,45,45,63,87,116,116,116,36,47,47,145,145,163,20,0,25,25,54,54,54,54],"floor_reached":25,"language":"ENG","playtime":1447,"items_purged":[],"score":248,"play_id":"3bb2df71-4933-4288-8957-6d5f545fe85d","local_time":"20210209202101","is_ascension_mode":true,"campfire_choices":[{"floor":7,"key":"REST"},{"floor":11,"key":"REST"},{"floor":15,"key":"REST"},{"floor":24,"key":"REST"}],"circlet_count":0,"master_deck":["Strike_G+1","Strike_G","Strike_G","Strike_G","Defend_G","Defend_G","Defend_G","Defend_G","Defend_G","Survivor","Neutralize","Flying Knee+1","Infinite Blades","PiercingWail","Tools of the Trade","Prepared","Noxious Fumes","Bouncing Flask","Storm of Steel","Deflect+1","Shame","Terror"],"relics":["HoveringKite","Toolbox","Potion Belt","Regal Pillow","Lantern","Black Star","Boot","Nunchaku","Pear","Snake Skull","Whetstone"],"acts_visited":["Exordium","TheCity"],"potions_floor_usage":[16,18],"damage_taken":[{"damage":18,"enemies":"Jaw Worm","floor":1,"turns":5},{"damage":0,"enemies":"2 Louse","floor":2,"turns":3},{"damage":25,"enemies":"3 Sentries","floor":6,"turns":7},{"damage":5,"enemies":"Small Slimes","floor":8,"turns":3},{"damage":24,"enemies":"Gremlin Nob","floor":10,"turns":5},{"damage":15,"enemies":"Exordium Thugs","floor":14,"turns":6},{"damage":4,"enemies":"Slime Boss","floor":16,"turns":8},{"damage":20,"enemies":"3 Byrds","floor":18,"turns":3},{"damage":55,"enemies":"Book of Stabbing","floor":23,"turns":7},{"damage":46,"enemies":"Gremlin Leader","floor":25,"turns":4}],"seed_played":"6265224760704130501","potions_obtained":[{"floor":6,"key":"Explosive Potion"},{"floor":10,"key":"Fire Potion"}],"is_trial":false,"path_per_floor":["M","M","?","$","?","E","R","M","T","E","R","?","$","M","R","B",null,"M","$","?","T","?","E","R","E"],"character_chosen":"THE_SILENT","items_purchased":["Toolbox","Noxious Fumes","Boot"],"campfire_rested":4,"item_purchase_floors":[4,13,19],"current_hp_per_floor":[52,52,41,41,58,33,54,49,49,25,61,61,61,46,70,66,70,50,50,50,50,60,5,44,0,0],"gold":54,"neow_bonus":"BOSS_RELIC","is_daily":false,"chose_seed":false,"campfire_upgraded":0,"win_rate":0.0,"timestamp":1612894861,"path_taken":["M","M","?","$","?","E","R","M","T","E","R","?","$","M","R","BOSS","M","$","?","?","?","E","R","E"],"items_purchased_type":["Relic","Card","Relic"],"build_version":"2020-12-22","purchased_purges":0,"victory":false,"max_hp_per_floor":[70,70,70,70,70,70,70,70,70,70,70,70,70,70,70,70,70,70,70,70,70,80,80,80,80,80],"card_choices":[{"not_picked":["Backflip","Accuracy"],"picked":"Flying Knee","floor":1},{"not_picked":["Calculated Gamble","Bane"],"picked":"Infinite Blades","floor":2},{"not_picked":["Riddle With Holes","Masterful Stab"],"picked":"PiercingWail","floor":6},{"not_picked":["Infinite Blades","Outmaneuver"],"picked":"Tools of the Trade","floor":8},{"not_picked":["Riddle With Holes","Dash"],"picked":"Prepared","floor":10},{"not_picked":["Backflip","Prepared"],"picked":"Bouncing Flask","floor":14},{"not_picked":["Wraith Form v2","Glass Knife"],"picked":"Storm of Steel","floor":16},{"not_picked":["Infinite Blades","PiercingWail+1"],"picked":"Deflect+1","floor":18},{"not_picked":["Flying Knee+1","Acrobatics"],"picked":"Terror","floor":23}],"player_experience":232007,"relics_obtained":[{"floor":6,"key":"Potion Belt"},{"floor":9,"key":"Regal Pillow"},{"floor":10,"key":"Lantern"},{"floor":21,"key":"Nunchaku"},{"floor":23,"key":"Snake Skull"},{"floor":23,"key":"Whetstone"}],"event_choices":[{"damage_healed":0,"gold_gain":75,"player_choice":"Gather Gold","damage_taken":11,"max_hp_gain":0,"max_hp_loss":0,"event_name":"World of Goop","floor":3,"gold_loss":0},{"damage_healed":17,"gold_gain":0,"player_choice":"Healed","damage_taken":0,"max_hp_gain":0,"max_hp_loss":0,"event_name":"The Cleric","floor":5,"gold_loss":35},{"cards_removed":["Strike_G"],"damage_healed":0,"gold_gain":0,"player_choice":"Card Removal","damage_taken":0,"max_hp_gain":0,"max_hp_loss":0,"event_name":"Wheel of Change","floor":12,"gold_loss":0},{"damage_healed":0,"gold_gain":0,"player_choice":"Paid Fearfully","damage_taken":0,"max_hp_gain":0,"max_hp_loss":0,"event_name":"Masked Bandits","floor":20,"gold_loss":20},{"damage_healed":0,"gold_gain":0,"player_choice":"Stole Relic","damage_taken":0,"relics_obtained":["Pear"],"max_hp_gain":0,"max_hp_loss":0,"event_name":"Addict","floor":22,"gold_loss":0,"cards_obtained":["Shame"]}],"is_beta":false,"boss_relics":[{"not_picked":["Coffee Dripper","Runic Dome"],"picked":"Black Star"}],"items_purged_floors":[],"is_endless":false,"potions_floor_spawned":[6,10],"killed_by":"Gremlin Leader","ascension_level":2}}