{"host":"8fl9fk3sx00hvnsh","time":1612885479,"event":{"mods":["BaseMod","Bestiary","Bossed Relics","Colored Powertips","Custom Start","Downfall","Minty Spire (QoL Compilation)","Reliquary","Replay The Spire","StSLib","The Blue Laboratory","The Dragon Tamer","The Gatherer","The Marked","The Wild Card"],"gold_per_floor":[99,112,129,579,593,693,693,708,708,113,132,152,164,164,184,184,184,184],"floor_reached":16,"language":"ENG","playtime":1165,"items_purged":["downfall:Icky"],"score":96,"play_id":"212e1e72-603b-4a0e-80d3-75cf428d9d1c","local_time":"20210209104439","is_ascension_mode":false,"campfire_choices":[{"data":"Guardian:CrystalBeam","floor":9,"key":"SMITH"}],"circlet_count":0,"master_deck":["Guardian:Strike_Guardian","Guardian:Strike_Guardian","Guardian:Strike_Guardian","Guardian:Strike_Guardian","Guardian:Defend_Guardian","Guardian:Defend_Guardian","Guardian:Defend_Guardian","Guardian:Defend_Guardian","Guardian:CurlUp","Guardian:TwinSlam","Guardian:StasisField","Guardian:MultiBeam","downfall:Icky","downfall:Icky","Guardian:CrystalBeam+1","Guardian:PrimingBeam","Guardian:Gem_Orange","Guardian:Gem_Cyan","Guardian:Gem_Lightblue","Guardian:Gem_Red","Guardian:Gem_White","Guardian:TimeCapacitor","Guardian:Recover","Guardian:Gem_Blue","Guardian:Incinerate","Guardian:CrystalBeam","Guardian:Clone","Guardian:Gem_Fragmented","Guardian:BaubleBeam"],"relics":["Guardian:ModeShifter","Durian","Guardian:SackOfGems","downfall:BrokenWingStatue"],"acts_visited":["Exordium"],"potions_floor_usage":[10,12,16,16],"damage_taken":[{"damage":0,"enemies":"Cultist","floor":2,"turns":3},{"damage":3,"enemies":"Small Slimes","floor":3,"turns":4},{"damage":1,"enemies":"2 Louse","floor":5,"turns":3},{"damage":11,"enemies":"2 Fungi Beasts","floor":8,"turns":4},{"damage":0,"enemies":"downfall:FleeingMerchant","floor":10,"turns":4},{"damage":19,"enemies":"Exordium Thugs","floor":11,"turns":6},{"damage":0,"enemies":"Large Slime","floor":12,"turns":5},{"damage":7,"enemies":"Blue Slaver","floor":13,"turns":4},{"damage":6,"enemies":"2 Fungi Beasts","floor":15,"turns":2},{"damage":15,"enemies":"SI_SHIV_ARCHETYPE","floor":16,"turns":16}],"seed_played":"-1456918763877064791","potions_obtained":[{"floor":5,"key":"blueLaboratory:SavagePotion"},{"floor":11,"key":"AttackPotion"},{"floor":13,"key":"Slimebound:ThreeZeroPotion"},{"floor":15,"key":"blueLaboratory:PhilterOfMotion"}],"is_trial":false,"path_per_floor":["R","M","M","?","M","?","T","M","R","$","M","M","M","?","M","B"],"character_chosen":"GUARDIAN","items_purchased":["Guardian:SackOfGems","Guardian:TimeCapacitor","Guardian:Recover","Guardian:Gem_Blue","Guardian:Incinerate"],"campfire_rested":0,"item_purchase_floors":[10,10,10,10,10],"current_hp_per_floor":[56,56,53,53,52,52,57,46,46,46,27,27,20,20,14,0,0,0],"gold":184,"neow_bonus":"ONE_RANDOM_RARE_CARD","is_daily":false,"chose_seed":false,"campfire_upgraded":1,"win_rate":0.0,"timestamp":1612885479,"path_taken":["R","M","M","?","M","?","T","M","R","$","M","?","M","?","M","BOSS"],"items_purchased_type":["Relic","Card","Card","Card","Card"],"build_version":"2020-12-22","purchased_purges":1,"victory":false,"max_hp_per_floor":[80,80,80,80,80,80,85,85,85,85,85,85,85,85,85,85,85,85],"card_choices":[{"not_picked":["Guardian:PiercingHide","Guardian:Incinerate"],"picked":"Guardian:MultiBeam","floor":2},{"not_picked":["Guardian:Preprogram","Guardian:Recover"],"picked":"Guardian:Gem_Lightblue","floor":3},{"not_picked":["Guardian:Incinerate","Guardian:FloatingOrbs"],"picked":"Guardian:Gem_Crimson","floor":5},{"not_picked":["Guardian:Incinerate","Guardian:VentSteam"],"picked":"Guardian:CrystalBeam","floor":8},{"not_picked":["Guardian:TemporalShield","Guardian:RefractedBeam"],"picked":"Guardian:PrimingBeam","floor":10},{"not_picked":["Guardian:Gem_Fragmented","Guardian:EvasiveProtocol"],"picked":"Guardian:CrystalBeam","floor":11},{"not_picked":["Guardian:SentryBeam","Guardian:Gem_Red"],"picked":"Guardian:Clone","floor":12},{"not_picked":["Guardian:Gem_Red","Guardian:Recover"],"picked":"Guardian:Gem_Fragmented","floor":13},{"not_picked":["Guardian:ShieldSpikes","Guardian:PrimingBeam"],"picked":"Guardian:BaubleBeam","floor":15}],"player_experience":247181,"relics_obtained":[{"floor":7,"key":"Durian"}],"event_choices":[],"is_beta":false,"boss_relics":[],"items_purged_floors":[10],"is_endless":false,"potions_floor_spawned":[5,11,13,15],"killed_by":"SI_SHIV_ARCHETYPE","ascension_level":0}}