{"host":"o9lehcdjc4u6j9un","time":1612864274,"event":{"mods":["BaseMod","Better-Laid Plans","Colored Map","Downfall","Hermit","Koishi","Marisa£®ÏF”Í°°ƒß¿Ì…≥£©","Minty Spire (QoL Compilation)","Reimu£®≤©¿ˆ¡È√Œ£©","Remilia£®¿Ÿ√◊¿Ú—«£©","StSLib","The Alterego","The Runesmith","The Senshi","Youmu£®ªÍ∆«—˝√Œ£©"],"gold_per_floor":[362,378,390,390,404,404,425,448,471,546,585,610,634,669,669,669,669],"floor_reached":16,"language":"ZHS","playtime":1355,"items_purged":[],"score":116,"play_id":"91689cf7-785e-4723-9ebd-63e9ca13cd25","local_time":"20210209175114","is_ascension_mode":false,"campfire_choices":[{"data":"Eruption","floor":6,"key":"SMITH"},{"floor":15,"key":"REST"}],"circlet_count":0,"master_deck":["Strike_P","Strike_P","Strike_P","Strike_P","Defend_P","Defend_P","Defend_P","Defend_P","Eruption+1","Vigilance","CutThroughFate","Consecrate","EmptyBody","ClearTheMind","ClearTheMind","Crescendo","ForeignInfluence","Tantrum","BowlingBash","ForeignInfluence"],"relics":["PureWater","Golden Idol","Bag of Marbles","MealTicket","RuthlessExorcism:ReiMu"],"acts_visited":["Exordium"],"potions_floor_usage":[11,14,16,16],"damage_taken":[{"damage":0,"enemies":"2 Louse","floor":1,"turns":2},{"damage":0,"enemies":"Small Slimes","floor":2,"turns":2},{"damage":0,"enemies":"Jaw Worm","floor":3,"turns":4},{"damage":2,"enemies":"2 Fungi Beasts","floor":5,"turns":3},{"damage":7,"enemies":"Large Slime","floor":7,"turns":5},{"damage":8,"enemies":"Lots of Slimes","floor":8,"turns":3},{"damage":11,"enemies":"Lagavulin","floor":11,"turns":4},{"damage":0,"enemies":"Blue Slaver","floor":12,"turns":3},{"damage":3,"enemies":"Red Slaver","floor":13,"turns":4},{"damage":2,"enemies":"3 Sentries","floor":14,"turns":3},{"damage":24,"enemies":"Hexaghost","floor":16,"turns":5}],"seed_played":"-7546173625412625914","potions_obtained":[{"floor":1,"key":"StancePotion"},{"floor":5,"key":"BottledMiracle"},{"floor":7,"key":"Explosive Potion"},{"floor":13,"key":"Ancient Potion"}],"is_trial":false,"path_per_floor":["M","M","M","?","M","R","M","M","T","?","E","M","M","E","R","B"],"character_chosen":"WATCHER","items_purchased":[],"campfire_rested":1,"item_purchase_floors":[],"current_hp_per_floor":[65,65,65,49,47,47,40,32,32,21,10,10,7,5,24,0,0],"gold":669,"neow_bonus":"TWO_FIFTY_GOLD","is_daily":false,"chose_seed":false,"campfire_upgraded":1,"win_rate":0.0,"timestamp":1612864274,"path_taken":["M","M","M","?","M","R","M","M","T","?","E","M","M","E","R","BOSS"],"items_purchased_type":[],"build_version":"2020-12-22","purchased_purges":0,"victory":false,"max_hp_per_floor":[65,65,65,65,65,65,65,65,65,65,65,65,65,65,65,65,65],"card_choices":[{"not_picked":["WreathOfFlame","Weave"],"picked":"CutThroughFate","floor":1},{"not_picked":["CrushJoints","Wallop"],"picked":"Consecrate","floor":2},{"not_picked":["WheelKick","CutThroughFate"],"picked":"EmptyBody","floor":3},{"not_picked":["Crescendo","Blasphemy"],"picked":"ClearTheMind","floor":5},{"not_picked":["Crescendo","WaveOfTheHand"],"picked":"ClearTheMind","floor":7},{"not_picked":["Study","PathToVictory"],"picked":"Crescendo","floor":8},{"not_picked":["Brilliance","Protect"],"picked":"ForeignInfluence","floor":11},{"not_picked":["FlyingSleeves","Pray"],"picked":"Tantrum","floor":12},{"not_picked":["EmptyBody","Protect"],"picked":"BowlingBash","floor":13},{"not_picked":["Swivel","ConjureBlade"],"picked":"ForeignInfluence","floor":14}],"player_experience":180537,"relics_obtained":[{"floor":9,"key":"Bag of Marbles"},{"floor":11,"key":"MealTicket"},{"floor":14,"key":"RuthlessExorcism:ReiMu"}],"event_choices":[{"damage_healed":0,"gold_gain":0,"player_choice":"Take Damage","damage_taken":16,"relics_obtained":["Golden Idol"],"max_hp_gain":0,"max_hp_loss":0,"event_name":"Golden Idol","floor":4,"gold_loss":0},{"damage_healed":0,"gold_gain":75,"player_choice":"Gather Gold","damage_taken":11,"max_hp_gain":0,"max_hp_loss":0,"event_name":"World of Goop","floor":10,"gold_loss":0}],"is_beta":false,"boss_relics":[],"items_purged_floors":[],"is_endless":false,"potions_floor_spawned":[1,5,7,13],"killed_by":"Hexaghost","ascension_level":0}}