{"host":"06gxn1c1bsk424jw","time":1612891731,"event":{"mods":["BaseMod","DeckTracker","Minty Spire (QoL Compilation)","SuperFastMode"],"gold_per_floor":[368,40,60,80,99,134,152,169,218,248,124,142,142,159,159,231,231,241,252,272,322,338,338,338],"floor_reached":23,"language":"KOR","playtime":1353,"items_purged":["Normality"],"score":418,"play_id":"f14d85aa-31d0-4575-ae78-0cc23f800d6b","local_time":"20210210022851","is_ascension_mode":true,"campfire_choices":[{"data":"Barricade","floor":13.0,"key":"SMITH"},{"floor":15.0,"key":"REST"}],"circlet_count":0,"master_deck":["AscendersBane","Strike_R","Strike_R","Defend_R","Defend_R","Defend_R","Defend_R","Bash","Shrug It Off","Inflame","Cleave","Pummel","Barricade+1","Second Wind","Feel No Pain","Limit Break","Whirlwind+1","Power Through+1","Immolate+1"],"relics":["Burning Blood","Orichalcum","Vajra","Art of War","Potion Belt","Mercury Hourglass","Astrolabe"],"acts_visited":["Exordium","TheCity"],"potions_floor_usage":[23],"damage_taken":[{"damage":8.0,"enemies":"2 Louse","floor":1.0,"turns":3.0},{"damage":0.0,"enemies":"Cultist","floor":3.0,"turns":3.0},{"damage":3.0,"enemies":"Jaw Worm","floor":4.0,"turns":3.0},{"damage":3.0,"enemies":"2 Fungi Beasts","floor":5.0,"turns":4.0},{"damage":20.0,"enemies":"Gremlin Nob","floor":6.0,"turns":4.0},{"damage":7.0,"enemies":"Red Slaver","floor":7.0,"turns":3.0},{"damage":20.0,"enemies":"Exordium Wildlife","floor":8.0,"turns":3.0},{"damage":18.0,"enemies":"3 Sentries","floor":10.0,"turns":8.0},{"damage":6.0,"enemies":"2 Fungi Beasts","floor":12.0,"turns":2.0},{"damage":3.0,"enemies":"Red Slaver","floor":14.0,"turns":3.0},{"damage":28.0,"enemies":"Slime Boss","floor":16.0,"turns":8.0},{"damage":19.0,"enemies":"Spheric Guardian","floor":18.0,"turns":5.0},{"damage":16.0,"enemies":"Shell Parasite","floor":19.0,"turns":7.0},{"damage":2.0,"enemies":"Sentry and Sphere","floor":20.0,"turns":6.0},{"damage":30.0,"enemies":"Chosen and Byrds","floor":22.0,"turns":6.0},{"damage":17,"enemies":"Slavers","floor":23,"turns":3}],"seed_played":"5863217914173248297","potions_obtained":[{"floor":5.0,"key":"LiquidBronze"},{"floor":8.0,"key":"DuplicationPotion"},{"floor":12.0,"key":"Fire Potion"},{"floor":14.0,"key":"BlessingOfTheForge"},{"floor":18.0,"key":"Block Potion"},{"floor":19.0,"key":"FearPotion"}],"is_trial":false,"path_per_floor":["M","$","M","M","M","E","M","M","T","E","?","M","R","M","R","B",null,"M","M","M","?","M","E"],"character_chosen":"IRONCLAD","items_purchased":["Orichalcum","Inflame"],"campfire_rested":1,"item_purchase_floors":[2,2],"current_hp_per_floor":[66,66,72,75,75,61,60,46,46,34,34,34,34,37,59,37,66,53,43,47,47,23,6,6],"gold":338,"neow_bonus":"TWO_FIFTY_GOLD","is_daily":false,"chose_seed":false,"campfire_upgraded":1,"win_rate":0.0,"timestamp":1612891731,"path_taken":["M","$","M","M","M","E","M","M","T","E","?","?","R","M","R","BOSS","M","M","?","?","M","E"],"items_purchased_type":["Relic","Card"],"build_version":"2020-12-22","purchased_purges":1,"victory":false,"max_hp_per_floor":[75,75,75,75,75,75,75,75,75,75,75,75,75,75,75,75,75,75,75,75,75,75,75,75],"card_choices":[{"not_picked":["Warcry","Pummel"],"picked":"Shrug It Off","floor":1.0},{"not_picked":["Spot Weakness","Warcry"],"picked":"Cleave","floor":3.0},{"not_picked":["Warcry","Twin Strike","Searing Blow"],"picked":"SKIP","floor":4.0},{"not_picked":["Clothesline","Rupture","Blood for Blood"],"picked":"SKIP","floor":5.0},{"not_picked":["Dual Wield","Flex","Wild Strike"],"picked":"SKIP","floor":6.0},{"not_picked":["Warcry","Cleave"],"picked":"Pummel","floor":7.0},{"not_picked":["Intimidate","Anger"],"picked":"Barricade","floor":8.0},{"not_picked":["Ghostly Armor","Warcry"],"picked":"Second Wind","floor":10.0},{"not_picked":["Havoc","Whirlwind","Armaments"],"picked":"SKIP","floor":12.0},{"not_picked":["Perfected Strike","Twin Strike"],"picked":"Feel No Pain","floor":14.0},{"not_picked":["Demon Form","Exhume"],"picked":"Limit Break","floor":16.0},{"not_picked":["Burning Pact","Spot Weakness","Shrug It Off"],"picked":"SKIP","floor":18.0},{"not_picked":["Combust","Sword Boomerang","Armaments+1"],"picked":"SKIP","floor":19.0},{"not_picked":["Heavy Blade","Havoc","Rampage"],"picked":"SKIP","floor":20.0},{"not_picked":["Ghostly Armor","Combust","Limit Break"],"picked":"SKIP","floor":22.0}],"player_experience":828718,"relics_obtained":[{"floor":6.0,"key":"Vajra"},{"floor":9.0,"key":"Art of War"},{"floor":10.0,"key":"Potion Belt"}],"event_choices":[{"damage_healed":0.0,"max_hp_gain":0.0,"max_hp_loss":0.0,"gold_gain":0.0,"event_name":"WeMeetAgain","player_choice":"Paid Gold","floor":11.0,"gold_loss":124.0,"damage_taken":0.0,"relics_obtained":["Mercury Hourglass"]},{"damage_healed":0.0,"max_hp_gain":0.0,"max_hp_loss":0.0,"gold_gain":50.0,"event_name":"Nest","player_choice":"Stole From Cult","floor":21.0,"gold_loss":0.0,"damage_taken":0.0}],"is_beta":false,"boss_relics":[{"not_picked":["Runic Cube","Empty Cage"],"picked":"Astrolabe"}],"items_purged_floors":[2],"is_endless":false,"potions_floor_spawned":[5,8,12,14,18,19],"killed_by":"Slavers","ascension_level":20}}