{"host":"8nctav4lo34mnono","time":1612891758,"event":{"mods":["BaseMod","Bestiary","Highlight Path","Minty Spire (QoL Compilation)","Relic Stats","Slay the Relics Exporter"],"gold_per_floor":[111,111,36,36,36,62,11,11,11],"floor_reached":8,"language":"ENG","playtime":263,"items_purged":["Parasite"],"score":83,"play_id":"7a0352d1-3495-40fb-9763-c9d4593e947f","local_time":"20210209172918","is_ascension_mode":true,"campfire_choices":[],"circlet_count":0,"master_deck":["AscendersBane","Strike_R","Strike_R","Strike_R","Defend_R","Defend_R","Defend_R","Bash","Sword Boomerang","Intimidate","Hemokinesis","Burning Pact","Offering"],"relics":["Burning Blood","Bottled Lightning"],"acts_visited":["Exordium"],"potions_floor_usage":[8],"damage_taken":[{"damage":7,"enemies":"Small Slimes","floor":1,"turns":3},{"damage":46,"enemies":"Lagavulin","floor":6,"turns":6},{"damage":40,"enemies":"3 Sentries","floor":8,"turns":5}],"seed_played":"-7356669023759965729","potions_obtained":[{"floor":1,"key":"Fire Potion"}],"is_trial":false,"path_per_floor":["M","?","$","?","?","E","$","E"],"character_chosen":"IRONCLAD","items_purchased":["SpeedPotion"],"campfire_rested":0,"item_purchase_floors":[7],"current_hp_per_floor":[71,71,71,76,76,36,36,0,0],"gold":11,"neow_bonus":"TRANSFORM_TWO_CARDS","is_daily":false,"chose_seed":false,"campfire_upgraded":0,"win_rate":0.0,"timestamp":1612891758,"path_taken":["M","?","$","?","?","E","?","E"],"items_purchased_type":["Potion"],"build_version":"2020-12-22","purchased_purges":1,"victory":false,"max_hp_per_floor":[80,80,77,82,82,82,82,82,82],"relic_stats":{"counters":[3,14],"obtain_stats":[{"Bottled Lightning":6,"Burning Blood":0},{"Bottled Lightning":2,"Burning Blood":0},{"Bottled Lightning":9,"Burning Blood":0}],"Burning Blood":12},"card_choices":[{"not_picked":["Heavy Blade","Wild Strike"],"picked":"Hemokinesis","floor":1},{"not_picked":["Flame Barrier","Battle Trance"],"picked":"Offering","floor":6}],"player_experience":369660,"relics_obtained":[{"floor":6,"key":"Bottled Lightning"}],"event_choices":[{"damage_healed":0,"gold_gain":0,"cards_transformed":["Strike_R"],"player_choice":"Change","damage_taken":0,"max_hp_gain":0,"max_hp_loss":0,"event_name":"Living Wall","floor":2,"gold_loss":0,"cards_obtained":["Burning Pact"]},{"damage_healed":0,"gold_gain":0,"player_choice":"Donut","damage_taken":0,"max_hp_gain":5,"max_hp_loss":0,"event_name":"Big Fish","floor":4,"gold_loss":0},{"damage_healed":0,"gold_gain":0,"player_choice":"Leave","damage_taken":0,"max_hp_gain":0,"max_hp_loss":0,"event_name":"The Cleric","floor":5,"gold_loss":0}],"is_beta":false,"boss_relics":[],"items_purged_floors":[3],"is_endless":false,"potions_floor_spawned":[1],"killed_by":"3 Sentries","ascension_level":12}}