{"host":"f0dbpmn0khgeoqc0","time":1612909185,"event":{"mods":["2.2 Compatiblity","AchievementEnabler","Act Like it!","Ascension Unlocker","Aspiration","BaseMod","Better Altar","Better Match","Better Sensory Stone","Better Skull","Better Third Choice","BetterRewards","Block Reminder","Colored Map","Colored Powertips","Conspire","DNKmod","Disable Question Mark Monsters","Displayed Cursed Tome","Evolution","Friendly Minions","Hermit","Highlight Path","Humility","Infinite Spire","Jorbs\u0027s Wanderer Trilogy","Koishi","Marisa????????","Minty Spire (QoL Compilation)","Monster B Gone","MostiFishMod","Permanent Neow","Random Character Button","Relic Filter","Relic Stats","Replay The Spire","Spicy Shops","Spire Arcade","StSLib","Td1madao Mod","The Gatherer","Treasure Hunter","Wandering Minibosses","??????REMEMod"],"gold_per_floor":[806,822,395,415,166,196,196,196,196,196,196,196,228,228,244,263,263,344,344,363,377,407,407,432,432,464,464,489,503,535,551,566,601,601,678,678,697,657,659,659,679,679,704,725,725,725,759,759,981,1023,1023,1041,1064,1064,1064,21,60,66],"floor_reached":59,"language":"ENG","playtime":3366,"items_purged":[],"score":3207,"play_id":"6cc61f41-8f1f-4d07-bae4-b45a2ea5345c","local_time":"20210209171945","is_ascension_mode":true,"campfire_choices":[{"data":"Hemogenesis","floor":7,"key":"SMITH"},{"data":"Hologram","floor":14,"key":"SMITH"},{"data":"Inflame","floor":17,"key":"SMITH"},{"data":"Armaments","floor":25,"key":"SMITH"},{"floor":27,"key":"REST"},{"data":"wanderingMiniBosses:FinaleOfPromise","floor":34,"key":"SMITH"},{"data":"infinitespire:UltimateForm","floor":42,"key":"SMITH"},{"floor":46,"key":"RECALL"},{"data":"Enlightenment","floor":51,"key":"SMITH"},{"data":"REME_ACTH","floor":55,"key":"SMITH"}],"circlet_count":0,"master_deck":["AscendersBane","ReplayTheSpireMod:Strike From Hell","Wild Strike","Headbutt+1","Twin Strike","Run Through+1","Shrug It Off","True Grit","Armaments+1","Shrug It Off","Bash","Juggernaut","Sword Boomerang","Havoc","Hemogenesis+1","Cleave","Inflame+1","Warcry","Iron Wave","Barricade","Iron Wave","REME_ACTH+1","TH:CursedSword+1","TH:CopperCoins+1","Pot Of Greed","Pot Of Greed","Pot Of Greed","TH:BikiniMail+1","Hologram+1","Headbutt","TH:BikiniMail+1","MostiFishMod:CullingBlade+1","wanderingMiniBosses:FinaleOfPromise+1","Pommel Strike","Shockwave+1","Massacre+1","TH:CopperCoins+1","Anger+1","TH:CursedSword+1","Pot Of Greed","TH:TreasureMap+1","Demon Form+1","Dual Wield+1","TH:CursedSword+1","TH:BikiniMail+1","Limit Break+1","CommonCold","stsjorbsmod:Apparition_Cull","Limit Break+1","infinitespire:UltimateForm+1","Enlightenment+1","Madness","Madness","Pot Of Greed","TH:TreasureMap+1","TH:BikiniMail+1","TH:CursedSword+1","TH:CopperCoins+1","Double Tap+1","Inflame+1","TH:CursedSword+1","Clothesline"],"relics":["Burning Blood","EVO:Axolotl","DaveBox","REME_ComplimentaryCards","The Courier","SynthV:TestCard","Membership Card","Akabeko","Whetstone","Orrery","Golden Egg","aspiration:Nostalgia","Iron Core","Juzu Bracelet","aspiration:HatOfInfinitePower","InkBottle","Grinning Jar","Black Star","wanderingMiniBosses:Blackblade","ReplayTheSpireMod:TigerMarble","aspiration:Stabinomicon","Red Mask","infinitespire:Midas Blood","Red Skull","aspiration:ChemicalBlood","ReplayFunnel","Replay:Wax Seal","War Paint","Replay:Grab Bag","Coffee Dripper","Replay:Bronze Core","ReplayTheSpireMod:SealedPack","ChiXiaoBlade","Art of War","Gremlin Food","Blue Doll","Replay:Bottled Flurry","REME_LimitBreaker","ThornShield","HandDrill","Orichalcum","Charon\u0027s Ashes","Replay:Baseball","Replay:Rubber Ducky","Pantograph","Self Forming Clay","conspire:InfiniteJournal","Anchor","REME_PuzzleBoxRelic","Toy Ornithopter","Bronze Scales","Snack Pack","Oddly Smooth Stone","Divine Protection"],"acts_visited":["Exordium","TheCity","TheBeyond","TheEnding"],"potions_floor_usage":[6,13,35,53,53],"damage_taken":[{"damage":10,"enemies":"Jaw Worm","floor":1,"turns":2},{"damage":0,"enemies":"2 Louse","floor":2,"turns":2},{"damage":0,"enemies":"Small Slimes","floor":4,"turns":2},{"damage":11,"enemies":"Lagavulin","floor":6,"turns":5},{"damage":15,"enemies":"3 Sentries","floor":13,"turns":4},{"damage":0,"enemies":"Red Slaver","floor":15,"turns":1},{"damage":0,"enemies":"2 Fungi Beasts","floor":16,"turns":2},{"damage":4,"enemies":"The Guardian","floor":18,"turns":8},{"damage":33,"enemies":"3 Byrds","floor":20,"turns":6},{"damage":0,"enemies":"conspire:FuzzyDice","floor":21,"turns":4},{"damage":29,"enemies":"conspire:MimicChest","floor":22,"turns":5},{"damage":18,"enemies":"Masked Bandits","floor":24,"turns":2},{"damage":17,"enemies":"Gremlin Leader","floor":26,"turns":3},{"damage":0,"enemies":"Snecko","floor":29,"turns":1},{"damage":0,"enemies":"conspire:Head Lice","floor":30,"turns":2},{"damage":0,"enemies":"Centurion and Healer","floor":31,"turns":2},{"damage":0,"enemies":"Cultist and Chosen","floor":32,"turns":1},{"damage":17,"enemies":"Gremlin Leader","floor":33,"turns":3},{"damage":9,"enemies":"Champ","floor":35,"turns":2},{"damage":8,"enemies":"Orb Walker","floor":37,"turns":2},{"damage":0,"enemies":"3 Shapes","floor":41,"turns":2},{"damage":0,"enemies":"Giant Head","floor":43,"turns":5},{"damage":4,"enemies":"Maw","floor":44,"turns":4},{"damage":0,"enemies":"R_Hoarder","floor":47,"turns":3},{"damage":3,"enemies":"Nemesis","floor":50,"turns":5},{"damage":25,"enemies":"Donu and Deca","floor":52,"turns":5},{"damage":40,"enemies":"Awakened One","floor":53,"turns":12},{"damage":0,"enemies":"Shield and Spear","floor":57,"turns":2},{"damage":11,"enemies":"The Heart","floor":58,"turns":6}],"seed_played":"-924109922284418142","potions_obtained":[{"floor":2,"key":"SkillPotion"},{"floor":6,"key":"AttackPotion"},{"floor":13,"key":"Milkshake"},{"floor":24,"key":"Swift Potion"},{"floor":35,"key":"REME_GoldPotion"},{"floor":37,"key":"BloodPotion"},{"floor":38,"key":"DuplicationPotion"},{"floor":38,"key":"PowerPotion"},{"floor":41,"key":"FairyPotion"},{"floor":53,"key":"SteroidPotion"}],"is_trial":false,"path_per_floor":["M","M","$","M","$","E","R","?","T","PTL","PTL","?","E","R","M","M","R","B",null,"M","M","?","?","?","R","E","R","T","M","E","M","M","E","R","B",null,"M","?","?","?","M","R","E","M","T","R","E","?","?","E","R","B","B",null,"R","$","E","B",null],"character_chosen":"IRONCLAD","items_purchased":["Membership Card","Hemogenesis","Cleave","Akabeko","Whetstone","Orrery","Golden Egg","aspiration:Nostalgia","Juzu Bracelet","Inflame","HandDrill","Orichalcum","Charon\u0027s Ashes","Replay:Baseball","Replay:Rubber Ducky","Pantograph","Self Forming Clay","conspire:InfiniteJournal","Anchor","REME_PuzzleBoxRelic","Toy Ornithopter","Bronze Scales","Snack Pack"],"campfire_rested":1,"item_purchase_floors":[3,3,3,3,3,3,5,5,5,56,56,56,56,56,56,56,56,56,56,56,56,56,56],"current_hp_per_floor":[78,84,84,89,89,84,84,84,84,84,84,84,83,83,89,89,89,89,89,62,76,61,40,28,28,17,43,43,49,55,61,67,56,56,53,80,86,86,70,70,76,76,82,84,84,84,89,89,89,89,89,76,42,77,77,77,85,84],"gold":66,"neow_bonus":"TWENTY_PERCENT_HP_BONUS","is_daily":false,"chose_seed":false,"campfire_upgraded":8,"win_rate":0.0,"timestamp":1612909185,"path_taken":["M","M","$","M","$","E","R","?","T","PTL","PTL","?","E","R","M","M","R","BOSS","M","M","?","?","?","R","E","R","T","M","E","M","M","E","R","BOSS","M","?","?","?","M","R","E","M","T","R","E","?","?","E","R","BOSS","BOSS","R","$","E","BOSS"],"items_purchased_type":["Relic","Card","Card","Relic","Relic","Relic","Relic","Relic","Relic","Card","Relic","Relic","Relic","Relic","Relic","Relic","Relic","Relic","Relic","Relic","Relic","Relic","Relic"],"build_version":"2020-12-22","purchased_purges":0,"victory":true,"max_hp_per_floor":[89,89,89,89,89,89,89,89,89,89,89,89,89,89,89,89,89,89,89,89,89,89,89,89,89,89,89,89,89,89,89,89,89,89,89,89,89,89,89,89,89,89,89,89,89,89,89,89,89,89,89,89,89,89,89,89,89,89],"relic_stats":{"counters":[29,103],"Self Forming Clay":[9],"Charon\u0027s Ashes":[123],"Juzu Bracelet":2,"Whetstone":["Headbutt","Run Through"],"War Paint":["Shockwave","Dual Wield"],"Orichalcum":[18],"Burning Blood":158,"Pantograph":4,"Bronze Scales":[96],"Black Star":7,"Art of War":[9],"HandDrill":[2],"obtain_stats":[{"Golden Egg":5,"Divine Protection":57,"aspiration:Stabinomicon":23,"EVO:Axolotl":0,"Whetstone":3,"Replay:Bronze Core":36,"Replay:Bottled Flurry":47,"HandDrill":56,"Replay:Wax Seal":33,"aspiration:Nostalgia":5,"Replay:Grab Bag":36,"Oddly Smooth Stone":57,"ReplayTheSpireMod:SealedPack":36,"Charon\u0027s Ashes":56,"War Paint":33,"REME_LimitBreaker":50,"Akabeko":3,"FrostBlade":0,"Replay:Baseball":56,"wanderingMiniBosses:Blackblade":20,"Bronze Scales":56,"ChiXiaoBlade":36,"Black Star":19,"ReplayTheSpireMod:TigerMarble":22,"Grinning Jar":13,"aspiration:HatOfInfinitePower":6,"ReplayFunnel":30,"Iron Core":5,"DaveBox":0,"Blue Doll":47,"Juzu Bracelet":5,"Burning Blood":0,"Replay:Rubber Ducky":56,"conspire:InfiniteJournal":56,"Pantograph":56,"Red Mask":24,"InkBottle":9,"Red Skull":26,"aspiration:ChemicalBlood":28,"Gremlin Food":43,"Self Forming Clay":56,"The Courier":0,"Orichalcum":56,"ThornShield":50,"Anchor":56,"SynthV:TestCard":1,"Orrery":3,"Coffee Dripper":36,"Art of War":43,"Snack Pack":56,"Membership Card":3,"REME_PuzzleBoxRelic":56,"Toy Ornithopter":56,"REME_ComplimentaryCards":0,"infinitespire:Midas Blood":26},{"Golden Egg":3,"Divine Protection":28,"aspiration:Stabinomicon":11,"EVO:Axolotl":0,"Whetstone":2,"Replay:Bronze Core":19,"Replay:Bottled Flurry":24,"HandDrill":27,"Replay:Wax Seal":18,"aspiration:Nostalgia":3,"Replay:Grab Bag":19,"Oddly Smooth Stone":28,"ReplayTheSpireMod:SealedPack":19,"Charon\u0027s Ashes":27,"War Paint":18,"REME_LimitBreaker":25,"Akabeko":2,"FrostBlade":0,"Replay:Baseball":27,"wanderingMiniBosses:Blackblade":9,"Bronze Scales":27,"ChiXiaoBlade":19,"Black Star":8,"ReplayTheSpireMod:TigerMarble":11,"Grinning Jar":5,"aspiration:HatOfInfinitePower":4,"ReplayFunnel":15,"Iron Core":3,"DaveBox":0,"Blue Doll":24,"Juzu Bracelet":3,"Burning Blood":0,"Replay:Rubber Ducky":27,"conspire:InfiniteJournal":27,"Pantograph":27,"Red Mask":12,"InkBottle":4,"Red Skull":13,"aspiration:ChemicalBlood":13,"Gremlin Food":22,"Self Forming Clay":27,"The Courier":0,"Orichalcum":27,"ThornShield":25,"Anchor":27,"SynthV:TestCard":1,"Orrery":2,"Coffee Dripper":19,"Art of War":22,"Snack Pack":27,"Membership Card":2,"REME_PuzzleBoxRelic":27,"Toy Ornithopter":27,"REME_ComplimentaryCards":0,"infinitespire:Midas Blood":13},{"Golden Egg":6,"Divine Protection":97,"aspiration:Stabinomicon":41,"EVO:Axolotl":0,"Whetstone":4,"Replay:Bronze Core":57,"Replay:Bottled Flurry":73,"HandDrill":95,"Replay:Wax Seal":55,"aspiration:Nostalgia":6,"Replay:Grab Bag":57,"Oddly Smooth Stone":97,"ReplayTheSpireMod:SealedPack":57,"Charon\u0027s Ashes":95,"War Paint":55,"REME_LimitBreaker":78,"Akabeko":4,"FrostBlade":0,"Replay:Baseball":95,"wanderingMiniBosses:Blackblade":32,"Bronze Scales":95,"ChiXiaoBlade":57,"Black Star":26,"ReplayTheSpireMod:TigerMarble":41,"Grinning Jar":15,"aspiration:HatOfInfinitePower":11,"ReplayFunnel":49,"Iron Core":6,"DaveBox":0,"Blue Doll":73,"Juzu Bracelet":6,"Burning Blood":0,"Replay:Rubber Ducky":95,"conspire:InfiniteJournal":95,"Pantograph":95,"Red Mask":43,"InkBottle":11,"Red Skull":46,"aspiration:ChemicalBlood":46,"Gremlin Food":66,"Self Forming Clay":95,"The Courier":0,"Orichalcum":95,"ThornShield":78,"Anchor":95,"SynthV:TestCard":2,"Orrery":4,"Coffee Dripper":57,"Art of War":66,"Snack Pack":95,"Membership Card":4,"REME_PuzzleBoxRelic":95,"Toy Ornithopter":95,"REME_ComplimentaryCards":0,"infinitespire:Midas Blood":46}],"InkBottle":[51],"Toy Ornithopter":0},"card_choices":[{"not_picked":["Run Through","Rage"],"picked":"Sword Boomerang","floor":1},{"not_picked":["Wild Strike","Warcry","Iron Wave","Dual Wield"],"picked":"Havoc","floor":2},{"not_picked":["REME_Scribble","Searing Blow","ReplayTheSpireMod:Stacked","Thunderclap"],"picked":"Inflame","floor":3},{"not_picked":["Body Slam","Havoc","ReplayTheSpireMod:Limb From Limb","Dropkick"],"picked":"Warcry","floor":3},{"not_picked":["Abandon","MostiFishMod:BrandingRite","True Grit","Sword Boomerang"],"picked":"Iron Wave","floor":3},{"not_picked":["Clash","ReplayTheSpireMod:Stacked","Wild Strike","Cleave"],"picked":"Barricade","floor":3},{"not_picked":["Dual Wield","Havoc","Body Slam","Run Through"],"picked":"Iron Wave","floor":3},{"not_picked":["Havoc","True Grit","Warcry","Carnage"],"picked":"REME_ACTH","floor":4},{"not_picked":["TH:ArmorSpikes","TH:TreasureMap","TH:BikiniMail"],"picked":"TH:CursedSword","floor":6},{"not_picked":["ReplayReversal","ReplayTheSpireMod:GoodbyeWorld","Force Field","Havoc","Run Through"],"picked":"SKIP","floor":6},{"not_picked":["TH:TreasureMap","TH:Mimic","TH:PixieDust"],"picked":"TH:CopperCoins","floor":9},{"not_picked":["TH:PixieDust","TH:Mimic","TH:CopperCoins"],"picked":"TH:BikiniMail","floor":13},{"not_picked":["Exhume","ReplayTheSpireMod:LeadingStrike","Turbo","Power Through"],"picked":"Hologram","floor":13},{"not_picked":["Force Field","Fire Breathing","Defy Death","MostiFishMod:BrandingRite"],"picked":"Headbutt","floor":15},{"not_picked":["Second Wind","Replay:Undeath\u0027s Touch","Perfected Strike","Headbutt","Twin Strike"],"picked":"SKIP","floor":16},{"not_picked":["TH:Mimic","TH:CopperCoins","TH:DeckOfManyThings"],"picked":"TH:BikiniMail","floor":18},{"not_picked":["MostiFishMod:OrdinaryWorld","MostiFishMod:RacingGame","Bludgeon","Firewall"],"picked":"MostiFishMod:CullingBlade","floor":18},{"not_picked":[],"picked":"wanderingMiniBosses:FinaleOfPromise","floor":20},{"not_picked":["Shrug It Off","Clash","Sword Boomerang+1","Body Slam"],"picked":"Pommel Strike","floor":20},{"not_picked":["Defy Death","Iron Wave+1","Run Through","Shrug It Off","conspire:ExplosiveBarrier"],"picked":"SKIP","floor":21},{"not_picked":["Iron Wave","Havoc","Shrug It Off+1","Life Link"],"picked":"Shockwave","floor":22},{"not_picked":["Thunderclap+1","Iron Wave","Cleave","Twin Strike"],"picked":"Massacre+1","floor":24},{"not_picked":["TH:PixieDust","TH:EnergyPotion","TH:Mimic"],"picked":"TH:CopperCoins","floor":26},{"not_picked":["conspire:Charge","Dark Embrace","Cleave","Sword Boomerang"],"picked":"Anger+1","floor":26},{"not_picked":["TH:TreasureMap","TH:CopperCoins","TH:EnergyPotion"],"picked":"TH:CursedSword","floor":28},{"not_picked":["Flex","Hemokinesis","Burning Pact","ReplayTheSpireMod:Strike From Hell","REME_Cut"],"picked":"SKIP","floor":29},{"not_picked":["TH:CopperCoins","TH:ElvenBoots","TH:EnergyPotion"],"picked":"TH:TreasureMap","floor":30},{"not_picked":["Flex","MostiFishMod:DoubleSword","MostiFishMod:Mania","Clash","Sword Boomerang"],"picked":"SKIP","floor":30},{"not_picked":["Armaments","Sword Boomerang","Havoc","Anger"],"picked":"Demon Form","floor":31},{"not_picked":["conspire:Charge","ReplayTheSpireMod:Limb From Limb","Perfected Strike","Body Slam+1"],"picked":"Dual Wield","floor":32},{"not_picked":["TH:CopperCoins","TH:PixieDust","TH:DeckOfManyThings"],"picked":"TH:CursedSword","floor":33},{"not_picked":["Fire Breathing","Replay:Undeath\u0027s Touch","Run Through+1","Abandon","Combust"],"picked":"SKIP","floor":33},{"not_picked":["TH:PixieDust","TH:CopperCoins","TH:DeckOfManyThings"],"picked":"TH:BikiniMail","floor":35},{"not_picked":["MostiFishMod:404NotFound","MostiFishMod:DarkDeal","Fiend Fire","Impervious"],"picked":"Limit Break","floor":35},{"not_picked":["stsjorbsmod:CULLCard","Replay:Light Bash","Koishi:Provoke","Strike_C"],"picked":"stsjorbsmod:Apparition_Cull","floor":36},{"not_picked":["Hemogenesis","Exhume","MostiFishMod:PerfectStrikeMKII","MostiFishMod:OrdinaryWorld"],"picked":"Limit Break","floor":36},{"not_picked":["infinitespire:TheBestDefense","infinitespire:Execution","infinitespire:Menacing","infinitespire:Collect"],"picked":"infinitespire:UltimateForm","floor":36},{"not_picked":["Survey Options","Replay:Parry","MostiFishMod:SupremeArchaeology","Replay:BasicMightCard"],"picked":"Enlightenment","floor":36},{"not_picked":["Dark Embrace+1","Wild Strike","Second Wind+1","ReplayTheSpireMod:Corrosion Curse","Disarm"],"picked":"SKIP","floor":37},{"not_picked":["Infernal Blade","infinitespire:OneForAll","ReplayTheSpireMod:Strike From Hell+1","Armaments","Sever Soul"],"picked":"SKIP","floor":41},{"not_picked":["TH:ArmorSpikes","TH:ElvenBoots","TH:EnergyPotion"],"picked":"TH:TreasureMap","floor":43},{"not_picked":["ReplayTheSpireMod:Stacked","Armaments","Clash+1","Body Slam","Metallicize"],"picked":"SKIP","floor":43},{"not_picked":["Immolate","ReplayTheSpireMod:Corrosion Curse+1","Havoc+1","Clash","Body Slam"],"picked":"SKIP","floor":44},{"not_picked":["TH:EnergyPotion","TH:DeckOfManyThings","TH:PixieDust"],"picked":"TH:BikiniMail","floor":45},{"not_picked":["TH:TreasureMap","TH:EnergyPotion","TH:PixieDust"],"picked":"TH:CursedSword","floor":47},{"not_picked":["ReplayTheSpireMod:Stacked+1","Pommel Strike","infinitespire:OneForAll","Shrug It Off","Thunderclap"],"picked":"SKIP","floor":47},{"not_picked":["TH:EnergyPotion","TH:PixieDust","TH:ArmorSpikes"],"picked":"TH:CopperCoins","floor":50},{"not_picked":["Battle Trance+1","True Grit+1","Thunderclap","Armaments"],"picked":"Double Tap","floor":50},{"not_picked":["TH:DeckOfManyThings","TH:ElvenBoots","TH:ArmorSpikes"],"picked":"TH:CursedSword","floor":57},{"not_picked":["Shrug It Off","Offering","Whirlwind+1","Massacre"],"picked":"Clothesline","floor":57}],"player_experience":585466,"relics_obtained":[{"floor":1,"key":"SynthV:TestCard"},{"floor":6,"key":"aspiration:HatOfInfinitePower"},{"floor":9,"key":"InkBottle"},{"floor":13,"key":"Grinning Jar"},{"floor":20,"key":"wanderingMiniBosses:Blackblade"},{"floor":22,"key":"ReplayTheSpireMod:TigerMarble"},{"floor":24,"key":"Red Mask"},{"floor":26,"key":"infinitespire:Midas Blood"},{"floor":26,"key":"Red Skull"},{"floor":28,"key":"aspiration:ChemicalBlood"},{"floor":30,"key":"ReplayFunnel"},{"floor":33,"key":"Replay:Wax Seal"},{"floor":33,"key":"War Paint"},{"floor":43,"key":"Art of War"},{"floor":43,"key":"Gremlin Food"},{"floor":47,"key":"Blue Doll"},{"floor":47,"key":"Replay:Bottled Flurry"},{"floor":50,"key":"REME_LimitBreaker"},{"floor":50,"key":"ThornShield"},{"floor":57,"key":"Oddly Smooth Stone"},{"floor":57,"key":"Divine Protection"}],"event_choices":[{"damage_healed":0,"gold_gain":0,"player_choice":"Disagree","damage_taken":0,"max_hp_gain":0,"max_hp_loss":0,"event_name":"conspire:LoneGhost","floor":12,"gold_loss":0},{"damage_healed":0,"gold_gain":0,"player_choice":"Obtained Book","damage_taken":21,"max_hp_gain":0,"max_hp_loss":0,"event_name":"Cursed Tome","floor":23,"gold_loss":0},{"damage_healed":0,"gold_gain":0,"player_choice":"Fought Bandits","damage_taken":0,"max_hp_gain":0,"max_hp_loss":0,"event_name":"Masked Bandits","floor":24,"gold_loss":0},{"damage_healed":0,"gold_gain":0,"player_choice":"Bought 3 Potions","damage_taken":0,"max_hp_gain":0,"max_hp_loss":0,"event_name":"The Woman in Blue","floor":38,"gold_loss":0},{"damage_healed":0,"gold_gain":0,"player_choice":"Embrace Madness","damage_taken":16,"max_hp_gain":0,"max_hp_loss":0,"event_name":"Winding Halls","floor":39,"gold_loss":0,"cards_obtained":["Madness","Madness"]},{"damage_healed":0,"gold_gain":222,"player_choice":"Wore Mask","damage_taken":0,"max_hp_gain":0,"max_hp_loss":0,"event_name":"Tomb of Lord Red Mask","floor":49,"gold_loss":0}],"is_beta":false,"boss_relics":[{"not_picked":["PatriotShield","aspiration:SecretTechniqueScroll","SacredBark"]},{"not_picked":["SlaversCollar","ReplayTheSpireMod:DimensionalGlitch"],"picked":"Replay:Grab Bag"},{"not_picked":["Painkiller Herb","conspire:SlowCooker"],"picked":"Coffee Dripper"},{"not_picked":["Abe\u0027s Treasure","Fusion Hammer"],"picked":"Replay:Bronze Core"},{"not_picked":["Runic Cube","EE1DDrone"],"picked":"ReplayTheSpireMod:SealedPack"},{"not_picked":["Calling Bell","aspiration:PoetsPen"],"picked":"ChiXiaoBlade"}],"items_purged_floors":[],"is_endless":false,"potions_floor_spawned":[2,6,13,24,26,29,30,35,37,44,50],"ascension_level":20,"is_humility":true}}