{"host":"qs9tt0idvebcxhcs","time":1612913076,"event":{"mods":["BaseMod","Downfall","Friendly Minions","Highlight Path","Minty Spire (QoL Compilation)","StSLib","Synergy Search","The Administrix"],"gold_per_floor":[101,111,111,130,46,65,113,263,278,293,293,293,310,344,361,466,466,366,451,451,464,480,494,542,555,555,584,594,611,711,741,759,862,862,862,876,892,256,275,300,300,335,348,348,248,258,272,272,292,292],"floor_reached":51,"language":"ENG","playtime":6884,"items_purged":[],"score":756,"play_id":"ad97c617-b73e-49f5-8b90-e5ef9bd18a2a","local_time":"20210210092436","is_ascension_mode":false,"campfire_choices":[{"data":"AdministrixMod:LifeforceNet","floor":1.0,"key":"SMITH"},{"data":"AdministrixMod:WifeLightning","floor":12.0,"key":"SMITH"},{"data":"AdministrixMod:JustRewards","floor":18.0,"key":"SMITH"},{"data":"AdministrixMod:CenturiesAscent","floor":26.0,"key":"SMITH"},{"data":"AdministrixMod:ReachToHeaven","floor":35.0,"key":"SMITH"},{"data":"AdministrixMod:LightOfYourLife","floor":45,"key":"SMITH"}],"circlet_count":0,"master_deck":["AdministrixMod:Strike_Administrix","AdministrixMod:Strike_Administrix","AdministrixMod:Strike_Administrix+1","AdministrixMod:RedCloak","AdministrixMod:Defend_Administrix","AdministrixMod:Defend_Administrix","AdministrixMod:Defend_Administrix","AdministrixMod:Defend_Administrix","AdministrixMod:BlueCloak","AdministrixMod:LifeforceNet+1","AdministrixMod:ImmortalGrace","AdministrixMod:FiendishCrimson","AdministrixMod:ImmortalGrace","AdministrixMod:JustRewards+1","AdministrixMod:TrickOfTheLight","AdministrixMod:TrickOfTheLight","AdministrixMod:WifeLightning+1","AdministrixMod:BishamonBlessing","AdministrixMod:DiversionaryTactic+1","AdministrixMod:ShadowPlay","AdministrixMod:WifeLightning","AdministrixMod:TrickOfTheLight","AdministrixMod:CenturiesAscent+1","AdministrixMod:PassageOfAges+1","AdministrixMod:HarmonicReverence+1","AdministrixMod:ReachToHeaven+1","AdministrixMod:StarSwordSoul+1","AdministrixMod:Convergence+1","AdministrixMod:CastOffRegrets+1","AdministrixMod:SeventeenArticleLaser+1","AdministrixMod:WifeLightning","AdministrixMod:LightOfYourLife+1","AdministrixMod:LuminaryPath","AdministrixMod:TouchOfCinnabar+1","AdministrixMod:HiddenPower"],"relics":["AdministrixMod:ConductorRitualBaton","Bird Faced Urn","Blood Vial","Spirit Poop","Matryoshka","Coffee Dripper","downfall:HeartBlessingGreen","Akabeko","Vajra","Boot","MealTicket","Philosopher\u0027s Stone","Shuriken","Medical Kit","AdministrixMod:CrackedTaijitu","Bottled Tornado","Whetstone","downfall:HeartBlessingBlue","Darkstone Periapt"],"acts_visited":["Exordium","TheCity","TheBeyond"],"potions_floor_usage":[50],"damage_taken":[{"damage":0.0,"enemies":"Cultist","floor":2.0,"turns":2.0},{"damage":1.0,"enemies":"Jaw Worm","floor":4.0,"turns":2.0},{"damage":3.0,"enemies":"downfall:FleeingMerchant","floor":5.0,"turns":4.0},{"damage":0.0,"enemies":"2 Louse","floor":6.0,"turns":1.0},{"damage":11.0,"enemies":"Lots of Slimes","floor":9.0,"turns":3.0},{"damage":9.0,"enemies":"Large Slime","floor":10.0,"turns":3.0},{"damage":11.0,"enemies":"Exordium Thugs","floor":13.0,"turns":3.0},{"damage":30.0,"enemies":"Lagavulin","floor":14.0,"turns":7.0},{"damage":12.0,"enemies":"Exordium Wildlife","floor":15.0,"turns":3.0},{"damage":25.0,"enemies":"WA_ARCHETYPE_RETAIN","floor":16.0,"turns":9.0},{"damage":8.0,"enemies":"Shell Parasite","floor":21.0,"turns":6.0},{"damage":0.0,"enemies":"3 Byrds","floor":22.0,"turns":5.0},{"damage":25.0,"enemies":"Shelled Parasite and Fungi","floor":23.0,"turns":6.0},{"damage":3.0,"enemies":"Chosen and Byrds","floor":25.0,"turns":4.0},{"damage":14.0,"enemies":"Gremlin Leader","floor":27.0,"turns":6.0},{"damage":10.0,"enemies":"3 Cultists","floor":28.0,"turns":5.0},{"damage":0.0,"enemies":"Snecko","floor":29.0,"turns":3.0},{"damage":15.0,"enemies":"Book of Stabbing","floor":31.0,"turns":5.0},{"damage":7.0,"enemies":"Sentry and Sphere","floor":32.0,"turns":5.0},{"damage":33.0,"enemies":"DF_ARCHETYPE_CLAW","floor":33.0,"turns":10.0},{"damage":28.0,"enemies":"3 Shapes","floor":36.0,"turns":6.0},{"damage":6.0,"enemies":"Orb Walker","floor":37.0,"turns":5.0},{"damage":5.0,"enemies":"downfall:FleeingMerchant","floor":38.0,"turns":4.0},{"damage":20.0,"enemies":"4 Shapes","floor":39.0,"turns":4.0},{"damage":72.0,"enemies":"Giant Head","floor":40.0,"turns":9.0},{"damage":30,"enemies":"Reptomancer","floor":42,"turns":5},{"damage":13,"enemies":"Jaw Worm Horde","floor":43,"turns":4},{"damage":28,"enemies":"Transient","floor":46,"turns":5},{"damage":11,"enemies":"Spire Growth","floor":47,"turns":5},{"damage":16,"enemies":"3 Darklings","floor":49,"turns":5},{"damage":119,"enemies":"IC_BLOCK_ARCHETYPE","floor":50,"turns":9}],"seed_played":"-8564469331622901093","potions_obtained":[{"floor":2.0,"key":"Guardian:BlockOnCardUsePotion"},{"floor":4.0,"key":"LiquidMemories"},{"floor":16.0,"key":"GamblersBrew"},{"floor":36.0,"key":"Slimebound:ThreeZeroPotion"},{"floor":40.0,"key":"BlessingOfTheForge"}],"is_trial":false,"path_per_floor":["R","M","T","M","$","M","T","?","M","M","?","R","M","E","M","B",null,"R","?","?","M","M","M","T","M","R","E","M","M","?","E","M","B",null,"R","M","M","$","M","E","T","E","M","?","R","M","M","T","M","B",null],"character_chosen":"TheAdministrix","items_purchased":["AdministrixMod:JustRewards","Shuriken","AdministrixMod:WifeLightning","Medical Kit","AdministrixMod:LightOfYourLife"],"campfire_rested":0,"item_purchase_floors":[5,38,38,38,38],"current_hp_per_floor":[65,65,65,64,65,65,65,65,58,51,51,51,44,22,14,23,65,65,57,57,59,65,44,44,49,49,39,39,47,47,40,39,18,65,65,39,45,62,55,19,19,7,23,23,33,21,28,28,32,28],"gold":292,"neow_bonus":"ONE_RANDOM_RARE_CARD","is_daily":false,"chose_seed":false,"campfire_upgraded":6,"win_rate":0.0,"timestamp":1612913076,"path_taken":["R","M","?","M","?","M","T","?","M","M","?","R","?","E","M","BOSS","R","?","?","M","M","M","T","M","R","E","M","?","?","E","M","BOSS","R","M","M","?","M","E","T","E","M","?","R","M","?","?","M","BOSS"],"items_purchased_type":["Card","Relic","Card","Relic","Card"],"build_version":"2020-12-22","purchased_purges":0,"victory":true,"max_hp_per_floor":[65,65,65,65,65,65,65,65,65,65,65,65,65,65,65,65,65,65,65,65,65,65,65,65,65,65,65,65,65,65,65,65,65,65,65,65,65,65,65,65,65,65,65,65,75,75,75,75,75,75],"card_choices":[{"not_picked":["AdministrixMod:MixOfMercury","AdministrixMod:TrickOfTheLight"],"picked":"AdministrixMod:ImmortalGrace","floor":2.0},{"not_picked":["AdministrixMod:Metempsychosis","AdministrixMod:Wuji"],"picked":"AdministrixMod:FiendishCrimson","floor":4.0},{"not_picked":["AdministrixMod:SipOfSparks","AdministrixMod:ImmortalPurity"],"picked":"AdministrixMod:ImmortalGrace","floor":5.0},{"not_picked":["AdministrixMod:NoblePath","AdministrixMod:GuanyinBlessing"],"picked":"AdministrixMod:TrickOfTheLight","floor":6.0},{"not_picked":["AdministrixMod:Convergence","AdministrixMod:HarmonicReverence"],"picked":"AdministrixMod:TrickOfTheLight","floor":9.0},{"not_picked":["AdministrixMod:TrickOfTheLight","AdministrixMod:HarmonicReverence"],"picked":"AdministrixMod:WifeLightning","floor":10.0},{"not_picked":["AdministrixMod:LightOfYourLife","AdministrixMod:QuietConspiracy"],"picked":"AdministrixMod:BishamonBlessing","floor":13.0},{"not_picked":["AdministrixMod:RebukeDesires","AdministrixMod:ImmortalGrace"],"picked":"AdministrixMod:DiversionaryTactic","floor":14.0},{"not_picked":["AdministrixMod:Wuji","AdministrixMod:SeventeenArticleLaser"],"picked":"AdministrixMod:ShadowPlay","floor":15.0},{"not_picked":["AdministrixMod:FearOfDeath","AdministrixMod:Schism"],"picked":"AdministrixMod:WifeLightning","floor":16.0},{"not_picked":["AdministrixMod:PassageOfAges","AdministrixMod:ImmortalPurity"],"picked":"AdministrixMod:TrickOfTheLight","floor":21.0},{"not_picked":["AdministrixMod:WickedPunishment","AdministrixMod:PlateOfAntiquity","AdministrixMod:FuneraryRites"],"picked":"SKIP","floor":22.0},{"not_picked":["AdministrixMod:ImmortalPurity","AdministrixMod:Convergence"],"picked":"AdministrixMod:CenturiesAscent","floor":23.0},{"not_picked":["AdministrixMod:QuietConspiracy","AdministrixMod:Mastermind"],"picked":"AdministrixMod:PassageOfAges+1","floor":25.0},{"not_picked":["AdministrixMod:ShadowPlay","AdministrixMod:CrackingPangu"],"picked":"AdministrixMod:HarmonicReverence+1","floor":27.0},{"not_picked":["AdministrixMod:ExtolVirtue","AdministrixMod:TrickOfTheLight"],"picked":"AdministrixMod:ReachToHeaven","floor":28.0},{"not_picked":["AdministrixMod:CrackingPangu+1","AdministrixMod:XianArts","AdministrixMod:PlateOfAntiquity"],"picked":"SKIP","floor":29.0},{"not_picked":["AdministrixMod:FuneraryRites","AdministrixMod:BloodlessSapphire+1","AdministrixMod:RebukeDesires"],"picked":"SKIP","floor":31.0},{"not_picked":["AdministrixMod:SealAway","AdministrixMod:ExtolVirtue","AdministrixMod:FaithfulFlames"],"picked":"SKIP","floor":32.0},{"not_picked":["AdministrixMod:BrewingCloister","AdministrixMod:FalseDeath"],"picked":"AdministrixMod:StarSwordSoul","floor":33.0},{"not_picked":["AdministrixMod:LightOfYourLife+1","AdministrixMod:WickedPunishment"],"picked":"AdministrixMod:Convergence+1","floor":36.0},{"not_picked":["AdministrixMod:DiversionaryTactic+1","AdministrixMod:ChooseYourEnd+1"],"picked":"AdministrixMod:CastOffRegrets+1","floor":37.0},{"not_picked":["AdministrixMod:ChooseYourEnd","AdministrixMod:ImmortalPurity+1"],"picked":"AdministrixMod:SeventeenArticleLaser+1","floor":38.0},{"not_picked":["AdministrixMod:SipOfSparks+1","AdministrixMod:Transition","AdministrixMod:ImmortalPurity+1"],"picked":"SKIP","floor":39.0},{"not_picked":["AdministrixMod:FuneraryRites","AdministrixMod:FiendishCrimson+1"],"picked":"AdministrixMod:LuminaryPath","floor":40.0},{"not_picked":["AdministrixMod:PassageOfAges","AdministrixMod:QuietConspiracy","AdministrixMod:ImmortalGrace+1"],"picked":"SKIP","floor":42},{"not_picked":["AdministrixMod:NewWardrobe","AdministrixMod:FiendishCrimson+1"],"picked":"AdministrixMod:TouchOfCinnabar+1","floor":43},{"not_picked":["AdministrixMod:WickedPunishment","AdministrixMod:FuneraryRites+1"],"picked":"AdministrixMod:HiddenPower","floor":46},{"not_picked":["AdministrixMod:Wuji+1","AdministrixMod:FuneraryRites","AdministrixMod:GuanyinBlessing"],"picked":"SKIP","floor":47},{"not_picked":["AdministrixMod:FuneraryRites+1","AdministrixMod:SeventeenArticleLaser+1","AdministrixMod:RebukeDesires"],"picked":"SKIP","floor":49}],"player_experience":358626,"relics_obtained":[{"floor":3.0,"key":"Bird Faced Urn"},{"floor":7.0,"key":"Blood Vial"},{"floor":14.0,"key":"Matryoshka"},{"floor":24.0,"key":"Akabeko"},{"floor":24.0,"key":"Vajra"},{"floor":27.0,"key":"Boot"},{"floor":31.0,"key":"MealTicket"},{"floor":40.0,"key":"AdministrixMod:CrackedTaijitu"},{"floor":41.0,"key":"Bottled Tornado"},{"floor":42,"key":"Whetstone"},{"floor":48,"key":"Darkstone Periapt"}],"event_choices":[{"cards_removed":["downfall:Icky"],"damage_healed":0.0,"max_hp_gain":0.0,"max_hp_loss":0.0,"gold_gain":0.0,"event_name":"Bonfire Elementals","player_choice":"Offered Curse","floor":11.0,"gold_loss":0.0,"damage_taken":0.0,"relics_obtained":["Spirit Poop"]},{"cards_removed":["AdministrixMod:Strike_Administrix"],"damage_healed":0.0,"max_hp_gain":0.0,"max_hp_loss":0.0,"gold_gain":0.0,"event_name":"Back to Basics","player_choice":"Elegance","floor":20.0,"gold_loss":0.0,"damage_taken":0.0}],"is_beta":false,"boss_relics":[{"not_picked":["Empty Cage","Black Star"],"picked":"Coffee Dripper"},{"not_picked":["AdministrixMod:ElixirOfImmorality","Sozu"],"picked":"Philosopher\u0027s Stone"}],"items_purged_floors":[],"is_endless":false,"potions_floor_spawned":[2,4,9,14,16,21,25,27,31,32,36,40,49],"ascension_level":0}}