{"host":"ze3l6yeednxa5vk8","time":1612834217,"event":{"mods":["BaseMod","Minty Spire (QoL Compilation)","MostiFishMod","Quick Restart","StSLib","The Dragon Tamer","[IsaacMod]ÒÔÈö¼âËþ","¡¾¹¦ÄÜMod¡¿»ìãçÖ®»·ÐÞ¸´²¹¶¡","óô»ðÖ¸ÄÏ"],"gold_per_floor":[1014,653,673,9999,10013,82,10024,10041,10117,3351,3378,3385,3385,398,398,524,524,100013,98208,98208,98222,98246,98264,98064,98162,98242,98275,98051,98051,98150,98173,98173,98294,98294,98310,98072,98087,98106,98106,97219,97552,97434,97434,97447,97457,97486,97486,97501,97501,97501,97501,97501,97379,97379,97379],"floor_reached":56,"language":"ZHS","playtime":2028,"items_purged":["DTMod:SwitchingTactic+1","DTMod:TargetDefense+1","DTMod:FlameSlash","DTMod:Training+1","DTMod:Training+1"],"score":1867,"play_id":"2a0e22b3-523f-43c2-b129-1039848b6251","local_time":"20210209093017","is_ascension_mode":true,"metric_token":599,"campfire_choices":[{"floor":13.0,"key":"RECALL"},{"data":"1","floor":15.0,"key":"LIFT"},{"data":"DTMod:Strike+1","floor":32,"key":"PURGE"},{"data":"2","floor":47,"key":"LIFT"},{"data":"3","floor":52,"key":"LIFT"}],"dtmod_dragon_data":[111,111,0,-1,0,0],"circlet_count":1,"master_deck":["DTMod:StarRain+1"],"relics":["DTMod:MagicStone","DaveBox","HushsDoor","Pocketwatch","PokeGo","Lantern","Black Blood","Anchor","SynthV:TestCard","GuppysTail","Runic Pyramid","Unceasing Top","Thread and Needle","The Courier","ClockworkSouvenir","Toxic Egg 2","OriginationStaff","Boot","Pear","Letter Opener","Regal Pillow","ClockworkSouvenir","EdensBlessing","Question Card","Nunchaku","Lizard Tail","BloodDonationMachine","Bronze Scales","CaptainsWheel","Prayer Wheel","TuHaoJin","Singing Bowl","Void","DTMod:TacticalNote","Pantograph","Shuriken","Eternal Feather","MostiFishMod:Haymaker","ForgetMeNow","GuppysHead","Matryoshka","Toxic Egg 2","Orichalcum","Bag of Preparation","MealTicket","Art of War","War Paint","DeathBook","AnarchistCookbook","SalivaCoin","Ancient Tea Set","D6","Potion Belt","UnicornStump","Whetstone","Anchor","BookOfRevelations","SynthV:C4","Blue Candle","PreservedInsect","DianPoetry","Juzu Bracelet","Omamori","Centennial Puzzle","Blood Vial","Leech","White Beast Statue","Mummified Hand","TheBean","Ornamental Fan","Toy Ornithopter","HornCleat","Kunai","Oddly Smooth Stone","Pen Nib","BFFS","DoctorsRemote","Sundial","Vajra","WingedGreaves","BelialBook","Darkstone Periapt","Bag of Marbles","D4","Meat on the Bone","Frozen Egg 2","OrangePellets","Bird Faced Urn","Calipers","BookofShadows","Strawberry","DTMod:DragonFood","ImprovedEquipment","GnawedLeaf","Dream Catcher","HowToJump","Tiny Chest","Happy Flower","BionicSphere","PillsDrop","SatanicBible","Molten Egg 2","InkBottle","TheBible","DeadEye","GuppysPaw","Turnip","Thread and Needle","MoneyPower","StoneCalendar","Mango","Damocles","DTMod:BindingString","DianDianMeat","Peace Pipe","Ginger","YumHeart","DTMod:OddArmor","Ice Cream","FossilizedHelix","PunchingBag","ArrowTower","HollowDreamFlower","DaCapo","Girya","TungstenRod","Strange Spoon","CombinedTypeHook","TungstenRod","ThornShield","SentryEyes","Torii","Incense Burner","Du-Vu Doll","BrkXgEgg","Chemical X","Circlet","NineVolt","BirthdayGift-Tetrahedron","DTMod:SwitchButton","HandDrill"],"acts_visited":["Exordium","TheCity","TheBeyond","TheEnding"],"potions_floor_usage":[],"damage_taken":[{"damage":1.0,"enemies":"Cultist","floor":1.0,"turns":3.0},{"damage":1.0,"enemies":"Jaw Worm","floor":3.0,"turns":5.0},{"damage":0.0,"enemies":"2 Louse","floor":5.0,"turns":3.0},{"damage":0.0,"enemies":"Gremlin Nob","floor":7.0,"turns":2.0},{"damage":0.0,"enemies":"Lots of Slimes","floor":8.0,"turns":1.0},{"damage":0.0,"enemies":"Lagavulin","floor":11.0,"turns":1.0},{"damage":0.0,"enemies":"Slime Boss","floor":16.0,"turns":1.0},{"damage":0.0,"enemies":"Spheric Guardian","floor":18.0,"turns":1.0},{"damage":0,"enemies":"3 Byrds","floor":21,"turns":1},{"damage":0,"enemies":"Sentry and Sphere","floor":22,"turns":1},{"damage":0,"enemies":"Snake Plant","floor":23,"turns":1},{"damage":0,"enemies":"Book of Stabbing","floor":27,"turns":1},{"damage":0,"enemies":"Snecko","floor":31,"turns":1},{"damage":0,"enemies":"Collector","floor":33,"turns":1},{"damage":0,"enemies":"3 Darklings","floor":35,"turns":2},{"damage":0,"enemies":"3 Shapes","floor":37,"turns":1},{"damage":0,"enemies":"Sphere and 2 Shapes","floor":38,"turns":1},{"damage":0,"enemies":"Maw","floor":44,"turns":1},{"damage":0,"enemies":"Writhing Mass","floor":45,"turns":1},{"damage":0,"enemies":"Giant Head","floor":46,"turns":1},{"damage":0,"enemies":"4 Shapes","floor":48,"turns":1},{"damage":0,"enemies":"Awakened One","floor":50,"turns":4},{"damage":0,"enemies":"Shield and Spear","floor":54,"turns":2},{"damage":0,"enemies":"Delirium","floor":55,"turns":4}],"seed_played":"7177479704071620608","potions_obtained":[{"floor":45,"key":"Dexterity Potion"}],"is_trial":false,"path_per_floor":["M","$","M","?","M","R","E","M","T","R","E","?","R","$","R","B",null,"M","$","?","M","M","M","R","?","T","E","$","T","?","M","R","B",null,"M","$","M","M","?","R","?","R","T","M","M","E","R","M","R","B",null,"R","$","E","B",null],"character_chosen":"THE_DT","items_purchased":["GuppysTail","OriginationStaff","Boot","Pear","Letter Opener","Regal Pillow","ClockworkSouvenir","EdensBlessing","Question Card","Nunchaku","Lizard Tail","BloodDonationMachine","Bronze Scales","CaptainsWheel","Prayer Wheel","TuHaoJin","Singing Bowl","Void","DTMod:TacticalNote","Pantograph","Shuriken","Eternal Feather","MostiFishMod:Haymaker","ForgetMeNow","GuppysHead","Matryoshka","Toxic Egg 2","Orichalcum","Bag of Preparation","MealTicket","Art of War","War Paint","DeathBook","AnarchistCookbook","SalivaCoin","Ancient Tea Set","D6","Potion Belt","UnicornStump","Whetstone","Anchor","BookOfRevelations","SynthV:C4","Blue Candle","PreservedInsect","DianPoetry","Juzu Bracelet","Omamori","Centennial Puzzle","Blood Vial","Leech","White Beast Statue","Mummified Hand","TheBean","Ornamental Fan","Toy Ornithopter","HornCleat","Kunai","DoctorsRemote","Sundial","Vajra","WingedGreaves","BelialBook","Darkstone Periapt","Bag of Marbles","D4","Meat on the Bone","Frozen Egg 2","OrangePellets","Bird Faced Urn","Calipers","BookofShadows","Strawberry","DTMod:DragonFood","ImprovedEquipment","GnawedLeaf","Dream Catcher","HowToJump","Tiny Chest","Happy Flower","BionicSphere","PillsDrop","SatanicBible","Molten Egg 2","InkBottle","TheBible","DeadEye","GuppysPaw","Turnip","Thread and Needle","MoneyPower","StoneCalendar","Mango","DTMod:BindingString","DianDianMeat","Peace Pipe","Ginger","YumHeart","DTMod:OddArmor","Ice Cream","FossilizedHelix","PunchingBag","ArrowTower","HollowDreamFlower","DaCapo","Girya","Strange Spoon","CombinedTypeHook","Diplopia","ThornShield","SentryEyes","Torii","Incense Burner","Du-Vu Doll","BrkXgEgg","Chemical X","GuppysHairball","NineVolt","BirthdayGift-Tetrahedron","DTMod:SwitchButton","HandDrill"],"campfire_rested":0,"item_purchase_floors":[2,6,6,6,6,6,6,6,6,6,6,6,6,6,6,6,6,6,6,6,6,6,6,6,6,6,6,6,6,6,6,6,6,6,6,6,6,6,6,6,6,6,6,6,6,6,6,6,6,6,6,6,6,6,6,6,6,6,10,10,10,10,10,10,10,10,10,10,10,10,10,10,10,10,10,10,10,10,10,10,10,10,10,10,10,10,10,10,10,10,10,10,10,14,14,14,14,14,14,14,14,14,14,14,14,14,19,19,19,19,19,19,19,19,24,28,34,36,40,42,53],"current_hp_per_floor":[66,66,66,66,66,76,99,101,101,122,124,93,96,111,114,126,126,133,133,133,137,138,133,133,120,120,135,135,140,140,144,144,146,131,135,135,135,139,132,132,132,132,132,131,130,133,133,137,137,137,137,137,137,139,139],"gold":97379,"neow_bonus":"RANDOM_COMMON_RELIC","is_daily":false,"chose_seed":false,"campfire_upgraded":0,"win_rate":0.0,"timestamp":1612834217,"path_taken":["M","?","M","?","M","R","E","M","T","R","E","?","R","$","R","BOSS","M","$","?","M","M","M","R","?","T","E","$","?","?","M","R","BOSS","M","$","M","M","?","R","?","R","T","M","M","E","R","M","R","BOSS","R","$","E","BOSS"],"items_purchased_type":["Relic","Relic","Relic","Relic","Relic","Relic","Relic","Relic","Relic","Relic","Relic","Relic","Relic","Relic","Relic","Relic","Relic","Card","Relic","Relic","Relic","Relic","Relic","Relic","Relic","Relic","Relic","Relic","Relic","Relic","Relic","Relic","Relic","Relic","Relic","Relic","Relic","Relic","Relic","Relic","Relic","Relic","Relic","Relic","Relic","Relic","Relic","Relic","Relic","Relic","Relic","Relic","Relic","Relic","Relic","Relic","Relic","Relic","Relic","Relic","Relic","Relic","Relic","Relic","Relic","Relic","Relic","Relic","Relic","Relic","Relic","Relic","Relic","Relic","Relic","Relic","Relic","Relic","Relic","Relic","Relic","Relic","Relic","Relic","Relic","Relic","Relic","Relic","Relic","Relic","Relic","Relic","Relic","Relic","Relic","Relic","Relic","Relic","Relic","Relic","Relic","Relic","Relic","Relic","Relic","Relic","Relic","Relic","Relic","Relic","Relic","Relic","Relic","Relic","Relic","Relic","Relic","Relic","Relic","Relic","Relic"],"build_version":"2020-12-22","purchased_purges":5,"victory":true,"max_hp_per_floor":[66,66,66,66,66,76,99,101,101,122,124,124,124,124,124,126,126,133,133,133,137,138,133,133,133,133,135,135,140,140,144,144,146,131,135,135,135,139,132,132,132,132,132,131,130,133,133,137,137,137,137,137,137,139,139],"card_choices":[{"not_picked":["DTMod:Feint","DTMod:DarkBreath"],"picked":"DTMod:Training","floor":1.0},{"not_picked":["DTMod:Weaken","DTMod:ForkedFire","DTMod:Coolant","DTMod:InvisibleFlame"],"picked":"DTMod:Training","floor":3.0},{"not_picked":["DTMod:HeatWave","DTMod:FlameSlash","DTMod:ComboAttack","DTMod:CleansingStrike","DTMod:Hide+1"],"picked":"SKIP","floor":5.0},{"not_picked":["DTMod:SealedStrike","DTMod:DeepFocus+1","DTMod:CalculatedDefense","DTMod:HeatWave","DTMod:LastStand+1","DTMod:InvisibleFlame"],"picked":"SKIP","floor":7.0},{"not_picked":["DTMod:MasterPlan+1","DTMod:Multitask","DTMod:Weaken+1","DTMod:Astonish","DTMod:HeatWave"],"picked":"DTMod:FlameSlash","floor":8.0},{"not_picked":["DTMod:Feint","DTMod:Training+1","DTMod:ComboAttack","DTMod:Cover+1","DTMod:ShieldDrain","DTMod:MasterPlan+1"],"picked":"Singing Bowl","floor":8.0},{"not_picked":["DTMod:Training+1","DTMod:QuickFly+1","DTMod:BlueScale+1","DTMod:Threaten+1","DTMod:MaximumCharge+1","DTMod:DragonDance+1"],"picked":"Singing Bowl","floor":11.0},{"not_picked":["DTMod:Inferno+1","DTMod:ExcessFootwork+1","DTMod:Multitask+1","DTMod:ShadowImage+1","DTMod:OpeningTactic+1","DTMod:Prediction+1"],"picked":"Singing Bowl","floor":16.0},{"not_picked":["DTMod:BurningEnergy+1","DTMod:FlameSlash+1","DTMod:BurningForce+1","DTMod:CalculatedDefense+1","DTMod:DarkBreath+1","DTMod:HeatWave+1"],"picked":"Singing Bowl","floor":18},{"not_picked":["DTMod:ShadowImage+1","DTMod:FlameSlash+1","DTMod:QuickFly+1","DTMod:BlazingStrike+1","DTMod:CrossStep+1","DTMod:RunningTactic+1"],"picked":"Singing Bowl","floor":18},{"not_picked":["DTMod:Weaken+1","DTMod:Observe+1","DTMod:BreakAttack+1","DTMod:MasterPlan+1","DTMod:BizarreTactic+1","DTMod:SneakAttack+1"],"picked":"Singing Bowl","floor":21},{"not_picked":["DTMod:Coolant+1","DTMod:Weaken+1","DTMod:LastStand+1","DTMod:ForkedFire+1","DTMod:Overwhelm+1","DTMod:ShieldDrain+1"],"picked":"Singing Bowl","floor":21},{"not_picked":["DTMod:Weaken+1","DTMod:Inferno+1","DTMod:BlueScale+1","DTMod:DeepFocus+1","DTMod:CleansingStrike+1"],"picked":"DTMod:StarRain+1","floor":22},{"not_picked":["DTMod:InvisibleFlame+1","DTMod:CalculatedDefense+1","DTMod:MagiciansMark+1","DTMod:Overwhelm+1","DTMod:PurifyingFlame+1","DTMod:QuickFly+1"],"picked":"SKIP","floor":22},{"not_picked":["DTMod:HeatWave+1","DTMod:MagicField+1","DTMod:Cover+1","DTMod:Training+1","DTMod:Conduct+1","DTMod:FlameSlash+1"],"picked":"SKIP","floor":23},{"not_picked":["DTMod:HeatWave+1","DTMod:TauntingStrike+1","DTMod:BlazingStrike+1","DTMod:BurningEnergy+1","DTMod:RunningTactic+1","DTMod:MaximumCharge+1"],"picked":"SKIP","floor":23},{"not_picked":["DTMod:TauntingStrike+1","DTMod:ForkedFire+1","DTMod:BizarreTactic+1","DTMod:TagTeam+1","DTMod:Hide+1","DTMod:GhostSkin+1"],"picked":"Singing Bowl","floor":27},{"not_picked":["DTMod:CrossStep+1","DTMod:BizarreTactic+1","DTMod:MagicField+1","DTMod:RunningTactic+1","DTMod:LowKick+1","DTMod:BlazingStrike+1"],"picked":"Singing Bowl","floor":31},{"not_picked":["DTMod:RunningTactic+1","DTMod:Threaten+1","DTMod:BreakAttack+1","DTMod:MagicField+1","DTMod:Hide+1","DTMod:ShadowImage+1"],"picked":"Singing Bowl","floor":31},{"not_picked":["DTMod:Multitask+1","DTMod:StunTrap+1","DTMod:Safeguard+1","DTMod:RepeatStrike+1","DTMod:GearUp+1","DTMod:SealedStrike+1"],"picked":"Singing Bowl","floor":33},{"not_picked":["DTMod:HeatWave+1","DTMod:Cover+1","DTMod:MasterPlan+1","DTMod:BlazingStrike+1","DTMod:Hide+1","DTMod:CalculatedDefense+1"],"picked":"Singing Bowl","floor":35},{"not_picked":["DTMod:DragonDance+1","DTMod:OpeningTactic+1","DTMod:CalculatedDefense+1","DTMod:RecklessFlurry+1","DTMod:WarmUp+1","DTMod:Weaken+1"],"picked":"Singing Bowl","floor":35},{"not_picked":["DTMod:Hide+1","DTMod:MagicField+1","DTMod:HeatWave+1","DTMod:CleansingStrike+1","DTMod:Threaten+1","DTMod:BurningEnergy+1"],"picked":"SKIP","floor":37},{"not_picked":["DTMod:OpeningTactic+1","DTMod:CleansingStrike+1","DTMod:Weaken+1","DTMod:ComboAttack+1","DTMod:RecklessFlurry+1","DTMod:StarRain+1"],"picked":"SKIP","floor":37},{"not_picked":["DTMod:HeatWave+1","DTMod:InvisibleFlame+1","DTMod:Threaten+1","DTMod:RunningTactic+1","DTMod:CalculatedDefense+1","DTMod:BreakAttack+1"],"picked":"Singing Bowl","floor":38},{"not_picked":["DTMod:Punisher+1","DTMod:TagTeam+1","DTMod:Shift+1","DTMod:CleansingStrike+1","DTMod:HeatWave+1","DTMod:FlameSlash+1"],"picked":"Singing Bowl","floor":38},{"not_picked":["DTMod:HeatWave+1","DTMod:ComboAttack+1","DTMod:TriAttack+1","DTMod:Dissolve+1","DTMod:Weaken+1","DTMod:CleansingStrike+1"],"picked":"Singing Bowl","floor":44},{"not_picked":["DTMod:BlazingStrike+1","DTMod:PurifyingFlame+1","DTMod:Hide+1","DTMod:Prediction+1","DTMod:Threaten+1","DTMod:GhostSkin+1"],"picked":"Singing Bowl","floor":44},{"not_picked":["DTMod:RecklessFlurry+1","DTMod:BlueScale+1","DTMod:CleansingStrike+1","DTMod:Haste+1","DTMod:GhostSkin+1","DTMod:DragonDance+1"],"picked":"Singing Bowl","floor":45},{"not_picked":["DTMod:MasterPlan+1","DTMod:BuildUp+1","DTMod:BlazingStrike+1","DTMod:HeatWave+1","DTMod:RepeatStrike+1","DTMod:Threaten+1"],"picked":"Singing Bowl","floor":45},{"not_picked":["DTMod:BlazingStrike+1","DTMod:BizarreTactic+1","DTMod:HeatWave+1","DTMod:ComboAttack+1","DTMod:WarmUp+1","DTMod:Training+1"],"picked":"SKIP","floor":46},{"not_picked":["DTMod:Hide+1","DTMod:BizarreTactic+1","DTMod:Punisher+1","DTMod:Dissolve+1","DTMod:InvisibleFlame+1","DTMod:ComboAttack+1"],"picked":"Singing Bowl","floor":48},{"not_picked":["DTMod:Training+1","DTMod:ShieldDrain+1","DTMod:Dissolve+1","DTMod:Multitask+1","DTMod:Cover+1","DTMod:BurningEnergy+1"],"picked":"Singing Bowl","floor":48},{"not_picked":["DTMod:EchoTactic+1","DTMod:Shift+1","DTMod:Adaptation+1","DTMod:RunningTactic+1","DTMod:CleansingStrike+1","DTMod:Cover+1"],"picked":"Singing Bowl","floor":54}],"player_experience":91715,"relics_obtained":[{"floor":1.0,"key":"SynthV:TestCard"},{"floor":7.0,"key":"Oddly Smooth Stone"},{"floor":9.0,"key":"Pen Nib"},{"floor":9.0,"key":"BFFS"},{"floor":11.0,"key":"Damocles"},{"floor":18,"key":"TungstenRod"},{"floor":29,"key":"Circlet"}],"event_choices":[{"damage_healed":0.0,"max_hp_gain":0.0,"max_hp_loss":0.0,"gold_gain":0.0,"event_name":"Liars Game","player_choice":"Ignored","floor":4.0,"gold_loss":0.0,"damage_taken":0.0},{"damage_healed":0.0,"max_hp_gain":0.0,"max_hp_loss":0.0,"gold_gain":0.0,"event_name":"Golden Idol","player_choice":"Take Damage","floor":12.0,"gold_loss":0.0,"damage_taken":31.0,"relics_obtained":["Golden Idol"]},{"damage_healed":0,"gold_gain":0,"player_choice":"Ignored","damage_taken":0,"max_hp_gain":0,"max_hp_loss":0,"event_name":"The Mausoleum","floor":20,"gold_loss":0},{"damage_healed":0,"gold_gain":99,"player_choice":"Stole From Cult","damage_taken":0,"max_hp_gain":0,"max_hp_loss":0,"event_name":"Nest","floor":30,"gold_loss":0},{"damage_healed":0,"gold_gain":0,"player_choice":"Max HP","damage_taken":0,"max_hp_gain":0,"max_hp_loss":7,"event_name":"Winding Halls","floor":39,"gold_loss":0},{"damage_healed":0,"gold_gain":333,"player_choice":"Gave Idol","damage_taken":0,"max_hp_gain":0,"max_hp_loss":0,"event_name":"The Moai Head","floor":41,"relics_lost":["Golden Idol"],"gold_loss":0}],"is_beta":false,"boss_relics":[{"not_picked":["GreenFoldingFan","Coffee Dripper","Runic Dome"]},{"not_picked":["Velvet Choker","GuanYuAspect"],"picked":"DTMod:MagicStone"},{"not_picked":[]}],"items_purged_floors":[2,24,28,34,36],"is_endless":false,"potions_floor_spawned":[5,7,8,11,16,18,21,22,23,27,31,33,35,37,38,44,45,46,48,54],"ascension_level":1}}