{"host":"8sf1xglkdai6nf6k","time":1612856587,"event":{"mods":["BaseMod","Hermit","Minty Spire (QoL Compilation)","StSLib"],"gold_per_floor":[115,127,127,127,47,47,78,78,124,147,27,62,87,120,120,245,245,268,307,328,328,357,393,393,393,393,436,476,476,516,599,599,604,604],"floor_reached":33,"language":"ENG","playtime":9123,"items_purged":[],"score":341,"play_id":"db465e3d-e8ac-4a2b-9beb-a462e25a3ecb","local_time":"20210209014307","is_ascension_mode":false,"campfire_choices":[{"data":"hermit:DeadOrAlive","floor":6.0,"key":"SMITH"},{"data":"hermit:Headshot","floor":8.0,"key":"SMITH"},{"data":"hermit:Dissolve","floor":15.0,"key":"SMITH"},{"data":"hermit:Manifest","floor":25,"key":"SMITH"},{"floor":32,"key":"REST"}],"circlet_count":0,"master_deck":["hermit:Defend_Hermit","hermit:Defend_Hermit","hermit:Defend_Hermit","hermit:Defend_Hermit","hermit:Snapshot","hermit:Covet","hermit:Feint","hermit:Headshot+1","hermit:DeadOrAlive+1","hermit:BigShot","hermit:Glare","hermit:FlashPowder","hermit:Manifest+1","hermit:Roulette","hermit:Dissolve+1","hermit:RoundhouseKick","CurseOfTheBell","hermit:Grudge+1","hermit:DeadMansHand","hermit:Virtue","hermit:Scavenge","hermit:BigShot","hermit:Combo","Bite","Bite","Bite","Bite","Bite","hermit:Misfire+1","hermit:PistolWhip","hermit:Glare","hermit:Gestalt","hermit:FinalCanter","Writhe","hermit:Snipe","hermit:FlashPowder+1","hermit:FromBeyond"],"relics":["Velvet Choker","Golden Idol","Boot","Orichalcum","Calling Bell","Juzu Bracelet","hermit:Spyglass","Prayer Wheel","Nloth\u0027s Gift","Bottled Lightning","Anchor","Gremlin Horn"],"acts_visited":[],"potions_floor_usage":[31,31,31],"damage_taken":[{"damage":0.0,"enemies":"Small Slimes","floor":1.0,"turns":3.0},{"damage":0.0,"enemies":"2 Louse","floor":2.0,"turns":2.0},{"damage":0.0,"enemies":"Cultist","floor":7.0,"turns":2.0},{"damage":0.0,"enemies":"Large Slime","floor":10.0,"turns":3.0},{"damage":0.0,"enemies":"3 Louse","floor":12.0,"turns":2.0},{"damage":0.0,"enemies":"Gremlin Gang","floor":13.0,"turns":5.0},{"damage":4.0,"enemies":"Lagavulin","floor":14.0,"turns":4.0},{"damage":7.0,"enemies":"Hexaghost","floor":16.0,"turns":8.0},{"damage":2.0,"enemies":"Shell Parasite","floor":18.0,"turns":5.0},{"damage":3.0,"enemies":"2 Thieves","floor":19.0,"turns":4.0},{"damage":20.0,"enemies":"Snake Plant","floor":20.0,"turns":5.0},{"damage":19.0,"enemies":"Shelled Parasite and Fungi","floor":22.0,"turns":6.0},{"damage":23.0,"enemies":"Gremlin Leader","floor":23.0,"turns":10.0},{"damage":1,"enemies":"3 Cultists","floor":27,"turns":6},{"damage":26,"enemies":"Snake Plant","floor":28,"turns":5},{"damage":1,"enemies":"Centurion and Healer","floor":30,"turns":5},{"damage":11,"enemies":"Slavers","floor":31,"turns":5},{"damage":68,"enemies":"Champ","floor":33,"turns":12}],"seed_played":"-5877109650379018108","potions_obtained":[{"floor":1.0,"key":"SpeedPotion"},{"floor":12.0,"key":"DistilledChaos"},{"floor":14.0,"key":"Energy Potion"},{"floor":18.0,"key":"Ancient Potion"},{"floor":19.0,"key":"PowerPotion"},{"floor":23.0,"key":"FearPotion"}],"is_trial":false,"path_per_floor":["M","M","?","?","$","R","M","R","T","M","$","M","M","E","R","B",null,"M","M","M","?","M","E","?","R","T","M","M","?","M","E","R","B"],"character_chosen":"HERMIT","items_purchased":["hermit:DeadOrAlive","SkillPotion","hermit:FlashPowder"],"campfire_rested":1,"item_purchase_floors":[5,11,11],"current_hp_per_floor":[75,75,57,57,57,57,57,57,57,57,57,57,57,53,53,46,75,73,70,50,50,41,34,34,34,34,39,19,19,24,15,30,0,0],"gold":604,"neow_bonus":"BOSS_RELIC","is_daily":false,"chose_seed":false,"campfire_upgraded":4,"win_rate":0.0,"timestamp":1612856587,"path_taken":["M","M","?","?","$","R","?","R","T","M","$","M","M","E","R","BOSS","M","M","M","?","M","E","?","R","T","M","M","?","M","E","R","BOSS"],"items_purchased_type":["Card","Potion","Card"],"build_version":"2020-12-22","purchased_purges":0,"victory":false,"max_hp_per_floor":[75,75,75,75,75,75,75,75,75,75,75,75,75,75,75,75,75,75,75,75,52,52,52,52,52,52,52,52,52,52,52,52,52,52],"card_choices":[{"not_picked":["hermit:ShadowCloak","hermit:BigShot"],"picked":"hermit:Feint","floor":1.0},{"not_picked":["hermit:Glare","hermit:Feint"],"picked":"hermit:Headshot","floor":2.0},{"not_picked":["hermit:FullyLoaded","hermit:HoleUp"],"picked":"hermit:BigShot","floor":7.0},{"not_picked":["hermit:Coalescence","hermit:CursedWeapon"],"picked":"hermit:Glare","floor":10.0},{"not_picked":["hermit:PistolWhip","hermit:Scavenge"],"picked":"hermit:Manifest","floor":12.0},{"not_picked":["hermit:Glare","hermit:Feint"],"picked":"hermit:Roulette","floor":13.0},{"not_picked":["hermit:ShadowCloak","hermit:SprayPray"],"picked":"hermit:Dissolve","floor":14.0},{"not_picked":["hermit:Reprieve","hermit:Roughhouse"],"picked":"hermit:RoundhouseKick","floor":16.0},{"not_picked":["hermit:Manifest","hermit:SprayPray"],"picked":"hermit:Grudge+1","floor":18.0},{"not_picked":["hermit:Headshot+1","hermit:Brawl"],"picked":"hermit:DeadMansHand","floor":18.0},{"not_picked":["hermit:LowProfile","hermit:Snipe"],"picked":"hermit:Virtue","floor":19.0},{"not_picked":["hermit:HighNoon","hermit:LuckOfTheDraw+1"],"picked":"hermit:Scavenge","floor":19.0},{"not_picked":["hermit:WideOpen","hermit:Grudge"],"picked":"hermit:BigShot","floor":20.0},{"not_picked":["hermit:Cheat","hermit:Scavenge"],"picked":"hermit:Combo","floor":20.0},{"not_picked":["hermit:Vantage","hermit:Glare"],"picked":"hermit:Misfire+1","floor":22.0},{"not_picked":["hermit:GoldenBullet+1","hermit:Roulette"],"picked":"hermit:PistolWhip","floor":22.0},{"not_picked":["hermit:FatalDesire","hermit:PistolWhip","hermit:Combo"],"picked":"SKIP","floor":23.0},{"not_picked":["hermit:LuckOfTheDraw","hermit:HighCaliber+1"],"picked":"hermit:Glare","floor":27},{"not_picked":["hermit:Maintenance","hermit:LuckOfTheDraw","hermit:Vantage"],"picked":"SKIP","floor":27},{"not_picked":["hermit:Ricochet","hermit:Scavenge"],"picked":"hermit:Gestalt","floor":28},{"not_picked":["hermit:CursedWeapon","hermit:Feint"],"picked":"hermit:FinalCanter","floor":28},{"not_picked":["hermit:Glare","hermit:Manifest"],"picked":"hermit:Snipe","floor":30},{"not_picked":["hermit:Malice","hermit:BodyArmor"],"picked":"hermit:FlashPowder+1","floor":30},{"not_picked":["hermit:Quickdraw","hermit:Misfire"],"picked":"hermit:FromBeyond","floor":31}],"player_experience":485128,"relics_obtained":[{"floor":9.0,"key":"Boot"},{"floor":14.0,"key":"Orichalcum"},{"floor":17.0,"key":"Juzu Bracelet"},{"floor":17.0,"key":"hermit:Spyglass"},{"floor":17.0,"key":"Prayer Wheel"},{"floor":23.0,"key":"Bag of Marbles"},{"floor":26,"key":"Bottled Lightning"},{"floor":31,"key":"Gremlin Horn"}],"event_choices":[{"damage_healed":0.0,"max_hp_gain":0.0,"max_hp_loss":0.0,"gold_gain":0.0,"event_name":"Golden Idol","player_choice":"Take Damage","floor":3.0,"gold_loss":0.0,"damage_taken":18.0,"relics_obtained":["Golden Idol"]},{"cards_removed":["hermit:Strike_Hermit"],"damage_healed":0.0,"max_hp_gain":0.0,"max_hp_loss":0.0,"gold_gain":0.0,"event_name":"Bonfire Elementals","player_choice":"Offered Basic","floor":4.0,"gold_loss":0.0,"damage_taken":0.0},{"damage_healed":0.0,"max_hp_gain":0.0,"max_hp_loss":23.0,"gold_gain":0.0,"event_name":"Vampires","player_choice":"Became a vampire","floor":21.0,"gold_loss":0.0,"damage_taken":0.0,"cards_obtained":["Bite","Bite","Bite","Bite","Bite"]},{"damage_healed":0,"gold_gain":0,"player_choice":"Traded Relic","damage_taken":0,"relics_obtained":["Nloth\u0027s Gift"],"max_hp_gain":0,"max_hp_loss":0,"event_name":"N\u0027loth","floor":24,"relics_lost":["Bag of Marbles"],"gold_loss":0},{"damage_healed":0,"gold_gain":0,"player_choice":"Opened","damage_taken":0,"relics_obtained":["Anchor"],"max_hp_gain":0,"max_hp_loss":0,"event_name":"The Mausoleum","floor":29,"gold_loss":0,"cards_obtained":["Writhe"]}],"is_beta":false,"boss_relics":[{"not_picked":["Astrolabe","Cursed Key"],"picked":"Calling Bell"}],"items_purged_floors":[],"is_endless":false,"potions_floor_spawned":[1,12,14,18,19,23,27],"killed_by":"Champ","ascension_level":0}}