{"host":"hmqgkh1yopklu0aj","time":1612907490,"event":{"mods":["BaseMod","Block Reminder","Colored Map","Minty Spire (QoL Compilation)"],"gold_per_floor":[111,286,30,30,46,77,77,77,154,154,178,196,47,66,66,195,195,220,220,214,214,232,232,256,300,300,19,50,66,91,107,107,238,238,259,275,338,354,21,54,54,70,95,95,113,127,33,33,33,33,33],"floor_reached":50,"language":"ENG","playtime":3716,"items_purged":["Doubt","Injury"],"score":566,"play_id":"873f95e4-c4ff-4fd6-9547-a01f0e847995","local_time":"20210209225130","is_ascension_mode":false,"campfire_choices":[{"data":"Cloak And Dagger","floor":7,"key":"SMITH"},{"data":"Backstab","floor":10,"key":"SMITH"},{"data":"Cloak And Dagger","floor":15,"key":"SMITH"},{"data":"All Out Attack","floor":23,"key":"SMITH"},{"data":"Backstab","floor":32,"key":"SMITH"},{"floor":41,"key":"REST"},{"floor":44,"key":"REST"},{"floor":49,"key":"REST"}],"circlet_count":0,"master_deck":["Strike_G","Strike_G","Strike_G","Strike_G","Strike_G","Defend_G","Defend_G+1","Defend_G","Defend_G","Defend_G","Survivor","Neutralize","Accuracy","Cloak And Dagger+1","Flying Knee","Backstab+1","Dash","Dagger Spray","Cloak And Dagger+1","Venomology","Blade Dance","All Out Attack+1","Underhanded Strike","Noxious Fumes","Expertise+1","Deflect","Deflect+1","Backstab+1","Dagger Spray+1","Tactician","Unload","Cloak And Dagger","Quick Slash+1","Masterful Stab","Dagger Spray","Panache","Quick Slash+1","Flying Knee+1","Deadly Poison+1","Quick Slash+1","Impatience","Backstab+1"],"relics":["Ring of the Snake","Strange Spoon","Orichalcum","Incense Burner","Golden Idol","Pantograph","Vajra","Black Star","Lizard Tail","MutagenicStrength","Mummified Hand","Calipers","HornCleat","Blood Vial","War Paint","Tiny Chest","Busted Crown","The Specimen","Bag of Preparation","Question Card","Ancient Tea Set","Nunchaku"],"acts_visited":["Exordium","TheCity","TheBeyond"],"potions_floor_usage":[6,6,16,16,16,17,18,22,24,25,28,30,31,33,33,33,33,38,40,42,42,45,50,50,50,50,50,50],"damage_taken":[{"damage":9,"enemies":"Small Slimes","floor":1,"turns":4},{"damage":3,"enemies":"Jaw Worm","floor":5,"turns":5},{"damage":16,"enemies":"3 Sentries","floor":6,"turns":11},{"damage":0,"enemies":"2 Louse","floor":11,"turns":2},{"damage":0,"enemies":"Exordium Wildlife","floor":12,"turns":3},{"damage":0,"enemies":"2 Fungi Beasts","floor":14,"turns":3},{"damage":23,"enemies":"Slime Boss","floor":16,"turns":10},{"damage":0,"enemies":"Spheric Guardian","floor":18,"turns":3},{"damage":1,"enemies":"2 Thieves","floor":20,"turns":4},{"damage":16,"enemies":"Centurion and Healer","floor":22,"turns":6},{"damage":15,"enemies":"Snake Plant","floor":24,"turns":6},{"damage":20,"enemies":"Slavers","floor":25,"turns":4},{"damage":16,"enemies":"Book of Stabbing","floor":28,"turns":6},{"damage":15,"enemies":"Cultist and Chosen","floor":29,"turns":5},{"damage":9,"enemies":"Chosen and Byrds","floor":30,"turns":5},{"damage":0,"enemies":"Centurion and Healer","floor":31,"turns":3},{"damage":32,"enemies":"Collector","floor":33,"turns":9},{"damage":9,"enemies":"3 Darklings","floor":35,"turns":4},{"damage":9,"enemies":"3 Shapes","floor":36,"turns":1},{"damage":10,"enemies":"2 Orb Walkers","floor":37,"turns":6},{"damage":13,"enemies":"Spire Growth","floor":38,"turns":4},{"damage":31,"enemies":"Reptomancer","floor":40,"turns":6},{"damage":11,"enemies":"Transient","floor":42,"turns":5},{"damage":10,"enemies":"Maw","floor":45,"turns":7},{"damage":0,"enemies":"Sphere and 2 Shapes","floor":46,"turns":3},{"damage":75,"enemies":"Time Eater","floor":50,"turns":7}],"seed_played":"-3014424035745944844","potions_obtained":[{"floor":0,"key":"GhostInAJar"},{"floor":0,"key":"SpeedPotion"},{"floor":0,"key":"SpeedPotion"},{"floor":6,"key":"Poison Potion"},{"floor":12,"key":"BlessingOfTheForge"},{"floor":16,"key":"EntropicBrew"},{"floor":22,"key":"Fruit Juice"},{"floor":29,"key":"Regen Potion"},{"floor":30,"key":"Explosive Potion"},{"floor":31,"key":"Poison Potion"},{"floor":38,"key":"SneckoOil"},{"floor":42,"key":"LiquidBronze"},{"floor":45,"key":"SteroidPotion"}],"is_trial":false,"path_per_floor":["M","?","$","?","M","E","R","?","T","R","M","M","$","M","R","B",null,"M","?","M","?","M","R","M","E","T","$","E","M","M","M","R","B",null,"M","M","?","M","$","E","R","M","T","R","M","M","$","?","R","B"],"character_chosen":"THE_SILENT","items_purchased":["Strange Spoon","Cloak And Dagger","Vajra","Blood Vial","Deflect","Panache","Bag of Preparation","Impatience"],"campfire_rested":3,"item_purchase_floors":[3,3,13,27,27,39,39,47],"current_hp_per_floor":[61,61,61,49,46,30,30,30,30,30,30,30,30,30,30,32,70,70,70,69,69,58,58,43,23,23,23,9,37,45,47,47,42,75,66,59,51,40,40,11,33,24,24,46,38,40,40,40,62,0,0],"gold":33,"neow_bonus":"THREE_SMALL_POTIONS","is_daily":false,"chose_seed":false,"campfire_upgraded":5,"win_rate":0.0,"timestamp":1612907490,"path_taken":["M","?","$","?","M","E","R","?","T","R","?","M","$","M","R","BOSS","M","?","M","?","M","R","M","E","T","$","E","M","M","M","R","BOSS","M","M","?","M","$","E","R","M","T","R","M","M","$","?","R","BOSS"],"items_purchased_type":["Relic","Card","Relic","Relic","Card","Card","Relic","Card"],"build_version":"2020-12-22","purchased_purges":2,"victory":false,"max_hp_per_floor":[70,70,70,70,70,70,70,70,70,70,70,70,70,70,70,70,70,70,70,70,70,75,75,75,75,75,75,75,75,75,75,75,75,75,75,75,75,75,75,75,75,75,75,75,75,75,75,75,75,75,75],"card_choices":[{"not_picked":["Quick Slash","Expertise"],"picked":"Accuracy","floor":1},{"not_picked":["Backflip","PiercingWail"],"picked":"Flying Knee","floor":5},{"not_picked":["All Out Attack","Catalyst"],"picked":"Backstab","floor":6},{"not_picked":["Sucker Punch","Bullet Time"],"picked":"Dash","floor":11},{"not_picked":["Crippling Poison","Acrobatics"],"picked":"Dagger Spray","floor":12},{"not_picked":["Deflect","Underhanded Strike"],"picked":"Cloak And Dagger","floor":14},{"not_picked":["Night Terror","Doppelganger"],"picked":"Venomology","floor":16},{"not_picked":["Flying Knee","Tactician+1"],"picked":"Blade Dance","floor":18},{"not_picked":["Backflip","Predator"],"picked":"All Out Attack","floor":20},{"not_picked":["Outmaneuver","Dagger Spray"],"picked":"Underhanded Strike","floor":22},{"not_picked":["Well Laid Plans","Doppelganger"],"picked":"Noxious Fumes","floor":24},{"not_picked":["Tactician","Choke"],"picked":"Expertise","floor":25},{"not_picked":["Acrobatics+1","Outmaneuver"],"picked":"Deflect+1","floor":28},{"not_picked":["Choke","Acrobatics+1"],"picked":"Backstab","floor":29},{"not_picked":["Dash","Prepared"],"picked":"Dagger Spray+1","floor":30},{"not_picked":["Prepared","Bane"],"picked":"Tactician","floor":31},{"not_picked":["Bullet Time","Night Terror"],"picked":"Unload","floor":33},{"not_picked":[],"picked":"Cloak And Dagger","floor":35},{"not_picked":[],"picked":"Quick Slash+1","floor":36},{"not_picked":[],"picked":"Masterful Stab","floor":37},{"not_picked":[],"picked":"Dagger Spray","floor":38},{"not_picked":[],"picked":"Quick Slash+1","floor":40},{"not_picked":["Distraction"],"picked":"Flying Knee+1","floor":42},{"not_picked":["Deflect"],"picked":"Deadly Poison+1","floor":45},{"not_picked":["All Out Attack"],"picked":"Quick Slash+1","floor":46}],"player_experience":29133,"relics_obtained":[{"floor":6,"key":"Incense Burner"},{"floor":9,"key":"Pantograph"},{"floor":25,"key":"Mummified Hand"},{"floor":25,"key":"Calipers"},{"floor":26,"key":"HornCleat"},{"floor":28,"key":"War Paint"},{"floor":28,"key":"Tiny Chest"},{"floor":37,"key":"The Specimen"},{"floor":40,"key":"Question Card"},{"floor":40,"key":"Ancient Tea Set"},{"floor":43,"key":"Nunchaku"}],"event_choices":[{"damage_healed":0,"gold_gain":175,"player_choice":"AGREE","damage_taken":0,"max_hp_gain":0,"max_hp_loss":0,"event_name":"Liars Game","floor":2,"gold_loss":0,"cards_obtained":["Doubt"]},{"damage_healed":0,"gold_gain":0,"player_choice":"Success","damage_taken":12,"relics_obtained":["Orichalcum"],"max_hp_gain":0,"max_hp_loss":0,"event_name":"Scrap Ooze","floor":4,"gold_loss":0},{"damage_healed":0,"gold_gain":0,"player_choice":"Take Wound","damage_taken":0,"relics_obtained":["Golden Idol"],"max_hp_gain":0,"max_hp_loss":0,"event_name":"Golden Idol","floor":8,"gold_loss":0,"cards_obtained":["Injury"]},{"damage_healed":0,"gold_gain":0,"player_choice":"Opened","damage_taken":0,"relics_obtained":["Lizard Tail"],"max_hp_gain":0,"max_hp_loss":0,"event_name":"The Mausoleum","floor":19,"gold_loss":0},{"damage_healed":0,"gold_gain":0,"player_choice":"Inject Mutagens","damage_taken":0,"relics_obtained":["MutagenicStrength"],"max_hp_gain":0,"max_hp_loss":0,"event_name":"Drug Dealer","floor":21,"gold_loss":0},{"damage_healed":0,"gold_gain":0,"player_choice":"Fight","damage_taken":0,"max_hp_gain":0,"max_hp_loss":0,"event_name":"Mysterious Sphere","floor":37,"gold_loss":0},{"damage_healed":0,"gold_gain":0,"player_choice":"Copied","damage_taken":0,"max_hp_gain":0,"max_hp_loss":0,"event_name":"Duplicator","floor":48,"gold_loss":0,"cards_obtained":["Backstab"]}],"is_beta":false,"boss_relics":[{"not_picked":["Ectoplasm","Coffee Dripper"],"picked":"Black Star"},{"not_picked":["Cursed Key","Snecko Eye"],"picked":"Busted Crown"}],"items_purged_floors":[3,27],"is_endless":false,"potions_floor_spawned":[6,12,16,22,29,30,31,38,42,45],"killed_by":"Time Eater","ascension_level":0}}