{"host":"xnrw1j8ho83czkv7","time":1612835880,"event":{"mods":["AchievementEnabler","BaseMod","Colored Map","Colored Powertips","Minty Spire (QoL Compilation)","Quick Restart","StSLib"],"gold_per_floor":[118,118,131,56,56,56,86,86,86,86,60,74,74,133,133,231,231,245,155,167,93,93,93,368,194,194,226,241,241,241,261,261,363,363,379,395,414,464,464,464,464,477,502,5,0,0,34,80,80,80,80,80,80,115,115,115],"floor_reached":55,"language":"ENG","playtime":3907,"items_purged":["Strike_B","Regret","Parasite"],"score":803,"play_id":"7c4d7dfd-4301-4d69-9186-bb62cea43b72","local_time":"20210209015800","is_ascension_mode":true,"campfire_choices":[{"data":"Zap","floor":6,"key":"SMITH"},{"data":"Dualcast","floor":8,"key":"SMITH"},{"data":"1","floor":10,"key":"LIFT"},{"data":"Coolheaded","floor":13,"key":"SMITH"},{"data":"Loop","floor":15,"key":"SMITH"},{"data":"Defragment","floor":23,"key":"SMITH"},{"data":"Storm","floor":30,"key":"SMITH"},{"data":"Electrodynamics","floor":32,"key":"SMITH"},{"floor":40,"key":"DIG"},{"floor":46,"key":"DIG"},{"floor":49,"key":"RECALL"},{"floor":52,"key":"DIG"}],"circlet_count":0,"master_deck":["Strike_B","Defend_B+1","Defend_B+1","Zap+1","Dualcast+1","Coolheaded+1","Loop+1","Genetic Algorithm+1","CurseOfTheBell","Leap+1","Coolheaded+1","Defragment+1","Loop","Gash+1","Electrodynamics+1","Storm+1","Seek+1","Static Discharge"],"relics":["Cracked Core","NeowsBlessing","Pear","Girya","HornCleat","Toxic Egg 2","Calling Bell","War Paint","Mummified Hand","Turnip","Oddly Smooth Stone","Anchor","Busted Crown","Shovel","Letter Opener","Gambling Chip","Red Mask","Strawberry","Gremlin Horn","Du-Vu Doll","Kunai","Pantograph"],"acts_visited":["Exordium","TheCity","TheBeyond","TheEnding"],"potions_floor_usage":[16,16,27,36,55,55],"damage_taken":[{"damage":0,"enemies":"Jaw Worm","floor":1,"turns":1},{"damage":0,"enemies":"Small Slimes","floor":3,"turns":1},{"damage":0,"enemies":"Gremlin Nob","floor":7,"turns":1},{"damage":0,"enemies":"2 Louse","floor":12,"turns":2},{"damage":4,"enemies":"Lagavulin Event","floor":14,"turns":5},{"damage":26,"enemies":"The Guardian","floor":16,"turns":13},{"damage":0,"enemies":"Shell Parasite","floor":18,"turns":6},{"damage":1,"enemies":"Spheric Guardian","floor":20,"turns":6},{"damage":5,"enemies":"Slavers","floor":27,"turns":10},{"damage":0,"enemies":"Snecko","floor":28,"turns":5},{"damage":0,"enemies":"Cultist and Chosen","floor":31,"turns":4},{"damage":4,"enemies":"Automaton","floor":33,"turns":8},{"damage":6,"enemies":"Orb Walker","floor":35,"turns":3},{"damage":0,"enemies":"3 Darklings","floor":36,"turns":1},{"damage":0,"enemies":"Sphere and 2 Shapes","floor":37,"turns":2},{"damage":0,"enemies":"Mind Bloom Boss Battle","floor":38,"turns":5},{"damage":0,"enemies":"Writhing Mass","floor":42,"turns":3},{"damage":0,"enemies":"Giant Head","floor":47,"turns":9},{"damage":0,"enemies":"2 Orb Walkers","floor":48,"turns":3},{"damage":45,"enemies":"Awakened One","floor":50,"turns":13},{"damage":16,"enemies":"Shield and Spear","floor":54,"turns":4},{"damage":112,"enemies":"The Heart","floor":55,"turns":11}],"seed_played":"-6671707540480342174","potions_obtained":[{"floor":1,"key":"Regen Potion"},{"floor":7,"key":"PotionOfCapacity"},{"floor":14,"key":"Regen Potion"},{"floor":20,"key":"SkillPotion"},{"floor":28,"key":"Explosive Potion"},{"floor":33,"key":"Strength Potion"},{"floor":36,"key":"Fire Potion"},{"floor":54,"key":"Strength Potion"}],"is_trial":false,"path_per_floor":["M","?","M","$","?","R","E","R","T","R","$","M","R","?","R","B",null,"M","?","M","$","?","R","?","$","T","E","M","?","R","M","R","B",null,"M","M","M","?","?","R","?","M","T","$","?","R","E","?","R","B",null,"R","$","E","B"],"character_chosen":"DEFECT","items_purchased":["Coolheaded","Defragment","Loop","Gambling Chip","Static Discharge"],"campfire_rested":0,"item_purchase_floors":[11,21,25,44,44],"current_hp_per_floor":[75,73,73,73,73,73,73,73,73,73,73,73,73,69,69,58,85,85,85,84,84,84,84,84,84,84,79,79,79,79,79,79,75,85,79,79,79,79,79,79,79,79,79,78,78,85,85,85,85,40,85,85,85,69,0,0],"gold":115,"neow_bonus":"THREE_ENEMY_KILL","is_daily":false,"chose_seed":false,"campfire_upgraded":7,"win_rate":0.0,"timestamp":1612835880,"path_taken":["M","?","M","$","?","R","E","R","T","R","?","M","R","?","R","BOSS","M","?","?","$","?","R","?","$","T","E","?","?","R","M","R","BOSS","M","M","M","?","?","R","?","?","T","$","?","R","E","?","R","BOSS","R","$","E","BOSS"],"items_purchased_type":["Card","Card","Card","Relic","Card"],"build_version":"2020-12-22","purchased_purges":3,"victory":false,"max_hp_per_floor":[75,85,85,85,85,85,85,85,85,85,85,85,85,85,85,85,85,85,85,85,85,85,85,85,85,85,85,85,85,85,85,85,85,85,85,85,85,85,85,85,81,81,81,78,78,85,85,85,85,85,85,85,85,85,85,85],"card_choices":[{"not_picked":["Force Field","Cold Snap","Streamline"],"picked":"SKIP","floor":1},{"not_picked":["Streamline","Ball Lightning","Sweeping Beam"],"picked":"SKIP","floor":3},{"not_picked":["Steam","Rebound","Sweeping Beam"],"picked":"SKIP","floor":7},{"not_picked":["Conserve Battery","Redo"],"picked":"Loop","floor":12},{"not_picked":["Redo+1","Compile Driver"],"picked":"Genetic Algorithm+1","floor":14},{"not_picked":["Barrage","Reprogram+1"],"picked":"Leap+1","floor":18},{"not_picked":["Hologram+1","Beam Cell"],"picked":"Coolheaded+1","floor":20},{"not_picked":["Lockon","Fusion+1"],"picked":"Gash+1","floor":27},{"not_picked":["Redo+1","Barrage"],"picked":"Electrodynamics","floor":28},{"not_picked":["Capacitor","Chill+1","Ball Lightning"],"picked":"SKIP","floor":31},{"not_picked":["All For One","Amplify+1"],"picked":"Seek+1","floor":33},{"not_picked":["Beam Cell+1"],"picked":"SKIP","floor":35},{"not_picked":["Streamline"],"picked":"SKIP","floor":36},{"not_picked":["Turbo+1"],"picked":"SKIP","floor":37},{"not_picked":["Conserve Battery+1"],"picked":"SKIP","floor":42},{"not_picked":["Genetic Algorithm+1"],"picked":"SKIP","floor":47},{"not_picked":["Reinforced Body+1"],"picked":"SKIP","floor":54}],"player_experience":53895,"relics_obtained":[{"floor":7,"key":"Girya"},{"floor":9,"key":"HornCleat"},{"floor":14,"key":"Toxic Egg 2"},{"floor":17,"key":"War Paint"},{"floor":17,"key":"Mummified Hand"},{"floor":17,"key":"Turnip"},{"floor":26,"key":"Oddly Smooth Stone"},{"floor":27,"key":"Anchor"},{"floor":38,"key":"Shovel"},{"floor":40,"key":"Letter Opener"},{"floor":46,"key":"Strawberry"},{"floor":47,"key":"Gremlin Horn"},{"floor":48,"key":"Du-Vu Doll"},{"floor":52,"key":"Kunai"},{"floor":54,"key":"Pantograph"}],"event_choices":[{"damage_healed":0,"gold_gain":0,"player_choice":"Success","damage_taken":12,"relics_obtained":["Pear"],"max_hp_gain":0,"max_hp_loss":0,"event_name":"Scrap Ooze","floor":2,"gold_loss":0},{"cards_removed":["Strike_B"],"damage_healed":0,"gold_gain":0,"player_choice":"Forget","damage_taken":0,"max_hp_gain":0,"max_hp_loss":0,"event_name":"Living Wall","floor":5,"gold_loss":0},{"damage_healed":0,"gold_gain":0,"player_choice":"Searched \u00271\u0027 times","damage_taken":0,"max_hp_gain":0,"max_hp_loss":0,"event_name":"Dead Adventurer","floor":14,"gold_loss":0},{"cards_removed":["Defend_B"],"damage_healed":0,"gold_gain":0,"player_choice":"Upgrade and Remove","damage_taken":0,"max_hp_gain":0,"max_hp_loss":0,"event_name":"Designer","floor":19,"gold_loss":90,"cards_upgraded":["Strike_B"]},{"cards_removed":["Defend_B"],"damage_healed":0,"gold_gain":0,"player_choice":"Elegance","damage_taken":0,"max_hp_gain":0,"max_hp_loss":0,"event_name":"Back to Basics","floor":22,"gold_loss":0},{"damage_healed":0,"gold_gain":275,"player_choice":"Desecrate","damage_taken":0,"max_hp_gain":0,"max_hp_loss":0,"event_name":"Golden Shrine","floor":24,"gold_loss":0,"cards_obtained":["Regret"]},{"damage_healed":0,"gold_gain":0,"player_choice":"Read","damage_taken":0,"max_hp_gain":0,"max_hp_loss":0,"event_name":"The Library","floor":29,"gold_loss":0,"cards_obtained":["Storm"]},{"damage_healed":0,"gold_gain":0,"player_choice":"Fight","damage_taken":0,"max_hp_gain":0,"max_hp_loss":0,"event_name":"MindBloom","floor":38,"gold_loss":0},{"cards_removed":["Strike_B"],"damage_healed":0,"gold_gain":0,"player_choice":"Removed Attack","damage_taken":0,"max_hp_gain":0,"max_hp_loss":0,"event_name":"Falling","floor":39,"gold_loss":0},{"damage_healed":0,"gold_gain":0,"player_choice":"Max HP","damage_taken":0,"max_hp_gain":0,"max_hp_loss":4,"event_name":"Winding Halls","floor":41,"gold_loss":0},{"damage_healed":0,"gold_gain":0,"player_choice":"Paid","damage_taken":0,"relics_obtained":["Red Mask"],"max_hp_gain":0,"max_hp_loss":0,"event_name":"Tomb of Lord Red Mask","floor":45,"gold_loss":5},{"damage_healed":0,"gold_gain":0,"player_choice":"Fight","damage_taken":0,"max_hp_gain":0,"max_hp_loss":0,"event_name":"Mysterious Sphere","floor":48,"gold_loss":0}],"is_beta":false,"boss_relics":[{"not_picked":["Philosopher\u0027s Stone","SlaversCollar"],"picked":"Calling Bell"},{"not_picked":["Empty Cage","Tiny House"],"picked":"Busted Crown"}],"items_purged_floors":[4,25,44],"is_endless":false,"potions_floor_spawned":[1,7,14,20,28,33,36,37,47,54],"killed_by":"The Heart","ascension_level":2}}