{"host":"8z0h4areh8sio1k0","time":1612841351,"event":{"mods":["10 clothes from DAL","Act Like it!","Aspiration","BaseMod","Colored Map","Conspire","Crowbot","Hubris","Library of Ruina Extra","Mimic Mod","Minty Spire (QoL Compilation)","Replay The Spire","StSLib","TestMod","The Blue Laboratory","The Fake Hero","The Hierophant","TheWitcherMod","[Fun]BeWhatYouAte","【功能Mod】精心准备","【遗物Mod】死灵法师NEW","老伊莉雅"],"gold_per_floor":[115,115,132,55,71,71,105,30,67,93,93,108,108,121,121,225,225,245,245,262,272,288,288,298,298,298,298,298,324,339,359,359,456,456,472,522,539,551,305,305,323,334,334,334,334,334,209,226,226,226,226],"floor_reached":50,"language":"ZHS","playtime":3433,"items_purged":["PrismaMod:ChloeCommonDefend","PrismaMod:ChloeCommonAttack","PrismaMod:ChloeCommonDefend"],"score":626,"play_id":"c14049eb-1662-4783-b422-0ded1c215d33","local_time":"20210209112911","is_ascension_mode":false,"campfire_choices":[{"data":"PrismaMod:ChloeUncommonAttack","floor":6,"key":"SMITH"},{"data":"PrismaMod:ChloeExhaustOne","floor":11,"key":"SMITH"},{"data":"PrismaMod:ChloeGaeBolg","floor":15,"key":"SMITH"},{"data":"PrismaMod:ChloeEyeOfTheEuryale","floor":23,"key":"SMITH"},{"data":"PrismaMod:ChloeExcalibur","floor":25,"key":"SMITH"},{"data":"PrismaMod:ChloeDevil","floor":27,"key":"SMITH"},{"data":"PrismaMod:ChloeCheapDefend","floor":32,"key":"SMITH"},{"data":"PrismaMod:ChloeMaid","floor":40,"key":"SMITH"},{"data":"PrismaMod:ChloeCheapAttack","floor":44,"key":"SMITH"},{"floor":46,"key":"RECALL"},{"floor":49,"key":"REST"}],"circlet_count":0,"master_deck":["PrismaMod:ChloeCommonAttack","PrismaMod:ChloeCommonAttack","PrismaMod:ChloeCommonAttack","PrismaMod:ChloeCommonDefend","PrismaMod:ChloeCommonDefend+1","PrismaMod:ChloeCommonDefend","PrismaMod:ChloeCheapAttack+1","PrismaMod:ChloeCheapDefend+1","PrismaMod:ChloeExhaustOne+1","PrismaMod:ChloeUncommonAttack+1","PrismaMod:ChloeMaid+1","PrismaMod:ChloeEyeOfTheEuryale+1","PrismaMod:ChloeDevil+","PrismaMod:ChloeGaeBolg+1","PrismaMod:ChloeRhongomyniad+1","PrismaMod:ChloeExcalibur+1","PrismaMod:ChloeDemonicTutor+1","CurseOfTheBell"],"relics":["testmod-TestBox","testmod-EqualTreatment","DALC_FIVE","aspiration:Nostalgia","Vampire_Amulet","Bronze Scales","MealTicket","Replay:Mystery Machine","aspiration:SecretTechniqueScroll","hubris:CuriousFeather","Calling Bell","Replay:Rubber Ducky","Sundial","testmod-ObsoleteBoomerang","aspiration:AnachronicSnailShell","Lantern"],"acts_visited":["Exordium","TheCity","TheBeyond"],"potions_floor_usage":[21,29,33,33,41,50,50],"damage_taken":[{"damage":0,"enemies":"Small Slimes","floor":1,"turns":3},{"damage":1,"enemies":"Cultist","floor":3,"turns":3},{"damage":0,"enemies":"2 Louse","floor":5,"turns":2},{"damage":8,"enemies":"Gremlin Nob","floor":7,"turns":3},{"damage":3,"enemies":"Exordium Wildlife","floor":9,"turns":3},{"damage":10,"enemies":"3 Sentries","floor":10,"turns":3},{"damage":0,"enemies":"Exordium Wildlife","floor":12,"turns":2},{"damage":1,"enemies":"Gremlin Gang","floor":14,"turns":1},{"damage":36,"enemies":"Fading Forest","floor":16,"turns":11},{"damage":2,"enemies":"Spheric Guardian","floor":18,"turns":3},{"damage":15,"enemies":"Shell Parasite","floor":20,"turns":4},{"damage":9,"enemies":"Centurion and Healer","floor":21,"turns":2},{"damage":0,"enemies":"Cultist and Chosen","floor":22,"turns":4},{"damage":2,"enemies":"Snake Plant","floor":24,"turns":3},{"damage":5,"enemies":"Slavers","floor":29,"turns":2},{"damage":0,"enemies":"Sentry and Sphere","floor":30,"turns":2},{"damage":2,"enemies":"Snecko","floor":31,"turns":2},{"damage":34,"enemies":"Pondfish","floor":33,"turns":7},{"damage":18,"enemies":"Orb Walker","floor":35,"turns":3},{"damage":3,"enemies":"Mind Bloom Boss Battle","floor":36,"turns":3},{"damage":0,"enemies":"3 Darklings","floor":37,"turns":1},{"damage":4,"enemies":"Sphere and 2 Shapes","floor":38,"turns":2},{"damage":20,"enemies":"Spire Growth","floor":41,"turns":3},{"damage":0,"enemies":"Jaw Worm Horde","floor":42,"turns":1},{"damage":14,"enemies":"4 Shapes","floor":48,"turns":2},{"damage":86,"enemies":"hubris:GrandSnecko","floor":50,"turns":7}],"seed_played":"237511394502198181","potions_obtained":[{"floor":5,"key":"blueLaboratory:PhilterOfMotion"},{"floor":7,"key":"DuplicationPotion"},{"floor":12,"key":"Swift Potion"},{"floor":18,"key":"PowerPotion"},{"floor":24,"key":"Energy Potion"},{"floor":29,"key":"Reflective Coating"},{"floor":33,"key":"Milkshake"},{"floor":36,"key":"blueLaboratory:LouseDecoction"}],"is_trial":false,"path_per_floor":["M","?","M","$","M","R","E","$","MIM","E","R","M","?","M","R","B",null,"M","?","M","M","M","R","M","R","T","R","?","E","M","M","R","B",null,"M","?","M","M","$","R","M","M","MIM","R","?","R","$","M","R","B"],"character_chosen":"CHLOE","items_purchased":["PrismaMod:ChloeMaid","Lantern"],"campfire_rested":1,"item_purchase_floors":[4,39],"current_hp_per_floor":[75,75,75,75,75,75,75,75,75,73,73,75,75,75,75,49,75,75,75,70,71,75,75,75,75,75,75,68,75,75,75,75,53,75,65,70,75,75,75,75,63,71,71,71,71,71,75,69,75,0,0],"gold":226,"neow_bonus":"NOSTALGIA","is_daily":false,"chose_seed":false,"campfire_upgraded":9,"win_rate":0.0,"timestamp":1612841351,"path_taken":["M","?","M","$","M","R","E","$","MIM","E","R","M","?","M","R","BOSS","M","?","?","M","M","R","M","R","T","R","?","E","M","M","R","BOSS","M","?","M","M","$","R","M","M","MIM","R","?","R","$","M","R","BOSS"],"items_purchased_type":["Card","Relic"],"build_version":"2020-12-22","purchased_purges":3,"victory":false,"max_hp_per_floor":[75,75,75,75,75,75,75,75,75,75,75,75,75,75,75,75,75,75,75,75,75,75,75,75,75,75,75,75,75,75,75,75,75,75,75,75,75,75,75,75,75,75,75,75,75,75,75,75,75,75,75],"card_choices":[{"not_picked":["PrismaMod:ChloeExhaustTwo","PrismaMod:ChloeDiscardRecovery"],"picked":"PrismaMod:ChloeExhaustOne","floor":1},{"not_picked":["PrismaMod:ChloeCommonAOEAttack","PrismaMod:ChloeCheapDefendTwo"],"picked":"PrismaMod:ChloeUncommonAttack","floor":3},{"not_picked":["PrismaMod:ChloeCommonAOEAttack","PrismaMod:ChloeCheapDefendTwo","PrismaMod:ChloeExhaustOne"],"picked":"SKIP","floor":5},{"not_picked":["PrismaMod:ChloeCaladbolg","PrismaMod:ChloeCheapDefend","PrismaMod:ChloeDiscardRecovery"],"picked":"SKIP","floor":7},{"not_picked":["PrismaMod:ChloeRitsuka","PrismaMod:ChloeUncommonDefend"],"picked":"PrismaMod:ChloeEyeOfTheEuryale","floor":9},{"not_picked":["PrismaMod:ChloeCheapDefend","PrismaMod:ChloeCheapAttackTwo","PrismaMod:ChloeRuleBreaker"],"picked":"SKIP","floor":10},{"not_picked":["PrismaMod:ChloeDiscardRecovery","PrismaMod:ChloeCheapDefendTwo"],"picked":"PrismaMod:ChloeDevil","floor":12},{"not_picked":["PrismaMod:ChloeCheapAttack","PrismaMod:ChloeExhaustOne"],"picked":"PrismaMod:ChloeGaeBolg","floor":14},{"not_picked":["PrismaMod:ChloeCommonAOEAttack","PrismaMod:ChloeCaladbolg","PrismaMod:ChloeExhaustOne"],"picked":"SKIP","floor":18},{"not_picked":["PrismaMod:ChloeCheapDefendTwo","PrismaMod:ChloeCheapAttackTwo"],"picked":"PrismaMod:ChloeRhongomyniad+1","floor":20},{"not_picked":["PrismaMod:ChloeExhaustTwo","PrismaMod:ChloeBetterTracePools","PrismaMod:ChloeExhaustOne"],"picked":"SKIP","floor":21},{"not_picked":["PrismaMod:ChloeCheapAttackTwo+1","PrismaMod:ChloeCheapAttack+1","PrismaMod:ChloeCarnivalAOEAttack"],"picked":"SKIP","floor":22},{"not_picked":["PrismaMod:ChloeDiscardRecovery","PrismaMod:ChloeUncommonAttack"],"picked":"PrismaMod:ChloeExcalibur","floor":24},{"not_picked":["PrismaMod:ChloeDiscardRecovery","PrismaMod:ChloeMaid","PrismaMod:ChloeCheapAttack"],"picked":"SKIP","floor":29},{"not_picked":["PrismaMod:ChloeCheapDefend","PrismaMod:ChloeCheapDefendTwo","PrismaMod:ChloeEyeOfTheEuryale+1"],"picked":"SKIP","floor":30},{"not_picked":["PrismaMod:ChloeCaladbolg","PrismaMod:ChloeCheapAttackTwo"],"picked":"PrismaMod:ChloeDemonicTutor+1","floor":31},{"not_picked":["PrismaMod:ChloeRitsuka+1","PrismaMod:ChloeExhaustTwo","PrismaMod:ChloeDiscardRecovery+1"],"picked":"SKIP","floor":35},{"not_picked":["PrismaMod:ChloeDiscardRecovery","PrismaMod:ChloeCommonAOEAttack","PrismaMod:ChloeCheapAttack+1"],"picked":"SKIP","floor":37},{"not_picked":["PrismaMod:ChloeCheapDefend","PrismaMod:ChloeCheapAttack+1","PrismaMod:ChloeDiscardRecovery"],"picked":"SKIP","floor":38},{"not_picked":["PrismaMod:ChloeUncommonAOEAttack+1","PrismaMod:ChloeMaid+1","PrismaMod:ChloeRitsuka+1"],"picked":"SKIP","floor":41},{"not_picked":["PrismaMod:ChloeDiscardRecovery+1","PrismaMod:ChloeCheapAttack+1","PrismaMod:ChloeRitsuka"],"picked":"SKIP","floor":42},{"not_picked":["PrismaMod:ChloeCheapDefend","PrismaMod:ChloeDiscardRecovery+1","PrismaMod:ChloeCheapAttack+1"],"picked":"SKIP","floor":48}],"player_experience":546147,"relics_obtained":[{"floor":7,"key":"Bronze Scales"},{"floor":9,"key":"MealTicket"},{"floor":10,"key":"Replay:Mystery Machine"},{"floor":29,"key":"hubris:CuriousFeather"},{"floor":34,"key":"Replay:Rubber Ducky"},{"floor":34,"key":"Sundial"},{"floor":34,"key":"testmod-ObsoleteBoomerang"},{"floor":36,"key":"aspiration:AnachronicSnailShell"}],"event_choices":[{"cards_removed":["PrismaMod:ChloeCommonAttack"],"damage_healed":0,"gold_gain":0,"player_choice":"Purged","damage_taken":0,"max_hp_gain":0,"max_hp_loss":0,"event_name":"Purifier","floor":2,"gold_loss":0},{"damage_healed":0,"gold_gain":0,"player_choice":"Ignored","damage_taken":0,"max_hp_gain":0,"max_hp_loss":0,"event_name":"给自己的盒子","floor":13,"gold_loss":0},{"damage_healed":0,"gold_gain":0,"player_choice":"Ignored","damage_taken":0,"max_hp_gain":0,"max_hp_loss":0,"event_name":"NoteForYourself","floor":19,"gold_loss":0},{"damage_healed":0,"gold_gain":0,"player_choice":"Ignored","damage_taken":7,"max_hp_gain":0,"max_hp_loss":0,"event_name":"恩洛斯的盘子","floor":28,"gold_loss":0},{"damage_healed":0,"gold_gain":0,"player_choice":"Fight","damage_taken":0,"max_hp_gain":0,"max_hp_loss":0,"event_name":"MindBloom","floor":36,"gold_loss":0},{"damage_healed":0,"gold_gain":0,"player_choice":"Forge","damage_taken":0,"max_hp_gain":0,"max_hp_loss":0,"event_name":"Accursed Blacksmith","floor":45,"gold_loss":0,"cards_upgraded":["PrismaMod:ChloeCommonDefend"]}],"is_beta":false,"boss_relics":[{"not_picked":["testmod-Recursion","testmod-IncinerationGenerator"],"picked":"aspiration:SecretTechniqueScroll"},{"not_picked":["hubris:VirtuousBlindfold","aspiration:PoetsPen_weak"],"picked":"Calling Bell"}],"items_purged_floors":[8,39,47],"is_endless":false,"potions_floor_spawned":[5,7,12,18,24,29,30,33,36,42],"killed_by":"hubris:GrandSnecko","ascension_level":0}}