{"host":"18wi9kpcl4eah7pe","time":1612839620,"event":{"mods":["BaseMod","Colored Powertips","Downfall","Minty Spire (QoL Compilation)","StSLib"],"gold_per_floor":[199,216,216,233,218,493,568,578,610,610,410,421,421,433,449,449,449,449],"floor_reached":16,"language":"ENG","playtime":618,"items_purged":[],"score":128,"play_id":"58731d38-2a56-4783-b314-f381bbfbbd99","local_time":"20210208210020","is_ascension_mode":true,"campfire_choices":[{"floor":1,"key":"RECALL"},{"floor":11,"key":"REST"},{"floor":13,"key":"REST"}],"circlet_count":0,"master_deck":["bronze:Strike","bronze:Strike","bronze:Strike","bronze:Defend","bronze:Defend","bronze:Defend","bronze:Defend","bronze:Replicate","bronze:Goto","bronze:DelayedSlice","bronze:BuggyMess","bronze:GetLatest","Regret","bronze:OilSpill","bronze:Frontload","CurseOfTheBell","CurseOfTheBell","bronze:ChildClass","bronze:WhirlingStrike","bronze:DelayedGuard"],"relics":["bronze:BronzeCore","Matryoshka","Centennial Puzzle","downfall:ExtraCursedBell","Anchor","Letter Opener","Dead Branch","downfall:HeartBlessingRed","downfall:HeartBlessingGreen"],"acts_visited":["Exordium"],"potions_floor_usage":[9,16,16],"damage_taken":[{"damage":1,"enemies":"Cultist","floor":2,"turns":4},{"damage":10,"enemies":"Small Slimes","floor":4,"turns":4},{"damage":5,"enemies":"downfall:FleeingMerchant","floor":5,"turns":4},{"damage":14,"enemies":"Jaw Worm","floor":8,"turns":4},{"damage":36,"enemies":"Gremlin Nob","floor":9,"turns":4},{"damage":2,"enemies":"Blue Slaver","floor":12,"turns":4},{"damage":0,"enemies":"3 Louse","floor":14,"turns":3},{"damage":7,"enemies":"Exordium Thugs","floor":15,"turns":3},{"damage":38,"enemies":"SI_SHIV_ARCHETYPE","floor":16,"turns":8}],"seed_played":"2214164008415972518","potions_obtained":[{"floor":8,"key":"champ:CounterPotion"},{"floor":9,"key":"SkillPotion"},{"floor":14,"key":"Energy Potion"},{"floor":15,"key":"bronze:CleanCodePotion"}],"is_trial":false,"path_per_floor":["R","M","?","M","$","?","T","M","E","?","R","M","R","M","M","B"],"character_chosen":"THE_AUTOMATON","items_purchased":[],"campfire_rested":2,"item_purchase_floors":[],"current_hp_per_floor":[70,69,69,59,54,54,54,40,4,4,25,23,44,44,37,0,0,0],"gold":449,"neow_bonus":"HUNDRED_GOLD","is_daily":false,"chose_seed":false,"campfire_upgraded":0,"win_rate":0.0,"timestamp":1612839620,"path_taken":["R","M","?","M","$","?","T","?","E","?","R","M","R","M","M","BOSS"],"items_purchased_type":[],"build_version":"2020-12-22","purchased_purges":0,"victory":false,"max_hp_per_floor":[70,70,70,70,70,70,70,70,70,70,70,70,70,70,70,70,70,70],"card_choices":[{"not_picked":["bronze:DelayedGuard","bronze:Overheat"],"picked":"bronze:DelayedSlice","floor":2},{"not_picked":["bronze:BugBarrage","bronze:Shield"],"picked":"bronze:BuggyMess","floor":4},{"not_picked":["bronze:Shield","bronze:Optimize"],"picked":"bronze:GetLatest","floor":5},{"not_picked":["bronze:DelayedGuard","bronze:Invalidate"],"picked":"bronze:OilSpill","floor":8},{"not_picked":["bronze:BurnOut","bronze:Branch"],"picked":"bronze:Frontload","floor":9},{"not_picked":["bronze:BugBarrage","bronze:Shield"],"picked":"bronze:ChildClass","floor":12},{"not_picked":["bronze:Overload","bronze:WildBeam"],"picked":"bronze:WhirlingStrike","floor":14},{"not_picked":["bronze:OilSpill","bronze:Turbo"],"picked":"bronze:DelayedGuard","floor":15}],"player_experience":1003517,"relics_obtained":[{"floor":7,"key":"Matryoshka"},{"floor":9,"key":"Centennial Puzzle"},{"floor":10,"key":"Anchor"},{"floor":10,"key":"Letter Opener"},{"floor":10,"key":"Dead Branch"}],"event_choices":[],"is_beta":false,"boss_relics":[],"items_purged_floors":[],"is_endless":false,"potions_floor_spawned":[8,9,14,15],"killed_by":"SI_SHIV_ARCHETYPE","ascension_level":5}}