{"host":"85rg8sallz0lemh6","time":1612839130,"event":{"mods":["BaseMod","Bestiary","Colored Powertips","Highlight Path","Minty Spire (QoL Compilation)","Quick Restart"],"gold_per_floor":[117,117,132,132,155,194,194,228,228,241,264,264,305,330,330,458,458,483,483,499,60,60,96,114,114,114,114,44,85,99,114,114,243,243,267,267,283,283,283],"floor_reached":38,"language":"ENG","playtime":961,"items_purged":[],"score":562,"play_id":"93c9e6d6-0b55-44c6-87d4-2fe0da5b23b2","local_time":"20210208205210","is_ascension_mode":true,"campfire_choices":[{"data":"Dualcast","floor":7,"key":"SMITH"},{"floor":12,"key":"REST"},{"data":"Loop","floor":15,"key":"SMITH"},{"floor":25,"key":"REST"},{"data":"Darkness","floor":27,"key":"SMITH"},{"data":"Capacitor","floor":32,"key":"SMITH"}],"circlet_count":0,"master_deck":["Strike_B","Strike_B","Strike_B","Strike_B","Defend_B+1","Defend_B","Defend_B","Defend_B+1","Zap+1","Dualcast+1","Sweeping Beam","Sweeping Beam","Darkness+1","Biased Cognition+1","Loop+1","Electrodynamics+1","Defragment+1","Capacitor+1","Glacier+1","Self Repair","Buffer","Ball Lightning+1"],"relics":["Cracked Core","NeowsBlessing","Golden Idol","Ancient Tea Set","Bottled Tornado","PreservedInsect","Meat on the Bone","Inserter","DataDisk","Emotion Chip","War Paint","Boot","Mercury Hourglass","Philosopher\u0027s Stone"],"acts_visited":["Exordium","TheCity","TheBeyond"],"potions_floor_usage":[6,16,18,20,23,31,33,37,37,38],"damage_taken":[{"damage":0,"enemies":"Jaw Worm","floor":1,"turns":1},{"damage":0,"enemies":"2 Louse","floor":3,"turns":1},{"damage":0,"enemies":"Cultist","floor":5,"turns":1},{"damage":17,"enemies":"3 Sentries","floor":6,"turns":4},{"damage":25,"enemies":"Gremlin Nob","floor":8,"turns":4},{"damage":6,"enemies":"Looter","floor":10,"turns":3},{"damage":18,"enemies":"Lots of Slimes","floor":11,"turns":3},{"damage":13,"enemies":"Lagavulin","floor":13,"turns":4},{"damage":0,"enemies":"3 Louse","floor":14,"turns":1},{"damage":20,"enemies":"Hexaghost","floor":16,"turns":8},{"damage":31,"enemies":"Shell Parasite","floor":18,"turns":5},{"damage":0,"enemies":"Spheric Guardian","floor":20,"turns":2},{"damage":15,"enemies":"Book of Stabbing","floor":23,"turns":3},{"damage":30,"enemies":"3 Cultists","floor":24,"turns":4},{"damage":10,"enemies":"Gremlin Leader","floor":29,"turns":4},{"damage":6,"enemies":"Centurion and Healer","floor":30,"turns":3},{"damage":8,"enemies":"Chosen and Byrds","floor":31,"turns":3},{"damage":0,"enemies":"Automaton","floor":33,"turns":5},{"damage":22,"enemies":"3 Shapes","floor":35,"turns":2},{"damage":49,"enemies":"3 Darklings","floor":37,"turns":4},{"damage":37,"enemies":"Jaw Worm Horde","floor":38,"turns":2}],"seed_played":"-3925228753615128558","potions_obtained":[{"floor":1,"key":"Explosive Potion"},{"floor":5,"key":"LiquidBronze"},{"floor":6,"key":"LiquidMemories"},{"floor":11,"key":"Swift Potion"},{"floor":16,"key":"AttackPotion"},{"floor":20,"key":"GamblersBrew"},{"floor":23,"key":"Dexterity Potion"},{"floor":30,"key":"Weak Potion"},{"floor":31,"key":"Fire Potion"},{"floor":33,"key":"DuplicationPotion"},{"floor":37,"key":"Fire Potion"}],"is_trial":false,"path_per_floor":["M","?","M","?","M","E","R","E","T","M","M","R","E","M","R","B",null,"M","?","M","$","?","E","M","R","T","R","$","E","M","M","R","B",null,"M","?","M","M"],"character_chosen":"DEFECT","items_purchased":["DataDisk","Emotion Chip","Capacitor"],"campfire_rested":2,"item_purchase_floors":[21,21,28],"current_hp_per_floor":[75,75,75,69,69,52,52,27,27,21,3,23,10,22,22,14,69,38,38,38,38,38,35,17,37,37,37,37,39,45,44,44,51,69,54,54,24,0,0],"gold":283,"neow_bonus":"THREE_ENEMY_KILL","is_daily":false,"chose_seed":false,"campfire_upgraded":4,"win_rate":0.0,"timestamp":1612839130,"path_taken":["M","?","M","?","M","E","R","E","T","M","M","R","E","M","R","BOSS","M","?","?","$","?","E","?","R","T","R","$","E","M","M","R","BOSS","M","?","M","M"],"items_purchased_type":["Relic","Relic","Card"],"build_version":"2020-12-22","purchased_purges":0,"victory":false,"max_hp_per_floor":[75,75,75,69,69,69,69,69,69,69,69,69,69,69,69,69,69,69,69,69,69,69,69,69,69,69,69,69,69,69,69,69,69,69,69,69,69,69,69],"card_choices":[{"not_picked":["Darkness","Stack"],"picked":"Sweeping Beam","floor":1},{"not_picked":["Turbo","Gash"],"picked":"Sweeping Beam","floor":3},{"not_picked":["Leap","Conserve Battery"],"picked":"Darkness","floor":5},{"not_picked":["Hello World","Barrage"],"picked":"Biased Cognition","floor":6},{"not_picked":["Coolheaded","Beam Cell","All For One"],"picked":"SKIP","floor":8},{"not_picked":["Undo","Barrage","Tempest"],"picked":"SKIP","floor":10},{"not_picked":["Chill","Go for the Eyes"],"picked":"Loop","floor":11},{"not_picked":["Compile Driver","Static Discharge","Barrage"],"picked":"SKIP","floor":13},{"not_picked":["Sweeping Beam","Conserve Battery","Hello World"],"picked":"SKIP","floor":14},{"not_picked":["Thunder Strike","Meteor Strike"],"picked":"Electrodynamics","floor":16},{"not_picked":["Go for the Eyes+1","Auto Shields"],"picked":"Defragment+1","floor":18},{"not_picked":["Gash","Fusion+1","Coolheaded+1"],"picked":"SKIP","floor":20},{"not_picked":["Lockon+1","Ball Lightning","Barrage"],"picked":"SKIP","floor":23},{"not_picked":["Steam","Heatsinks","Sweeping Beam"],"picked":"SKIP","floor":24},{"not_picked":["Gash+1","Reinforced Body"],"picked":"Glacier+1","floor":29},{"not_picked":["Stack","Fusion"],"picked":"Self Repair","floor":30},{"not_picked":["Streamline","Genetic Algorithm","Core Surge"],"picked":"SKIP","floor":31},{"not_picked":["Meteor Strike","Biased Cognition"],"picked":"Buffer","floor":33},{"not_picked":["Steam","Force Field","Leap"],"picked":"SKIP","floor":35},{"not_picked":["Coolheaded","Stack"],"picked":"Ball Lightning+1","floor":37}],"player_experience":83760,"relics_obtained":[{"floor":6,"key":"Ancient Tea Set"},{"floor":8,"key":"Bottled Tornado"},{"floor":9,"key":"PreservedInsect"},{"floor":13,"key":"Meat on the Bone"},{"floor":23,"key":"War Paint"},{"floor":26,"key":"Boot"},{"floor":29,"key":"Mercury Hourglass"}],"event_choices":[{"damage_healed":0,"gold_gain":0,"player_choice":"Grow","damage_taken":0,"max_hp_gain":0,"max_hp_loss":0,"event_name":"Living Wall","floor":2,"gold_loss":0,"cards_upgraded":["Zap"]},{"damage_healed":0,"gold_gain":0,"player_choice":"Lose Max HP","damage_taken":0,"relics_obtained":["Golden Idol"],"max_hp_gain":0,"max_hp_loss":6,"event_name":"Golden Idol","floor":4,"gold_loss":0},{"damage_healed":0,"gold_gain":0,"player_choice":"Upgraded","damage_taken":0,"max_hp_gain":0,"max_hp_loss":0,"event_name":"Upgrade Shrine","floor":19,"gold_loss":0,"cards_upgraded":["Biased Cognition"]},{"damage_healed":0,"gold_gain":0,"player_choice":"Forge","damage_taken":0,"max_hp_gain":0,"max_hp_loss":0,"event_name":"Accursed Blacksmith","floor":22,"gold_loss":0,"cards_upgraded":["Electrodynamics"]},{"damage_healed":0,"gold_gain":0,"player_choice":"Memory 1","damage_taken":0,"max_hp_gain":0,"max_hp_loss":0,"event_name":"SensoryStone","floor":36,"gold_loss":0}],"is_beta":false,"boss_relics":[{"not_picked":["Astrolabe","Coffee Dripper"],"picked":"Inserter"},{"not_picked":["FrozenCore","Runic Pyramid"],"picked":"Philosopher\u0027s Stone"}],"items_purged_floors":[],"is_endless":false,"potions_floor_spawned":[1,5,6,11,13,16,20,23,30,31,33,37],"killed_by":"Jaw Worm Horde","ascension_level":2}}