{"host":"gbbz8f5svnnpwo8d","time":1612866231,"event":{"mods":["AchievementEnabler","AlwaysNeverKeys","BaseMod","Bestiary","Better Altar","Better Match","Better Note","Better Sensory Stone","Better Silent Start","Better Skull","Better Third Choice","Better Vampires","Better-Laid Plans","BetterRewards","Block Reminder","Bossed Relics","Colored Map","Colored Powertips","Curses Come First","Dark Map","Displayed Cursed Tome","GifTheSpireLib","Minty Spire (QoL Compilation)","MonsterHotkey","Permanent Neow","Potion Indicator Mod","Quick Restart","Random Character Button","Rare Cards Sparkle","Relic Stats","Shop Mod","Spicy Shops","Spire Birthday Party","StSLib","Transform Curses"],"gold_per_floor":[109,62,62,62,62,96,96,96,122,141,141,157,487,23,23,120,120,130,130,140,150,150,180,180,197,251,278,278,297,297,323,323,426,426,445,455,161,161,211,243,243,263,263,281,309,118,118,131,131,131,131,131,8,43,43],"floor_reached":56,"language":"ENG","playtime":3003,"items_purged":["Strike_P","Strike_P"],"score":1471,"play_id":"34cfb4f4-fdc9-44d8-9047-3199f37b287f","local_time":"20210209032351","is_ascension_mode":false,"campfire_choices":[{"data":"LikeWater","floor":7.0,"key":"SMITH"},{"data":"Prostrate","floor":11.0,"key":"SMITH"},{"data":"LikeWater","floor":15.0,"key":"SMITH"},{"data":"Prostrate","floor":24.0,"key":"SMITH"},{"data":"Prostrate","floor":28.0,"key":"SMITH"},{"data":"ForeignInfluence","floor":30.0,"key":"SMITH"},{"data":"WreathOfFlame","floor":32.0,"key":"SMITH"},{"data":"Omniscience","floor":47.0,"key":"SMITH"},{"data":"Jack Of All Trades","floor":49.0,"key":"SMITH"},{"data":"Eruption","floor":52.0,"key":"SMITH"}],"circlet_count":0,"master_deck":["Strike_P","Strike_P","Defend_P","Defend_P","Defend_P","Eruption+1","Vigilance","LikeWater+1","Brilliance","Prostrate+1","LikeWater+1","FollowUp","ForeignInfluence+1","Prostrate+1","Ragnarok+1","Tantrum+1","CrushJoints+1","FearNoEvil+1","Wallop+1","Prostrate+1","Parasite","DeceiveReality","InnerPeace","WreathOfFlame+1","Omniscience+1","Adaptation+1","Flash of Steel+1","Jack Of All Trades+1","Pray+1","Sanctity+1","DevaForm+1","Wallop+1"],"relics":["PureWater","Calipers","betterThird:SlimedRelic","HornCleat","Akabeko","Cursed Key","MutagenicStrength","Happy Flower","Vajra","Bag of Preparation","Bottled Flame","Tiny House","TeardropLocket","MerchantsRug","Dead Branch","Bottled Tornado","Membership Card","Strange Spoon","Toy Ornithopter","Anchor"],"acts_visited":["Exordium","TheCity","TheBeyond","TheEnding"],"potions_floor_usage":[55],"damage_taken":[{"damage":0.0,"enemies":"Jaw Worm","floor":1.0,"turns":1.0},{"damage":9.0,"enemies":"Gremlin Nob","floor":6.0,"turns":4.0},{"damage":0.0,"enemies":"Small Slimes","floor":10.0,"turns":3.0},{"damage":0.0,"enemies":"2 Louse","floor":12.0,"turns":1.0},{"damage":1.0,"enemies":"3 Sentries","floor":13.0,"turns":10.0},{"damage":2.0,"enemies":"The Guardian","floor":16.0,"turns":12.0},{"damage":0.0,"enemies":"3 Byrds","floor":18.0,"turns":3.0},{"damage":2.0,"enemies":"Shell Parasite","floor":20.0,"turns":2.0},{"damage":0.0,"enemies":"3 Cultists","floor":21.0,"turns":2.0},{"damage":0.0,"enemies":"Book of Stabbing","floor":23.0,"turns":4.0},{"damage":0.0,"enemies":"Snake Plant","floor":25.0,"turns":4.0},{"damage":0.0,"enemies":"Gremlin Leader","floor":27.0,"turns":3.0},{"damage":0.0,"enemies":"Cultist and Chosen","floor":29.0,"turns":4.0},{"damage":1.0,"enemies":"Book of Stabbing","floor":31.0,"turns":3.0},{"damage":0.0,"enemies":"Collector","floor":33.0,"turns":3.0},{"damage":0.0,"enemies":"3 Darklings","floor":35.0,"turns":4.0},{"damage":8.0,"enemies":"3 Shapes","floor":36.0,"turns":1.0},{"damage":0.0,"enemies":"Mind Bloom Boss Battle","floor":39.0,"turns":4.0},{"damage":0.0,"enemies":"Reptomancer","floor":40.0,"turns":1.0},{"damage":0.0,"enemies":"Jaw Worm Horde","floor":42.0,"turns":1.0},{"damage":0.0,"enemies":"Maw","floor":44.0,"turns":4.0},{"damage":0.0,"enemies":"Giant Head","floor":45.0,"turns":3.0},{"damage":0.0,"enemies":"Spire Growth","floor":48.0,"turns":2.0},{"damage":0.0,"enemies":"Donu and Deca","floor":50.0,"turns":5.0},{"damage":15.0,"enemies":"Shield and Spear","floor":54.0,"turns":4.0},{"damage":71,"enemies":"The Heart","floor":55,"turns":11}],"seed_played":"-4174902821692828424","potions_obtained":[{"floor":10.0,"key":"DistilledChaos"},{"floor":12.0,"key":"FairyPotion"},{"floor":13.0,"key":"GamblersBrew"},{"floor":21.0,"key":"Weak Potion"},{"floor":25.0,"key":"Explosive Potion"},{"floor":29.0,"key":"SteroidPotion"},{"floor":36.0,"key":"Explosive Potion"},{"floor":42.0,"key":"Block Potion"},{"floor":44.0,"key":"BottledMiracle"},{"floor":48.0,"key":"FairyPotion"},{"floor":54,"key":"EssenceOfSteel"}],"is_trial":false,"path_per_floor":["M","?","?","$","?","E","R","?","T","M","R","M","E","$","R","B",null,"M","?","M","M","?","E","R","M","T","E","R","M","R","E","R","B",null,"M","M","$","?","?","E","?","M","T","M","E","$","R","M","R","B",null,"R","$","E","B",null],"character_chosen":"WATCHER","items_purchased":["Lee\u0027s Waffle","Pear","LikeWater","Brilliance","Molten Egg 2","ForeignInfluence","Prostrate","TeardropLocket","MerchantsRug","Bottled Tornado","Membership Card","DevaForm+1","Strange Spoon","Toy Ornithopter"],"campfire_rested":0,"item_purchase_floors":[0,0,0,0,14,14,14,37,37,46,53,53,53,53],"current_hp_per_floor":[89,78,71,71,76,67,67,67,67,67,67,67,66,66,66,64,94,94,94,92,92,92,92,92,92,92,92,92,92,92,91,91,91,94,94,86,86,86,86,86,86,86,86,86,86,86,86,86,86,86,94,94,94,84,18],"gold":43,"neow_bonus":"","is_daily":false,"chose_seed":false,"campfire_upgraded":10,"win_rate":0.0,"timestamp":1612866231,"path_taken":["M","?","?","?","?","E","R","?","T","M","R","M","E","$","R","BOSS","M","?","M","M","?","E","R","M","T","E","R","M","R","E","R","BOSS","M","M","$","?","?","E","?","?","T","M","E","?","R","M","R","BOSS","R","$","E","BOSS"],"items_purchased_type":["Relic","Relic","Card","Card","Relic","Card","Card","Relic","Relic","Relic","Relic","Card","Relic","Relic"],"build_version":"2020-12-22","purchased_purges":2,"victory":true,"max_hp_per_floor":[89,89,89,89,94,94,94,94,94,94,94,94,94,94,94,94,94,94,94,94,94,94,94,94,94,94,94,94,94,94,94,94,94,94,94,94,94,94,94,94,94,94,94,94,94,94,94,94,94,94,94,94,94,94,94],"relic_stats":{"Strange Spoon":[16],"Happy Flower":[17],"counters":[72,290],"Dead Branch":[34],"Bag of Preparation":[28],"Cursed Key":1,"obtain_stats":[{"Ice Cream":0,"Calipers":0,"Tiny House":34,"Vajra":26,"Bottled Tornado":46,"Old Coin":13,"Sozu":34,"HornCleat":9,"FaceOfCleric":21,"MerchantsRug":0,"Pear":0,"Happy Flower":13,"Dead Branch":39,"Oddly Smooth Stone":38,"Eternal Feather":23,"Question Card":9,"Akabeko":9,"SlaversCollar":17,"Bottled Flame":31,"Shuriken":0,"MutagenicStrength":19,"Molten Egg 2":14,"Nloth\u0027s Gift":21,"Symbiotic Virus":0,"Regal Pillow":43,"Lantern":7,"Mango":38,"Juzu Bracelet":36,"Bag of Preparation":27,"TeardropLocket":37,"Cursed Key":17,"Matryoshka":6,"WingedGreaves":23,"Red Mask":45,"Cracked Core":0,"Lee\u0027s Waffle":38,"Golden Idol":2,"Odd Mushroom":7,"Orichalcum":6,"Frozen Egg 2":40,"Peace Pipe":0,"Strange Spoon":53,"Anchor":54,"Bloody Idol":21,"betterThird:SlimedRelic":2,"Art of War":9,"Membership Card":53,"PureWater":0,"TungstenRod":26,"Toy Ornithopter":53},{"Ice Cream":24,"Calipers":46,"Tiny House":61,"Vajra":57,"Bottled Tornado":68,"Old Coin":51,"Sozu":17,"HornCleat":48,"FaceOfCleric":44,"MerchantsRug":0,"Pear":46,"Happy Flower":6,"Dead Branch":64,"Oddly Smooth Stone":19,"Eternal Feather":45,"Question Card":29,"Akabeko":48,"SlaversCollar":32,"Bottled Flame":60,"Shuriken":24,"MutagenicStrength":53,"Molten Egg 2":51,"Nloth\u0027s Gift":10,"Symbiotic Virus":0,"Regal Pillow":20,"Lantern":39,"Mango":19,"Juzu Bracelet":18,"Bag of Preparation":58,"TeardropLocket":63,"Cursed Key":8,"Matryoshka":48,"WingedGreaves":56,"Red Mask":21,"Cracked Core":0,"Lee\u0027s Waffle":19,"Golden Idol":36,"Odd Mushroom":4,"Orichalcum":39,"Frozen Egg 2":65,"Peace Pipe":0,"Strange Spoon":70,"Anchor":71,"Bloody Idol":34,"betterThird:SlimedRelic":47,"Art of War":4,"Membership Card":70,"PureWater":0,"TungstenRod":45,"Toy Ornithopter":70},{"Ice Cream":91,"Calipers":191,"Tiny House":250,"Vajra":237,"Bottled Tornado":268,"Old Coin":210,"Sozu":60,"HornCleat":196,"FaceOfCleric":177,"MerchantsRug":0,"Pear":191,"Happy Flower":13,"Dead Branch":259,"Oddly Smooth Stone":68,"Eternal Feather":182,"Question Card":104,"Akabeko":196,"SlaversCollar":123,"Bottled Flame":247,"Shuriken":91,"MutagenicStrength":225,"Molten Egg 2":210,"Nloth\u0027s Gift":29,"Symbiotic Virus":0,"Regal Pillow":74,"Lantern":149,"Mango":68,"Juzu Bracelet":64,"Bag of Preparation":240,"TeardropLocket":255,"Cursed Key":21,"Matryoshka":196,"WingedGreaves":233,"Red Mask":79,"Cracked Core":0,"Lee\u0027s Waffle":68,"Golden Idol":137,"Odd Mushroom":9,"Orichalcum":149,"Frozen Egg 2":260,"Peace Pipe":0,"Strange Spoon":275,"Anchor":279,"Bloody Idol":130,"betterThird:SlimedRelic":192,"Art of War":9,"Membership Card":275,"PureWater":0,"TungstenRod":182,"Toy Ornithopter":275}],"Toy Ornithopter":10},"card_choices":[{"not_picked":["Sanctity","Protect"],"picked":"Prostrate","floor":1.0},{"not_picked":["Crescendo","PathToVictory","BattleHymn"],"picked":"SKIP","floor":6.0},{"not_picked":["SashWhip","Nirvana","BowlingBash"],"picked":"SKIP","floor":10.0},{"not_picked":["FlyingSleeves","Weave"],"picked":"LikeWater","floor":12.0},{"not_picked":["Indignation","CrushJoints"],"picked":"FollowUp","floor":13.0},{"not_picked":["ConjureBlade","Judgement"],"picked":"Ragnarok+1","floor":16.0},{"not_picked":["SashWhip+1","PathToVictory"],"picked":"Tantrum+1","floor":18.0},{"not_picked":["CutThroughFate+1","SignatureMove+1"],"picked":"CrushJoints+1","floor":20.0},{"not_picked":["Halt+1","ForeignInfluence"],"picked":"FearNoEvil+1","floor":21.0},{"not_picked":["WindmillStrike+1","EmptyMind"],"picked":"Wallop+1","floor":23.0},{"not_picked":["Protect","CrushJoints+1"],"picked":"Prostrate","floor":25.0},{"not_picked":["Vengeance","Crescendo+1"],"picked":"DeceiveReality","floor":27.0},{"not_picked":["EmptyFist+1","Vault"],"picked":"InnerPeace","floor":29.0},{"not_picked":["ThirdEye","LikeWater"],"picked":"WreathOfFlame","floor":31.0},{"not_picked":["Ragnarok+1","ConjureBlade"],"picked":"Omniscience","floor":33.0},{"not_picked":["JustLucky+1","InnerPeace","Consecrate+1"],"picked":"SKIP","floor":35.0},{"not_picked":["JustLucky+1","Protect"],"picked":"Adaptation+1","floor":36.0},{"not_picked":["Discovery","Purity"],"picked":"Flash of Steel+1","floor":38.0},{"not_picked":["Transmutation","PanicButton"],"picked":"Jack Of All Trades","floor":38.0},{"not_picked":["EmptyFist+1","FlyingSleeves+1"],"picked":"Pray+1","floor":39.0},{"not_picked":["Perseverance+1","JustLucky+1","EmptyBody"],"picked":"SKIP","floor":40.0},{"not_picked":["ThirdEye","FollowUp+1","CarveReality+1"],"picked":"SKIP","floor":42.0},{"not_picked":["CutThroughFate+1","ThirdEye+1","CrushJoints+1"],"picked":"SKIP","floor":44.0},{"not_picked":["CutThroughFate+1","Adaptation+1"],"picked":"Sanctity+1","floor":45.0},{"not_picked":["EmptyBody","Pray","Swivel"],"picked":"SKIP","floor":48.0},{"not_picked":["Adaptation+1","ForeignInfluence+1"],"picked":"Wallop+1","floor":54}],"player_experience":3734596,"relics_obtained":[{"floor":6.0,"key":"Matryoshka"},{"floor":9.0,"key":"HornCleat"},{"floor":9.0,"key":"Akabeko"},{"floor":13.0,"key":"Old Coin"},{"floor":23.0,"key":"WingedGreaves"},{"floor":26.0,"key":"Happy Flower"},{"floor":26.0,"key":"Vajra"},{"floor":27.0,"key":"Bag of Preparation"},{"floor":31.0,"key":"Bottled Flame"},{"floor":39.0,"key":"Dead Branch"},{"floor":40.0,"key":"Frozen Egg 2"},{"floor":45.0,"key":"Question Card"},{"floor":54,"key":"Anchor"}],"event_choices":[{"damage_healed":0.0,"max_hp_gain":0.0,"max_hp_loss":0.0,"gold_gain":0.0,"event_name":"betterThird:BetterGoop","player_choice":"Slimed","floor":2.0,"gold_loss":47.0,"damage_taken":11.0},{"cards_removed":["Defend_P"],"damage_healed":0.0,"max_hp_gain":0.0,"max_hp_loss":0.0,"gold_gain":0.0,"event_name":"Golden Wing","player_choice":"Card Removal","floor":3.0,"gold_loss":0.0,"damage_taken":7.0},{"damage_healed":0.0,"max_hp_gain":5.0,"max_hp_loss":0.0,"gold_gain":0.0,"event_name":"Big Fish","player_choice":"Donut","floor":5.0,"gold_loss":0.0,"damage_taken":0.0},{"cards_removed":["Strike_P"],"damage_healed":0.0,"max_hp_gain":0.0,"max_hp_loss":0.0,"gold_gain":0.0,"event_name":"betterNote:BetterNote","player_choice":"Give","floor":8.0,"gold_loss":0.0,"damage_taken":0.0,"cards_obtained":["Clumsy"]},{"damage_healed":0.0,"max_hp_gain":0.0,"max_hp_loss":0.0,"gold_gain":0.0,"event_name":"Drug Dealer","player_choice":"Inject Mutagens","floor":19.0,"gold_loss":0.0,"damage_taken":0.0,"relics_obtained":["MutagenicStrength"]},{"damage_healed":0.0,"max_hp_gain":0.0,"max_hp_loss":0.0,"gold_gain":0.0,"event_name":"Beggar","player_choice":"Ignored","floor":22.0,"gold_loss":0.0,"damage_taken":0.0},{"damage_healed":0.0,"max_hp_gain":0.0,"max_hp_loss":0.0,"gold_gain":3.0,"event_name":"betterStone:BetterStone","player_choice":"1","floor":38.0,"gold_loss":0.0,"damage_taken":0.0},{"damage_healed":0.0,"max_hp_gain":0.0,"max_hp_loss":0.0,"gold_gain":0.0,"event_name":"MindBloom","player_choice":"Fight","floor":39.0,"gold_loss":0.0,"damage_taken":0.0},{"damage_healed":0.0,"max_hp_gain":0.0,"max_hp_loss":0.0,"gold_gain":0.0,"event_name":"Tomb of Lord Red Mask","player_choice":"Ignored","floor":41.0,"gold_loss":0.0,"damage_taken":0.0}],"is_beta":false,"boss_relics":[{"not_picked":["Philosopher\u0027s Stone","HolyWater"],"picked":"Cursed Key"},{"not_picked":["Velvet Choker","Pandora\u0027s Box"],"picked":"Tiny House"}],"items_purged_floors":[0,14],"is_endless":false,"potions_floor_spawned":[10,12,13,21,25,29,36,42,44,48,54],"ascension_level":0}}