{"host":"nuc2w1a7ik2yhkv2","time":1612860300,"event":{"mods":["Act Like it!","BaseMod","Minty Spire (QoL Compilation)","Quick Restart","Rare Cards Sparkle","StSLib"],"gold_per_floor":[111,111,111,36,8,36,52,52,52,62,212,212,212,212,212,289,289,306,28,28,40,40,40,40],"floor_reached":23,"language":"ZHS","playtime":628,"items_purged":["Strike_G"],"score":420,"play_id":"d0f0ed10-e4ac-4d04-ba8d-596998fd9c6e","local_time":"20210209164500","is_ascension_mode":true,"campfire_choices":[{"data":"Neutralize","floor":8.0,"key":"SMITH"},{"data":"Well Laid Plans","floor":12.0,"key":"SMITH"},{"data":"Deadly Poison","floor":15.0,"key":"SMITH"}],"circlet_count":0,"master_deck":["AscendersBane","Strike_G","Strike_G","Strike_G","Defend_G+1","Defend_G","Defend_G+1","Defend_G","Survivor","Neutralize+1","Poisoned Stab","Deadly Poison+1","Escape Plan","Leg Sweep","Well Laid Plans+1","Adrenaline","Noxious Fumes","Crippling Poison","Quick Slash","Backstab","Crippling Poison","Reflex","Bane"],"relics":["Ring of the Serpent","NeowsBlessing","Lantern","War Paint","Sundial","StrikeDummy","Regal Pillow","Toy Ornithopter"],"acts_visited":["Exordium","TheCity"],"potions_floor_usage":[],"damage_taken":[{"damage":0.0,"enemies":"Small Slimes","floor":1.0,"turns":1.0},{"damage":0.0,"enemies":"3 Sentries","floor":6.0,"turns":1.0},{"damage":0.0,"enemies":"Jaw Worm","floor":7.0,"turns":1.0},{"damage":0.0,"enemies":"2 Louse","floor":10.0,"turns":2.0},{"damage":21.0,"enemies":"The Guardian","floor":16.0,"turns":10.0},{"damage":19,"enemies":"Chosen","floor":18,"turns":4},{"damage":10,"enemies":"Spheric Guardian","floor":21,"turns":4},{"damage":22,"enemies":"Book of Stabbing","floor":23,"turns":4}],"seed_played":"8903569765147870029","potions_obtained":[{"floor":6.0,"key":"SpeedPotion"},{"floor":7.0,"key":"DistilledChaos"},{"floor":16.0,"key":"CunningPotion"}],"is_trial":false,"path_per_floor":["M","?","?","?","$","E","M","R","T","M","?","R","?","T","R","B",null,"M","$","?","M","?","E"],"character_chosen":"THE_SILENT","items_purchased":["Deadly Poison","Crippling Poison","Quick Slash","Backstab"],"campfire_rested":0,"item_purchase_floors":[5,19,19,19],"current_hp_per_floor":[59,54,54,54,54,54,54,54,54,54,54,54,47,47,47,26,56,37,37,37,27,27,5,5],"gold":40,"neow_bonus":"THREE_ENEMY_KILL","is_daily":false,"chose_seed":false,"campfire_upgraded":3,"win_rate":0.0,"timestamp":1612860300,"path_taken":["M","?","?","?","$","E","M","R","T","M","?","R","?","?","R","BOSS","M","$","?","?","?","E"],"items_purchased_type":["Card","Card","Card","Card"],"build_version":"2020-12-22","purchased_purges":1,"victory":false,"max_hp_per_floor":[66,66,66,66,66,66,66,66,66,66,66,66,66,66,66,66,66,66,66,66,66,66,66,66],"card_choices":[{"not_picked":["Deflect","Predator"],"picked":"Poisoned Stab","floor":1.0},{"not_picked":["Cloak And Dagger","Blade Dance"],"picked":"Escape Plan","floor":6.0},{"not_picked":["Flying Knee","Eviscerate"],"picked":"Leg Sweep","floor":7.0},{"not_picked":["Bane","Dagger Throw"],"picked":"Well Laid Plans","floor":10.0},{"not_picked":["Malaise","Tools of the Trade"],"picked":"Adrenaline","floor":16.0},{"not_picked":["Calculated Gamble","Dagger Throw"],"picked":"Noxious Fumes","floor":18},{"not_picked":["Finisher","Slice"],"picked":"Crippling Poison","floor":21}],"player_experience":887911,"relics_obtained":[{"floor":6.0,"key":"Sundial"},{"floor":9.0,"key":"StrikeDummy"},{"floor":14.0,"key":"Regal Pillow"}],"event_choices":[{"damage_healed":0.0,"max_hp_gain":0.0,"max_hp_loss":0.0,"gold_gain":0.0,"event_name":"Scrap Ooze","player_choice":"Success","floor":2.0,"gold_loss":0.0,"damage_taken":5.0,"relics_obtained":["Lantern"]},{"damage_healed":0.0,"max_hp_gain":0.0,"max_hp_loss":0.0,"gold_gain":0.0,"event_name":"Big Fish","player_choice":"Box","floor":3.0,"gold_loss":0.0,"damage_taken":0.0,"relics_obtained":["War Paint"],"cards_obtained":["Regret"]},{"cards_removed":["Regret"],"damage_healed":0.0,"max_hp_gain":0.0,"max_hp_loss":0.0,"gold_gain":0.0,"event_name":"The Cleric","player_choice":"Card Removal","floor":4.0,"gold_loss":75.0,"damage_taken":0.0},{"damage_healed":0.0,"max_hp_gain":0.0,"max_hp_loss":0.0,"gold_gain":150.0,"event_name":"Liars Game","player_choice":"AGREE","floor":11.0,"gold_loss":0.0,"damage_taken":0.0,"cards_obtained":["Doubt"]},{"cards_removed":["Doubt"],"damage_healed":0.0,"max_hp_gain":0.0,"max_hp_loss":0.0,"gold_gain":0.0,"event_name":"Golden Wing","player_choice":"Card Removal","floor":13.0,"gold_loss":0.0,"damage_taken":7.0},{"damage_healed":0,"gold_gain":0,"player_choice":"Gave Potion","damage_taken":0,"relics_obtained":["Toy Ornithopter"],"max_hp_gain":0,"max_hp_loss":0,"event_name":"WeMeetAgain","floor":20,"gold_loss":0},{"damage_healed":0,"gold_gain":0,"cards_transformed":["Strike_G","Defend_G"],"player_choice":"Became Test Subject","damage_taken":0,"max_hp_gain":0,"max_hp_loss":0,"event_name":"Drug Dealer","floor":22,"gold_loss":0,"cards_obtained":["Reflex","Bane"]}],"is_beta":false,"boss_relics":[{"not_picked":["WristBlade","Calling Bell"],"picked":"Ring of the Serpent"}],"items_purged_floors":[19],"is_endless":false,"potions_floor_spawned":[6,7,16,18],"killed_by":"Book of Stabbing","ascension_level":20}}