{"host":"7cp3z5w0tcrrm8ys","time":1612839222,"event":{"mods":["AchievementEnabler","BaseMod","DeckTracker","Minty Spire (QoL Compilation)","StSLib","SuperFastMode"],"gold_per_floor":[111,124,138,138,158,158,192,192,192,221,233,251,31,43,43,116,116,128,128,128,143,143,143],"floor_reached":22,"language":"KOR","playtime":566,"items_purged":[],"score":496,"play_id":"fbc3eeb2-9698-4f23-8e16-07abc89ba5da","local_time":"20210209115342","is_ascension_mode":true,"campfire_choices":[{"data":"Flechettes","floor":6,"key":"SMITH"},{"floor":8,"key":"REST"},{"data":"Blade Dance","floor":15,"key":"SMITH"}],"circlet_count":0,"master_deck":["AscendersBane","Strike_G","Strike_G","Strike_G","Strike_G","Defend_G","Defend_G","Defend_G","Defend_G","Defend_G","Survivor","Neutralize","Quick Slash","Masterful Stab+1","Endless Agony","Flechettes+1","After Image","Calculated Gamble","Adrenaline","Blade Dance+1","Terror","A Thousand Cuts","Backflip","Phantasmal Killer","Parasite"],"relics":["Ring of the Snake","Paper Crane","Letter Opener","Mercury Hourglass","Orrery","Busted Crown","Nilry\u0027s Codex"],"acts_visited":["Exordium","TheCity"],"potions_floor_usage":[7,7,10,11,14,16,18],"damage_taken":[{"damage":0,"enemies":"2 Louse","floor":1,"turns":4},{"damage":14,"enemies":"Cultist","floor":2,"turns":5},{"damage":2,"enemies":"Jaw Worm","floor":3,"turns":4},{"damage":8,"enemies":"Blue Slaver","floor":5,"turns":3},{"damage":49,"enemies":"Lagavulin","floor":7,"turns":9},{"damage":11,"enemies":"3 Sentries","floor":10,"turns":10},{"damage":2,"enemies":"Exordium Thugs","floor":11,"turns":2},{"damage":1,"enemies":"Red Slaver","floor":12,"turns":2},{"damage":0,"enemies":"Large Slime","floor":14,"turns":4},{"damage":0,"enemies":"Slime Boss","floor":16,"turns":6},{"damage":11,"enemies":"Shell Parasite","floor":18,"turns":3},{"damage":6,"enemies":"2 Thieves","floor":21,"turns":3},{"damage":15,"enemies":"Snake Plant","floor":22,"turns":2}],"seed_played":"2781147462564269714","potions_obtained":[{"floor":2,"key":"LiquidBronze"},{"floor":3,"key":"Regen Potion"},{"floor":7,"key":"EssenceOfSteel"},{"floor":10,"key":"Explosive Potion"},{"floor":14,"key":"BlessingOfTheForge"},{"floor":16,"key":"GamblersBrew"}],"is_trial":false,"path_per_floor":["M","M","M","?","M","R","E","R","T","E","M","M","$","M","R","B",null,"M","?","?","M","M"],"character_chosen":"THE_SILENT","items_purchased":["Orrery","SkillPotion"],"campfire_rested":1,"item_purchase_floors":[13,13],"current_hp_per_floor":[59,45,43,43,35,35,1,20,20,9,7,6,6,6,6,6,51,40,19,19,13,0,0],"gold":143,"neow_bonus":"REMOVE_CARD","is_daily":false,"chose_seed":false,"campfire_upgraded":2,"win_rate":0.0,"timestamp":1612839222,"path_taken":["M","M","M","?","M","R","E","R","T","E","M","?","?","M","R","BOSS","M","?","?","M","?"],"items_purchased_type":["Relic","Potion"],"build_version":"2020-12-22","purchased_purges":0,"victory":false,"max_hp_per_floor":[66,66,66,66,66,66,66,66,66,66,66,66,66,66,66,66,66,66,66,66,66,66,66],"card_choices":[{"not_picked":["Flying Knee","Endless Agony"],"picked":"Quick Slash","floor":1},{"not_picked":["Prepared","Cloak And Dagger"],"picked":"Masterful Stab","floor":2},{"not_picked":["Setup","Infinite Blades"],"picked":"Endless Agony","floor":3},{"not_picked":["Slice","Cloak And Dagger"],"picked":"Flechettes","floor":5},{"not_picked":["Cloak And Dagger","Setup","Poisoned Stab"],"picked":"SKIP","floor":7},{"not_picked":["Blade Dance","Quick Slash"],"picked":"After Image","floor":10},{"not_picked":["Quick Slash","Reflex","Poisoned Stab"],"picked":"SKIP","floor":11},{"not_picked":["Accuracy","PiercingWail"],"picked":"Calculated Gamble","floor":12},{"not_picked":["Reflex","Well Laid Plans"],"picked":"Adrenaline","floor":13},{"not_picked":["Dodge and Roll","Sucker Punch"],"picked":"Blade Dance","floor":13},{"not_picked":["Deflect","Choke"],"picked":"Terror","floor":13},{"not_picked":["Outmaneuver","Bane","Cloak And Dagger"],"picked":"SKIP","floor":14},{"not_picked":["Doppelganger","Storm of Steel"],"picked":"A Thousand Cuts","floor":16},{"not_picked":[],"picked":"Backflip","floor":18},{"not_picked":["Underhanded Strike"],"picked":"SKIP","floor":21}],"player_experience":809732,"relics_obtained":[{"floor":7,"key":"Paper Crane"},{"floor":9,"key":"Letter Opener"},{"floor":10,"key":"Mercury Hourglass"},{"floor":19,"key":"Nilry\u0027s Codex"}],"event_choices":[{"damage_healed":0,"gold_gain":0,"player_choice":"Forge","damage_taken":0,"max_hp_gain":0,"max_hp_loss":0,"event_name":"Accursed Blacksmith","floor":4,"gold_loss":0,"cards_upgraded":["Masterful Stab"]},{"damage_healed":0,"gold_gain":0,"player_choice":"Obtained Book","damage_taken":21,"max_hp_gain":0,"max_hp_loss":0,"event_name":"Cursed Tome","floor":19,"gold_loss":0},{"damage_healed":0,"gold_gain":0,"player_choice":"2 cards matched","damage_taken":0,"max_hp_gain":0,"max_hp_loss":0,"event_name":"Match and Keep!","floor":20,"gold_loss":0,"cards_obtained":["Phantasmal Killer","Parasite"]}],"is_beta":false,"boss_relics":[{"not_picked":["HoveringKite","Calling Bell"],"picked":"Busted Crown"}],"items_purged_floors":[],"is_endless":false,"potions_floor_spawned":[2,3,7,10,14,16],"killed_by":"Snake Plant","ascension_level":20}}