{"host":"7f01flv6y0vhl3vt","time":1612911921,"event":{"mods":["Act Like it!","BaseMod","Downfall","Minty Spire (QoL Compilation)","StSLib"],"gold_per_floor":[99,99,99,199,199,217,217,231,231,31,42,42,52,70,87,190,190,190,210,12,27,47,32,78,78,94,94,114,114,114,114,127,224,224,224,239,256,266,266,266,266],"floor_reached":39,"language":"ENG","playtime":10629,"items_purged":[],"score":425,"play_id":"11e38ec0-df83-4315-a3dc-7b02760965f4","local_time":"20210209180521","is_ascension_mode":false,"campfire_choices":[{"floor":1.0,"key":"RECALL"},{"floor":10,"key":"REST"},{"data":"bronze:ThunderWave","floor":12,"key":"SMITH"},{"data":"bronze:HyperBeam","floor":18,"key":"SMITH"},{"floor":27,"key":"REST"},{"floor":30,"key":"REST"},{"data":"bronze:Library","floor":35,"key":"SMITH"}],"circlet_count":0,"master_deck":["bronze:Strike","bronze:Strike","bronze:Defend","bronze:Defend","bronze:Defend","bronze:Replicate","bronze:Goto","bronze:BitShift","bronze:Overheat","bronze:Backtrace","bronze:ThunderWave+1","bronze:Turbo","bronze:Invalidate","bronze:InfiniteBeams","bronze:HyperBeam+1","bronze:Philosophize+1","bronze:Library+1","bronze:DelayedGuard","bronze:Optimize","bronze:Overload","bronze:FollowUp+1","bronze:Constructor","bronze:Virus","bronze:Overload","bronze:MaxOutput+1","bronze:Break","bronze:Deprecate","bronze:ForceShield+1","bronze:Deprecate+1"],"relics":["bronze:BronzeCore","Pear","downfall:ShatteredFragment","downfall:HeartBlessingBlue","downfall:HeartBlessingRed","Sozu","Orichalcum","Nunchaku","Happy Flower","Empty Cage"],"acts_visited":["Exordium","TheCity","TheBeyond"],"potions_floor_usage":[16,16,26],"damage_taken":[{"damage":2.0,"enemies":"Small Slimes","floor":6.0,"turns":3.0},{"damage":0.0,"enemies":"2 Louse","floor":8.0,"turns":3.0},{"damage":6,"enemies":"Jaw Worm","floor":11,"turns":2},{"damage":5,"enemies":"3 Louse","floor":13,"turns":3},{"damage":3,"enemies":"Red Slaver","floor":14,"turns":2},{"damage":7,"enemies":"Blue Slaver","floor":15,"turns":2},{"damage":76,"enemies":"DF_ARCHETYPE_STREAMLINE","floor":16,"turns":9},{"damage":10,"enemies":"Chosen","floor":19,"turns":3},{"damage":10,"enemies":"downfall:FleeingMerchant","floor":20,"turns":4},{"damage":0,"enemies":"3 Cultists","floor":21,"turns":3},{"damage":16,"enemies":"Centurion and Healer","floor":22,"turns":4},{"damage":14,"enemies":"downfall:FleeingMerchant","floor":23,"turns":4},{"damage":5,"enemies":"Cultist and Chosen","floor":26,"turns":3},{"damage":9,"enemies":"Snecko","floor":28,"turns":3},{"damage":16,"enemies":"Snake Plant","floor":32,"turns":3},{"damage":62,"enemies":"SI_MIRROR_ARCHETYPE","floor":33,"turns":7},{"damage":31,"enemies":"3 Darklings","floor":36,"turns":5},{"damage":0,"enemies":"3 Shapes","floor":37,"turns":4},{"damage":38,"enemies":"Writhing Mass","floor":38,"turns":6},{"damage":66,"enemies":"Transient","floor":39,"turns":5}],"seed_played":"-2165660532229645112","potions_obtained":[{"floor":13,"key":"FearPotion"},{"floor":15,"key":"LiquidBronze"},{"floor":16,"key":"ColorlessPotion"}],"is_trial":false,"path_per_floor":["R","?","?","?","?","M","T","M","?","R","M","R","M","M","M","B",null,"R","M","$","M","M","$","T","?","M","R","M","?","R","?","M","B",null,"R","M","M","M","M"],"character_chosen":"THE_AUTOMATON","items_purchased":["Orichalcum","bronze:DelayedGuard"],"campfire_rested":3,"item_purchase_floors":[20,20],"current_hp_per_floor":[77,80,59,59,64,62,62,62,62,102,96,96,91,88,81,5,102,102,92,82,82,66,52,52,52,47,77,68,68,98,98,82,20,102,102,71,71,33,0,0,0],"gold":266,"neow_bonus":"TEN_PERCENT_HP_BONUS","is_daily":false,"chose_seed":false,"campfire_upgraded":3,"win_rate":0.0,"timestamp":1612911921,"path_taken":["R","?","?","?","?","M","T","M","?","R","M","R","?","M","M","BOSS","R","M","$","M","M","$","T","?","M","R","?","?","R","?","M","BOSS","R","M","M","M","M"],"items_purchased_type":["Relic","Card"],"build_version":"2020-12-22","purchased_purges":0,"victory":false,"max_hp_per_floor":[77,87,87,87,92,92,92,92,92,102,102,102,102,102,102,102,102,102,102,102,102,102,102,102,102,102,102,102,102,102,102,102,102,102,102,102,102,102,102,102,102],"card_choices":[{"not_picked":["bronze:Shield","bronze:FineTuning"],"picked":"bronze:BitShift","floor":6.0},{"not_picked":["bronze:WildBeam","bronze:WhirlingStrike"],"picked":"bronze:Overheat","floor":8.0},{"not_picked":["bronze:Repulsor","bronze:BuggyMess"],"picked":"bronze:ThunderWave","floor":11},{"not_picked":["bronze:BugBarrage","bronze:FineTuning"],"picked":"bronze:Turbo","floor":13},{"not_picked":["bronze:OilSpill","bronze:Frontload"],"picked":"bronze:Invalidate","floor":14},{"not_picked":["bronze:DigitalCarnage","bronze:WhirlingStrike"],"picked":"bronze:InfiniteBeams","floor":15},{"not_picked":["bronze:Break","bronze:ThunderWave"],"picked":"bronze:HyperBeam","floor":16},{"not_picked":["bronze:Iterate","bronze:Repair"],"picked":"bronze:Philosophize+1","floor":19},{"not_picked":["bronze:BitShift","bronze:Branch"],"picked":"bronze:Library","floor":20},{"not_picked":["bronze:Iterate","bronze:Separator"],"picked":"bronze:Optimize","floor":21},{"not_picked":["bronze:OilSpill","bronze:WhirlingStrike"],"picked":"bronze:Overload","floor":22},{"not_picked":["bronze:Invalidate+1","bronze:DelayedGuard"],"picked":"bronze:FollowUp+1","floor":23},{"not_picked":["bronze:BitShift","bronze:Separator"],"picked":"bronze:Constructor","floor":26},{"not_picked":["bronze:Turbo","bronze:Optimize"],"picked":"bronze:Virus","floor":28},{"not_picked":["bronze:WhirlingStrike","bronze:FineTuning"],"picked":"bronze:MaxOutput+1","floor":32},{"not_picked":["bronze:HyperBeam","bronze:AlphaBuild"],"picked":"bronze:Break","floor":33},{"not_picked":["bronze:Invalidate","bronze:Shield"],"picked":"bronze:Deprecate","floor":36},{"not_picked":["bronze:FineTuning+1","bronze:Philosophize+1"],"picked":"bronze:ForceShield+1","floor":37},{"not_picked":["bronze:Shield","bronze:Turbo"],"picked":"bronze:Deprecate+1","floor":38}],"player_experience":1679802,"relics_obtained":[{"floor":24,"key":"Nunchaku"}],"event_choices":[{"damage_healed":0.0,"max_hp_gain":0.0,"max_hp_loss":0.0,"gold_gain":0.0,"event_name":"Scrap Ooze","player_choice":"Success","floor":2.0,"gold_loss":0.0,"damage_taken":7.0,"relics_obtained":["Pear"]},{"damage_healed":0.0,"max_hp_gain":5.0,"max_hp_loss":0.0,"gold_gain":0.0,"event_name":"Big Fish","player_choice":"Donut","floor":5.0,"gold_loss":0.0,"damage_taken":0.0},{"damage_healed":0,"gold_gain":0,"player_choice":"Ignored","damage_taken":0,"max_hp_gain":0,"max_hp_loss":0,"event_name":"NoteForYourself","floor":25,"gold_loss":0},{"damage_healed":0,"gold_gain":0,"player_choice":"Read","damage_taken":0,"max_hp_gain":0,"max_hp_loss":0,"event_name":"The Library","floor":31,"gold_loss":0,"cards_obtained":["bronze:Overload"]}],"is_beta":false,"boss_relics":[{"not_picked":["Calling Bell","Runic Pyramid"],"picked":"Sozu"},{"not_picked":["Fusion Hammer","Astrolabe"],"picked":"Empty Cage"}],"items_purged_floors":[],"is_endless":false,"potions_floor_spawned":[13,15,16,22,28,32,33,36,37],"killed_by":"Transient","ascension_level":0}}