{"host":"2htowdb5wria0zm7","time":1612904222,"event":{"mods":["BaseMod","Better Third Choice","BetterRewards","Googly Eyes","Hyrulean Relics","Minty Spire (QoL Compilation)","StSLib"],"gold_per_floor":[113,129,143,34,51,82,95,95,95,95,115,138,138,178,178,302,302,326,351,371,44,44,44,67,67,113,129,7,7,7,7],"floor_reached":30,"language":"ENG","playtime":2270,"items_purged":["Strike_B","Injury"],"score":344,"play_id":"0ba15c6c-061d-4be4-9d09-c8ccdd2d23cc","local_time":"20210209155702","is_ascension_mode":false,"campfire_choices":[{"data":"Loop","floor":8,"key":"SMITH"},{"floor":13,"key":"REST"},{"floor":15,"key":"REST"},{"data":"Conserve Battery","floor":23,"key":"SMITH"},{"floor":25,"key":"REST"}],"circlet_count":0,"master_deck":["Strike_B","Strike_B","Strike_B","Defend_B","Defend_B","Defend_B","Defend_B","Zap","Dualcast","Turbo","Echo Form","Undo","Beam Cell","Loop+1","Loop","White Noise","Melter","Core Surge","FTL","Echo Form","Ball Lightning","Ball Lightning+1","Capacitor+1","Conserve Battery+1","Aggregate+1","Self Repair+1","Self Repair+1"],"relics":["Cracked Core","Thread and Needle","Strawberry","InkBottle","Golden Idol","The Courier","Sozu","Cables","MealTicket","DollysMirror"],"acts_visited":["Exordium","TheCity"],"potions_floor_usage":[6,6,12,16,20],"damage_taken":[{"damage":0,"enemies":"Cultist","floor":1,"turns":3},{"damage":2,"enemies":"2 Louse","floor":2,"turns":4},{"damage":0,"enemies":"Small Slimes","floor":3,"turns":3},{"damage":2,"enemies":"2 Fungi Beasts","floor":5,"turns":4},{"damage":5,"enemies":"3 Sentries","floor":6,"turns":6},{"damage":3,"enemies":"3 Louse","floor":7,"turns":2},{"damage":0,"enemies":"Large Slime","floor":11,"turns":5},{"damage":13,"enemies":"Gremlin Gang","floor":12,"turns":5},{"damage":20,"enemies":"Gremlin Nob","floor":14,"turns":4},{"damage":35,"enemies":"Hexaghost","floor":16,"turns":6},{"damage":16,"enemies":"Shell Parasite","floor":18,"turns":5},{"damage":29,"enemies":"2 Thieves","floor":19,"turns":4},{"damage":8,"enemies":"Centurion and Healer","floor":20,"turns":5},{"damage":14,"enemies":"Snake Plant","floor":24,"turns":4},{"damage":14,"enemies":"3 Cultists","floor":27,"turns":5},{"damage":73,"enemies":"Slavers","floor":30,"turns":4}],"seed_played":"-4398861977493653762","potions_obtained":[{"floor":2,"key":"Weak Potion"},{"floor":3,"key":"LiquidBronze"},{"floor":11,"key":"GamblersBrew"},{"floor":12,"key":"DuplicationPotion"},{"floor":16,"key":"EssenceOfSteel"}],"is_trial":false,"path_per_floor":["M","M","M","$","M","E","M","R","T","?","M","M","R","E","R","B",null,"M","M","M","$","?","R","M","R","T","M","$","?","E"],"character_chosen":"DEFECT","items_purchased":["Echo Form","Loop","Cables","Conserve Battery","DollysMirror"],"campfire_rested":3,"item_purchase_floors":[0,4,21,21,28],"current_hp_per_floor":[48,46,46,46,44,46,43,43,43,43,43,30,54,34,58,23,82,66,37,29,29,56,56,42,66,66,52,67,67,0,0],"gold":7,"neow_bonus":"","is_daily":false,"chose_seed":false,"campfire_upgraded":2,"win_rate":0.0,"timestamp":1612904222,"path_taken":["M","?","M","?","M","E","?","R","T","?","M","M","R","E","R","BOSS","M","M","M","$","?","R","M","R","T","M","$","?","E"],"items_purchased_type":["Card","Card","Relic","Card","Relic"],"build_version":"2020-12-22","purchased_purges":2,"victory":false,"max_hp_per_floor":[75,75,75,75,75,82,82,82,82,82,82,82,82,82,82,82,82,82,82,82,82,82,82,82,82,82,82,82,82,82,82],"card_choices":[{"not_picked":["Rip and Tear","Streamline"],"picked":"Undo","floor":1},{"not_picked":["Redo","Double Energy"],"picked":"Beam Cell","floor":2},{"not_picked":["Reprogram","Melter"],"picked":"Loop","floor":3},{"not_picked":["Compile Driver","Skim"],"picked":"White Noise","floor":5},{"not_picked":["Recycle","Rip and Tear","Cold Snap"],"picked":"SKIP","floor":6},{"not_picked":["Loop","Redo"],"picked":"Melter","floor":7},{"not_picked":["Stack","Undo","Scrape"],"picked":"SKIP","floor":11},{"not_picked":["Stack","Chaos"],"picked":"Core Surge","floor":12},{"not_picked":["Darkness","Sweeping Beam"],"picked":"FTL","floor":14},{"not_picked":["Meteor Strike","Biased Cognition"],"picked":"Echo Form","floor":16},{"not_picked":["Cold Snap","Leap"],"picked":"Ball Lightning","floor":18},{"not_picked":["Turbo","Sweeping Beam+1"],"picked":"Ball Lightning+1","floor":19},{"not_picked":["Sweeping Beam","Leap"],"picked":"Capacitor+1","floor":20},{"not_picked":["Scrape+1","Turbo"],"picked":"Aggregate+1","floor":24},{"not_picked":["Stack","Conserve Battery"],"picked":"Self Repair+1","floor":27}],"player_experience":502258,"relics_obtained":[{"floor":6,"key":"Strawberry"},{"floor":9,"key":"InkBottle"},{"floor":14,"key":"The Courier"},{"floor":26,"key":"MealTicket"}],"event_choices":[{"damage_healed":0,"gold_gain":0,"player_choice":"Take Wound","damage_taken":0,"relics_obtained":["Golden Idol"],"max_hp_gain":0,"max_hp_loss":0,"event_name":"Golden Idol","floor":10,"gold_loss":0,"cards_obtained":["Injury"]},{"damage_healed":27,"gold_gain":0,"player_choice":"Heal","damage_taken":0,"max_hp_gain":0,"max_hp_loss":0,"event_name":"The Library","floor":22,"gold_loss":0},{"damage_healed":0,"gold_gain":0,"player_choice":"Adaptability","damage_taken":0,"max_hp_gain":0,"max_hp_loss":0,"event_name":"betterThird:BetterWriting","floor":29,"gold_loss":0}],"is_beta":false,"boss_relics":[{"not_picked":["Cursed Key","Ectoplasm"],"picked":"Sozu"}],"items_purged_floors":[4,21],"is_endless":false,"potions_floor_spawned":[2,3,11,12,16,18,19,20],"killed_by":"Slavers","ascension_level":0}}