{"host":"i7jfea87xc8lz16p","time":1612859642,"event":{"mods":["AchievementEnabler","BaseMod","Colored Powertips","Minty Spire (QoL Compilation)","Relic Stats"],"gold_per_floor":[114,128,143,159,159,159,4,39,39,39,74,74,108,128,128,200,200,212,229,243,243,263,263,64,64,64,96,96,127,139,155,155,232,232,251,126,137,153,153,153,187,187,212,212,241,251,270,98,98,98,98],"floor_reached":52,"language":"ENG","playtime":2149,"items_purged":["Strike_R","Strike_R","Strike_R"],"score":1919,"play_id":"d79035e1-b27f-48eb-a95b-600feb3e18d1","local_time":"20210209093402","is_ascension_mode":true,"campfire_choices":[{"data":"Bash","floor":6.0,"key":"SMITH"},{"data":"Clothesline","floor":10.0,"key":"SMITH"},{"data":"Metallicize","floor":15.0,"key":"SMITH"},{"floor":23.0,"key":"REST"},{"data":"True Grit","floor":25.0,"key":"SMITH"},{"data":"True Grit","floor":28.0,"key":"SMITH"},{"floor":32.0,"key":"REST"},{"data":"Flame Barrier","floor":40.0,"key":"SMITH"},{"floor":42.0,"key":"REST"},{"data":"Spot Weakness","floor":44.0,"key":"SMITH"},{"data":"Shrug It Off","floor":49.0,"key":"SMITH"}],"circlet_count":0,"master_deck":["AscendersBane","Strike_R","Strike_R","Defend_R","Defend_R","Defend_R","Defend_R","Bash+1","Anger","Clothesline+1","Metallicize+1","Spot Weakness+1","Inflame+1","Iron Wave+1","Reaper+1","Sword Boomerang+1","True Grit+1","Uppercut+1","Metallicize+1","True Grit+1","Combust+1","Shrug It Off+1","Flame Barrier+1","Metallicize+1","Reaper+1","Berserk+1","Inflame+1","Metallicize+1","Inflame+1","Pommel Strike+1","Battle Trance"],"relics":["Burning Blood","Mummified Hand","Paper Frog","Frozen Egg 2","Oddly Smooth Stone","Molten Egg 2","SlaversCollar","Blue Candle","Akabeko","Anchor","Runic Pyramid","Bird Faced Urn","Centennial Puzzle","Kunai","Bag of Marbles"],"acts_visited":["Exordium","TheCity","TheBeyond"],"potions_floor_usage":[50,51],"damage_taken":[{"damage":5.0,"enemies":"Small Slimes","floor":1.0,"turns":3.0},{"damage":2.0,"enemies":"Jaw Worm","floor":2.0,"turns":4.0},{"damage":1.0,"enemies":"Cultist","floor":3.0,"turns":3.0},{"damage":13.0,"enemies":"Blue Slaver","floor":4.0,"turns":4.0},{"damage":14.0,"enemies":"Lagavulin","floor":8.0,"turns":6.0},{"damage":16.0,"enemies":"Gremlin Nob","floor":11.0,"turns":4.0},{"damage":17.0,"enemies":"Lagavulin","floor":13.0,"turns":6.0},{"damage":0.0,"enemies":"Red Slaver","floor":14.0,"turns":3.0},{"damage":19.0,"enemies":"The Guardian","floor":16.0,"turns":12.0},{"damage":8.0,"enemies":"Spheric Guardian","floor":18.0,"turns":5.0},{"damage":23.0,"enemies":"3 Byrds","floor":19.0,"turns":6.0},{"damage":30.0,"enemies":"Cultist and Chosen","floor":20.0,"turns":6.0},{"damage":32.0,"enemies":"Snecko","floor":22.0,"turns":7.0},{"damage":26.0,"enemies":"Slavers","floor":27.0,"turns":4.0},{"damage":9.0,"enemies":"Book of Stabbing","floor":29.0,"turns":5.0},{"damage":12.0,"enemies":"Snake Plant","floor":30.0,"turns":5.0},{"damage":27.0,"enemies":"Cultist and Chosen","floor":31.0,"turns":8.0},{"damage":74.0,"enemies":"Automaton","floor":33.0,"turns":13.0},{"damage":23.0,"enemies":"3 Darklings","floor":35.0,"turns":5.0},{"damage":4.0,"enemies":"Orb Walker","floor":37.0,"turns":4.0},{"damage":37.0,"enemies":"Writhing Mass","floor":38.0,"turns":6.0},{"damage":55.0,"enemies":"Giant Head","floor":41.0,"turns":9.0},{"damage":31.0,"enemies":"Nemesis","floor":45.0,"turns":7.0},{"damage":38.0,"enemies":"3 Darklings","floor":46.0,"turns":6.0},{"damage":66.0,"enemies":"4 Shapes","floor":47.0,"turns":5.0},{"damage":28,"enemies":"Time Eater","floor":50,"turns":9},{"damage":41,"enemies":"Donu and Deca","floor":51,"turns":8}],"seed_played":"-6096048637014326572","potions_obtained":[{"floor":2.0,"key":"GamblersBrew"},{"floor":8.0,"key":"EssenceOfSteel"},{"floor":14.0,"key":"SkillPotion"},{"floor":19.0,"key":"EssenceOfSteel"},{"floor":29.0,"key":"Energy Potion"},{"floor":35.0,"key":"HeartOfIron"},{"floor":39.0,"key":"Fruit Juice"},{"floor":39.0,"key":"Swift Potion"}],"is_trial":false,"path_per_floor":["M","M","M","M","?","R","$","E","T","R","E","?","E","M","R","B",null,"M","M","M","?","M","R","$","R","T","E","R","E","M","M","R","B",null,"M","$","M","M","?","R","E","R","T","R","E","M","M","$","R","B","B",null],"character_chosen":"IRONCLAD","items_purchased":["Metallicize","Combust+1","Shrug It Off","Bag of Marbles"],"campfire_rested":3,"item_purchase_floors":[7,24,24,48],"current_hp_per_floor":[76,80,82,75,70,70,70,62,62,62,52,52,41,47,47,34,70,68,57,55,55,37,61,61,61,61,63,63,71,67,54,78,41,72,82,82,82,75,80,80,40,66,66,66,87,87,65,65,65,87,87],"gold":98,"neow_bonus":"TEN_PERCENT_HP_BONUS","is_daily":false,"chose_seed":false,"campfire_upgraded":8,"win_rate":0.0,"timestamp":1612859642,"path_taken":["M","M","M","M","?","R","$","E","T","R","E","?","E","M","R","BOSS","M","M","M","?","M","R","$","R","T","E","R","E","M","?","R","BOSS","M","$","M","M","?","R","E","R","T","R","E","M","?","?","R","BOSS","BOSS"],"items_purchased_type":["Card","Card","Card","Relic"],"build_version":"2020-12-22","purchased_purges":3,"victory":true,"max_hp_per_floor":[82,82,82,82,82,82,82,82,82,82,82,82,82,82,82,82,82,82,82,82,82,82,82,82,82,82,82,82,82,82,82,82,82,82,82,82,82,82,87,87,87,87,87,87,87,87,87,87,87,87,87],"relic_stats":{"Centennial Puzzle":[15],"counters":[27,163],"Mummified Hand":[131],"Blue Candle":[0],"Bird Faced Urn":[65],"Kunai":[6],"obtain_stats":[{"Blue Candle":26,"Oddly Smooth Stone":11,"Frozen Egg 2":9,"Burning Blood":0,"Akabeko":27,"SlaversCollar":17,"Anchor":29,"Centennial Puzzle":43,"Mummified Hand":5,"Bird Faced Urn":41,"Molten Egg 2":13,"Bag of Marbles":48,"Kunai":45,"Paper Frog":8,"Runic Pyramid":34},{"Blue Candle":13,"Oddly Smooth Stone":6,"Frozen Egg 2":5,"Burning Blood":0,"Akabeko":14,"SlaversCollar":9,"Anchor":15,"Centennial Puzzle":22,"Mummified Hand":4,"Bird Faced Urn":22,"Molten Egg 2":7,"Bag of Marbles":25,"Kunai":23,"Paper Frog":5,"Runic Pyramid":18},{"Blue Candle":69,"Oddly Smooth Stone":24,"Frozen Egg 2":20,"Burning Blood":0,"Akabeko":73,"SlaversCollar":45,"Anchor":78,"Centennial Puzzle":128,"Mummified Hand":14,"Bird Faced Urn":128,"Molten Egg 2":30,"Bag of Marbles":146,"Kunai":135,"Paper Frog":20,"Runic Pyramid":104}],"Burning Blood":130},"card_choices":[{"not_picked":["Wild Strike","Headbutt"],"picked":"Anger","floor":1.0},{"not_picked":["Heavy Blade","Armaments","Seeing Red"],"picked":"SKIP","floor":2.0},{"not_picked":["Headbutt","Body Slam"],"picked":"Clothesline","floor":3.0},{"not_picked":["Twin Strike","Rampage","Clash"],"picked":"SKIP","floor":4.0},{"not_picked":["Body Slam","Seeing Red"],"picked":"Spot Weakness","floor":8.0},{"not_picked":["Searing Blow","Iron Wave","Clash"],"picked":"SKIP","floor":11.0},{"not_picked":["Reckless Charge+1","True Grit"],"picked":"Inflame+1","floor":13.0},{"not_picked":["Sever Soul+1","Havoc"],"picked":"Iron Wave+1","floor":14.0},{"not_picked":["Barricade+1","Limit Break"],"picked":"Reaper+1","floor":16.0},{"not_picked":["Carnage+1","Rampage+1"],"picked":"Sword Boomerang+1","floor":18.0},{"not_picked":["Wild Strike+1","Clash+1"],"picked":"True Grit","floor":19.0},{"not_picked":["Warcry+1","Blood for Blood+1"],"picked":"Uppercut+1","floor":20.0},{"not_picked":["Bloodletting","Rage"],"picked":"True Grit","floor":22.0},{"not_picked":["Sword Boomerang+1","Shrug It Off","Burning Pact"],"picked":"SKIP","floor":27.0},{"not_picked":["Perfected Strike+1","Cleave+1"],"picked":"Flame Barrier","floor":29.0},{"not_picked":["Reckless Charge+1","Shrug It Off"],"picked":"Metallicize+1","floor":30.0},{"not_picked":["Sword Boomerang+1","Warcry+1"],"picked":"Reaper+1","floor":31.0},{"not_picked":["Fiend Fire+1","Impervious"],"picked":"Berserk+1","floor":33.0},{"not_picked":["Entrench","Sword Boomerang+1","Anger+1"],"picked":"SKIP","floor":35.0},{"not_picked":["Searing Blow+1","Combust+1"],"picked":"Inflame+1","floor":37.0},{"not_picked":["Ghostly Armor","Spot Weakness","Sword Boomerang+1"],"picked":"SKIP","floor":38.0},{"not_picked":["Rampage+1","Havoc"],"picked":"Metallicize+1","floor":41.0},{"not_picked":["Bludgeon+1","Havoc"],"picked":"Inflame+1","floor":45.0},{"not_picked":["Anger+1","Clash+1"],"picked":"Pommel Strike+1","floor":46.0},{"not_picked":["Warcry","True Grit"],"picked":"Battle Trance","floor":47.0}],"player_experience":1843177,"relics_obtained":[{"floor":8.0,"key":"Paper Frog"},{"floor":9.0,"key":"Frozen Egg 2"},{"floor":11.0,"key":"Oddly Smooth Stone"},{"floor":13.0,"key":"Molten Egg 2"},{"floor":26.0,"key":"Blue Candle"},{"floor":27.0,"key":"Akabeko"},{"floor":29.0,"key":"Anchor"},{"floor":41.0,"key":"Bird Faced Urn"},{"floor":43.0,"key":"Centennial Puzzle"},{"floor":45.0,"key":"Kunai"}],"event_choices":[{"damage_healed":0.0,"max_hp_gain":0.0,"max_hp_loss":0.0,"gold_gain":0.0,"event_name":"Scrap Ooze","player_choice":"Success","floor":5.0,"gold_loss":0.0,"damage_taken":5.0,"relics_obtained":["Mummified Hand"]},{"damage_healed":0.0,"max_hp_gain":0.0,"max_hp_loss":0.0,"gold_gain":0.0,"event_name":"Liars Game","player_choice":"Ignored","floor":12.0,"gold_loss":0.0,"damage_taken":0.0},{"damage_healed":0.0,"max_hp_gain":0.0,"max_hp_loss":0.0,"gold_gain":0.0,"event_name":"Duplicator","player_choice":"Copied","floor":21.0,"gold_loss":0.0,"damage_taken":0.0,"cards_obtained":["Metallicize"]},{"damage_healed":0.0,"max_hp_gain":0.0,"max_hp_loss":0.0,"gold_gain":0.0,"event_name":"Lab","player_choice":"Got Potions","floor":39.0,"gold_loss":0.0,"damage_taken":0.0}],"is_beta":false,"boss_relics":[{"not_picked":["Tiny House","Mark of Pain"],"picked":"SlaversCollar"},{"not_picked":["Pandora\u0027s Box","Calling Bell"],"picked":"Runic Pyramid"}],"items_purged_floors":[7,24,36],"is_endless":false,"potions_floor_spawned":[2,8,14,16,19,22,29,31,35,45],"ascension_level":20}}