{"host":"k9djwzw02bmhn5cl","time":1612876887,"event":{"mods":["AchievementEnabler","BaseMod","Colored Map","Colored Powertips","Highlight Path","MarisaÅiñ∂âJÅ@ñÇóùçπÅj","Minty Spire (QoL Compilation)","Rare Cards Sparkle","StSLib"],"gold_per_floor":[115,135,56,56,76,76,110,110],"floor_reached":7,"language":"JPN","playtime":391,"items_purged":[],"score":51,"play_id":"c505e60b-787d-434f-8e25-68c29c6f1f25","local_time":"20210209222127","is_ascension_mode":false,"campfire_choices":[{"data":"UpSweep","floor":6,"key":"SMITH"}],"circlet_count":0,"master_deck":["Strike_MRS","Strike_MRS","Strike_MRS","Strike_MRS","Defend_MRS","Defend_MRS","Defend_MRS","Defend_MRS","MasterSpark","UpSweep+1","StarBarrage","DC","OortCloud","Regret","WitchOfGreed","OrrerysSun"],"relics":["MiniHakkero","NeowsBlessing","Mummified Hand","Mercury Hourglass"],"acts_visited":["Exordium"],"potions_floor_usage":[],"damage_taken":[{"damage":0,"enemies":"Small Slimes","floor":1,"turns":1},{"damage":0,"enemies":"Jaw Worm","floor":2,"turns":1},{"damage":0,"enemies":"Cultist","floor":5,"turns":1},{"damage":29,"enemies":"Lagavulin","floor":7,"turns":6}],"seed_played":"-3505777728544076293","potions_obtained":[],"is_trial":false,"path_per_floor":["M","M","$","?","M","R","E"],"character_chosen":"MARISA","items_purchased":["OortCloud"],"campfire_rested":0,"item_purchase_floors":[3],"current_hp_per_floor":[75,75,75,75,75,75,46,46],"gold":110,"neow_bonus":"THREE_ENEMY_KILL","is_daily":false,"chose_seed":false,"campfire_upgraded":1,"win_rate":0.0,"timestamp":1612876887,"path_taken":["M","M","$","?","M","R","E"],"items_purchased_type":["Card"],"build_version":"2020-12-22","purchased_purges":0,"victory":false,"max_hp_per_floor":[75,75,75,75,75,75,75,75],"card_choices":[{"not_picked":["GalacticHalo","MagicChant"],"picked":"StarBarrage","floor":1},{"not_picked":["ShootingEcho","GravityBeat"],"picked":"DC","floor":2},{"not_picked":["SatelliteIllusion","ShootingEcho"],"picked":"WitchOfGreed","floor":5},{"not_picked":["StarBarrage","PropBag"],"picked":"OrrerysSun","floor":7}],"player_experience":272240,"relics_obtained":[{"floor":7,"key":"Mercury Hourglass"}],"event_choices":[{"damage_healed":0,"gold_gain":0,"player_choice":"Box","damage_taken":0,"relics_obtained":["Mummified Hand"],"max_hp_gain":0,"max_hp_loss":0,"event_name":"Big Fish","floor":4,"gold_loss":0,"cards_obtained":["Regret"]}],"is_beta":false,"boss_relics":[],"items_purged_floors":[],"is_endless":false,"potions_floor_spawned":[],"killed_by":"Lagavulin","ascension_level":0}}