{"host":"coame8l8goqx0svj","time":1612903334,"event":{"mods":["BaseMod","Downfall","Minty Spire (QoL Compilation)","StSLib"],"gold_per_floor":[199,229,242,242,242,242,269,289,320,317,329,376,388,385,412,526,538,350,372,384,726,755,767,779,691,406,406,437,452,452,452,469,565,565,565,583,603,616,616,616,616,649,59,77,94,114,114,14,31,31,31,61,9,9,9,9],"floor_reached":57,"language":"ENG","playtime":4254,"items_purged":["bronze:Strike","bronze:Defend"],"score":1274,"play_id":"b1ab6ce5-ced2-4bef-99c9-a68e4928d2cc","local_time":"20210209214214","is_ascension_mode":true,"campfire_choices":[{"data":"bronze:Replicate","floor":1,"key":"SMITH"},{"data":"bronze:Goto","floor":6,"key":"SMITH"},{"floor":11,"key":"RECALL"},{"data":"bronze:MaxOutput","floor":18,"key":"SMITH"},{"data":"bronze:Terminator","floor":23,"key":"SMITH"},{"data":"bronze:Constructor","floor":25,"key":"SMITH"},{"data":"bronze:Repulsor","floor":27,"key":"SMITH"},{"floor":30,"key":"REST"},{"data":"bronze:FindAndReplace","floor":35,"key":"SMITH"},{"floor":40,"key":"REST"},{"data":"bronze:Repulsor","floor":47,"key":"SMITH"},{"floor":54,"key":"REST"}],"circlet_count":0,"master_deck":["bronze:Defend","bronze:Defend","bronze:Defend","bronze:Replicate+1","bronze:Goto+1","bronze:ChosenStrike+1","bronze:Break+1","bronze:Spike+1","bronze:ChosenStrike+1","bronze:RecursiveStrike+1","bronze:Shield","bronze:MaxOutput+1","bronze:InfiniteLoop+1","bronze:Terminator+1","bronze:AlphaBuild+1","bronze:Constructor+1","bronze:Repulsor+1","bronze:Shell","bronze:DarkDash+1","bronze:BugBarrage+1","bronze:FindAndReplace+1","bronze:Turbo+1","bronze:Repair+1","bronze:ItsAFeature","bronze:Repulsor+1","bronze:ItsAFeature+1","bronze:Refactor+1"],"relics":["bronze:BronzeCore","Molten Egg 2","MealTicket","MawBank","Juzu Bracelet","bronze:MakeshiftBattery","downfall:HeartBlessingRed","downfall:HeartBlessingGreen","downfall:HeartBlessingBlue","Guardian:PocketSentry","Shuriken","Runic Pyramid","Pantograph","Gremlin Horn","Ornamental Fan","Guardian:BottledAnomaly","Vajra"],"acts_visited":["Exordium","TheCity","TheBeyond","TheEnding"],"potions_floor_usage":[9,10,14,28,36,50,52,56],"damage_taken":[{"damage":0,"enemies":"Small Slimes","floor":3,"turns":3},{"damage":12,"enemies":"Small Slimes","floor":5,"turns":3},{"damage":2,"enemies":"Jaw Worm","floor":8,"turns":2},{"damage":4,"enemies":"3 Sentries","floor":9,"turns":3},{"damage":0,"enemies":"downfall:FleeingMerchant","floor":10,"turns":4},{"damage":18,"enemies":"Lagavulin","floor":12,"turns":4},{"damage":15,"enemies":"downfall:FleeingMerchant","floor":14,"turns":4},{"damage":0,"enemies":"Cultist","floor":15,"turns":1},{"damage":7,"enemies":"SI_SHIV_ARCHETYPE","floor":16,"turns":4},{"damage":0,"enemies":"Shell Parasite","floor":19,"turns":1},{"damage":0,"enemies":"downfall:FleeingMerchant","floor":21,"turns":2},{"damage":14,"enemies":"Centurion and Healer","floor":22,"turns":3},{"damage":15,"enemies":"Book of Stabbing","floor":28,"turns":3},{"damage":15,"enemies":"Shelled Parasite and Fungi","floor":29,"turns":3},{"damage":0,"enemies":"3 Cultists","floor":32,"turns":4},{"damage":61,"enemies":"DF_ARCHETYPE_CLAW","floor":33,"turns":8},{"damage":7,"enemies":"3 Darklings","floor":36,"turns":4},{"damage":4,"enemies":"3 Shapes","floor":37,"turns":2},{"damage":30,"enemies":"Writhing Mass","floor":38,"turns":3},{"damage":0,"enemies":"Giant Head","floor":42,"turns":7},{"damage":0,"enemies":"Transient","floor":44,"turns":5},{"damage":0,"enemies":"4 Shapes","floor":45,"turns":2},{"damage":5,"enemies":"3 Darklings","floor":46,"turns":2},{"damage":4,"enemies":"Jaw Worm Horde","floor":49,"turns":3},{"damage":9,"enemies":"WA_ARCHETYPE_DIVINITY","floor":50,"turns":10},{"damage":81,"enemies":"downfall:CharBossMerchant","floor":52,"turns":8},{"damage":20,"enemies":"downfall:NeowBoss","floor":55,"turns":12},{"damage":83,"enemies":"downfall:NeowBossFinal","floor":56,"turns":12}],"seed_played":"3016730630415751057","potions_obtained":[{"floor":3,"key":"Strength Potion"},{"floor":5,"key":"Weak Potion"},{"floor":9,"key":"Block Potion"},{"floor":12,"key":"SkillPotion"},{"floor":22,"key":"BlessingOfTheForge"},{"floor":29,"key":"DuplicationPotion"},{"floor":33,"key":"Weak Potion"},{"floor":36,"key":"FairyPotion"},{"floor":52,"key":"Fire Potion"}],"is_trial":false,"path_per_floor":["R","?","M","?","?","R","T","M","E","$","R","E","?","$","M","B",null,"R","M","?","$","M","R","T","R","$","R","E","M","R","?","M","B",null,"R","M","M","M","?","R","T","E","$","M","M","M","R","$","M","B",null,"E","$","R","B","B",null],"character_chosen":"THE_AUTOMATON","items_purchased":["Guardian:PocketSentry","bronze:Repulsor","bronze:Repulsor","Ornamental Fan","Slimebound:ThreeZeroPotion","Guardian:BottledAnomaly","Weak Potion"],"campfire_rested":3,"item_purchase_floors":[26,26,43,43,43,43,53],"current_hp_per_floor":[70,70,70,70,58,58,58,56,52,67,67,49,70,55,55,48,70,70,70,62,70,56,56,56,66,80,80,65,50,74,74,74,13,80,80,73,69,49,49,73,73,80,80,80,80,80,80,80,80,71,80,3,18,42,57,24],"gold":9,"neow_bonus":"HUNDRED_GOLD","is_daily":false,"chose_seed":false,"campfire_upgraded":8,"win_rate":0.0,"timestamp":1612903334,"path_taken":["R","?","M","?","?","R","T","M","E","$","R","E","?","$","M","BOSS","R","M","?","?","M","R","T","R","$","R","E","M","R","?","M","BOSS","R","M","M","M","?","R","T","E","$","M","M","M","R","?","M","BOSS","E","$","R","BOSS","BOSS"],"items_purchased_type":["Relic","Card","Card","Relic","Potion","Relic","Potion"],"build_version":"2020-12-22","purchased_purges":2,"victory":true,"max_hp_per_floor":[70,70,70,70,70,70,70,70,70,70,70,70,70,70,70,70,70,70,70,70,70,70,70,70,80,80,80,80,80,80,80,80,80,80,80,80,80,80,80,80,80,80,80,80,80,80,80,80,80,80,80,80,80,80,80,80],"card_choices":[{"not_picked":["bronze:ForceShield","bronze:Refactor"],"picked":"bronze:ChosenStrike+1","floor":3},{"not_picked":[],"picked":"bronze:Spike","floor":5},{"not_picked":["bronze:Constructor","bronze:BuggyMess"],"picked":"bronze:ChosenStrike+1","floor":5},{"not_picked":["bronze:FineTuning","bronze:Allocate","bronze:Separator+1"],"picked":"SKIP","floor":8},{"not_picked":["bronze:OilSpill+1","bronze:Flail+1"],"picked":"bronze:RecursiveStrike+1","floor":9},{"not_picked":["bronze:Return","bronze:Overheat+1"],"picked":"bronze:Shield","floor":10},{"not_picked":["bronze:Optimize","bronze:Shell"],"picked":"bronze:MaxOutput","floor":12},{"not_picked":["bronze:ChosenStrike+1","bronze:DelayedGuard"],"picked":"bronze:InfiniteLoop+1","floor":14},{"not_picked":["bronze:WildBeam+1","bronze:DelayedGuard"],"picked":"bronze:Terminator","floor":15},{"not_picked":["bronze:Library","bronze:ThunderWave+1"],"picked":"bronze:AlphaBuild+1","floor":16},{"not_picked":["bronze:OilSpill+1","bronze:WildBeam+1"],"picked":"bronze:Constructor","floor":19},{"not_picked":["bronze:Return+1","bronze:InfiniteLoop+1","bronze:WildBeam+1"],"picked":"SKIP","floor":21},{"not_picked":["bronze:CutThrough+1","bronze:FineTuning","bronze:Branch+1"],"picked":"SKIP","floor":22},{"not_picked":["bronze:Separator+1","bronze:WildBeam+1"],"picked":"bronze:Shell","floor":28},{"not_picked":["bronze:GetLatest","bronze:FineTuning"],"picked":"bronze:DarkDash+1","floor":29},{"not_picked":["bronze:BitShift","bronze:Library"],"picked":"bronze:BugBarrage+1","floor":32},{"not_picked":["bronze:CleanCode","bronze:HyperBeam+1"],"picked":"bronze:FindAndReplace","floor":33},{"not_picked":["bronze:OilSpill+1","bronze:Deprecate+1"],"picked":"bronze:Turbo+1","floor":36},{"not_picked":["bronze:Shell","bronze:DelayedGuard+1"],"picked":"bronze:Repair+1","floor":37},{"not_picked":["bronze:Backtrace+1","bronze:Deprecate+1","bronze:FineTuning"],"picked":"SKIP","floor":38},{"not_picked":["bronze:Philosophize","bronze:CutThrough+1"],"picked":"bronze:ItsAFeature","floor":42},{"not_picked":["bronze:Constructor","bronze:AlphaBuild+1","bronze:DelayedGuard+1"],"picked":"SKIP","floor":44},{"not_picked":["bronze:ChildClass","bronze:Repair+1","bronze:DelayedSlice+1"],"picked":"SKIP","floor":45},{"not_picked":["bronze:Separator+1","bronze:BronzeOrb+1"],"picked":"bronze:ItsAFeature+1","floor":46},{"not_picked":["bronze:Overload+1","bronze:WhirlingStrike+1","bronze:Frontload+1"],"picked":"SKIP","floor":49},{"not_picked":["bronze:CleanCode","bronze:Deprecate"],"picked":"bronze:Refactor+1","floor":52}],"player_experience":1767443,"relics_obtained":[{"floor":7,"key":"MealTicket"},{"floor":9,"key":"MawBank"},{"floor":12,"key":"Juzu Bracelet"},{"floor":28,"key":"Shuriken"},{"floor":41,"key":"Pantograph"},{"floor":42,"key":"Gremlin Horn"},{"floor":52,"key":"Vajra"}],"event_choices":[{"damage_healed":23,"gold_gain":0,"player_choice":"Banana","damage_taken":0,"max_hp_gain":0,"max_hp_loss":0,"event_name":"Big Fish","floor":13,"gold_loss":0}],"is_beta":false,"boss_relics":[{"not_picked":["Busted Crown","Velvet Choker"],"picked":"bronze:MakeshiftBattery"},{"not_picked":["Black Star","SacredBark"],"picked":"Runic Pyramid"}],"items_purged_floors":[26,48],"is_endless":false,"potions_floor_spawned":[3,5,9,12,22,29,33,36,42,45,46,52],"ascension_level":2}}