{"host":"it04jaz8eul1eh3d","time":1612879789,"event":{"mods":["AchievementEnabler","BaseMod","Colored Map","DeckTracker","Keyboard Shortcuts","Minty Spire (QoL Compilation)","SuperFastMode"],"gold_per_floor":[112,126,126,25,25,25,25,43,68,112,37,72,72,93,93,214,214,237,237,250,250,270,270,270,270],"floor_reached":24,"language":"KOR","playtime":730,"items_purged":["Injury"],"score":204,"play_id":"36a7df29-6b89-4bf7-8bf1-8b827a9d7f73","local_time":"20210209230949","is_ascension_mode":false,"campfire_choices":[{"data":"Eruption","floor":6.0,"key":"SMITH"},{"floor":13.0,"key":"REST"},{"floor":15.0,"key":"REST"},{"floor":23.0,"key":"REST"}],"circlet_count":0,"master_deck":["Strike_P","Strike_P","Strike_P","Strike_P","Defend_P","Defend_P","Defend_P","Eruption+1","Vigilance","FollowUp","InnerPeace","BowlingBash","SandsOfTime","BattleHymn","SandsOfTime","EmptyFist","Establishment+1","Protect+1","Halt"],"relics":["PureWater","NeowsBlessing","Golden Idol","Potion Belt","Strawberry","Vajra","Omamori","Empty Cage","Ginger"],"acts_visited":["Exordium","TheCity"],"potions_floor_usage":[24,24],"damage_taken":[{"damage":0.0,"enemies":"Small Slimes","floor":1.0,"turns":1.0},{"damage":0.0,"enemies":"Jaw Worm","floor":2.0,"turns":1.0},{"damage":0.0,"enemies":"2 Louse","floor":8.0,"turns":1.0},{"damage":25.0,"enemies":"Gremlin Nob","floor":10.0,"turns":3.0},{"damage":30.0,"enemies":"Lagavulin","floor":12.0,"turns":7.0},{"damage":3.0,"enemies":"Exordium Wildlife","floor":14.0,"turns":4.0},{"damage":56.0,"enemies":"Hexaghost","floor":16.0,"turns":9.0},{"damage":35.0,"enemies":"2 Thieves","floor":18.0,"turns":3.0},{"damage":12.0,"enemies":"Shell Parasite","floor":20.0,"turns":5.0},{"damage":23.0,"enemies":"Sentry and Sphere","floor":22.0,"turns":4.0},{"damage":23,"enemies":"Book of Stabbing","floor":24,"turns":5}],"seed_played":"4227057008769356317","potions_obtained":[{"floor":1.0,"key":"Dexterity Potion"},{"floor":2.0,"key":"Weak Potion"},{"floor":8.0,"key":"SneckoOil"},{"floor":20.0,"key":"SteroidPotion"},{"floor":22.0,"key":"SpeedPotion"}],"is_trial":false,"path_per_floor":["M","M","?","$","?","R","?","M","T","E","$","E","R","M","R","B",null,"M","?","M","?","M","R","E"],"character_chosen":"WATCHER","items_purchased":["BowlingBash","BattleHymn"],"campfire_rested":3,"item_purchase_floors":[4,11],"current_hp_per_floor":[72,72,72,72,65,65,65,65,72,47,47,17,40,37,60,4,79,44,44,32,32,9,32,9,9],"gold":270,"neow_bonus":"THREE_ENEMY_KILL","is_daily":false,"chose_seed":false,"campfire_upgraded":1,"win_rate":0.0,"timestamp":1612879789,"path_taken":["M","M","?","$","?","R","?","?","T","E","$","E","R","M","R","BOSS","M","?","M","?","M","R","E"],"items_purchased_type":["Card","Card"],"build_version":"2020-12-22","purchased_purges":1,"victory":false,"max_hp_per_floor":[72,72,72,72,72,72,72,72,79,79,79,79,79,79,79,79,79,79,79,79,79,79,79,79,79],"card_choices":[{"not_picked":["CrushJoints","Fasting2"],"picked":"FollowUp","floor":1.0},{"not_picked":["Evaluate","EmptyFist"],"picked":"InnerPeace","floor":2.0},{"not_picked":["Indignation","Crescendo"],"picked":"SandsOfTime","floor":8.0},{"not_picked":["InnerPeace","JustLucky"],"picked":"Swivel","floor":10.0},{"not_picked":["CrushJoints","Meditate"],"picked":"SandsOfTime","floor":12.0},{"not_picked":["Vengeance","DeceiveReality"],"picked":"EmptyFist","floor":14.0},{"not_picked":["Ragnarok","Vault"],"picked":"Establishment","floor":16.0},{"not_picked":["SashWhip","Study"],"picked":"Protect+1","floor":18.0},{"not_picked":["JustLucky","FlyingSleeves","PathToVictory"],"picked":"SKIP","floor":20.0},{"not_picked":["Adaptation","Evaluate+1"],"picked":"Halt","floor":22.0}],"player_experience":148592,"relics_obtained":[{"floor":9.0,"key":"Strawberry"},{"floor":10.0,"key":"Vajra"},{"floor":12.0,"key":"Omamori"}],"event_choices":[{"damage_healed":0.0,"max_hp_gain":0.0,"max_hp_loss":0.0,"gold_gain":0.0,"event_name":"Golden Idol","player_choice":"Take Wound","floor":3.0,"gold_loss":0.0,"damage_taken":0.0,"relics_obtained":["Golden Idol"],"cards_obtained":["Injury"]},{"cards_removed":["Defend_P"],"damage_healed":0.0,"max_hp_gain":0.0,"max_hp_loss":0.0,"gold_gain":0.0,"event_name":"Golden Wing","player_choice":"Card Removal","floor":5.0,"gold_loss":0.0,"damage_taken":7.0},{"damage_healed":0.0,"max_hp_gain":0.0,"max_hp_loss":0.0,"gold_gain":0.0,"event_name":"Big Fish","player_choice":"Box","floor":7.0,"gold_loss":0.0,"damage_taken":0.0,"relics_obtained":["Potion Belt"],"cards_obtained":["Regret"]},{"damage_healed":0.0,"max_hp_gain":0.0,"max_hp_loss":0.0,"gold_gain":0.0,"event_name":"The Mausoleum","player_choice":"Opened","floor":19.0,"gold_loss":0.0,"damage_taken":0.0,"relics_obtained":["Ginger"]},{"damage_healed":0.0,"max_hp_gain":0.0,"max_hp_loss":0.0,"gold_gain":0.0,"event_name":"Accursed Blacksmith","player_choice":"Forge","floor":21.0,"gold_loss":0.0,"damage_taken":0.0,"cards_upgraded":["Establishment"]}],"is_beta":false,"boss_relics":[{"not_picked":["VioletLotus","Ectoplasm"],"picked":"Empty Cage"}],"items_purged_floors":[4],"is_endless":false,"potions_floor_spawned":[1,2,8,20,22],"killed_by":"Book of Stabbing","ascension_level":0}}