{"host":"egwexuw5uvnxf11j","time":1612910280,"event":{"mods":["2.2 Compatiblity","Aspiration","BaseMod","Better Altar","Better Note","Better Sensory Stone","Better Third Choice","Displayed Cursed Tome","Downfall","Hermit","Key Reminder","Koishi","Marisa????????","Minty Spire (QoL Compilation)","Quick Restart","Shade Mod","Spicy Shops","StSLib","The Construct","The Cursed","The Hierophant","The Runesmith","The Senshi","The Servant 0.9.4","Transform Curses"],"gold_per_floor":[118,118,40,108,123,156,156,186,186,204,204,25,54,54,54,157,157,177,195,195,195,195],"floor_reached":21,"language":"ENG","playtime":1022,"items_purged":[],"score":257,"play_id":"2d2b3a31-1eae-4d53-8bc5-0d8b02539afc","local_time":"20210209173800","is_ascension_mode":true,"campfire_choices":[{"floor":7,"key":"REST"},{"floor":11,"key":"REST"},{"floor":15,"key":"REST"}],"circlet_count":0,"master_deck":["hermit:Strike_Hermit+1","hermit:Strike_Hermit","hermit:Strike_Hermit+1","hermit:Strike_Hermit+1","hermit:Defend_Hermit","hermit:Defend_Hermit","hermit:Defend_Hermit","hermit:Defend_Hermit","hermit:Snapshot","hermit:Covet+1","hermit:CalledShot","hermit:Deadeye","hermit:Snipe","hermit:Glare","hermit:EyeOfTheStorm","hermit:Ricochet","hermit:Brawl","hermit:TrackingShot","hermit:GoldenBullet","hermit:Purgatory","hermit:Horror","hermit:ItchyTrigger"],"relics":["hermit:Momento","hermit:RyeStalk","Whetstone","keyreminder:keyreminder","theSenshi:FeatherClipsRelic","Bottled Tornado","Black Star","aspiration:HiddenCompartment"],"acts_visited":["Exordium","TheCity"],"potions_floor_usage":[6,13],"damage_taken":[{"damage":0,"enemies":"2 Louse","floor":1,"turns":3},{"damage":8,"enemies":"Jaw Worm","floor":5,"turns":3},{"damage":25,"enemies":"Gremlin Nob","floor":6,"turns":4},{"damage":40,"enemies":"Lagavulin","floor":8,"turns":6},{"damage":2,"enemies":"Small Slimes","floor":10,"turns":2},{"damage":3,"enemies":"Gremlin Nob","floor":13,"turns":3},{"damage":0,"enemies":"Slime Boss","floor":16,"turns":8},{"damage":37,"enemies":"Shell Parasite","floor":18,"turns":5},{"damage":48,"enemies":"3 Byrds","floor":19,"turns":4},{"damage":12,"enemies":"Centurion and Healer","floor":21,"turns":1}],"seed_played":"4172118696844635090","potions_obtained":[{"floor":1,"key":"Explosive Potion"},{"floor":6,"key":"Guardian:BlockOnCardUsePotion"},{"floor":13,"key":"SneckoOil"},{"floor":19,"key":"ColorlessPotion"}],"is_trial":false,"path_per_floor":["M","?","$","?","M","E","R","E","T","M","R","$","E","?","R","B",null,"M","M","?","M"],"character_chosen":"HERMIT","items_purchased":["hermit:Deadeye","hermit:Brawl","hermit:TrackingShot"],"campfire_rested":3,"item_purchase_floors":[3,12,12],"current_hp_per_floor":[82,66,66,66,58,33,57,17,17,21,45,45,48,48,72,78,82,51,9,9,0,0],"gold":195,"neow_bonus":"TEN_PERCENT_HP_BONUS","is_daily":false,"chose_seed":false,"campfire_upgraded":0,"win_rate":0.0,"timestamp":1612910280,"path_taken":["M","?","$","?","M","E","R","E","T","M","R","?","E","?","R","BOSS","M","M","?","M"],"items_purchased_type":["Card","Card","Card"],"build_version":"2020-12-22","purchased_purges":0,"victory":false,"max_hp_per_floor":[82,82,82,82,82,82,82,82,82,82,82,82,82,82,82,82,82,82,82,82,82,82],"card_choices":[{"not_picked":["hermit:HoleUp","hermit:HighCaliber"],"picked":"hermit:CalledShot","floor":1},{"not_picked":["hermit:Roulette","hermit:HighCaliber"],"picked":"hermit:Snipe","floor":5},{"not_picked":["hermit:WideOpen","hermit:ItchyTrigger"],"picked":"hermit:Glare","floor":6},{"not_picked":["hermit:BodyArmor","hermit:HeroicBravado"],"picked":"hermit:EyeOfTheStorm","floor":8},{"not_picked":["hermit:Spite","hermit:CalledShot"],"picked":"hermit:Ricochet","floor":10},{"not_picked":["hermit:DeadMansHand","hermit:Midnight"],"picked":"hermit:GoldenBullet","floor":13},{"not_picked":["Forethought","Deep Breath"],"picked":"Panacea","floor":14},{"not_picked":["hermit:OverwhelmingPower","hermit:HighNoon"],"picked":"hermit:Purgatory","floor":16},{"not_picked":["hermit:Glare","hermit:Maintenance"],"picked":"hermit:Horror","floor":18},{"not_picked":["hermit:WideOpen","hermit:CursedWeapon"],"picked":"hermit:ItchyTrigger","floor":19}],"player_experience":2328362,"relics_obtained":[{"floor":6,"key":"hermit:RyeStalk"},{"floor":8,"key":"Whetstone"},{"floor":9,"key":"theSenshi:FeatherClipsRelic"},{"floor":13,"key":"Bottled Tornado"}],"event_choices":[{"damage_healed":82,"gold_gain":0,"player_choice":"Upgrade","damage_taken":16,"max_hp_gain":0,"max_hp_loss":82,"event_name":"betterThird:BetterShining","floor":2,"gold_loss":0,"cards_upgraded":["hermit:Strike_Hermit","hermit:Covet"]},{"damage_healed":0,"gold_gain":68,"player_choice":"Gained Gold","damage_taken":0,"max_hp_gain":0,"max_hp_loss":0,"event_name":"Golden Wing","floor":4,"gold_loss":0},{"damage_healed":0,"gold_gain":1,"player_choice":"1","damage_taken":0,"max_hp_gain":0,"max_hp_loss":0,"event_name":"betterStone:BetterStone","floor":14,"gold_loss":0},{"cards_removed":["Panacea"],"damage_healed":0,"gold_gain":0,"player_choice":"Gave Card","damage_taken":0,"relics_obtained":["aspiration:HiddenCompartment"],"max_hp_gain":0,"max_hp_loss":0,"event_name":"WeMeetAgain","floor":20,"gold_loss":0}],"is_beta":false,"boss_relics":[{"not_picked":["Fusion Hammer","bronze:MakeshiftBattery"],"picked":"Black Star"}],"items_purged_floors":[],"is_endless":false,"potions_floor_spawned":[1,6,13,19],"killed_by":"Centurion and Healer","ascension_level":1}}