{"host":"djoj10dqzzvtkauc","time":1612891459,"event":{"mods":["2.2 Compatiblity","BaseMod","Colored Map","DeckTracker","Highlight Path","Keyboard Shortcuts","Marisa£¨Ùöéë¡¡Øª×âÞÞ£©","Minty Spire (QoL Compilation)","Permanent Neow","Quick Restart","Random Character Button","StSLib","SuperFastMode","everything is the same but u backflip on backflip"],"gold_per_floor":[112,12,12,31,45,45,10,41,112,112,112,143,162,174,174,277,277,287,287,301,45,61,61,89,89,89,103,83,83,112,132,132,237,237,250,250,250,250,20,20,20,48,48,48,75,93,93,93,93,93],"floor_reached":51,"language":"KOR","playtime":1860,"items_purged":["Strike_G","Strike_G","Wraith"],"score":1125,"play_id":"bf0953ce-6f21-4992-9c09-e4a24c8fcdbe","local_time":"20210210022419","is_ascension_mode":true,"campfire_choices":[{"data":"Backflip","floor":6,"key":"SMITH"},{"data":"Poisoned Stab","floor":10,"key":"SMITH"},{"floor":15,"key":"REST"},{"data":"Well Laid Plans","floor":23,"key":"SMITH"},{"data":"Burst","floor":25,"key":"SMITH"},{"floor":29,"key":"REST"},{"data":"Backflip","floor":32,"key":"SMITH"},{"data":"Footwork","floor":40,"key":"SMITH"},{"floor":44,"key":"REST"},{"data":"Adrenaline","floor":47,"key":"SMITH"},{"data":"Footwork","floor":49,"key":"SMITH"}],"circlet_count":0,"master_deck":["Strike_G","Strike_G","Defend_G+1","Defend_G+1","Defend_G+1","Defend_G","Survivor","Neutralize","Dagger Spray+1","Blade Dance","Poisoned Stab+1","Backflip+1","Crippling Poison+1","Escape Plan","Blade Dance","Predator","Burst+1","CurseOfTheBell","Deflect+1","Prepared+1","PiercingWail+1","Die Die Die","Well Laid Plans+1","Terror+1","Backflip+1","Endless Agony+1","Masterful Stab+1","Adrenaline+1","Distraction+1","After Image","Bouncing Flask+1","Dramatic Entrance","Footwork+1","Crippling Poison","Blade Dance","Distraction+1","Choke+1","Blur+1","Outmaneuver+1","Footwork+1"],"relics":["Ring of the Snake","War Paint","Paper Crane","InkBottle","Calling Bell","Bag of Marbles","The Courier","Prayer Wheel","WingedGreaves","Unceasing Top","Mercury Hourglass","Sozu","Molten Egg 2","Du-Vu Doll","Eternal Feather"],"acts_visited":["Exordium","TheCity","TheBeyond"],"potions_floor_usage":[16,16,27,30,30,33,33],"damage_taken":[{"damage":1,"enemies":"Jaw Worm","floor":1,"turns":5},{"damage":0,"enemies":"Cultist","floor":4,"turns":2},{"damage":0,"enemies":"2 Louse","floor":5,"turns":2},{"damage":9,"enemies":"3 Sentries","floor":8,"turns":6},{"damage":0,"enemies":"Lagavulin","floor":12,"turns":5},{"damage":4,"enemies":"Large Slime","floor":13,"turns":5},{"damage":0,"enemies":"2 Fungi Beasts","floor":14,"turns":2},{"damage":33,"enemies":"The Guardian","floor":16,"turns":13},{"damage":0,"enemies":"Chosen","floor":18,"turns":6},{"damage":6,"enemies":"Spheric Guardian","floor":20,"turns":6},{"damage":0,"enemies":"Centurion and Healer","floor":22,"turns":5},{"damage":18,"enemies":"Gremlin Leader","floor":24,"turns":6},{"damage":0,"enemies":"Snake Plant","floor":27,"turns":4},{"damage":4,"enemies":"Slavers","floor":30,"turns":3},{"damage":0,"enemies":"3 Cultists","floor":31,"turns":3},{"damage":45,"enemies":"Collector","floor":33,"turns":12},{"damage":0,"enemies":"3 Darklings","floor":35,"turns":2},{"damage":17,"enemies":"Reptomancer","floor":42,"turns":6},{"damage":1,"enemies":"Giant Head","floor":45,"turns":5},{"damage":13,"enemies":"3 Shapes","floor":46,"turns":2},{"damage":32,"enemies":"Awakened One","floor":50,"turns":20}],"seed_played":"-8183167887847004400","potions_obtained":[{"floor":12,"key":"BlessingOfTheForge"},{"floor":14,"key":"DuplicationPotion"},{"floor":16,"key":"SteroidPotion"},{"floor":22,"key":"Ancient Potion"},{"floor":27,"key":"ColorlessPotion"},{"floor":28,"key":"DistilledChaos"},{"floor":30,"key":"GamblersBrew"},{"floor":31,"key":"SpeedPotion"}],"is_trial":false,"path_per_floor":["M","$","?","M","M","R","?","E","T","R","?","E","M","M","R","B",null,"M","?","M","$","M","R","E","R","T","M","?","R","E","M","R","B",null,"M","?","?","?","$","R","?","E","T","R","E","M","R","?","R","B",null],"character_chosen":"THE_SILENT","items_purchased":["Blade Dance","Die Die Die","Well Laid Plans","Footwork","Crippling Poison","Blade Dance"],"campfire_rested":3,"item_purchase_floors":[2,21,21,39,39,39],"current_hp_per_floor":[44,44,44,44,44,44,61,52,52,52,38,38,34,34,55,22,58,58,58,52,52,52,52,34,34,34,34,34,55,51,51,51,6,54,54,54,54,54,54,54,54,37,37,56,55,42,63,63,66,34],"gold":93,"neow_bonus":"REMOVE_TWO","is_daily":false,"chose_seed":false,"campfire_upgraded":8,"win_rate":0.0,"timestamp":1612891459,"path_taken":["M","$","?","?","M","R","?","E","T","R","?","E","M","M","R","BOSS","M","?","M","$","M","R","E","R","T","M","?","R","E","M","R","BOSS","M","?","?","?","$","R","?","E","T","R","E","M","R","?","R","BOSS"],"items_purchased_type":["Card","Card","Card","Card","Card","Card"],"build_version":"2020-12-22","purchased_purges":3,"victory":true,"max_hp_per_floor":[70,70,70,70,70,70,70,70,70,70,70,70,70,70,70,70,70,70,70,70,70,70,70,70,70,70,70,70,70,70,70,70,70,70,70,66,66,66,66,66,66,66,66,66,66,66,66,66,66,66],"card_choices":[{"not_picked":["Outmaneuver","Prepared"],"picked":"Dagger Spray","floor":1},{"not_picked":["Sucker Punch","Eviscerate"],"picked":"Poisoned Stab","floor":4},{"not_picked":["Flechettes","Underhanded Strike"],"picked":"Backflip","floor":5},{"not_picked":["Flying Knee","Prepared"],"picked":"Crippling Poison","floor":8},{"not_picked":["Acrobatics","Doppelganger"],"picked":"Escape Plan","floor":12},{"not_picked":["Outmaneuver","Caltrops"],"picked":"Blade Dance","floor":13},{"not_picked":["Skewer","Deadly Poison"],"picked":"Predator","floor":14},{"not_picked":["Die Die Die","Bullet Time"],"picked":"Burst","floor":16},{"not_picked":["Acrobatics+1","All Out Attack"],"picked":"Deflect+1","floor":18},{"not_picked":["Tactician","Dagger Throw"],"picked":"Prepared+1","floor":18},{"not_picked":["Blade Dance","Slice+1"],"picked":"PiercingWail+1","floor":20},{"not_picked":["Dagger Throw","Acrobatics","Slice"],"picked":"SKIP","floor":20},{"not_picked":["Glass Knife","Acrobatics+1"],"picked":"Terror+1","floor":22},{"not_picked":["Bane","Quick Slash"],"picked":"Backflip","floor":22},{"not_picked":["Heel Hook","Backflip+1"],"picked":"Endless Agony+1","floor":24},{"not_picked":["Expertise","Setup"],"picked":"Masterful Stab+1","floor":27},{"not_picked":["Backflip+1","Poisoned Stab"],"picked":"Adrenaline","floor":27},{"not_picked":["Quick Slash+1","Bane"],"picked":"Distraction+1","floor":30},{"not_picked":["Underhanded Strike+1","Well Laid Plans","Dagger Throw+1"],"picked":"SKIP","floor":31},{"not_picked":["Outmaneuver","Infinite Blades","Concentrate"],"picked":"SKIP","floor":31},{"not_picked":["Doppelganger","Grand Finale"],"picked":"After Image","floor":33},{"not_picked":["Well Laid Plans+1","Bane"],"picked":"Bouncing Flask+1","floor":35},{"not_picked":["Flying Knee+1","Slice+1","Terror+1"],"picked":"SKIP","floor":35},{"not_picked":["Apotheosis","Transmutation"],"picked":"Dramatic Entrance","floor":38},{"not_picked":["Prepared+1","Blur"],"picked":"Distraction+1","floor":42},{"not_picked":["Dagger Throw+1","Poisoned Stab+1"],"picked":"Choke+1","floor":45},{"not_picked":["Underhanded Strike+1","Acrobatics"],"picked":"Blur+1","floor":46},{"not_picked":["Slice+1","Skewer+1"],"picked":"Outmaneuver+1","floor":46}],"player_experience":207874,"relics_obtained":[{"floor":8,"key":"War Paint"},{"floor":9,"key":"Paper Crane"},{"floor":12,"key":"InkBottle"},{"floor":17,"key":"Bag of Marbles"},{"floor":17,"key":"The Courier"},{"floor":17,"key":"Prayer Wheel"},{"floor":24,"key":"WingedGreaves"},{"floor":26,"key":"Unceasing Top"},{"floor":30,"key":"Mercury Hourglass"},{"floor":42,"key":"Molten Egg 2"},{"floor":43,"key":"Du-Vu Doll"},{"floor":45,"key":"Eternal Feather"}],"event_choices":[{"damage_healed":0,"gold_gain":0,"player_choice":"Upgraded","damage_taken":0,"max_hp_gain":0,"max_hp_loss":0,"event_name":"Upgrade Shrine","floor":3,"gold_loss":0,"cards_upgraded":["Dagger Spray"]},{"damage_healed":17,"gold_gain":0,"player_choice":"Healed","damage_taken":0,"max_hp_gain":0,"max_hp_loss":0,"event_name":"The Cleric","floor":7,"gold_loss":35},{"damage_healed":0,"gold_gain":0,"player_choice":"Entered Light","damage_taken":14,"max_hp_gain":0,"max_hp_loss":0,"event_name":"Shining Light","floor":11,"gold_loss":0,"cards_upgraded":["Crippling Poison","Defend_G"]},{"damage_healed":0,"gold_gain":0,"player_choice":"Ignored","damage_taken":0,"max_hp_gain":0,"max_hp_loss":0,"event_name":"Vampires","floor":19,"gold_loss":0},{"damage_healed":0,"gold_gain":0,"player_choice":"Bought 1 Potion","damage_taken":0,"max_hp_gain":0,"max_hp_loss":0,"event_name":"The Woman in Blue","floor":28,"gold_loss":0},{"damage_healed":0,"gold_gain":0,"player_choice":"Max HP","damage_taken":0,"max_hp_gain":0,"max_hp_loss":4,"event_name":"Winding Halls","floor":36,"gold_loss":0},{"damage_healed":0,"gold_gain":0,"player_choice":"Ignored","damage_taken":0,"max_hp_gain":0,"max_hp_loss":0,"event_name":"OrinTheCat","floor":37,"gold_loss":0},{"damage_healed":0,"gold_gain":0,"player_choice":"Memory 1","damage_taken":0,"max_hp_gain":0,"max_hp_loss":0,"event_name":"SensoryStone","floor":38,"gold_loss":0},{"damage_healed":0,"gold_gain":0,"player_choice":"Ignored","damage_taken":0,"max_hp_gain":0,"max_hp_loss":0,"event_name":"Mysterious Sphere","floor":41,"gold_loss":0},{"damage_healed":0,"gold_gain":0,"player_choice":"1 cards matched","damage_taken":0,"max_hp_gain":0,"max_hp_loss":0,"event_name":"Match and Keep!","floor":48,"gold_loss":0,"cards_obtained":["Footwork"]}],"is_beta":false,"boss_relics":[{"not_picked":["Philosopher\u0027s Stone","Ring of the Serpent"],"picked":"Calling Bell"},{"not_picked":["WristBlade","Pandora\u0027s Box"],"picked":"Sozu"}],"items_purged_floors":[2,21,39],"is_endless":false,"potions_floor_spawned":[12,14,16,22,27,30,31,35,45,46],"ascension_level":9}}