{"host":"0wmeqr6jlf4kz37n","time":1612844325,"event":{"mods":["Act Like it!","BaseMod","Downfall","Gensokyo","Minty Spire (QoL Compilation)","Quick Restart","StSLib","TestMod"],"gold_per_floor":[99,117,137,137,147,157,207,222,239,13,39,39,58,76,94,196,196,196,215,231,247,347,376,376,390,403,403,435,455,155,54,65,166,166,166,176,389,389,460,491,517,535,535,565,565,578,61,72,91,91,91,124,74,74,74,74],"floor_reached":57,"language":"ZHS","playtime":2880,"items_purged":["champ:Strike"],"score":1664,"play_id":"e7b2bd5b-f60f-45b7-9bdc-15d298fc06d3","local_time":"20210209121845","is_ascension_mode":false,"campfire_choices":[{"data":"champ:Taunt","floor":1,"key":"SMITH"},{"data":"champ:SteelEdge","floor":12,"key":"SMITH"},{"floor":18,"key":"RECALL"},{"data":"champ:BerserkerStyle","floor":30,"key":"SMITH"},{"data":"champ:GladiatorForm","floor":35,"key":"SMITH"},{"data":"champ:SwordThrow","floor":54,"key":"SMITH"}],"circlet_count":0,"master_deck":["champ:Strike","champ:Defend","champ:Defend","champ:Defend","champ:Execute","champ:Lariat","champ:Haymaker","champ:CrookedStrike","champ:BerserkersShout+1","champ:AdrenalArmor","champ:BerserkersShout","champ:FocusedBerserking","champ:CrownThrow","Gensokyo:LockedMedkit","champ:RapidStrikes+1","champ:SteelEdge+1","champ:FanOfKnives","champ:StanceDance","champ:TripleStrike","champ:BerserkerStyle+1","champ:Endure","champ:CalledShot+1","champ:GladiatorForm+1","champ:RisingSlash+1","champ:SwordThrow+1"],"relics":["champ:ChampionCrown","testmod-TestBox","testmod-TimeTraveler","Gensokyo:Justice","testmod-LifeArmor","Tiny Chest","Smiling Mask","testmod-CrystalShield","Runic Pyramid","testmod-IntensifyImprint","Ice Cream","testmod-OneHitWonder","Kunai","downfall:HeartBlessingRed","downfall:HeartBlessingGreen","downfall:HeartBlessingBlue","Strawberry","Sozu","Meat on the Bone","Anchor","Orichalcum","Lantern","OrangePellets","Chemical X","Toolbox","Bag of Marbles"],"acts_visited":["Gensokyo:Gensokyo","Gensokyo:Gensokyoer","Gensokyo:Gensokyoest","TheEnding"],"potions_floor_usage":[13,26,56],"damage_taken":[{"damage":10,"enemies":"Gensokyo:Python","floor":2,"turns":3},{"damage":1,"enemies":"Gensokyo:2_Kodama","floor":3,"turns":2},{"damage":15,"enemies":"Gensokyo:3_Fairies","floor":5,"turns":3},{"damage":40,"enemies":"Gensokyo:LivingMonolith","floor":6,"turns":3},{"damage":15,"enemies":"Gensokyo:Python_and_Kodama","floor":8,"turns":3},{"damage":40,"enemies":"Gensokyo:VengefulSpirit","floor":9,"turns":3},{"damage":70,"enemies":"Gensokyo:Aya","floor":11,"turns":6},{"damage":45,"enemies":"Gensokyo:5_Fairies","floor":13,"turns":5},{"damage":25,"enemies":"Gensokyo:LivingMonolith","floor":14,"turns":3},{"damage":20,"enemies":"Gensokyo:Gryphon_and_Rabbit","floor":15,"turns":4},{"damage":60,"enemies":"SI_SHIV_ARCHETYPE","floor":16,"turns":5},{"damage":45,"enemies":"Gensokyo:CosmicMonolith","floor":19,"turns":4},{"damage":58,"enemies":"Gensokyo:Chomper","floor":20,"turns":2},{"damage":25,"enemies":"Gensokyo:Slime_Group","floor":21,"turns":4},{"damage":55,"enemies":"Gensokyo:Slime_Group","floor":22,"turns":7},{"damage":55,"enemies":"Gensokyo:Koishi","floor":23,"turns":4},{"damage":45,"enemies":"Gensokyo:Wraith","floor":25,"turns":3},{"damage":20,"enemies":"Gensokyo:Mirror_and_Dog","floor":26,"turns":2},{"damage":55,"enemies":"Gensokyo:Tenshi","floor":28,"turns":4},{"damage":37,"enemies":"Gensokyo:Slime_Group","floor":29,"turns":4},{"damage":75,"enemies":"Gensokyo:Wraith","floor":32,"turns":4},{"damage":69,"enemies":"IC_MUSHROOM_ARCHETYPE","floor":33,"turns":6},{"damage":21,"enemies":"Gensokyo:3_Boulders","floor":36,"turns":2},{"damage":78,"enemies":"Gensokyo:AncientGuardian","floor":37,"turns":4},{"damage":67,"enemies":"Gensokyo:Doremy","floor":40,"turns":3},{"damage":70,"enemies":"Gensokyo:Rafflesia","floor":42,"turns":2},{"damage":91,"enemies":"Gensokyo:Marisa","floor":44,"turns":2},{"damage":33,"enemies":"Gensokyo:Sharpion","floor":46,"turns":2},{"damage":64,"enemies":"Gensokyo:AtlasGolem","floor":48,"turns":2},{"damage":77,"enemies":"Gensokyo:3_Boulders","floor":49,"turns":2},{"damage":102,"enemies":"DF_ARCHETYPE_ORBS","floor":50,"turns":3},{"damage":102,"enemies":"downfall:CharBossMerchant","floor":52,"turns":3},{"damage":195,"enemies":"downfall:NeowBoss","floor":55,"turns":9},{"damage":102,"enemies":"downfall:NeowBossFinal","floor":56,"turns":5}],"seed_played":"1177351012600018061","potions_obtained":[{"floor":2,"key":"Fire Potion"},{"floor":5,"key":"Fire Potion"},{"floor":6,"key":"SkillPotion"},{"floor":11,"key":"Fruit Juice"},{"floor":13,"key":"LiquidMemories"},{"floor":19,"key":"Energy Potion"},{"floor":29,"key":"EntropicBrew"},{"floor":33,"key":"DuplicationPotion"}],"is_trial":false,"path_per_floor":["R","M","M","?","M","M","T","M","M","COS","E","R","M","M","M","B",null,"R","M","M","M","?","E","T","M","M","?","E","M","R","COS","M","B",null,"R","M","M","?","T","E","T","M","?","E","?","M","COS","M","M","B",null,"E","$","R","B","B",null],"character_chosen":"THE_CHAMP","items_purchased":[],"campfire_rested":0,"item_purchase_floors":[],"current_hp_per_floor":[81,81,80,80,80,80,80,80,80,80,80,80,85,85,85,85,86,86,86,86,86,86,86,86,84,84,84,84,66,76,76,76,83,103,103,103,103,68,68,80,80,92,92,103,103,103,103,103,103,103,103,103,103,103,103,103],"gold":74,"neow_bonus":"TRANSFORM_TWO_CARDS","is_daily":false,"chose_seed":false,"campfire_upgraded":5,"win_rate":0.0,"timestamp":1612844325,"path_taken":["R","M","M","?","M","M","T","M","M","COS","E","R","M","M","M","BOSS","R","M","M","M","?","E","T","M","M","?","E","M","R","COS","M","BOSS","R","M","M","?","?","E","T","?","?","E","?","M","COS","M","M","BOSS","E","$","R","BOSS","BOSS"],"items_purchased_type":[],"build_version":"2020-12-22","purchased_purges":1,"victory":true,"max_hp_per_floor":[81,81,81,81,81,81,81,81,81,81,81,81,86,86,86,86,86,86,86,86,86,86,86,86,86,86,86,86,86,96,96,96,103,103,103,103,103,103,103,103,103,103,103,103,103,103,103,103,103,103,103,103,103,103,103,103],"card_choices":[{"not_picked":["champ:GutPunch","champ:PreciseThrust"],"picked":"champ:CrookedStrike","floor":2},{"not_picked":["champ:Parry","champ:SkillfulDodge"],"picked":"champ:BerserkersShout","floor":3},{"not_picked":["champ:BringItOn","champ:PreciseThrust"],"picked":"champ:AdrenalArmor","floor":5},{"not_picked":["champ:FancyFootwork","champ:BerserkersShout","champ:HeartStrike"],"picked":"SKIP","floor":6},{"not_picked":["champ:FancyFootwork","champ:HeartStrike"],"picked":"champ:BerserkersShout","floor":6},{"not_picked":["champ:BringItOn","champ:FlashCut"],"picked":"champ:FocusedBerserking","floor":8},{"not_picked":["champ:HeartStrike","champ:Backstep"],"picked":"champ:CrownThrow","floor":9},{"not_picked":["champ:PreciseThrust+1","champ:EnchantCrown+1"],"picked":"champ:RapidStrikes+1","floor":11},{"not_picked":["champ:Haymaker","champ:ShieldSigil"],"picked":"champ:SteelEdge","floor":11},{"not_picked":["champ:TornadoPunch","champ:FalseCounter"],"picked":"champ:FanOfKnives","floor":13},{"not_picked":["champ:BladeFlurry","champ:CrownThrow"],"picked":"champ:StanceDance","floor":14},{"not_picked":["champ:RapidStrikes","champ:CrookedStrike"],"picked":"champ:TripleStrike","floor":15},{"not_picked":["champ:BringItOn","champ:EnGarde+1"],"picked":"champ:BerserkerStyle","floor":19},{"not_picked":["champ:SkillfulDodge","champ:TornadoPunch","champ:PreciseThrust"],"picked":"SKIP","floor":20},{"not_picked":["champ:BerserkersShout","champ:TornadoPunch","champ:EnGarde"],"picked":"SKIP","floor":21},{"not_picked":["champ:FaceSlap","champ:StrikeOfGenius","champ:StanceDance+1"],"picked":"SKIP","floor":23},{"not_picked":["champ:Shatter","champ:FanOfKnives","champ:ShieldSigil"],"picked":"SKIP","floor":25},{"not_picked":["champ:TornadoPunch","champ:StanceDance","champ:ShieldSlam"],"picked":"SKIP","floor":26},{"not_picked":["champ:TornadoPunch","champ:ShieldSigil+1","champ:StrikeOfGenius"],"picked":"SKIP","floor":28},{"not_picked":["champ:DeathBlow+1","champ:FanOfKnives+1"],"picked":"champ:Endure","floor":29},{"not_picked":["champ:BringItOn+1","champ:DefensiveShout+1"],"picked":"champ:CalledShot+1","floor":32},{"not_picked":["champ:Parry","champ:BerserkersShout","champ:BladeFlurry"],"picked":"SKIP","floor":32},{"not_picked":["champ:ShieldThrow","champ:SteelEdge"],"picked":"champ:GladiatorForm","floor":33},{"not_picked":["champ:AdrenalArmor","champ:GladiatorStyle+1","champ:IronFortress+1"],"picked":"SKIP","floor":36},{"not_picked":["champ:ShieldSigil+1","champ:Circumvent"],"picked":"champ:RisingSlash+1","floor":37},{"not_picked":["champ:DefensiveShout","champ:FlashCut+1","champ:PerfectedStrike+1"],"picked":"SKIP","floor":40},{"not_picked":["champ:FaceSlap","champ:BladeFlurry","champ:FocusedDefense"],"picked":"SKIP","floor":42},{"not_picked":["champ:FocusedDefense+1","champ:BringItOn","champ:BladeFlurry+1"],"picked":"SKIP","floor":44},{"not_picked":["champ:ShieldSigil","champ:Endure","champ:DeathBlow"],"picked":"SKIP","floor":46},{"not_picked":["champ:FocusedDefense","champ:IronFortress","champ:Lariat+1"],"picked":"SKIP","floor":48},{"not_picked":["champ:Encircle+1","champ:SwordSigil","champ:ArenaPreparation+1"],"picked":"SKIP","floor":49},{"not_picked":["champ:EndlessRage","champ:Lariat+1"],"picked":"champ:SwordThrow","floor":52}],"player_experience":315323,"relics_obtained":[{"floor":7,"key":"testmod-LifeArmor"},{"floor":11,"key":"Tiny Chest"},{"floor":22,"key":"testmod-IntensifyImprint"},{"floor":22,"key":"Ice Cream"},{"floor":23,"key":"testmod-OneHitWonder"},{"floor":28,"key":"Kunai"},{"floor":39,"key":"Meat on the Bone"},{"floor":40,"key":"Anchor"},{"floor":41,"key":"Orichalcum"},{"floor":44,"key":"Lantern"},{"floor":52,"key":"Bag of Marbles"}],"event_choices":[],"is_beta":false,"boss_relics":[{"not_picked":["bronze:MakeshiftBattery","Runic Dome"],"picked":"Runic Pyramid"},{"not_picked":["testmod-BatchProcessingSystem","testmod-StringDisintegrator"],"picked":"Sozu"}],"items_purged_floors":[53],"is_endless":false,"potions_floor_spawned":[2,5,6,11,13,19,21,22,25,29,32,33,37,42,46,49],"ascension_level":0}}