{"host":"i09pxcjttd31eh4q","time":1612838883,"event":{"mods":["AchievementEnabler","BaseMod","Colored Map","Keyboard Shortcuts","Minty Spire (QoL Compilation)","StSLib","SuperFastMode"],"gold_per_floor":[117,132,132,57,57,82,82,102,129,129,157,177,177,190,190,263,263,279,279,293,293,310,310,329,329,329,329,329,329],"floor_reached":28,"language":"KOR","playtime":645,"items_purged":["Strike_G"],"score":506,"play_id":"9f80a3e6-c01e-434b-8e8d-b6142436e0a6","local_time":"20210209114803","is_ascension_mode":true,"campfire_choices":[{"data":"Masterful Stab","floor":7.0,"key":"SMITH"},{"data":"Neutralize","floor":10.0,"key":"SMITH"},{"data":"Acrobatics","floor":15.0,"key":"SMITH"},{"data":"Venomology","floor":23.0,"key":"SMITH"},{"data":"Footwork","floor":25.0,"key":"SMITH"}],"circlet_count":0,"master_deck":["AscendersBane","Strike_G","Strike_G","Strike_G","Defend_G","Defend_G","Defend_G","Defend_G","Defend_G","Survivor","Neutralize+1","Masterful Stab+1","Blur","Dagger Throw","Grand Finale","Noxious Fumes","Acrobatics+1","Well Laid Plans","Venomology+1","Footwork+1","Noxious Fumes"],"relics":["Ring of the Serpent","NeowsBlessing","Centennial Puzzle","Happy Flower","PreservedInsect","Snake Skull"],"acts_visited":["Exordium","TheCity"],"potions_floor_usage":[28,28],"damage_taken":[{"damage":0.0,"enemies":"Small Slimes","floor":1.0,"turns":1.0},{"damage":0.0,"enemies":"2 Louse","floor":2.0,"turns":1.0},{"damage":0.0,"enemies":"Gremlin Nob","floor":6.0,"turns":1.0},{"damage":0.0,"enemies":"Jaw Worm","floor":8.0,"turns":4.0},{"damage":10.0,"enemies":"Lagavulin","floor":11.0,"turns":4.0},{"damage":7.0,"enemies":"Gremlin Gang","floor":12.0,"turns":5.0},{"damage":0.0,"enemies":"3 Louse","floor":14.0,"turns":3.0},{"damage":6.0,"enemies":"The Guardian","floor":16.0,"turns":8.0},{"damage":12.0,"enemies":"2 Thieves","floor":18.0,"turns":2.0},{"damage":10.0,"enemies":"Spheric Guardian","floor":20.0,"turns":7.0},{"damage":12.0,"enemies":"Snake Plant","floor":22.0,"turns":7.0},{"damage":13.0,"enemies":"Sentry and Sphere","floor":24.0,"turns":6.0},{"damage":9,"enemies":"Slavers","floor":28,"turns":4}],"seed_played":"5654994622370266730","potions_obtained":[{"floor":1.0,"key":"Poison Potion"},{"floor":11.0,"key":"Fire Potion"},{"floor":14.0,"key":"Dexterity Potion"},{"floor":21.0,"key":"ColorlessPotion"},{"floor":24.0,"key":"Fire Potion"}],"is_trial":false,"path_per_floor":["M","M","?","$","?","E","R","M","T","R","E","M","?","M","R","B",null,"M","?","M","?","M","R","M","R","T","?","E"],"character_chosen":"THE_SILENT","items_purchased":[],"campfire_rested":0,"item_purchase_floors":[],"current_hp_per_floor":[59,59,59,59,54,54,54,54,54,54,44,37,37,37,37,31,57,45,45,35,35,23,23,10,10,10,10,1,1],"gold":329,"neow_bonus":"THREE_ENEMY_KILL","is_daily":false,"chose_seed":false,"campfire_upgraded":5,"win_rate":0.0,"timestamp":1612838883,"path_taken":["M","M","?","$","?","E","R","M","T","R","E","M","?","M","R","BOSS","M","?","M","?","?","R","M","R","T","?","E"],"items_purchased_type":[],"build_version":"2020-12-22","purchased_purges":1,"victory":false,"max_hp_per_floor":[66,66,66,66,66,66,66,66,66,66,66,66,66,66,66,66,66,66,66,66,66,66,66,66,66,66,66,66,66],"card_choices":[{"not_picked":["Eviscerate","Underhanded Strike"],"picked":"Masterful Stab","floor":1.0},{"not_picked":["Cloak And Dagger","Deflect"],"picked":"Blur","floor":2.0},{"not_picked":["Infinite Blades","Dagger Spray"],"picked":"Dagger Throw","floor":6.0},{"not_picked":["Backflip","Well Laid Plans"],"picked":"Grand Finale","floor":8.0},{"not_picked":["Backflip","Dagger Spray"],"picked":"Noxious Fumes","floor":11.0},{"not_picked":["Cloak And Dagger","Concentrate"],"picked":"Acrobatics","floor":12.0},{"not_picked":["All Out Attack","Sucker Punch"],"picked":"Well Laid Plans","floor":14.0},{"not_picked":["Doppelganger","Grand Finale"],"picked":"Venomology","floor":16.0},{"not_picked":["Bane","Predator"],"picked":"Footwork","floor":18.0},{"not_picked":["Underhanded Strike","Poisoned Stab","Terror"],"picked":"SKIP","floor":20.0},{"not_picked":["Blur","Dash"],"picked":"Noxious Fumes","floor":22.0},{"not_picked":["Accuracy+1","Well Laid Plans","Cloak And Dagger+1"],"picked":"SKIP","floor":24.0}],"player_experience":893050,"relics_obtained":[{"floor":6.0,"key":"Happy Flower"},{"floor":9.0,"key":"PreservedInsect"},{"floor":11.0,"key":"Snake Skull"}],"event_choices":[{"cards_removed":["Strike_G"],"damage_healed":0.0,"max_hp_gain":0.0,"max_hp_loss":0.0,"gold_gain":0.0,"event_name":"Living Wall","player_choice":"Forget","floor":3.0,"gold_loss":0.0,"damage_taken":0.0},{"damage_healed":0.0,"max_hp_gain":0.0,"max_hp_loss":0.0,"gold_gain":0.0,"event_name":"Scrap Ooze","player_choice":"Success","floor":5.0,"gold_loss":0.0,"damage_taken":5.0,"relics_obtained":["Centennial Puzzle"]},{"damage_healed":0.0,"max_hp_gain":0.0,"max_hp_loss":0.0,"gold_gain":0.0,"event_name":"Liars Game","player_choice":"Ignored","floor":13.0,"gold_loss":0.0,"damage_taken":0.0},{"damage_healed":0.0,"max_hp_gain":0.0,"max_hp_loss":0.0,"gold_gain":0.0,"event_name":"Vampires","player_choice":"Ignored","floor":19.0,"gold_loss":0.0,"damage_taken":0.0},{"damage_healed":0.0,"max_hp_gain":0.0,"max_hp_loss":0.0,"gold_gain":0.0,"event_name":"Lab","player_choice":"Got Potions","floor":21.0,"gold_loss":0.0,"damage_taken":0.0},{"damage_healed":0,"gold_gain":0,"player_choice":"Ignored","damage_taken":0,"max_hp_gain":0,"max_hp_loss":0,"event_name":"The Mausoleum","floor":27,"gold_loss":0}],"is_beta":false,"boss_relics":[{"not_picked":["Pandora\u0027s Box","WristBlade"],"picked":"Ring of the Serpent"}],"items_purged_floors":[4],"is_endless":false,"potions_floor_spawned":[1,11,14,22,24],"killed_by":"Slavers","ascension_level":20}}