{"host":"s21r9c1cdih2g0le","time":1612900938,"event":{"mods":["BaseMod","BetterRewards","Colored Map","Conspire","Downfall","Energized Spire","Friendly Minions","GifTheSpireLib","Hubris","Infinite Spire","Ironclad Rager","Mimic Mod","Minty Spire (QoL Compilation)","Replay The Spire","StSLib","Stuff the Spire","SuperFastMode","The Mystic","Wandering Minibosses"],"gold_per_floor":[99,110,122,122,132,132,155,183,193,207,7,0,35,35,52,147,147,47,61,61,111,61,87,87,87,87,87],"floor_reached":25,"language":"ENG","playtime":1286,"items_purged":["bronze:Strike"],"score":256,"play_id":"1adfd842-c9f7-40d9-85db-185e5c848915","local_time":"20210209210218","is_ascension_mode":false,"campfire_choices":[{"data":"bronze:Goto","floor":1,"key":"PURGE"},{"data":"bronze:Format","floor":6,"key":"SMITH"},{"floor":11,"key":"RECALL"},{"data":"bronze:Philosophize","floor":18,"key":"SMITH"}],"circlet_count":0,"master_deck":["bronze:Strike","bronze:Strike","bronze:Strike","bronze:Defend","bronze:Defend","bronze:Defend","bronze:Replicate","bronze:Overheat","bronze:Format+1","bronze:ChildClass","bronze:Terminator","bronze:Philosophize+1","bronze:InfiniteBeams","bronze:ChosenStrike","bronze:Mutator","AbeCurse","bronze:ForLoop","bronze:ClassDefault+1","bronze:Flail"],"relics":["bronze:BronzeCore","Replay:Baseball","StuffTheSpire:OldFever","downfall:HeartBlessingGreen","downfall:HeartBlessingBlue","ReplayFunnel","White Beast Statue","Replay:Grab Bag","hubris:TerracottaHorce","Abe\u0027s Treasure","hubris:Backtick","StuffTheSpire:DarkSteelAnvil","downfall:HeartBlessingRed","downfall:KnowingSkull","infinitespire:Broken Mirror","StuffTheSpire:CocoNut"],"acts_visited":["Exordium","TheCity"],"potions_floor_usage":[8,16,16,21,22,22,22,23,23,25],"damage_taken":[{"damage":2,"enemies":"2 Louse","floor":2,"turns":3},{"damage":6,"enemies":"Cultist","floor":3,"turns":3},{"damage":0,"enemies":"conspire:RoseBush","floor":5,"turns":2},{"damage":12,"enemies":"Lagavulin","floor":8,"turns":7},{"damage":0,"enemies":"Red Slaver","floor":9,"turns":3},{"damage":0,"enemies":"Blue Slaver","floor":10,"turns":2},{"damage":0,"enemies":"downfall:FleeingMerchant","floor":12,"turns":6},{"damage":4,"enemies":"Gremlin Nob","floor":13,"turns":3},{"damage":6,"enemies":"2 Fungi Beasts","floor":15,"turns":3},{"damage":25,"enemies":"DF_ARCHETYPE_STREAMLINE","floor":16,"turns":6},{"damage":16,"enemies":"Spheric Guardian","floor":19,"turns":4},{"damage":3,"enemies":"3 Byrds","floor":21,"turns":5},{"damage":13,"enemies":"downfall:FleeingMerchant","floor":22,"turns":5},{"damage":26,"enemies":"conspire:Head Lice","floor":23,"turns":6},{"damage":12,"enemies":"conspire:HollyBat","floor":25,"turns":5}],"seed_played":"-1421887275743840657","potions_obtained":[{"floor":3,"key":"SkillPotion"},{"floor":5,"key":"infinitespire:BlackPotion"},{"floor":10,"key":"Energy Potion"},{"floor":13,"key":"Block Potion"},{"floor":16,"key":"SpeedPotion"},{"floor":19,"key":"LifebloodPotion"},{"floor":21,"key":"SpeedPotion"},{"floor":22,"key":"ColorlessPotion"},{"floor":23,"key":"EntropicBrew"}],"is_trial":false,"path_per_floor":["R_BF","M","M","?","M","R","T","E","M","M","R","$","E","T","M","B",null,"R","M","?","M","$","E","T","M"],"character_chosen":"THE_AUTOMATON","items_purchased":[],"campfire_rested":0,"item_purchase_floors":[],"current_hp_per_floor":[70,68,62,62,62,62,62,50,50,50,60,60,56,56,50,25,66,66,50,43,40,27,1,8,0,0,0],"gold":87,"neow_bonus":"RANDOM_COMMON_RELIC","is_daily":false,"chose_seed":false,"campfire_upgraded":2,"win_rate":0.0,"timestamp":1612900938,"path_taken":["R_BF","M","M","?","M","R","T","E","?","M","R","$","E","?","M","BOSS","R","M","?","?","?","E","T","M"],"items_purchased_type":[],"build_version":"2020-12-22","purchased_purges":1,"victory":false,"max_hp_per_floor":[70,70,70,70,70,70,70,70,70,70,80,80,80,80,80,80,80,80,80,80,80,80,80,87,87,87,87],"card_choices":[{"not_picked":["bronze:MaxOutput","bronze:BugBarrage"],"picked":"bronze:Overheat","floor":2},{"not_picked":["bronze:BuggyMess","bronze:DarkDash"],"picked":"bronze:Format","floor":3},{"not_picked":["bronze:Shield","bronze:BuggyMess","bronze:Invalidate"],"picked":"SKIP","floor":5},{"not_picked":["bronze:Backtrace","bronze:GetLatest"],"picked":"bronze:ChildClass","floor":8},{"not_picked":["bronze:Iterate","bronze:Turbo"],"picked":"bronze:Terminator","floor":9},{"not_picked":["bronze:ChildClass","bronze:Branch","bronze:CutThrough"],"picked":"SKIP","floor":10},{"not_picked":["bronze:CloningBeam","bronze:DelayedGuard"],"picked":"bronze:Philosophize","floor":12},{"not_picked":["bronze:FineTuning","bronze:Overload"],"picked":"bronze:InfiniteBeams","floor":13},{"not_picked":["bronze:Return","bronze:DelayedSlice"],"picked":"bronze:ChosenStrike","floor":15},{"not_picked":["bronze:BurnOut","bronze:Virus"],"picked":"bronze:Mutator","floor":16},{"not_picked":["bronze:OilSpill+1","bronze:Separator+1"],"picked":"bronze:ForLoop","floor":19},{"not_picked":["bronze:Invalidate","bronze:Overload","bronze:CutThrough+1"],"picked":"SKIP","floor":21},{"not_picked":["bronze:Deprecate","bronze:Constructor"],"picked":"bronze:ClassDefault+1","floor":22},{"not_picked":["bronze:SpaghettiCode","bronze:BugBarrage"],"picked":"bronze:Flail","floor":23}],"player_experience":337285,"relics_obtained":[{"floor":8,"key":"StuffTheSpire:OldFever"},{"floor":13,"key":"ReplayFunnel"},{"floor":14,"key":"White Beast Statue"},{"floor":23,"key":"infinitespire:Broken Mirror"},{"floor":24,"key":"StuffTheSpire:CocoNut"}],"event_choices":[],"is_beta":false,"boss_relics":[{"not_picked":["hubris:RunicObelisk","StuffTheSpire:RunicConfusion"],"picked":"Replay:Grab Bag"},{"not_picked":["hubris:CrackedHourglass","StuffTheSpire:ModemDavis"],"picked":"hubris:TerracottaHorce"},{"not_picked":["energizedSpire:SpiderWeb","energizedSpire:DeadBattery"],"picked":"Abe\u0027s Treasure"},{"not_picked":["Pandora\u0027s Box","Snecko Eye"],"picked":"hubris:Backtick"}],"items_purged_floors":[22],"is_endless":false,"potions_floor_spawned":[3,5,10,13,15,16,19,21,22,23],"killed_by":"conspire:HollyBat","ascension_level":0}}