{"host":"dn6kke80v5f7isus","time":1612906199,"event":{"mods":["AchievementEnabler","Act Like it!","BaseMod","Colored Powertips","Custom Start","Defuse TimeMaze Blight","Energized Spire","Gremlin Skip","Highlight Path","Hubris","Infinite Spire","Marisa????????","Minty Spire (QoL Compilation)","Rare Cards Sparkle","Reliquary","Replay The Spire","StSLib","The Servant 0.9.4","Uncapped","Unceasing Turn Reminder"],"gold_per_floor":[115,115,135,148,218,218,295,345,345,420,56,56,56,56],"floor_reached":13,"language":"ENG","playtime":400,"items_purged":["Strike_B"],"score":77,"play_id":"afdf4d1d-d161-4489-81b9-738baabd92f4","local_time":"20210209162959","is_ascension_mode":true,"campfire_choices":[{"data":"Echo Form","floor":6,"key":"SMITH"},{"floor":12,"key":"REST"}],"circlet_count":0,"master_deck":["Strike_B","Strike_B","Strike_B","Defend_B","Defend_B","Defend_B","Defend_B","Zap","Dualcast","Echo Form+1","Time Bomb+1","Gash","Reboot+1"],"relics":["Cracked Core","SsserpentHead","reliquary:PorcupineQuills","infinitespire:Broken Mirror","Odd Mushroom","Guide Book"],"acts_visited":["Exordium"],"potions_floor_usage":[13],"damage_taken":[{"damage":1,"enemies":"2 Louse","floor":1,"turns":3},{"damage":0,"enemies":"Cultist","floor":3,"turns":4},{"damage":10,"enemies":"Small Slimes","floor":4,"turns":4},{"damage":9,"enemies":"Blue Slaver","floor":5,"turns":4},{"damage":34,"enemies":"The Mushroom Lair","floor":10,"turns":6},{"damage":37,"enemies":"3 Sentries","floor":13,"turns":7}],"seed_played":"-4889358288114272012","potions_obtained":[{"floor":10,"key":"ColorlessPotion"}],"is_trial":false,"path_per_floor":["M","?","M","M","M","R","T","?","T","?","$","R","E"],"character_chosen":"DEFECT","items_purchased":["Gash","Reboot","Guide Book"],"campfire_rested":1,"item_purchase_floors":[11,11,11],"current_hp_per_floor":[74,74,74,64,55,55,55,55,55,21,21,43,6,6],"gold":56,"neow_bonus":"ONE_RANDOM_RARE_CARD","is_daily":false,"chose_seed":false,"campfire_upgraded":1,"win_rate":0.0,"timestamp":1612906199,"path_taken":["M","?","M","M","?","R","?","?","T","?","?","R","E"],"items_purchased_type":["Card","Card","Relic"],"build_version":"2020-12-22","purchased_purges":1,"victory":false,"max_hp_per_floor":[75,75,75,75,75,75,75,75,75,75,75,75,75,75],"card_choices":[{"not_picked":["Go for the Eyes","Conserve Battery","Hologram"],"picked":"SKIP","floor":1},{"not_picked":["Cold Snap","Stack","Beam Cell"],"picked":"SKIP","floor":3},{"not_picked":["Ball Lightning","Hologram","Rip and Tear"],"picked":"SKIP","floor":4},{"not_picked":["Stack","Sweeping Beam"],"picked":"Time Bomb","floor":5}],"player_experience":429781,"relics_obtained":[{"floor":7,"key":"reliquary:PorcupineQuills"},{"floor":9,"key":"infinitespire:Broken Mirror"},{"floor":10,"key":"Odd Mushroom"}],"event_choices":[{"damage_healed":0,"gold_gain":0,"player_choice":"Trade","damage_taken":0,"relics_obtained":["SsserpentHead"],"max_hp_gain":0,"max_hp_loss":0,"event_name":"FaceTrader","floor":2,"gold_loss":0},{"damage_healed":0,"gold_gain":0,"player_choice":"Ignored","damage_taken":0,"max_hp_gain":0,"max_hp_loss":0,"event_name":"Liars Game","floor":8,"gold_loss":0},{"damage_healed":0,"gold_gain":0,"player_choice":"Fought Mushrooms","damage_taken":0,"max_hp_gain":0,"max_hp_loss":0,"event_name":"Mushrooms","floor":10,"gold_loss":0}],"is_beta":false,"boss_relics":[],"items_purged_floors":[11],"is_endless":false,"potions_floor_spawned":[10],"killed_by":"3 Sentries","ascension_level":1}}