{"host":"fa9lu700uj5rxl8c","time":1612847083,"event":{"mods":["2.2 Compatiblity","A Penny For Your Troubles","AchievementEnabler","Act Like it!","AlwaysNeverKeys","Aspiration","Bard","BaseMod","Beaked The Cultist","Bestiary","Better Altar","Better Match","Better Note","Better Sensory Stone","Better Silent Start","Better Skull","Better Third Choice","BetterRewards","Bossed Relics","ChefMod","Colored Map","Colored Powertips","Conspire","Curses Come First","Displayed Cursed Tome","Downfall","Energized Spire","Friendly Minions","FruityMod","GifTheSpireLib","Googly Eyes","Hallownest","Hermit","Highlight Path","Hubris","Infinite Spire","Ironclad Rager","Jorbs\u0027s Wanderer Trilogy","Luminous","Mad Scientist","Marisa????????","Minty Spire (QoL Compilation)","Permanent Neow","Quarter Circle Forward PUNCH!","Random Character Button","Reliquary","Reorder Act Four","Replay The Spire","Robot Space Explorer","Shop Mod","Spicy Shops","Spikes Relics","Spire Arcade","StSLib","Stuff the Spire","SuperFastMode","The Administrix","The Blackbeard","The Blue Laboratory","The Bug Knight","The Construct","The Cursed","The Disciple","The Exalted","The Forsaken","The Hierophant","The IronCluck","The Judge","The Juggernuat","The Jungle","The Marked","The Mystic","The Necromancer","The Runesmith","The Sage","The Saiyan","The Servant 0.9.4","TheBandit","TheFirefly","Transform Curses"],"gold_per_floor":[89,109,121,188,188,215,215,229,229,229,259,259,284,299,299,398,398,416,12,12,23,40,74,88,113,113,131,131,151,179,196,196,298,298,298,298],"floor_reached":35,"language":"ENG","playtime":4109,"items_purged":["Saiyan:SAIYA_Defend"],"score":962,"play_id":"48cc833e-91b2-4c01-ab90-13d205ac6e20","local_time":"20210209060443","is_ascension_mode":true,"campfire_choices":[{"data":"conspire:Banana","floor":7,"key":"SMITH"},{"data":"Saiyan:SuperSaiyanForm","floor":10,"key":"SMITH"},{"data":"Mayhem","floor":12,"key":"SMITH"},{"data":"Saiyan:TheBomb","floor":15,"key":"SMITH"},{"data":"Saiyan:SuperSaiyanForm","floor":32,"key":"SMITH"}],"circlet_count":0,"master_deck":["Saiyan:SAIYA_Strike","Saiyan:SAIYA_Strike","Saiyan:SAIYA_Strike","Saiyan:SAIYA_Defend+1","Saiyan:SAIYA_Defend","Saiyan:SAIYA_Defend","Saiyan:EnergyBlast","Saiyan:KaioKen","Saiyan:RuthlessBlow","Saiyan:PowerStance","Saiyan:Flurry","Saiyan:Scouter+1","Saiyan:DoubleMasenko","Mayhem+1","conspire:Banana+1","Saiyan:TheBomb+1","Saiyan:TurtleShell","Saiyan:PowerUp","Saiyan:GenkiDama","Saiyan:Expend","Saiyan:Scouter","Saiyan:ExtremeSpeed","Saiyan:SuperSaiyanForm+1","Saiyan:BurningSoul","Saiyan:SolarFlare","Saiyan:Makankosappo","Saiyan:PlotArmor","Saiyan:DragonFist","Saiyan:MonkeyTail","Saiyan:WarmUp","Saiyan:Overexert","Saiyan:Planning","Saiyan:SuperSaiyanForm+1","Saiyan:PlotArmor","Saiyan:Endure+1","Saiyan:TurtleShell","Saiyan:SuperSaiyanForm+1","Saiyan:PlotArmor","Saiyan:TurtleShell","Saiyan:GenkiDama"],"relics":["SaiyanSoul","SaiyanHeart","MerchantsRug","Sling","StuffTheSpire:Saxophone","WizardHat","qcfpunch:White_Boots","Ornamental Fan","StuffTheSpire:BottledEssence","Orrery","hubris:SlimyHat","infinitespire:Lucky Rock","War Paint","hubris:BottledRain","Sozu","infinitespire:PuzzleCube","conspire:TreasureMap","hubris:Towel","reliquary:IridiumChain","reliquary:Boomerang","Bag of Preparation","Enchiridion","conspire:BottledYoYo","reliquary:KinkedSpring"],"acts_visited":["Exordium","TheCity","TheBeyond"],"potions_floor_usage":[6,6,6,6,11,13,35,35],"damage_taken":[{"damage":0,"enemies":"conspire:RoseBush","floor":1,"turns":6},{"damage":0,"enemies":"2 Louse","floor":2,"turns":7},{"damage":20,"enemies":"Jaw Worm","floor":3,"turns":12},{"damage":3,"enemies":"3 Sentries","floor":6,"turns":8},{"damage":0,"enemies":"Looter","floor":8,"turns":5},{"damage":5,"enemies":"Gremlin Nob","floor":11,"turns":4},{"damage":0,"enemies":"Lagavulin","floor":13,"turns":7},{"damage":0,"enemies":"3 Louse","floor":14,"turns":6},{"damage":5,"enemies":"Slime Boss","floor":16,"turns":11},{"damage":0,"enemies":"Chosen","floor":18,"turns":8},{"damage":0,"enemies":"Spheric Guardian","floor":21,"turns":6},{"damage":15,"enemies":"Centurion and Healer","floor":22,"turns":7},{"damage":0,"enemies":"HollowMod:Nosk","floor":23,"turns":8},{"damage":10,"enemies":"conspire:HollyBat","floor":24,"turns":14},{"damage":0,"enemies":"conspire:SneckoGhost","floor":25,"turns":9},{"damage":0,"enemies":"Snake Plant","floor":27,"turns":8},{"damage":1,"enemies":"Snecko","floor":29,"turns":10},{"damage":0,"enemies":"Gremlin Leader","floor":30,"turns":7},{"damage":11,"enemies":"Sentry and Sphere","floor":31,"turns":9},{"damage":25,"enemies":"hubris:MusketHawk","floor":33,"turns":14},{"damage":43,"enemies":"Orb Walker","floor":35,"turns":19}],"seed_played":"5373501330358351283","potions_obtained":[{"floor":3,"key":"Swift Potion"},{"floor":4,"key":"Fruit Juice"},{"floor":4,"key":"EntropicBrew"},{"floor":4,"key":"blueLaboratory:LouseDecoction"},{"floor":6,"key":"blueLaboratory:HummingbirdPotion"},{"floor":8,"key":"PowerPotion"},{"floor":11,"key":"Block Potion"}],"is_trial":false,"path_per_floor":["M","M","M","?","?","E","R","M","T","R","E","R","E","M","R","B",null,"M","$","?","M","M","E","M","E","T","M","?","M","E","M","R","B",null,"M"],"character_chosen":"SAIYAJIN","items_purchased":["MerchantsRug","Saiyan:PowerStance","Sling","StuffTheSpire:Saxophone","Saiyan:Flurry","Saiyan:Scouter","Saiyan:DoubleMasenko","Mayhem","qcfpunch:White_Boots","Ornamental Fan","StuffTheSpire:BottledEssence","conspire:Banana","Orrery","Saiyan:WarmUp","infinitespire:PuzzleCube","conspire:TreasureMap","Saiyan:Overexert"],"campfire_rested":0,"item_purchase_floors":[0,0,0,0,0,0,0,0,0,0,0,0,0,19,19,19,19],"current_hp_per_floor":[63,65,48,48,48,56,56,60,60,60,58,58,63,67,67,66,99,102,102,102,106,94,99,93,97,97,104,88,92,97,90,90,74,152,115,115],"gold":298,"neow_bonus":"","is_daily":false,"chose_seed":false,"campfire_upgraded":5,"win_rate":0.0,"timestamp":1612847083,"path_taken":["M","M","M","?","?","E","R","?","T","R","E","R","E","M","R","BOSS","M","$","?","M","M","E","M","E","T","M","?","M","E","M","R","BOSS","M"],"items_purchased_type":["Relic","Card","Relic","Relic","Card","Card","Card","Card","Relic","Relic","Relic","Card","Relic","Card","Relic","Relic","Card"],"build_version":"2020-12-22","purchased_purges":1,"victory":false,"max_hp_per_floor":[63,65,68,68,68,79,79,83,83,83,86,86,91,95,95,99,99,102,102,102,106,109,114,118,122,122,129,129,134,139,143,143,152,152,158,158],"card_choices":[{"not_picked":["Saiyan:KiExplosion","Saiyan:Overexert"],"picked":"Saiyan:TheBomb","floor":0},{"not_picked":["Saiyan:Scouter","Saiyan:MeteorDash"],"picked":"Saiyan:TurtleShell","floor":0},{"not_picked":["Saiyan:BackAttack","Saiyan:SoulSpice"],"picked":"Saiyan:PowerUp","floor":0},{"not_picked":["Saiyan:Flurry","Saiyan:Twize"],"picked":"Saiyan:GenkiDama","floor":0},{"not_picked":["Saiyan:AugmentedBlast","Saiyan:Scouter"],"picked":"Saiyan:Expend","floor":0},{"not_picked":["Saiyan:Taunt","Saiyan:MeteorDash"],"picked":"Saiyan:Scouter","floor":1},{"not_picked":["Saiyan:Teleport","Saiyan:BigBangAttack"],"picked":"Saiyan:ExtremeSpeed","floor":2},{"not_picked":["Saiyan:Quickening","Saiyan:KiExplosion"],"picked":"Saiyan:SuperSaiyanForm","floor":3},{"not_picked":["Saiyan:FingerParry","Saiyan:Scouter"],"picked":"Saiyan:BurningSoul","floor":4},{"not_picked":["Saiyan:GhostAttack","Saiyan:MeteorDash"],"picked":"Saiyan:SolarFlare","floor":6},{"not_picked":["Saiyan:Taunt","Saiyan:KameHameHa"],"picked":"Saiyan:Makankosappo","floor":8},{"not_picked":["Saiyan:SaiyanHubris","Saiyan:Pacing","Saiyan:KameHameHa"],"picked":"SKIP","floor":11},{"not_picked":["Saiyan:SaiyanHubris","Saiyan:Pacing","Saiyan:KameHameHa"],"picked":"SKIP","floor":11},{"not_picked":["Saiyan:Twize","Saiyan:Overexert"],"picked":"Saiyan:PlotArmor","floor":13},{"not_picked":["Saiyan:Endure","Saiyan:Kienzan"],"picked":"Saiyan:DragonFist","floor":14},{"not_picked":["Saiyan:Rekindle","Saiyan:SenzuBean"],"picked":"Saiyan:MonkeyTail","floor":16},{"not_picked":["Saiyan:KameHameHa","Saiyan:KiExplosion","Saiyan:RemoveWeights"],"picked":"SKIP","floor":18},{"not_picked":["Saiyan:DragonFist","Saiyan:MeteorDash"],"picked":"Saiyan:Planning","floor":21},{"not_picked":["Saiyan:BackAttack","Saiyan:MeteorDash"],"picked":"Saiyan:SuperSaiyanForm+1","floor":22},{"not_picked":["Saiyan:ExtremeSpeed","Saiyan:ConcussiveBlow"],"picked":"Saiyan:PlotArmor","floor":23},{"not_picked":["Saiyan:SaiyanHubris","Saiyan:MeteorDash"],"picked":"Saiyan:Endure+1","floor":24},{"not_picked":["Saiyan:BackAttack","Saiyan:Planning"],"picked":"Saiyan:TurtleShell","floor":25},{"not_picked":["Saiyan:SaiyanHubris","Saiyan:KameHameHa","Saiyan:KiExplosion"],"picked":"SKIP","floor":27},{"not_picked":["Saiyan:SaiyanHubris","Saiyan:KameHameHa","Saiyan:KiExplosion"],"picked":"SKIP","floor":27},{"not_picked":["Saiyan:WarmUp","Saiyan:KiExplosion"],"picked":"Saiyan:SuperSaiyanForm","floor":29},{"not_picked":["Saiyan:Quickening","Saiyan:DragonFist"],"picked":"Saiyan:PlotArmor","floor":30},{"not_picked":["Saiyan:MeteorDash+1","Saiyan:Flurry"],"picked":"Saiyan:TurtleShell","floor":31},{"not_picked":["Saiyan:Rekindle","Saiyan:SolarFlare"],"picked":"Saiyan:GenkiDama","floor":33}],"player_experience":505436,"relics_obtained":[{"floor":6,"key":"hubris:SlimyHat"},{"floor":9,"key":"infinitespire:Lucky Rock"},{"floor":11,"key":"War Paint"},{"floor":13,"key":"hubris:BottledRain"},{"floor":23,"key":"reliquary:IridiumChain"},{"floor":25,"key":"reliquary:Boomerang"},{"floor":26,"key":"Bag of Preparation"},{"floor":30,"key":"conspire:BottledYoYo"}],"event_choices":[{"cards_removed":["Saiyan:SAIYA_Strike"],"damage_healed":0,"gold_gain":0,"player_choice":"Purged","damage_taken":0,"max_hp_gain":0,"max_hp_loss":0,"event_name":"Purifier","floor":5,"gold_loss":0},{"damage_healed":0,"gold_gain":0,"player_choice":"Obtained Book","damage_taken":16,"max_hp_gain":0,"max_hp_loss":0,"event_name":"Cursed Tome","floor":28,"gold_loss":0}],"is_beta":false,"boss_relics":[{"not_picked":["theForsaken:PaleLantern","Runesmith:UraniumAnvil"],"picked":"Sozu"},{"not_picked":["beaked:MawFillet","aspiration:SilentSkillbook"],"picked":"reliquary:KinkedSpring"}],"items_purged_floors":[19],"is_endless":false,"potions_floor_spawned":[3,6,8,11,18,22,25,27,30,33],"killed_by":"Orb Walker","ascension_level":4}}