{"host":"m6aaltr68g9tvoay","time":1612836530,"event":{"mods":["AchievementEnabler","BaseMod","Colored Map","Downfall","Minty Spire (QoL Compilation)","Slay the Relics Exporter","StSLib"],"gold_per_floor":[99,109,124,124,144,44,114,127,127,147,147,147,147,159,178,283,283,283,302,314,334,67,67,67,67],"floor_reached":23,"language":"ENG","playtime":1680,"items_purged":[],"score":259,"play_id":"41a4bbb8-9513-4f58-b7a2-fbed23e290dd","local_time":"20210208180850","is_ascension_mode":true,"campfire_choices":[{"floor":1,"key":"RECALL"},{"data":"champ:Devastate","floor":6,"key":"SMITH"},{"data":"champ:Shatter","floor":11,"key":"SMITH"},{"floor":13,"key":"REST"},{"data":"champ:StrikeOfGenius","floor":18,"key":"SMITH"}],"circlet_count":0,"master_deck":["champ:Strike","champ:Strike","champ:Strike","champ:Strike","champ:Defend","champ:Defend","champ:Defend","champ:Defend","champ:Execute","champ:Taunt","champ:Devastate+1","champ:ArenaPreparation","champ:BladeFlurry","champ:FaceSlap","champ:DeathBlow","champ:Shatter+1","champ:TripleStrike","champ:DefensiveStyle","champ:CalledShot","champ:StrikeOfGenius+1","champ:ShieldSlam","champ:Shatter+1","champ:PerfectedStrike","champ:ViciousMockery+1"],"relics":["champ:ChampionCrown","Happy Flower","downfall:HeartBlessingRed","Darkstone Periapt","SacredBark","Matryoshka"],"acts_visited":["Exordium","TheCity"],"potions_floor_usage":[14,20],"damage_taken":[{"damage":11,"enemies":"Cultist","floor":2,"turns":4},{"damage":2,"enemies":"Jaw Worm","floor":3,"turns":5},{"damage":17,"enemies":"Small Slimes","floor":5,"turns":4},{"damage":20,"enemies":"Exordium Thugs","floor":8,"turns":3},{"damage":25,"enemies":"Gremlin Gang","floor":10,"turns":3},{"damage":28,"enemies":"Blue Slaver","floor":14,"turns":2},{"damage":20,"enemies":"Red Slaver","floor":15,"turns":3},{"damage":32,"enemies":"SI_SHIV_ARCHETYPE","floor":16,"turns":6},{"damage":37,"enemies":"Chosen","floor":19,"turns":3},{"damage":22,"enemies":"3 Byrds","floor":20,"turns":4},{"damage":19,"enemies":"Snecko","floor":21,"turns":4},{"damage":15,"enemies":"downfall:FleeingMerchant","floor":22,"turns":4},{"damage":41,"enemies":"Gremlin Leader","floor":23,"turns":4}],"seed_played":"5019496429235958599","potions_obtained":[{"floor":3,"key":"Swift Potion"},{"floor":5,"key":"FairyPotion"},{"floor":19,"key":"Explosive Potion"}],"is_trial":false,"path_per_floor":["R","M","M","T","M","R","T","M","?","M","R","?","R","M","M","B",null,"R","M","M","M","$","E"],"character_chosen":"THE_CHAMP","items_purchased":["Matryoshka"],"campfire_rested":1,"item_purchase_floors":[22],"current_hp_per_floor":[81,80,78,78,71,71,71,61,66,61,61,61,89,81,76,54,85,85,73,71,52,47,6,6,6],"gold":67,"neow_bonus":"ONE_RANDOM_RARE_CARD","is_daily":false,"chose_seed":false,"campfire_upgraded":3,"win_rate":0.0,"timestamp":1612836530,"path_taken":["R","M","?","?","?","R","T","M","?","M","R","?","R","M","M","BOSS","R","M","?","?","?","E"],"items_purchased_type":["Relic"],"build_version":"2020-12-22","purchased_purges":0,"victory":false,"max_hp_per_floor":[90,90,90,90,90,90,90,90,95,95,95,95,95,95,95,95,95,95,95,95,95,95,95,95,95],"card_choices":[{"not_picked":["champ:Endure","champ:Lariat"],"picked":"champ:ArenaPreparation","floor":2},{"not_picked":["champ:PreemptiveStrike","champ:ShieldSigil"],"picked":"champ:BladeFlurry","floor":3},{"not_picked":["champ:AdrenalArmor","champ:CalledShot"],"picked":"champ:FaceSlap","floor":5},{"not_picked":["champ:BerserkersShout","champ:GladiatorStyle"],"picked":"champ:DeathBlow","floor":8},{"not_picked":["champ:Duel","champ:DefensiveStyle"],"picked":"champ:Shatter","floor":10},{"not_picked":["champ:DefensiveShout","champ:ShieldSigil"],"picked":"champ:DefensiveStyle","floor":14},{"not_picked":["champ:HeavySlash","champ:CrownThrow"],"picked":"champ:CalledShot","floor":15},{"not_picked":["champ:HoldFirm","champ:EnchantShield"],"picked":"champ:StrikeOfGenius","floor":16},{"not_picked":["champ:GladiatorStyle","champ:StanceDance"],"picked":"champ:ShieldSlam","floor":19},{"not_picked":["champ:CalledShot+1","champ:BerserkerStyle"],"picked":"champ:Shatter+1","floor":20},{"not_picked":["champ:CrownThrow","champ:Haymaker"],"picked":"champ:PerfectedStrike","floor":21},{"not_picked":["champ:BerserkersShout","champ:FancyFootwork"],"picked":"champ:ViciousMockery+1","floor":22}],"player_experience":1870973,"relics_obtained":[{"floor":4,"key":"Happy Flower"},{"floor":7,"key":"Darkstone Periapt"}],"event_choices":[{"damage_healed":0,"gold_gain":0,"player_choice":"Donut","damage_taken":0,"max_hp_gain":5,"max_hp_loss":0,"event_name":"Big Fish","floor":9,"gold_loss":0}],"is_beta":false,"boss_relics":[{"not_picked":["Velvet Choker","Black Star"],"picked":"SacredBark"}],"items_purged_floors":[],"is_endless":false,"potions_floor_spawned":[3,5,19],"killed_by":"Gremlin Leader","ascension_level":8}}