{"host":"uhnh33uh34qot0et","time":1612829604,"event":{"mods":["BaseMod","Colored Map","Downfall","Hermit","Marisa????????","Minty Spire (QoL Compilation)","StSLib","The Bug Knight","The Cursed","The Servant 0.9.4"],"gold_per_floor":[109,109,123,142,142,142,169,169,169,169,188,205,230,250,250,347,347,360,360],"floor_reached":18,"language":"ENG","playtime":591,"items_purged":[],"score":174,"play_id":"42a8beb9-8fca-41d2-8fd0-b28311b42201","local_time":"20210209011324","is_ascension_mode":false,"campfire_choices":[{"data":"Fusion","floor":6,"key":"SMITH"},{"floor":10,"key":"REST"},{"floor":15,"key":"REST"}],"circlet_count":0,"master_deck":["Strike_B+1","Strike_B+1","Strike_B","Strike_B","Defend_B","Defend_B","Defend_B","Defend_B","Zap","Dualcast","Leap","Fusion+1","Go for the Eyes","Doom and Gloom","Hello World","Conserve Battery","Stack","Double Energy","Creative AI"],"relics":["Philosopher\u0027s Stone","Sundial","Ornamental Fan","Tiny Chest","Whetstone","bronze:MakeshiftBattery"],"acts_visited":["Exordium","TheCity"],"potions_floor_usage":[7,13,16,18],"damage_taken":[{"damage":2,"enemies":"Cultist","floor":1,"turns":3},{"damage":5,"enemies":"2 Louse","floor":3,"turns":2},{"damage":0,"enemies":"Small Slimes","floor":4,"turns":3},{"damage":29,"enemies":"Lagavulin","floor":7,"turns":9},{"damage":11,"enemies":"Gremlin Gang","floor":11,"turns":2},{"damage":2,"enemies":"2 Fungi Beasts","floor":12,"turns":4},{"damage":21,"enemies":"3 Sentries","floor":13,"turns":5},{"damage":5,"enemies":"Red Slaver","floor":14,"turns":5},{"damage":42,"enemies":"The Guardian","floor":16,"turns":12},{"damage":72,"enemies":"3 Byrds","floor":18,"turns":6}],"seed_played":"-749016113357072535","potions_obtained":[{"floor":3,"key":"Strength Potion"},{"floor":12,"key":"LiquidMemories"},{"floor":13,"key":"Energy Potion"},{"floor":14,"key":"Explosive Potion"},{"floor":18,"key":"PowerPotion"}],"is_trial":false,"path_per_floor":["M","$","M","M","$","R","E","T","T","R","M","M","E","M","R","B",null,"M"],"character_chosen":"DEFECT","items_purchased":[],"campfire_rested":2,"item_purchase_floors":[],"current_hp_per_floor":[73,73,68,68,68,68,39,39,39,61,50,48,27,22,44,2,75,3,3],"gold":360,"neow_bonus":"BOSS_RELIC","is_daily":false,"chose_seed":false,"campfire_upgraded":1,"win_rate":0.0,"timestamp":1612829604,"path_taken":["M","$","M","M","$","R","E","?","T","R","M","M","E","M","R","BOSS","M"],"items_purchased_type":[],"build_version":"2020-12-22","purchased_purges":0,"victory":false,"max_hp_per_floor":[75,75,75,75,75,75,75,75,75,75,75,75,75,75,75,75,75,75,75],"card_choices":[{"not_picked":["Stack","Redo"],"picked":"Leap","floor":1},{"not_picked":["Cold Snap","Coolheaded"],"picked":"Fusion","floor":3},{"not_picked":["Turbo","Barrage"],"picked":"Go for the Eyes","floor":4},{"not_picked":["Cold Snap","Skim"],"picked":"Doom and Gloom","floor":7},{"not_picked":["Steam","Rebound"],"picked":"Hello World","floor":11},{"not_picked":["Hello World","Leap"],"picked":"Conserve Battery","floor":12},{"not_picked":["Multi-Cast","Recycle"],"picked":"Stack","floor":13},{"not_picked":["Gash","Steam"],"picked":"Double Energy","floor":14},{"not_picked":["Amplify","All For One"],"picked":"Creative AI","floor":16}],"player_experience":38167,"relics_obtained":[{"floor":7,"key":"Sundial"},{"floor":8,"key":"Ornamental Fan"},{"floor":9,"key":"Tiny Chest"},{"floor":13,"key":"Whetstone"}],"event_choices":[],"is_beta":false,"boss_relics":[{"not_picked":["Snecko Eye","Busted Crown"],"picked":"bronze:MakeshiftBattery"}],"items_purged_floors":[],"is_endless":false,"potions_floor_spawned":[3,12,13,14,18],"killed_by":"3 Byrds","ascension_level":0}}