{"host":"5njoj2zap3ickz2y","time":1612848370,"event":{"mods":["BaseMod","Colored Map","Downfall","Minty Spire (QoL Compilation)","Permanent Neow","Quick Restart","Relic Stats","StSLib","Unceasing Turn Reminder"],"gold_per_floor":[114,126,126,149,169,208,208,227,251,251,251,251,295,315,315,408,408,424,445,468,468,482,513,513,531,531,567,666,666,581,581,581],"floor_reached":31,"language":"ENG","playtime":6126,"items_purged":[],"score":474,"play_id":"29c1ff28-404a-4827-b35b-409dffd5dc17","local_time":"20210208212610","is_ascension_mode":true,"campfire_choices":[{"data":"Demon Form","floor":7,"key":"SMITH"},{"data":"Bash","floor":10,"key":"SMITH"},{"data":"Armaments","floor":15,"key":"SMITH"},{"data":"Reaper","floor":24,"key":"SMITH"},{"data":"Reaper","floor":29,"key":"SMITH"}],"circlet_count":0,"master_deck":["AscendersBane","Strike_R+1","Strike_R+1","Strike_R+1","Strike_R+1","Strike_R+1","Defend_R+1","Defend_R+1","Defend_R+1","Defend_R+1","Bash+1","Impervious","Searing Blow","Sword Boomerang","Sword Boomerang","Dropkick","Demon Form+1","Armaments+1","Fiend Fire","Seeing Red","Reaper+1","Cleave+1","Disarm","Disarm","Reaper+1","True Grit+1","Shockwave"],"relics":["Burning Blood","Golden Idol","Strawberry","Oddly Smooth Stone","Letter Opener","Potion Belt","Coffee Dripper","Centennial Puzzle","HornCleat","Tiny Chest","Toxic Egg 2"],"acts_visited":["Exordium","TheCity"],"potions_floor_usage":[8,13,23,23],"damage_taken":[{"damage":8.0,"enemies":"Small Slimes","floor":1.0,"turns":5.0},{"damage":7.0,"enemies":"Jaw Worm","floor":2.0,"turns":4.0},{"damage":0.0,"enemies":"2 Louse","floor":4.0,"turns":4.0},{"damage":20.0,"enemies":"2 Fungi Beasts","floor":5.0,"turns":4.0},{"damage":32,"enemies":"Gremlin Nob","floor":6,"turns":4},{"damage":16,"enemies":"Exordium Wildlife","floor":8,"turns":4},{"damage":2,"enemies":"Lagavulin","floor":13,"turns":5},{"damage":8,"enemies":"Exordium Thugs","floor":14,"turns":4},{"damage":32,"enemies":"Slime Boss","floor":16,"turns":6},{"damage":15,"enemies":"Chosen","floor":18,"turns":6},{"damage":18,"enemies":"Spheric Guardian","floor":19,"turns":4},{"damage":2,"enemies":"Snecko","floor":20,"turns":5},{"damage":33,"enemies":"Cultist and Chosen","floor":22,"turns":8},{"damage":52,"enemies":"Slavers","floor":23,"turns":5},{"damage":47,"enemies":"Centurion and Healer","floor":25,"turns":9},{"damage":51,"enemies":"Book of Stabbing","floor":27,"turns":7},{"damage":0,"enemies":"Slavers","floor":31,"turns":1}],"seed_played":"-783206864326382962","potions_obtained":[{"floor":1.0,"key":"Guardian:BlockOnCardUsePotion"},{"floor":4.0,"key":"BloodPotion"},{"floor":5.0,"key":"BloodPotion"},{"floor":8,"key":"SkillPotion"},{"floor":13,"key":"CultistPotion"},{"floor":22,"key":"GamblersBrew"},{"floor":23,"key":"Dexterity Potion"},{"floor":27,"key":"Dexterity Potion"}],"is_trial":false,"path_per_floor":["M","M","?","M","M","E","R","M","T","R","T","?","E","M","R","B",null,"M","M","M","?","M","E","R","M","T","E","?","R","?","E"],"character_chosen":"IRONCLAD","items_purchased":[],"campfire_rested":0,"item_purchase_floors":[],"current_hp_per_floor":[70,69,69,74,74,55,55,61,61,61,61,66,70,68,68,42,75,74,62,66,66,43,27,27,50,50,22,22,22,22,22,22],"gold":581,"neow_bonus":"ONE_RANDOM_RARE_CARD","is_daily":false,"chose_seed":false,"campfire_upgraded":5,"win_rate":0.0,"timestamp":1612848370,"path_taken":["M","M","?","M","M","E","R","M","T","R","?","?","E","M","R","BOSS","M","M","M","?","M","E","R","M","T","E","?","R","?","E"],"items_purchased_type":[],"build_version":"2020-12-22","purchased_purges":0,"victory":false,"max_hp_per_floor":[80,80,74,74,74,81,81,81,81,81,81,86,86,86,86,86,86,86,86,86,86,86,86,86,86,86,86,86,86,86,86,86],"relic_stats":{"Centennial Puzzle":[6],"counters":[17,85],"Golden Idol":85,"Tiny Chest":0,"Letter Opener":[5],"obtain_stats":[{"Potion Belt":13,"Centennial Puzzle":23,"HornCleat":26,"Golden Idol":3,"Strawberry":6,"Oddly Smooth Stone":9,"Tiny Chest":27,"Coffee Dripper":17,"Letter Opener":11,"Toxic Egg 2":30,"Burning Blood":0},{"Potion Belt":7,"Centennial Puzzle":14,"HornCleat":15,"Golden Idol":2,"Strawberry":5,"Oddly Smooth Stone":6,"Tiny Chest":16,"Coffee Dripper":9,"Letter Opener":6,"Toxic Egg 2":16,"Burning Blood":0},{"Potion Belt":30,"Centennial Puzzle":68,"HornCleat":77,"Golden Idol":9,"Strawberry":21,"Oddly Smooth Stone":25,"Tiny Chest":84,"Coffee Dripper":40,"Letter Opener":25,"Toxic Egg 2":84,"Burning Blood":0}],"Burning Blood":95},"card_choices":[{"not_picked":["Armaments","Body Slam"],"picked":"Searing Blow","floor":1.0},{"not_picked":["Headbutt","Evolve"],"picked":"Sword Boomerang","floor":2.0},{"not_picked":["Thunderclap","True Grit"],"picked":"Sword Boomerang","floor":4.0},{"not_picked":["Armaments","Warcry"],"picked":"Dropkick","floor":5.0},{"not_picked":["Havoc","Clash"],"picked":"Demon Form","floor":6},{"not_picked":["Combust","Heavy Blade"],"picked":"Armaments","floor":8},{"not_picked":["Juggernaut","Blood for Blood"],"picked":"Fiend Fire","floor":13},{"not_picked":["Wild Strike","Havoc"],"picked":"Seeing Red","floor":14},{"not_picked":["Barricade","Brutality"],"picked":"Reaper","floor":16},{"not_picked":["Sentinel","Thunderclap"],"picked":"Cleave+1","floor":18},{"not_picked":["Flex","Heavy Blade"],"picked":"Disarm","floor":19},{"not_picked":["Carnage","Sword Boomerang+1"],"picked":"Disarm","floor":20},{"not_picked":["Flex","Blood for Blood","Heavy Blade"],"picked":"SKIP","floor":22},{"not_picked":["Shockwave","Headbutt+1"],"picked":"Reaper","floor":23},{"not_picked":["Wild Strike","Pommel Strike"],"picked":"True Grit+1","floor":25},{"not_picked":["True Grit","Heavy Blade"],"picked":"Shockwave","floor":27}],"player_experience":1828552,"relics_obtained":[{"floor":6,"key":"Strawberry"},{"floor":9,"key":"Oddly Smooth Stone"},{"floor":11,"key":"Letter Opener"},{"floor":13,"key":"Potion Belt"},{"floor":23,"key":"Centennial Puzzle"},{"floor":26,"key":"HornCleat"},{"floor":27,"key":"Tiny Chest"}],"event_choices":[{"damage_healed":0.0,"max_hp_gain":0.0,"max_hp_loss":6.0,"gold_gain":0.0,"event_name":"Golden Idol","player_choice":"Lose Max HP","floor":3.0,"gold_loss":0.0,"damage_taken":0.0,"relics_obtained":["Golden Idol"]},{"damage_healed":0,"gold_gain":0,"player_choice":"Donut","damage_taken":0,"max_hp_gain":5,"max_hp_loss":0,"event_name":"Big Fish","floor":12,"gold_loss":0},{"damage_healed":0,"gold_gain":0,"player_choice":"Simplicity","damage_taken":0,"max_hp_gain":0,"max_hp_loss":0,"event_name":"Back to Basics","floor":21,"gold_loss":0,"cards_upgraded":["Strike_R","Strike_R","Strike_R","Strike_R","Strike_R","Defend_R","Defend_R","Defend_R","Defend_R"]},{"damage_healed":0,"gold_gain":99,"player_choice":"Stole From Cult","damage_taken":0,"max_hp_gain":0,"max_hp_loss":0,"event_name":"Nest","floor":28,"gold_loss":0},{"damage_healed":0,"gold_gain":0,"player_choice":"Obtained Relic","damage_taken":0,"relics_obtained":["Toxic Egg 2"],"max_hp_gain":0,"max_hp_loss":0,"event_name":"Addict","floor":30,"gold_loss":85}],"is_beta":false,"boss_relics":[{"not_picked":["Runic Pyramid","Mark of Pain"],"picked":"Coffee Dripper"}],"items_purged_floors":[],"is_endless":false,"potions_floor_spawned":[1,4,5,8,13,22,23,27],"killed_by":"Slavers","ascension_level":13}}