{"host":"j3a2evu0xzqog6vj","time":1612861385,"event":{"mods":["BaseMod","Minty Spire (QoL Compilation)"],"gold_per_floor":[114,114,130,130,130,156,156,189,189,209,222,192,212,239,239,239,239],"floor_reached":16,"language":"ENG","playtime":867,"items_purged":[],"score":290,"play_id":"7b1be65f-f4a5-4e89-a334-b3b8bdac1eeb","local_time":"20210209100305","is_ascension_mode":true,"campfire_choices":[{"data":"Neutralize","floor":7,"key":"SMITH"},{"data":"Tools of the Trade","floor":15,"key":"SMITH"}],"circlet_count":0,"master_deck":["AscendersBane","Strike_G","Strike_G","Strike_G","Strike_G","Defend_G","Defend_G","Defend_G+1","Defend_G+1","Defend_G","Survivor","Neutralize+1","Deadly Poison","Dash","Decay","Tools of the Trade+1","Underhanded Strike","Endless Agony","After Image","Backflip"],"relics":["Ring of the Snake","NeowsBlessing","Question Card","Sundial","Ninja Scroll","Art of War"],"acts_visited":["Exordium"],"potions_floor_usage":[8,16],"damage_taken":[{"damage":0,"enemies":"Jaw Worm","floor":1,"turns":1},{"damage":0,"enemies":"Small Slimes","floor":3,"turns":1},{"damage":0,"enemies":"3 Sentries","floor":6,"turns":2},{"damage":16,"enemies":"Lagavulin","floor":8,"turns":9},{"damage":0,"enemies":"Cultist","floor":10,"turns":3},{"damage":1,"enemies":"Large Slime","floor":11,"turns":6},{"damage":0,"enemies":"Red Slaver","floor":13,"turns":3},{"damage":21,"enemies":"3 Sentries","floor":14,"turns":10},{"damage":19,"enemies":"The Guardian","floor":16,"turns":2}],"seed_played":"2552623729234372398","potions_obtained":[{"floor":6,"key":"Strength Potion"},{"floor":10,"key":"ColorlessPotion"},{"floor":11,"key":"PowerPotion"},{"floor":12,"key":"FairyPotion"}],"is_trial":false,"path_per_floor":["M","?","M","?","?","E","R","E","T","M","M","?","M","E","R","B"],"character_chosen":"THE_SILENT","items_purchased":[],"campfire_rested":0,"item_purchase_floors":[],"current_hp_per_floor":[59,39,39,32,32,32,32,16,16,16,15,15,15,18,18,0,0],"gold":239,"neow_bonus":"THREE_ENEMY_KILL","is_daily":false,"chose_seed":false,"campfire_upgraded":2,"win_rate":0.0,"timestamp":1612861385,"path_taken":["M","?","M","?","?","E","R","E","T","M","?","?","M","E","R","BOSS"],"items_purchased_type":[],"build_version":"2020-12-22","purchased_purges":0,"victory":false,"max_hp_per_floor":[66,66,66,66,66,66,66,66,66,66,66,66,66,66,66,66,66],"card_choices":[{"not_picked":["Distraction","Prepared"],"picked":"Deadly Poison","floor":1},{"not_picked":["Bane","Footwork"],"picked":"Dash","floor":3},{"not_picked":["Blade Dance","Tactician"],"picked":"Tools of the Trade","floor":6},{"not_picked":["Slice","Outmaneuver","Poisoned Stab"],"picked":"Underhanded Strike","floor":8},{"not_picked":["Dodge and Roll","Cloak And Dagger","Flying Knee"],"picked":"Endless Agony","floor":10},{"not_picked":["Dash","Prepared","Outmaneuver"],"picked":"After Image","floor":11},{"not_picked":["Dodge and Roll","Dagger Spray","Quick Slash","Blur"],"picked":"SKIP","floor":13},{"not_picked":["Bane","Accuracy","Outmaneuver"],"picked":"Backflip","floor":14}],"player_experience":377429,"relics_obtained":[{"floor":6,"key":"Question Card"},{"floor":8,"key":"Sundial"},{"floor":9,"key":"Ninja Scroll"},{"floor":14,"key":"Art of War"}],"event_choices":[{"damage_healed":0,"gold_gain":0,"player_choice":"Entered Light","damage_taken":20,"max_hp_gain":0,"max_hp_loss":0,"event_name":"Shining Light","floor":2,"gold_loss":0,"cards_upgraded":["Defend_G","Defend_G"]},{"cards_removed":["Strike_G"],"damage_healed":0,"gold_gain":0,"player_choice":"Card Removal","damage_taken":7,"max_hp_gain":0,"max_hp_loss":0,"event_name":"Golden Wing","floor":4,"gold_loss":0},{"damage_healed":0,"gold_gain":0,"player_choice":"Cursed","damage_taken":0,"max_hp_gain":0,"max_hp_loss":0,"event_name":"Wheel of Change","floor":5,"gold_loss":0,"cards_obtained":["Decay"]},{"damage_healed":0,"gold_gain":0,"player_choice":"Bought 2 Potions","damage_taken":0,"max_hp_gain":0,"max_hp_loss":0,"event_name":"The Woman in Blue","floor":12,"gold_loss":0}],"is_beta":false,"boss_relics":[],"items_purged_floors":[],"is_endless":false,"potions_floor_spawned":[6,10,11],"killed_by":"The Guardian","ascension_level":20}}