{"host":"cbu6enf2xtq4r7r3","time":1612909174,"event":{"mods":["2.2 Compatiblity","AlwaysNeverKeys","BaseMod","Better Match","Better Note","Better Sensory Stone","Better Skull","Better Third Choice","Colored Map","Colored Powertips","Defuse TimeMaze Blight","Emptier Cage","Minty Spire (QoL Compilation)","Permanent Neow","Quick Restart","Random Character Button","Relic Sorter","Reorder Act Four","Shop Mod","StSLib"],"gold_per_floor":[118,135,135,146,156,182,182,182,228,252,296,14,52,80,80,185,185,209,209,238,261,261,261],"floor_reached":22,"language":"ENG","playtime":911,"items_purged":["Pain"],"score":302,"play_id":"a649e571-68cb-4702-96fc-d9094034962e","local_time":"20210209231934","is_ascension_mode":true,"campfire_choices":[{"data":"Madness","floor":7.0,"key":"SMITH"},{"data":"Die Die Die","floor":15,"key":"SMITH"}],"circlet_count":0,"master_deck":["Strike_G","Strike_G","Strike_G","Strike_G","Strike_G","Defend_G","Defend_G","Defend_G","Defend_G","Defend_G","Survivor","Neutralize+1","Slice","Bane","Madness+1","Quick Slash","Flying Knee","Bane","Deflect","Die Die Die+1","Madness+1","Slice","Dash","Adrenaline","Dash","Acrobatics","Cloak And Dagger"],"relics":["Ring of the Snake","Bottled Lightning","WarpedTongs","CeramicFish","Toy Ornithopter","DollysMirror","Du-Vu Doll","WristBlade"],"acts_visited":["Exordium","TheCity"],"potions_floor_usage":[11,11,20],"damage_taken":[{"damage":0.0,"enemies":"2 Louse","floor":1.0,"turns":5.0},{"damage":0.0,"enemies":"Cultist","floor":2.0,"turns":3.0},{"damage":1.0,"enemies":"Jaw Worm","floor":4.0,"turns":4.0},{"damage":4.0,"enemies":"3 Louse","floor":5.0,"turns":5.0},{"damage":4.0,"enemies":"Lagavulin","floor":6.0,"turns":7.0},{"damage":5,"enemies":"Looter","floor":10,"turns":2},{"damage":7,"enemies":"3 Sentries","floor":11,"turns":6},{"damage":10,"enemies":"Gremlin Nob","floor":13,"turns":4},{"damage":1,"enemies":"Blue Slaver","floor":14,"turns":2},{"damage":24,"enemies":"Hexaghost","floor":16,"turns":12},{"damage":0,"enemies":"Chosen","floor":18,"turns":4},{"damage":17,"enemies":"3 Byrds","floor":20,"turns":5},{"damage":19,"enemies":"Snake Plant","floor":21,"turns":4},{"damage":49,"enemies":"Snecko","floor":22,"turns":4}],"seed_played":"4997118626191725906","potions_obtained":[{"floor":2.0,"key":"AttackPotion"},{"floor":5.0,"key":"CultistPotion"},{"floor":6.0,"key":"LiquidMemories"},{"floor":10,"key":"SteroidPotion"},{"floor":18,"key":"DuplicationPotion"},{"floor":20,"key":"Poison Potion"}],"is_trial":false,"path_per_floor":["M","M","?","M","M","E","R","?","T","M","E","$","E","M","R","B",null,"M","?","M","M","M"],"character_chosen":"THE_SILENT","items_purchased":["Die Die Die","DollysMirror"],"campfire_rested":0,"item_purchase_floors":[12,12],"current_hp_per_floor":[63,63,63,62,58,54,54,54,54,49,42,42,32,31,31,7,54,54,54,42,23,0,0],"gold":261,"neow_bonus":"UPGRADE_CARD","is_daily":false,"chose_seed":false,"campfire_upgraded":2,"win_rate":0.0,"timestamp":1612909174,"path_taken":["M","M","?","M","?","E","R","?","T","?","E","$","E","M","R","BOSS","M","?","M","?","M"],"items_purchased_type":["Card","Relic"],"build_version":"2020-12-22","purchased_purges":1,"victory":false,"max_hp_per_floor":[70,70,70,70,70,70,70,70,70,70,70,70,70,70,70,70,70,70,70,70,70,70,70],"card_choices":[{"not_picked":["Dash","Prepared"],"picked":"Slice","floor":1.0},{"not_picked":["Expertise","Blade Dance"],"picked":"Bane","floor":2.0},{"not_picked":["Secret Weapon","Thinking Ahead"],"picked":"Madness","floor":3.0},{"not_picked":["Caltrops","Dodge and Roll"],"picked":"Quick Slash","floor":4.0},{"not_picked":["Backflip","Well Laid Plans","Acrobatics"],"picked":"SKIP","floor":5.0},{"not_picked":["Blade Dance","Cloak And Dagger"],"picked":"Flying Knee","floor":6.0},{"not_picked":["Dodge and Roll","Cloak And Dagger"],"picked":"Bane","floor":10},{"not_picked":["Calculated Gamble","Corpse Explosion"],"picked":"Deflect","floor":11},{"not_picked":["Accuracy","Flying Knee"],"picked":"Slice","floor":13},{"not_picked":["Masterful Stab","Underhanded Strike"],"picked":"Dash","floor":14},{"not_picked":["Bullet Time","Glass Knife"],"picked":"Adrenaline","floor":16},{"not_picked":["Deadly Poison+1","Setup"],"picked":"Dash","floor":18},{"not_picked":["Terror","Well Laid Plans"],"picked":"Acrobatics","floor":20},{"not_picked":["Flying Knee+1","Masterful Stab+1"],"picked":"Cloak And Dagger","floor":21}],"player_experience":135425,"relics_obtained":[{"floor":6.0,"key":"Bottled Lightning"},{"floor":9,"key":"CeramicFish"},{"floor":11,"key":"Toy Ornithopter"},{"floor":13,"key":"Du-Vu Doll"}],"event_choices":[{"damage_healed":0.0,"max_hp_gain":0.0,"max_hp_loss":0.0,"gold_gain":1.0,"event_name":"betterStone:BetterStone","player_choice":"1","floor":3.0,"gold_loss":0.0,"damage_taken":0.0},{"damage_healed":0,"gold_gain":0,"player_choice":"Rummage","damage_taken":0,"relics_obtained":["WarpedTongs"],"max_hp_gain":0,"max_hp_loss":0,"event_name":"Accursed Blacksmith","floor":8,"gold_loss":0,"cards_obtained":["Pain"]},{"damage_healed":0,"gold_gain":0,"player_choice":"Ignored","damage_taken":0,"max_hp_gain":0,"max_hp_loss":0,"event_name":"betterNote:BetterNote","floor":19,"gold_loss":0,"cards_obtained":["Zap"]}],"is_beta":false,"boss_relics":[{"not_picked":["Astrolabe","SacredBark"],"picked":"WristBlade"}],"items_purged_floors":[12],"is_endless":false,"potions_floor_spawned":[2,5,6,10,18,20],"killed_by":"Snecko","ascension_level":9}}