{"host":"4gr5irrdjh39ysed","time":1612886207,"event":{"mods":["AchievementEnabler","BaseMod","Colored Map","Downfall","Hermit","Minty Spire (QoL Compilation)","Random Character Button","StSLib","The Construct","The Cursed","The Disciple","The Hierophant","The Mystic","The Necromancer","The Runesmith"],"gold_per_floor":[199,218,237,269,99,118,164,180,197,197,207,7,7,26,46,149,149,149,166,181,94,107,92,115,144,130,145,157,57,89,100,111,214,214,214,228,178,198,218,236,236,250,263,131,147,167,40,69,85,85,85,110,31,31,31,31],"floor_reached":57,"language":"ENG","playtime":3009,"items_purged":["Slimebound:Defend_Slimebound","Slimebound:Defend_Slimebound","Slimebound:Defend_Slimebound","Slimebound:Strike_Slimebound","Slimebound:SlimeTap+1"],"score":1491,"play_id":"2a11e637-af88-40f1-a50a-fe9be0e35023","local_time":"20210209085647","is_ascension_mode":true,"campfire_choices":[{"floor":1,"key":"RECALL"},{"data":"Slimebound:BestDefense","floor":12,"key":"SMITH"},{"floor":18,"key":"REST"},{"floor":29,"key":"REST"},{"floor":35,"key":"REST"},{"floor":54,"key":"REST"}],"circlet_count":0,"master_deck":["Slimebound:Strike_Slimebound","Slimebound:Strike_Slimebound","Slimebound:Tackle","Slimebound:Split","Slimebound:CorrosiveSpit","Slimebound:SlimeBrawl","Slimebound:BestDefense+1","Slimebound:GoopTackle","Slimebound:Chomp","Slimebound:Grow","Slimebound:ComboTackle","Slimebound:HungryTackle","Slimebound:BestDefense","Slimebound:ViciousTackle","Slimebound:SplitAcid","Slimebound:PrepareCrush","Slimebound:Nibble","Slimebound:DuplicatedForm","Slimebound:MassFeed","Slimebound:Overexert","Slimebound:DisruptingSlam","Slimebound:RejuvenatingLick+1","Slimebound:RejuvenatingLick","Slimebound:HungryTackle","Slimebound:Nibble","Slimebound:SplitMire+1","Slimebound:DisruptingSlam+1","Slimebound:PressTheAttack","Slimebound:CheckThePlaybook","Slimebound:Chomp","Slimebound:DisruptingSlam+1","Slimebound:FlameTackle","Slimebound:SelfFormingGoo","Slimebound:HungryTackle+1","Madness","Slimebound:LevelUp","Slimebound:GrowthPunch+1","Slimebound:Repurpose"],"relics":["Slimebound:AbsorbEndCombat","downfall:HeartBlessingRed","downfall:HeartBlessingBlue","Fusion Hammer","Anchor","Pen Nib","Mercury Hourglass","downfall:HeartBlessingGreen","Smiling Mask","construct:WeddingRing","Shuriken","Strawberry","Bottled Flame"],"acts_visited":["Exordium","TheCity","TheBeyond","TheEnding"],"potions_floor_usage":[4,15,21,25,30,31,33,36,39,43,46,48,48,56],"damage_taken":[{"damage":20,"enemies":"2 Louse","floor":2,"turns":3},{"damage":9,"enemies":"Cultist","floor":3,"turns":3},{"damage":5,"enemies":"Jaw Worm","floor":4,"turns":2},{"damage":26,"enemies":"downfall:FleeingMerchant","floor":5,"turns":4},{"damage":39,"enemies":"Lots of Slimes","floor":6,"turns":3},{"damage":65,"enemies":"Gremlin Gang","floor":8,"turns":4},{"damage":26,"enemies":"Red Slaver","floor":9,"turns":2},{"damage":49,"enemies":"Exordium Wildlife","floor":11,"turns":4},{"damage":36,"enemies":"2 Fungi Beasts","floor":14,"turns":3},{"damage":40,"enemies":"Lots of Slimes","floor":15,"turns":3},{"damage":49,"enemies":"IC_STATUS_ARCHETYPE","floor":16,"turns":4},{"damage":34,"enemies":"Spheric Guardian","floor":19,"turns":3},{"damage":62,"enemies":"Shell Parasite","floor":20,"turns":4},{"damage":37,"enemies":"downfall:FleeingMerchant","floor":21,"turns":4},{"damage":20,"enemies":"Snecko","floor":22,"turns":3},{"damage":28,"enemies":"downfall:FleeingMerchant","floor":23,"turns":4},{"damage":80,"enemies":"Book of Stabbing","floor":25,"turns":4},{"damage":2,"enemies":"downfall:FleeingMerchant","floor":26,"turns":1},{"damage":45,"enemies":"3 Cultists","floor":27,"turns":3},{"damage":54,"enemies":"Centurion and Healer","floor":28,"turns":4},{"damage":41,"enemies":"Gremlin Leader","floor":30,"turns":4},{"damage":23,"enemies":"Snake Plant","floor":31,"turns":2},{"damage":20,"enemies":"Chosen and Byrds","floor":32,"turns":3},{"damage":52,"enemies":"DF_ARCHETYPE_CLAW","floor":33,"turns":5},{"damage":68,"enemies":"3 Darklings","floor":36,"turns":4},{"damage":30,"enemies":"3 Shapes","floor":38,"turns":3},{"damage":48,"enemies":"Spire Growth","floor":39,"turns":4},{"damage":58,"enemies":"Maw","floor":40,"turns":6},{"damage":67,"enemies":"4 Shapes","floor":42,"turns":4},{"damage":56,"enemies":"Sphere and 2 Shapes","floor":43,"turns":4},{"damage":43,"enemies":"Writhing Mass","floor":45,"turns":3},{"damage":41,"enemies":"4 Shapes","floor":46,"turns":2},{"damage":72,"enemies":"Giant Head","floor":48,"turns":5},{"damage":51,"enemies":"Maw","floor":49,"turns":5},{"damage":320,"enemies":"WA_ARCHETYPE_DIVINITY","floor":50,"turns":7},{"damage":197,"enemies":"downfall:CharBossMerchant","floor":52,"turns":7},{"damage":97,"enemies":"downfall:NeowBoss","floor":55,"turns":9},{"damage":193,"enemies":"downfall:NeowBossFinal","floor":56,"turns":7}],"seed_played":"2901333345887784103","potions_obtained":[{"floor":2,"key":"CultistPotion"},{"floor":3,"key":"ColorlessPotion"},{"floor":6,"key":"Dexterity Potion"},{"floor":14,"key":"Weak Potion"},{"floor":16,"key":"GamblersBrew"},{"floor":22,"key":"BlessingOfTheForge"},{"floor":27,"key":"Dexterity Potion"},{"floor":30,"key":"Explosive Potion"},{"floor":31,"key":"LiquidMemories"},{"floor":33,"key":"SkillPotion"},{"floor":39,"key":"Strength Potion"},{"floor":45,"key":"LiquidMemories"},{"floor":46,"key":"bronze:BurnAndBuffPotion"},{"floor":49,"key":"Slimebound:SlimyTonguePotion"}],"is_trial":false,"path_per_floor":["R","M","M","M","$","M","T","M","M","?","M","R","?","M","M","B",null,"R","M","M","$","M","$","T","E","$","M","M","R","E","M","M","B",null,"R","M","$","M","M","M","T","M","M","$","M","M","$","E","M","B",null,"E","$","R","B","B",null],"character_chosen":"SLIMEBOUND","items_purchased":["Slimebound:Grow","Slimebound:Overexert","Mercury Hourglass","Madness","Slimebound:LevelUp","Slimebound:Repurpose"],"campfire_rested":4,"item_purchase_floors":[5,21,26,44,47,53],"current_hp_per_floor":[2365,2345,2340,2337,2315,2276,2276,2215,2189,2189,2140,2150,2150,2114,2074,2027,2375,2375,2356,2311,2295,2275,2247,2247,2186,2184,2156,2121,2375,2353,2354,2353,2312,2381,2381,2319,2319,2291,2262,2227,2227,2179,2127,2127,2090,2055,2055,2007,1964,1667,2388,2211,2211,2388,2314,2144],"gold":31,"neow_bonus":"HUNDRED_GOLD","is_daily":false,"chose_seed":false,"campfire_upgraded":1,"win_rate":0.0,"timestamp":1612886207,"path_taken":["R","M","M","M","$","M","T","M","M","?","?","R","?","M","M","BOSS","R","M","M","?","?","?","T","E","$","M","M","R","E","M","M","BOSS","R","M","?","M","M","M","T","?","M","$","M","M","$","E","M","BOSS","E","$","R","BOSS","BOSS"],"items_purchased_type":["Card","Card","Relic","Card","Card","Card"],"build_version":"2020-12-22","purchased_purges":5,"victory":true,"max_hp_per_floor":[2365,2365,2365,2365,2365,2365,2365,2365,2365,2365,2365,2375,2375,2375,2375,2375,2375,2375,2375,2375,2375,2375,2375,2375,2375,2375,2375,2375,2375,2375,2378,2378,2381,2381,2381,2381,2381,2381,2381,2381,2381,2381,2381,2381,2381,2381,2381,2388,2388,2388,2388,2388,2388,2388,2388,2388],"card_choices":[{"not_picked":["Slimebound:Equalize","Slimebound:SlimeSpikes"],"picked":"Slimebound:SlimeBrawl","floor":2},{"not_picked":["Slimebound:Dissolve","Slimebound:SplitBruiser"],"picked":"Slimebound:BestDefense","floor":3},{"not_picked":["Slimebound:SamplingLick","Slimebound:DivideAndConquer"],"picked":"Slimebound:GoopTackle","floor":4},{"not_picked":["Slimebound:ItLooksTasty","Slimebound:ViciousTackle"],"picked":"Slimebound:Chomp","floor":5},{"not_picked":["Slimebound:PressTheAttack","Slimebound:HauntingLick"],"picked":"Slimebound:ComboTackle","floor":6},{"not_picked":["Slimebound:LevelUp","Slimebound:GoopSpray"],"picked":"Slimebound:HungryTackle","floor":8},{"not_picked":["Slimebound:GoopSpray","Slimebound:SlimeSpikes","Slimebound:ComboTackle"],"picked":"SKIP","floor":9},{"not_picked":["Slimebound:RollThrough","Slimebound:SlimeBrawl"],"picked":"Slimebound:ViciousTackle","floor":11},{"not_picked":["Slimebound:SamplingLick","Slimebound:Schlurp"],"picked":"Slimebound:PrepareCrush","floor":14},{"not_picked":["Slimebound:SplitBruiser","Slimebound:SplitAcid"],"picked":"Slimebound:Nibble","floor":15},{"not_picked":["Slimebound:LeechLife","Slimebound:MinionMaster"],"picked":"Slimebound:DuplicatedForm","floor":16},{"not_picked":["Slimebound:ServeAndProtect","Slimebound:ComboTackle","Slimebound:SlimeBarrage"],"picked":"SKIP","floor":19},{"not_picked":["Slimebound:LeechEnergy","Slimebound:LeechingTouch","Slimebound:RollThrough"],"picked":"SKIP","floor":20},{"not_picked":["Slimebound:RollThrough","Slimebound:Schlurp+1"],"picked":"Slimebound:MassFeed","floor":21},{"not_picked":["Slimebound:ForwardTackle","Slimebound:SplitLeeching"],"picked":"Slimebound:DisruptingSlam","floor":22},{"not_picked":["Slimebound:Schlurp","Slimebound:RollThrough","Slimebound:ProtectTheBoss"],"picked":"SKIP","floor":23},{"not_picked":["Slimebound:TongueLash","Slimebound:SlimeTap+1"],"picked":"Slimebound:RejuvenatingLick+1","floor":25},{"not_picked":["Slimebound:SlimeTap","Slimebound:LeadByExample"],"picked":"Slimebound:RejuvenatingLick","floor":26},{"not_picked":["Slimebound:SplitMire+1","Slimebound:SlimeSpikes"],"picked":"Slimebound:HungryTackle","floor":27},{"not_picked":["Slimebound:ItLooksTasty","Slimebound:Chomp+1"],"picked":"Slimebound:Nibble","floor":28},{"not_picked":["Slimebound:SlimeSpikes","Slimebound:HauntingLick+1"],"picked":"Slimebound:SplitMire+1","floor":30},{"not_picked":["Slimebound:MassFeed","Slimebound:ItLooksTasty"],"picked":"Slimebound:DisruptingSlam+1","floor":31},{"not_picked":["Slimebound:RollThrough","Slimebound:SplitAcid"],"picked":"Slimebound:PressTheAttack","floor":32},{"not_picked":["Slimebound:Teamwork","Slimebound:FirmFortitude"],"picked":"Slimebound:CheckThePlaybook","floor":33},{"not_picked":["Slimebound:LeadByExample","Slimebound:SlimeBrawl"],"picked":"Slimebound:Chomp","floor":36},{"not_picked":["Slimebound:PressTheAttack","Slimebound:Schlurp","Slimebound:RejuvenatingLick"],"picked":"SKIP","floor":38},{"not_picked":["Slimebound:SamplingLick","Slimebound:Prepare"],"picked":"Slimebound:DisruptingSlam+1","floor":39},{"not_picked":["Slimebound:LivingWall+1","Slimebound:SplitAcid"],"picked":"Slimebound:FlameTackle","floor":40},{"not_picked":["Slimebound:Gluttony","Slimebound:Equalize"],"picked":"Slimebound:SelfFormingGoo","floor":42},{"not_picked":["Slimebound:ServeAndProtect+1","Slimebound:ItLooksTasty"],"picked":"Slimebound:HungryTackle+1","floor":43},{"not_picked":["Slimebound:Prepare+1","Slimebound:HauntingLick","Slimebound:SplitMire"],"picked":"SKIP","floor":45},{"not_picked":["Slimebound:DivideAndConquer+1","Slimebound:SplitBruiser"],"picked":"Slimebound:SlimeTap+1","floor":46},{"not_picked":["Slimebound:ServeAndProtect","Slimebound:ComboTackle"],"picked":"Slimebound:GrowthPunch+1","floor":48},{"not_picked":["Slimebound:LeechingTouch+1","Slimebound:Nibble","Slimebound:ViciousTackle"],"picked":"SKIP","floor":49},{"not_picked":["Slimebound:AcidTongue+1","Slimebound:RollThrough+1","Slimebound:DivideAndConquer"],"picked":"SKIP","floor":52}],"player_experience":336067,"relics_obtained":[{"floor":24,"key":"Anchor"},{"floor":25,"key":"Pen Nib"},{"floor":30,"key":"Smiling Mask"},{"floor":41,"key":"Shuriken"},{"floor":48,"key":"Strawberry"},{"floor":52,"key":"Bottled Flame"}],"event_choices":[],"is_beta":false,"boss_relics":[{"not_picked":["Busted Crown","SacredBark"],"picked":"Fusion Hammer"},{"not_picked":["Slimebound:AbsorbEndCombatUpgraded","Runesmith:UraniumAnvil"],"picked":"construct:WeddingRing"}],"items_purged_floors":[5,26,37,44,47],"is_endless":false,"potions_floor_spawned":[2,3,6,14,16,19,22,27,30,31,33,39,45,46,49],"ascension_level":4}}