{"host":"fvfv74rwxn7g5wli","time":1612850427,"event":{"mods":["BaseMod","Better Third Choice","Colored Powertips","DeckTracker","Downfall","GifTheSpireLib","Minty Spire (QoL Compilation)","Potionbrewer","Quick Restart","Reliquary","StSLib"],"gold_per_floor":[118,118,118,193,213,213,213,213,213,213,213,124,124,147,147,273,273],"floor_reached":16,"language":"ENG","playtime":389,"items_purged":[],"score":161,"play_id":"6a311e46-50e1-4890-aa30-81ca3a262abc","local_time":"20210208220027","daily_mods":["SealedDeck","Specialized","Vintage","Heirloom","Time Dilation","Flight"],"is_ascension_mode":false,"campfire_choices":[{"data":"Pray","floor":6,"key":"SMITH"},{"data":"Consecrate","floor":7,"key":"SMITH"},{"data":"Prostrate","floor":8,"key":"SMITH"},{"data":"FlyingSleeves","floor":11,"key":"SMITH"},{"floor":13,"key":"REST"},{"floor":15,"key":"REST"}],"circlet_count":0,"master_deck":["DeusExMachina","DeusExMachina","DeusExMachina","DeusExMachina","DeusExMachina","FearNoEvil","FollowUp+1","FlurryOfBlows","FollowUp+1","FlyingSleeves","Consecrate+1","FlyingSleeves+1","WreathOfFlame","Pray+1","Prostrate+1","Swift Strike+1"],"relics":["PureWater","hexamod:Sixitude","potionbrewer:MortarAndPestle","Golden Idol","reliquary:Buckler","InkBottle","Molten Egg 2","Omamori"],"acts_visited":["Exordium"],"potions_floor_usage":[],"damage_taken":[{"damage":0,"enemies":"Cultist","floor":1,"turns":2},{"damage":13,"enemies":"2 Louse","floor":5,"turns":2},{"damage":11,"enemies":"Jaw Worm","floor":14,"turns":2},{"damage":61,"enemies":"The Guardian","floor":16,"turns":7}],"seed_played":"2672957556819974694","potions_obtained":[{"floor":14,"key":"StancePotion"}],"is_trial":true,"path_per_floor":["M","$","?","?","M","R","R","R","T","T","R","$","R","M","R","B"],"character_chosen":"WATCHER","items_purchased":["Swift Strike+1"],"campfire_rested":2,"item_purchase_floors":[12],"current_hp_per_floor":[72,72,54,47,34,34,34,34,34,34,34,34,55,44,65,4,4],"gold":273,"neow_bonus":"","is_daily":false,"chose_seed":false,"campfire_upgraded":4,"win_rate":0.0,"timestamp":1612850427,"path_taken":["M","$","?","?","?","R","R","R","T","?","R","$","R","M","R","BOSS"],"items_purchased_type":["Card"],"build_version":"2020-12-22","purchased_purges":0,"victory":false,"max_hp_per_floor":[72,72,72,72,72,72,72,72,72,72,72,72,72,72,72,72,72],"card_choices":[],"player_experience":101974,"relics_obtained":[{"floor":1,"key":"potionbrewer:MortarAndPestle"},{"floor":5,"key":"reliquary:Buckler"},{"floor":9,"key":"InkBottle"},{"floor":10,"key":"Molten Egg 2"},{"floor":14,"key":"Omamori"}],"event_choices":[{"damage_healed":0,"gold_gain":0,"player_choice":"Take Damage","damage_taken":18,"relics_obtained":["Golden Idol"],"max_hp_gain":0,"max_hp_loss":0,"event_name":"Golden Idol","floor":3,"gold_loss":0},{"damage_healed":0,"gold_gain":75,"player_choice":"Touch","damage_taken":7,"max_hp_gain":0,"max_hp_loss":0,"event_name":"FaceTrader","floor":4,"gold_loss":0}],"is_beta":false,"boss_relics":[],"items_purged_floors":[],"is_endless":false,"potions_floor_spawned":[14],"killed_by":"The Guardian","ascension_level":0}}