{"host":"gf6h0fjn0q83ridf","time":1612866631,"event":{"mods":["BaseMod","Downfall","Energized Spire","Hunter 猎人","KinomotoSakuraMod(木之本樱)","Minty Spire (QoL Compilation)","Prisma Mod","Reimu（博丽灵梦）","Remilia（蕾米莉亚）","RumiaBox-露米娅的神秘盒子","Spicy Shops","StSLib","WarShipGirlsR/战舰少女R mod","Youmu（魂魄妖梦）"],"gold_per_floor":[113,131,13,31,31,31,65,65,65,90,109,109,128,128,128,252,252,273,291,31,50,64,64,64,64,64,107,122,122,142,158,158,158,158],"floor_reached":33,"language":"ZHS","playtime":3129,"items_purged":[],"score":321,"play_id":"03e21497-0159-494a-bf65-ae501ae3c104","local_time":"20210209183031","is_ascension_mode":false,"campfire_choices":[{"data":"rmod:basicallowance","floor":6.0,"key":"SMITH"},{"floor":12.0,"key":"REST"},{"floor":15.0,"key":"REST"},{"floor":23,"key":"REST"},{"floor":25,"key":"REST"},{"floor":32,"key":"REST"}],"circlet_count":0,"master_deck":["rmod:strick","rmod:strick","rmod:strick","rmod:strick","rmod:defend","rmod:defend","rmod:defend","rmod:defend","rmod:basicallowance+1","rmod:maingunfire","rmod:launchingtorpedo","rmod:fletcherpendant","rmod:launchingtorpedo","rmod:ammunitionsupply","Injury","rmod:wolves+1","rmod:saltedfish","rmod:circuitoustactics","rmod:launchingtorpedo+1","rmod:auspiciousomen","rmod:rockthrower+1","rmod:slowdown+1","rmod:fletcher+1","rmod:acesubmarine+1","rmod:intelligenceanalysis+1","rmod:maintain+1","rmod:gendarmerie","rmod:mineteam+1","Ghostly","Ghostly","Ghostly","Ghostly","Ghostly","rmod:smokecover","rmod:intelligenceanalysis+1"],"relics":["rmod:firstchargereward","Golden Idol","Molten Egg 2","Kunai","MagicDraw2","Gremlin Horn","Juzu Bracelet"],"acts_visited":["Exordium","TheCity"],"potions_floor_usage":[27,27,30,33,33],"damage_taken":[{"damage":6.0,"enemies":"Cultist","floor":1.0,"turns":3.0},{"damage":5.0,"enemies":"Jaw Worm","floor":2.0,"turns":3.0},{"damage":6.0,"enemies":"2 Louse","floor":4.0,"turns":3.0},{"damage":24.0,"enemies":"3 Sentries","floor":7.0,"turns":7.0},{"damage":10.0,"enemies":"Looter","floor":10.0,"turns":3.0},{"damage":6.0,"enemies":"2 Fungi Beasts","floor":11.0,"turns":2.0},{"damage":7.0,"enemies":"Exordium Thugs","floor":13.0,"turns":4.0},{"damage":37.0,"enemies":"The Guardian","floor":16.0,"turns":11.0},{"damage":28.0,"enemies":"Chosen","floor":18.0,"turns":5.0},{"damage":12.0,"enemies":"3 Byrds","floor":19.0,"turns":5.0},{"damage":15.0,"enemies":"Snake Plant","floor":21.0,"turns":3.0},{"damage":0.0,"enemies":"Snecko","floor":22.0,"turns":3.0},{"damage":12,"enemies":"Gremlin Leader","floor":27,"turns":2},{"damage":17,"enemies":"Centurion and Healer","floor":28,"turns":4},{"damage":2,"enemies":"3 Cultists","floor":30,"turns":6},{"damage":26,"enemies":"Snake Plant","floor":31,"turns":4},{"damage":32,"enemies":"Automaton","floor":33,"turns":6}],"seed_played":"-3418222044740269274","potions_obtained":[{"floor":4.0,"key":"FearPotion"},{"floor":7.0,"key":"Regen Potion"},{"floor":11.0,"key":"EntropicBrew"},{"floor":19.0,"key":"SteroidPotion"},{"floor":21.0,"key":"Explosive Potion"},{"floor":28,"key":"PowerPotion"},{"floor":30,"key":"Strength Potion"},{"floor":31,"key":"SpeedPotion"}],"is_trial":false,"path_per_floor":["M","M","$","M","?","R","E","$","T","M","M","R","M","T","R","B",null,"M","M","$","M","M","R","?","R","T","E","M","?","M","M","R","B"],"character_chosen":"PRAEFECT","items_purchased":["rmod:launchingtorpedo","Swift Potion","rmod:fletcher+1","rmod:acesubmarine+1"],"campfire_rested":5,"item_purchase_floors":[3,3,20,20],"current_hp_per_floor":[76,71,71,65,65,65,41,41,41,31,30,54,47,47,71,34,82,54,42,42,27,27,51,51,75,75,63,46,41,39,13,25,0,0],"gold":158,"neow_bonus":"TEN_PERCENT_HP_BONUS","is_daily":false,"chose_seed":false,"campfire_upgraded":1,"win_rate":0.0,"timestamp":1612866631,"path_taken":["M","M","?","M","?","R","E","$","T","M","M","R","M","?","R","BOSS","M","M","$","M","M","R","?","R","T","E","M","?","M","M","R","BOSS"],"items_purchased_type":["Card","Potion","Card","Card"],"build_version":"2020-12-22","purchased_purges":0,"victory":false,"max_hp_per_floor":[82,82,82,82,82,82,82,82,82,82,82,82,82,82,82,82,82,82,82,82,82,82,82,82,82,82,82,82,41,41,41,41,41,41],"card_choices":[{"not_picked":["rmod:steelsupply","rmod:fletcherpendant"],"picked":"rmod:launchingtorpedo","floor":1.0},{"not_picked":["rmod:combined","rmod:luckystar"],"picked":"rmod:fletcherpendant","floor":2.0},{"not_picked":["rmod:aluminumsupply","rmod:supportescort"],"picked":"rmod:ammunitionsupply","floor":4.0},{"not_picked":["rmod:circuitoustactics","rmod:chargemoney"],"picked":"rmod:wolves+1","floor":7.0},{"not_picked":["rmod:ammunitionsupply","rmod:victimresponsibility"],"picked":"rmod:saltedfish","floor":10.0},{"not_picked":["rmod:spoils","rmod:combined+1"],"picked":"rmod:circuitoustactics","floor":11.0},{"not_picked":["rmod:ammunitionsupply","rmod:steelsupply"],"picked":"rmod:launchingtorpedo+1","floor":13.0},{"not_picked":["rmod:stealaluminum","rmod:u235"],"picked":"rmod:auspiciousomen","floor":16.0},{"not_picked":["rmod:steelsupply+1","rmod:tearstotiara+1"],"picked":"rmod:rockthrower+1","floor":18.0},{"not_picked":["rmod:fuelsupply","rmod:supportescort+1"],"picked":"rmod:slowdown+1","floor":19.0},{"not_picked":["rmod:diamondstrike+1","rmod:combined+1"],"picked":"rmod:intelligenceanalysis+1","floor":21.0},{"not_picked":["rmod:intelligenceanalysis+1","rmod:tearstotiara+1"],"picked":"rmod:maintain","floor":22.0},{"not_picked":["rmod:diamondstrike+1","rmod:victimresponsibility"],"picked":"rmod:gendarmerie","floor":27},{"not_picked":["rmod:goodsister","rmod:saltedfish"],"picked":"rmod:mineteam+1","floor":28},{"not_picked":["rmod:intelligenceanalysis+1","rmod:supportescort"],"picked":"rmod:smokecover","floor":30},{"not_picked":["rmod:aviationdawn","rmod:generalist+1"],"picked":"rmod:intelligenceanalysis+1","floor":31}],"player_experience":172736,"relics_obtained":[{"floor":7.0,"key":"Molten Egg 2"},{"floor":9.0,"key":"Kunai"},{"floor":14.0,"key":"MagicDraw2"},{"floor":26,"key":"Gremlin Horn"},{"floor":27,"key":"Juzu Bracelet"}],"event_choices":[{"damage_healed":0.0,"max_hp_gain":0.0,"max_hp_loss":0.0,"gold_gain":0.0,"event_name":"Golden Idol","player_choice":"Take Wound","floor":5.0,"gold_loss":0.0,"damage_taken":0.0,"relics_obtained":["Golden Idol"],"cards_obtained":["Injury"]},{"damage_healed":0,"gold_gain":0,"player_choice":"Upgraded","damage_taken":0,"max_hp_gain":0,"max_hp_loss":0,"event_name":"Upgrade Shrine","floor":24,"gold_loss":0,"cards_upgraded":["rmod:maintain"]},{"damage_healed":0,"gold_gain":0,"player_choice":"Became a Ghost","damage_taken":0,"max_hp_gain":0,"max_hp_loss":41,"event_name":"Ghosts","floor":29,"gold_loss":0,"cards_obtained":["Ghostly","Ghostly","Ghostly","Ghostly","Ghostly"]}],"is_beta":false,"boss_relics":[{"not_picked":["energizedSpire:NeverEndingSparkler","Fusion Hammer","energizedSpire:MagnifyingGlass"]}],"items_purged_floors":[],"is_endless":false,"potions_floor_spawned":[4,7,11,19,21,28,30,31],"killed_by":"Automaton","ascension_level":0}}