{"host":"newqdrzxfhh2im9e","time":1612831458,"event":{"mods":["AchievementEnabler","BaseMod","Block Reminder","Colored Map","Minty Spire (QoL Compilation)","Rare Cards Sparkle","Shop Mod","StSLib"],"gold_per_floor":[114,114,130,143,143,143,174,174,200,267,280,280,304,319,319,449,449,468,462,23,37,55,55,55],"floor_reached":23,"language":"ENG","playtime":750,"items_purged":[],"score":218,"play_id":"4f44d117-37b9-4bc6-9b00-57253fb86891","local_time":"20210208164418","is_ascension_mode":false,"campfire_choices":[{"floor":6.0,"key":"RECALL"},{"data":"Demon Form","floor":8.0,"key":"SMITH"},{"floor":15.0,"key":"REST"}],"circlet_count":0,"master_deck":["Strike_R","Strike_R","Strike_R","Defend_R","Defend_R","Defend_R","Bash","Demon Form+1","Uppercut","Anger","Searing Blow","Sever Soul","Double Tap","Pummel","Berserk","Intimidate+1","Flame Barrier+1","Searing Blow+1","Thunderclap","Juggernaut"],"relics":["Burning Blood","Golden Idol","Blood Vial","Juzu Bracelet","Bronze Scales","Astrolabe","Letter Opener","Strawberry"],"acts_visited":["Exordium","TheCity"],"potions_floor_usage":[21,22],"damage_taken":[{"damage":11.0,"enemies":"Jaw Worm","floor":1.0,"turns":4.0},{"damage":0.0,"enemies":"Small Slimes","floor":3.0,"turns":5.0},{"damage":2.0,"enemies":"2 Louse","floor":4.0,"turns":2.0},{"damage":14.0,"enemies":"Gremlin Nob","floor":7.0,"turns":3.0},{"damage":18.0,"enemies":"Large Slime","floor":11.0,"turns":7.0},{"damage":16.0,"enemies":"Lots of Slimes","floor":14.0,"turns":4.0},{"damage":36.0,"enemies":"Slime Boss","floor":16.0,"turns":7.0},{"damage":26.0,"enemies":"Shell Parasite","floor":18.0,"turns":5.0},{"damage":29.0,"enemies":"2 Thieves","floor":19.0,"turns":4.0},{"damage":18,"enemies":"Snake Plant","floor":21,"turns":4},{"damage":23,"enemies":"Cultist and Chosen","floor":22,"turns":5},{"damage":40,"enemies":"Slavers","floor":23,"turns":4}],"seed_played":"2549449033929656568","potions_obtained":[{"floor":1.0,"key":"FearPotion"},{"floor":3.0,"key":"Energy Potion"},{"floor":4.0,"key":"SteroidPotion"},{"floor":16.0,"key":"Fruit Juice"},{"floor":19,"key":"SneckoOil"}],"is_trial":false,"path_per_floor":["M","?","M","M","?","R","E","R","T","?","M","?","T","M","R","B",null,"M","M","$","M","M","E"],"character_chosen":"IRONCLAD","items_purchased":["Letter Opener","Strawberry","Block Potion"],"campfire_rested":1,"item_purchase_floors":[20,20,20],"current_hp_per_floor":[75,55,61,65,70,70,62,62,62,62,52,45,45,37,62,34,85,70,49,56,46,31,0,0],"gold":55,"neow_bonus":"ONE_RANDOM_RARE_CARD","is_daily":false,"chose_seed":false,"campfire_upgraded":1,"win_rate":0.0,"timestamp":1612831458,"path_taken":["M","?","M","M","?","R","E","R","T","?","M","?","?","M","R","BOSS","M","M","$","M","M","E"],"items_purchased_type":["Relic","Relic","Potion"],"build_version":"2020-12-22","purchased_purges":0,"victory":false,"max_hp_per_floor":[80,80,80,80,85,85,85,85,85,85,85,85,85,85,85,85,85,90,90,97,97,97,97,97],"card_choices":[{"not_picked":["Shrug It Off","Anger"],"picked":"Uppercut","floor":1.0},{"not_picked":["Burning Pact","Armaments"],"picked":"Anger","floor":3.0},{"not_picked":["Pommel Strike","Body Slam"],"picked":"Searing Blow","floor":4.0},{"not_picked":["Clash","Hemokinesis"],"picked":"Sever Soul","floor":7.0},{"not_picked":["Dual Wield","Heavy Blade"],"picked":"Double Tap","floor":11.0},{"not_picked":["Sword Boomerang","Clothesline"],"picked":"Pummel","floor":14.0},{"not_picked":["Bludgeon","Impervious"],"picked":"Berserk","floor":16.0},{"not_picked":["Clothesline","Wild Strike"],"picked":"Thunderclap","floor":18.0},{"not_picked":["Clothesline","Headbutt","Reckless Charge"],"picked":"SKIP","floor":19},{"not_picked":["Flex","Headbutt+1","True Grit"],"picked":"SKIP","floor":21},{"not_picked":["Clothesline","Flex+1"],"picked":"Juggernaut","floor":22}],"player_experience":761466,"relics_obtained":[{"floor":7.0,"key":"Blood Vial"},{"floor":13.0,"key":"Bronze Scales"}],"event_choices":[{"damage_healed":0.0,"max_hp_gain":0.0,"max_hp_loss":0.0,"gold_gain":0.0,"event_name":"Golden Idol","player_choice":"Take Damage","floor":2.0,"gold_loss":0.0,"damage_taken":20.0,"relics_obtained":["Golden Idol"]},{"damage_healed":0.0,"max_hp_gain":5.0,"max_hp_loss":0.0,"gold_gain":0.0,"event_name":"Big Fish","player_choice":"Donut","floor":5.0,"gold_loss":0.0,"damage_taken":0.0},{"damage_healed":0.0,"max_hp_gain":0.0,"max_hp_loss":0.0,"gold_gain":67.0,"event_name":"Golden Wing","player_choice":"Gained Gold","floor":10.0,"gold_loss":0.0,"damage_taken":0.0},{"damage_healed":0.0,"max_hp_gain":0.0,"max_hp_loss":0.0,"gold_gain":0.0,"event_name":"Scrap Ooze","player_choice":"Success","floor":12.0,"gold_loss":0.0,"damage_taken":7.0,"relics_obtained":["Juzu Bracelet"]}],"is_beta":false,"boss_relics":[{"not_picked":["Fusion Hammer","SacredBark"],"picked":"Astrolabe"}],"items_purged_floors":[],"is_endless":false,"potions_floor_spawned":[1,3,4,16,19],"killed_by":"Slavers","ascension_level":0}}