{"host":"8is2j71l4wmybkoi","time":1612879071,"event":{"mods":["AchievementEnabler","BaseMod","Colored Map","Minty Spire (QoL Compilation)","Rare Cards Sparkle","StSLib","SuperFastMode"],"gold_per_floor":[119,119,130,130,145,145,162,195,195,195,222,222,241,46,46,125,125,141,154,167,181,181,181,192,217,268,268,268],"floor_reached":27,"language":"KOR","playtime":998,"items_purged":["Strike_R"],"score":429,"play_id":"d32074fd-5b17-4de0-a2cb-af7711d87938","local_time":"20210209225751","is_ascension_mode":true,"campfire_choices":[{"data":"Armaments","floor":6,"key":"SMITH"},{"floor":10,"key":"REST"},{"data":"Blood for Blood","floor":12,"key":"SMITH"},{"data":"Evolve","floor":15,"key":"SMITH"},{"floor":23,"key":"RECALL"}],"circlet_count":0,"master_deck":["AscendersBane","Strike_R","Strike_R","Defend_R","Defend_R","Defend_R","Defend_R","Bash","Armaments+1","Reaper","Cleave","Blood for Blood+1","Bloodletting","Burning Pact","Evolve+1","Carnage","Offering","Dark Embrace+1","Sentinel+1","Inflame","Seeing Red+1","Offering"],"relics":["Burning Blood","Happy Flower","Blood Vial","Prayer Wheel","Fusion Hammer","Nloth\u0027s Gift","Regal Pillow"],"acts_visited":["Exordium","TheCity"],"potions_floor_usage":[11,11,24,25,27],"damage_taken":[{"damage":14,"enemies":"Jaw Worm","floor":1,"turns":3},{"damage":2,"enemies":"Small Slimes","floor":3,"turns":5},{"damage":1,"enemies":"Cultist","floor":5,"turns":3},{"damage":39,"enemies":"Gremlin Gang","floor":7,"turns":7},{"damage":41,"enemies":"Lagavulin","floor":8,"turns":7},{"damage":20,"enemies":"Gremlin Nob","floor":11,"turns":4},{"damage":17,"enemies":"3 Louse","floor":13,"turns":4},{"damage":33,"enemies":"Slime Boss","floor":16,"turns":7},{"damage":9,"enemies":"Spheric Guardian","floor":18,"turns":3},{"damage":17,"enemies":"Shell Parasite","floor":19,"turns":4},{"damage":9,"enemies":"Centurion and Healer","floor":20,"turns":5},{"damage":9,"enemies":"Cultist and Chosen","floor":21,"turns":3},{"damage":9,"enemies":"Chosen and Byrds","floor":24,"turns":3},{"damage":45,"enemies":"Book of Stabbing","floor":25,"turns":5},{"damage":47,"enemies":"Slavers","floor":27,"turns":2}],"seed_played":"3236951687649990226","potions_obtained":[{"floor":5,"key":"GamblersBrew"},{"floor":8,"key":"Explosive Potion"},{"floor":11,"key":"GamblersBrew"},{"floor":16,"key":"FearPotion"},{"floor":18,"key":"Ancient Potion"},{"floor":21,"key":"AttackPotion"},{"floor":25,"key":"EssenceOfSteel"}],"is_trial":false,"path_per_floor":["M","?","M","?","M","R","M","E","T","R","E","R","M","$","R","B",null,"M","M","M","M","?","R","M","E","T","E"],"character_chosen":"IRONCLAD","items_purchased":["Evolve","Carnage"],"campfire_rested":1,"item_purchase_floors":[14,14],"current_hp_per_floor":[42,47,51,51,56,56,37,8,8,32,24,24,27,27,27,10,63,62,53,62,71,71,71,78,41,41,0,0],"gold":268,"neow_bonus":"REMOVE_TWO","is_daily":false,"chose_seed":false,"campfire_upgraded":3,"win_rate":0.0,"timestamp":1612879071,"path_taken":["M","?","M","?","M","R","?","E","T","R","E","R","?","$","R","BOSS","M","M","M","M","?","R","M","E","T","E"],"items_purchased_type":["Card","Card"],"build_version":"2020-12-22","purchased_purges":1,"victory":false,"max_hp_per_floor":[75,80,80,80,80,80,80,80,80,80,80,80,80,80,80,80,80,80,80,80,80,80,80,80,80,80,80,80],"card_choices":[{"not_picked":["Clothesline","Rage"],"picked":"Body Slam","floor":1},{"not_picked":["Twin Strike","Warcry"],"picked":"Armaments","floor":3},{"not_picked":["Cleave","True Grit"],"picked":"Reaper","floor":5},{"not_picked":["Warcry","Armaments"],"picked":"Cleave","floor":7},{"not_picked":["Havoc","True Grit","Brutality"],"picked":"SKIP","floor":8},{"not_picked":["Searing Blow","Armaments"],"picked":"Blood for Blood","floor":11},{"not_picked":["Dual Wield","True Grit"],"picked":"Bloodletting","floor":13},{"not_picked":["Havoc","Pommel Strike"],"picked":"Burning Pact","floor":13},{"not_picked":["Exhume","Immolate"],"picked":"Offering","floor":16},{"not_picked":["Iron Wave","Headbutt"],"picked":"Dark Embrace+1","floor":18},{"not_picked":["Infernal Blade","Bloodletting","Sentinel"],"picked":"SKIP","floor":18},{"not_picked":["Armaments","Clash"],"picked":"Sentinel+1","floor":19},{"not_picked":["Dark Embrace","Body Slam","Dropkick"],"picked":"SKIP","floor":19},{"not_picked":["Uppercut","Headbutt","Inflame"],"picked":"SKIP","floor":20},{"not_picked":["Sever Soul","Havoc","Body Slam"],"picked":"SKIP","floor":20},{"not_picked":["Uppercut","Headbutt"],"picked":"Inflame","floor":20},{"not_picked":["Sever Soul","Havoc","Body Slam"],"picked":"SKIP","floor":20},{"not_picked":["Headbutt","Battle Trance"],"picked":"Seeing Red+1","floor":21},{"not_picked":["Flex","Thunderclap","Clothesline"],"picked":"SKIP","floor":21},{"not_picked":["Metallicize","Sentinel","Clash"],"picked":"SKIP","floor":24},{"not_picked":["Bludgeon","Wild Strike","Thunderclap"],"picked":"SKIP","floor":24},{"not_picked":["Seeing Red","Evolve"],"picked":"Offering","floor":25}],"player_experience":1094126,"relics_obtained":[{"floor":8,"key":"InkBottle"},{"floor":9,"key":"Blood Vial"},{"floor":11,"key":"Prayer Wheel"},{"floor":25,"key":"Regal Pillow"}],"event_choices":[{"damage_healed":0,"gold_gain":0,"player_choice":"Donut","damage_taken":0,"max_hp_gain":5,"max_hp_loss":0,"event_name":"Big Fish","floor":2,"gold_loss":0},{"cards_removed":["Body Slam"],"damage_healed":0,"gold_gain":0,"player_choice":"Gave Card","damage_taken":0,"relics_obtained":["Happy Flower"],"max_hp_gain":0,"max_hp_loss":0,"event_name":"WeMeetAgain","floor":4,"gold_loss":0},{"damage_healed":0,"gold_gain":0,"player_choice":"Traded Relic","damage_taken":0,"relics_obtained":["Nloth\u0027s Gift"],"max_hp_gain":0,"max_hp_loss":0,"event_name":"N\u0027loth","floor":22,"relics_lost":["InkBottle"],"gold_loss":0}],"is_beta":false,"boss_relics":[{"not_picked":["Black Star","Calling Bell"],"picked":"Fusion Hammer"}],"items_purged_floors":[14],"is_endless":false,"potions_floor_spawned":[5,8,11,16,18,21,25],"killed_by":"Slavers","ascension_level":15}}