{"host":"xpjtot4lypeyz0sz","time":1612857499,"event":{"mods":["BaseMod","BetterRewards","Challenge The Spire","Colored Map","Colored Powertips","Conspire","Downfall","Infinite Spire","Mimic Mod","Minty Spire (QoL Compilation)","Replay The Spire","Shop Mod","StSLib","SuperFastMode","The Jungle","【功能Mod】混沌之环修复补丁"],"gold_per_floor":[109,109,123,123,48,48,80,111,111,111,146,146,159,169,169,169,169],"floor_reached":16,"language":"ZHS","playtime":985,"items_purged":["Normality"],"score":108,"play_id":"c8f9d594-a6de-400e-a346-74c5b3314c33","local_time":"20210209155819","is_ascension_mode":false,"campfire_choices":[{"data":"Perfected Strike","floor":6,"key":"SMITH"},{"floor":10,"key":"REST"},{"floor":12,"key":"REST"},{"floor":15,"key":"REST"}],"circlet_count":0,"master_deck":["Strike_R","Strike_R","Strike_R","Strike_R","Strike_R+1","Defend_R","Defend_R","Defend_R","Defend_R","ReplayUltimateDefense","Flex","Eruption","Perfected Strike+1","Swivel","CrushJoints","Shrug It Off","Thunderclap","Twin Strike"],"relics":["Replay:M_SmolderingBlood","PreservedInsect","Mercury Hourglass","Ice Cream"],"acts_visited":["Exordium"],"potions_floor_usage":[],"damage_taken":[{"damage":3,"enemies":"Small Slimes","floor":1,"turns":3},{"damage":15,"enemies":"Jaw Worm","floor":3,"turns":3},{"damage":36,"enemies":"Lagavulin","floor":7,"turns":5},{"damage":8,"enemies":"conspire:RoseBush","floor":8,"turns":7},{"damage":28,"enemies":"3 Sentries","floor":11,"turns":3},{"damage":7,"enemies":"conspire:RoseBush","floor":13,"turns":2},{"damage":25,"enemies":"2 Fungi Beasts","floor":14,"turns":3},{"damage":48,"enemies":"Fading Forest","floor":16,"turns":9}],"seed_played":"8068695166319791217","potions_obtained":[{"floor":1,"key":"ColorlessPotion"},{"floor":13,"key":"Venom Potion"},{"floor":14,"key":"Strength Potion"}],"is_trial":false,"path_per_floor":["M","?","M","?","$","R","E","MIM","T","R","E","R","M","M","R","B"],"character_chosen":"IRONCLAD","items_purchased":[],"campfire_rested":3,"item_purchase_floors":[],"current_hp_per_floor":[80,80,65,65,65,65,29,21,21,45,17,41,34,9,33,0,0],"gold":169,"neow_bonus":"RANDOM_COLORLESS_2","is_daily":false,"chose_seed":false,"campfire_upgraded":1,"win_rate":0.0,"timestamp":1612857499,"path_taken":["M","?","M","?","?","R","E","?","T","R","E","R","M","M","R","BOSS"],"items_purchased_type":[],"build_version":"2020-12-22","purchased_purges":1,"victory":false,"max_hp_per_floor":[80,80,80,80,80,80,80,80,80,80,80,80,80,80,80,80,80],"card_choices":[{"not_picked":["Master of Strategy","Mayhem"],"picked":"ReplayUltimateDefense","floor":0},{"not_picked":["Replay:Undeath\u0027s Touch","Reckless Charge"],"picked":"Flex","floor":1},{"not_picked":["Power Through","ReplayReversal"],"picked":"Perfected Strike","floor":3},{"not_picked":["Juggernaut","CrushJoints"],"picked":"Swivel","floor":7},{"not_picked":["Clash","Rupture"],"picked":"CrushJoints","floor":8},{"not_picked":["True Grit","Clash"],"picked":"Shrug It Off","floor":11},{"not_picked":["ReplayReversal","Anger"],"picked":"Thunderclap","floor":13},{"not_picked":["Sword Boomerang","Dual Wield"],"picked":"Twin Strike","floor":14}],"player_experience":1076,"relics_obtained":[{"floor":7,"key":"PreservedInsect"},{"floor":9,"key":"Mercury Hourglass"},{"floor":11,"key":"Ice Cream"}],"event_choices":[],"is_beta":false,"boss_relics":[],"items_purged_floors":[5],"is_endless":false,"potions_floor_spawned":[1,13,14],"killed_by":"Fading Forest","ascension_level":0}}