{"host":"x5w9zppki4gdwvc7","time":1612910794,"event":{"mods":["AchievementEnabler","BaseMod","Colored Powertips","DeckTracker","Minty Spire (QoL Compilation)","SuperFastMode"],"gold_per_floor":[10,29,29,54,75,118,118,218,294,294,309,325,325,358,358,477,477,490,28,28,44,44,44],"floor_reached":22,"language":"ENG","playtime":1428,"items_purged":["Strike_P"],"score":216,"play_id":"27e573f2-ab98-4939-90a5-238c61b3db95","local_time":"20210209234634","is_ascension_mode":true,"campfire_choices":[{"data":"Sanctity","floor":7,"key":"SMITH"},{"floor":10,"key":"REST"},{"data":"Evaluate","floor":13,"key":"SMITH"},{"data":"WindmillStrike","floor":15,"key":"SMITH"}],"circlet_count":0,"master_deck":["Strike_P","Strike_P","Defend_P","Defend_P+1","Defend_P","Eruption","Vigilance","Evaluate+1","Sanctity+1","WindmillStrike+1","FearNoEvil","Evaluate","Sanctity","LessonLearned","Impatience","DeusExMachina","LikeWater"],"relics":["HolyWater","Golden Idol","Pocketwatch","Blue Candle","Orichalcum","Eternal Feather","Nunchaku"],"acts_visited":["Exordium","TheCity"],"potions_floor_usage":[12,16,16,18,21],"damage_taken":[{"damage":0,"enemies":"2 Louse","floor":1,"turns":3},{"damage":8,"enemies":"Small Slimes","floor":2,"turns":5},{"damage":0,"enemies":"Cultist","floor":4,"turns":4},{"damage":0,"enemies":"Large Slime","floor":5,"turns":4},{"damage":40,"enemies":"Lagavulin","floor":6,"turns":6},{"damage":4,"enemies":"Red Slaver","floor":11,"turns":4},{"damage":6,"enemies":"3 Louse","floor":12,"turns":3},{"damage":8,"enemies":"3 Sentries","floor":14,"turns":8},{"damage":13,"enemies":"Slime Boss","floor":16,"turns":10},{"damage":17,"enemies":"Shell Parasite","floor":18,"turns":12},{"damage":42,"enemies":"Spheric Guardian","floor":21,"turns":8},{"damage":9,"enemies":"Snake Plant","floor":22,"turns":4}],"seed_played":"-9126848420532985312","potions_obtained":[{"floor":5,"key":"Explosive Potion"},{"floor":11,"key":"BottledMiracle"},{"floor":14,"key":"Ambrosia"},{"floor":16,"key":"Energy Potion"},{"floor":18,"key":"Swift Potion"},{"floor":21,"key":"PowerPotion"}],"is_trial":false,"path_per_floor":["M","M","?","M","M","E","R","?","T","R","M","M","R","E","R","B",null,"M","$","?","M","M"],"character_chosen":"WATCHER","items_purchased":["Eternal Feather","Nunchaku"],"campfire_rested":1,"item_purchase_floors":[19,19],"current_hp_per_floor":[72,64,64,64,64,24,24,24,24,44,40,34,34,26,26,13,67,50,50,50,8,0,0],"gold":44,"neow_bonus":"REMOVE_TWO","is_daily":false,"chose_seed":false,"campfire_upgraded":3,"win_rate":0.0,"timestamp":1612910794,"path_taken":["M","M","?","M","M","E","R","?","T","R","M","?","R","E","R","BOSS","M","$","?","?","M"],"items_purchased_type":["Relic","Relic"],"build_version":"2020-12-22","purchased_purges":1,"victory":false,"max_hp_per_floor":[72,72,67,67,67,67,67,67,67,67,67,67,67,67,67,67,67,67,67,67,67,67,67],"card_choices":[{"not_picked":["FollowUp","SashWhip"],"picked":"Evaluate","floor":1},{"not_picked":["Tantrum","MentalFortress"],"picked":"Sanctity","floor":2},{"not_picked":["Collect","Adaptation"],"picked":"WindmillStrike","floor":4},{"not_picked":["EmptyFist","BowlingBash"],"picked":"FearNoEvil","floor":5},{"not_picked":["Fasting2","ClearTheMind"],"picked":"Evaluate","floor":6},{"not_picked":["FlurryOfBlows","Halt","CutThroughFate"],"picked":"SKIP","floor":11},{"not_picked":["ClearTheMind","Indignation","Vengeance"],"picked":"SKIP","floor":12},{"not_picked":["Protect","Nirvana"],"picked":"Sanctity","floor":14},{"not_picked":["MasterReality","SpiritShield"],"picked":"LessonLearned","floor":16},{"not_picked":["SignatureMove","Tantrum","CrushJoints+1"],"picked":"SKIP","floor":18},{"not_picked":["ThirdEye+1","CutThroughFate"],"picked":"LikeWater","floor":21}],"player_experience":580041,"relics_obtained":[{"floor":6,"key":"Pocketwatch"},{"floor":9,"key":"Blue Candle"},{"floor":14,"key":"Orichalcum"}],"event_choices":[{"damage_healed":0,"gold_gain":0,"player_choice":"Lose Max HP","damage_taken":0,"relics_obtained":["Golden Idol"],"max_hp_gain":0,"max_hp_loss":5,"event_name":"Golden Idol","floor":3,"gold_loss":0},{"damage_healed":0,"gold_gain":100,"player_choice":"Pray","damage_taken":0,"max_hp_gain":0,"max_hp_loss":0,"event_name":"Golden Shrine","floor":8,"gold_loss":0},{"damage_healed":0,"gold_gain":0,"player_choice":"2 cards matched","damage_taken":0,"max_hp_gain":0,"max_hp_loss":0,"event_name":"Match and Keep!","floor":20,"gold_loss":0,"cards_obtained":["Impatience","DeusExMachina"]}],"is_beta":false,"boss_relics":[{"not_picked":["Philosopher\u0027s Stone","Velvet Choker"],"picked":"HolyWater"}],"items_purged_floors":[19],"is_endless":false,"potions_floor_spawned":[5,11,14,16,18,21],"killed_by":"Snake Plant","ascension_level":2}}