{"host":"7k2a2omxz3voj5ax","time":1612885808,"event":{"mods":["BaseMod","Marisa£¨ìFÓê¡¡Ä§ÀíÉ³£©","Minty Spire (QoL Compilation)","Quick Restart","Spicy Shops","StSLib","Starting Relic: Pandora\u0027s Box","Yakumo Yukari mod","¡¾ÒÅÎï¿¨ÅÆ¡¿REMEMod","óô»ðÖ¸ÄÏ"],"gold_per_floor":[117,117,133,208,218,218,243,89,118,129,144,195,48,48,63,80,113,123,123,123,199,199,217,232,250,250,250,260,285,285,302,327,327,340,340,340,358,387,387,458,458,478,496,195,195,206,237,52,52,52],"floor_reached":49,"language":"ZHS","playtime":2067,"items_purged":["Weave"],"score":1033,"play_id":"3e28bd7c-0aab-43b7-ac05-1b883e250d42","local_time":"20210210005008","is_ascension_mode":true,"campfire_choices":[{"data":"Eruption","floor":14.0,"key":"SMITH"},{"data":"Adaptation","floor":19.0,"key":"SMITH"},{"floor":20.0,"key":"RECALL"},{"data":"REME_Repentance+1","floor":30.0,"key":"PURGE"},{"data":"PathToVictory+1","floor":35.0,"key":"PURGE"},{"data":"Omniscience","floor":39.0,"key":"SMITH"}],"circlet_count":0,"master_deck":["AscendersBane","Eruption+1","Vigilance+1","EmptyBody+1","Hyperbeam+1","TalkToTheHand+1","Halt","FearNoEvil+1","LessonLearned+1","Indignation+1","Adaptation+1","Adaptation+1","REME_EmptyShield+1","Evaluate+1","Ragnarok+1","Crescendo+1","Omniscience+1","Devotion+1","Devotion","TalkToTheHand","Decay"],"relics":["PureWater","REME_ComplimentaryCards","NeowsBlessing","Meat on the Bone","Question Card","TheAbacus","Unceasing Top","Lantern","Orrery","Potion Belt","Astrolabe","Peace Pipe","Gambling Chip","Whetstone","SlaversCollar","Bag of Preparation","White Beast Statue","Dream Catcher","Shuriken","Medical Kit"],"acts_visited":["Exordium","TheCity","TheBeyond"],"potions_floor_usage":[],"damage_taken":[{"damage":0.0,"enemies":"Small Slimes","floor":1.0,"turns":1.0},{"damage":0.0,"enemies":"2 Louse","floor":3.0,"turns":1.0},{"damage":0.0,"enemies":"Jaw Worm","floor":5.0,"turns":1.0},{"damage":25.0,"enemies":"Lagavulin","floor":7.0,"turns":6.0},{"damage":10.0,"enemies":"3 Sentries","floor":9.0,"turns":3.0},{"damage":13.0,"enemies":"Blue Slaver","floor":10.0,"turns":3.0},{"damage":12.0,"enemies":"Gremlin Gang","floor":11.0,"turns":2.0},{"damage":0.0,"enemies":"Large Slime","floor":15.0,"turns":2.0},{"damage":0.0,"enemies":"3 Louse","floor":16.0,"turns":1.0},{"damage":0.0,"enemies":"Lagavulin","floor":17.0,"turns":5.0},{"damage":13.0,"enemies":"Blue Slaver","floor":18.0,"turns":2.0},{"damage":30.0,"enemies":"The Guardian","floor":21.0,"turns":7.0},{"damage":25.0,"enemies":"2 Thieves","floor":23.0,"turns":2.0},{"damage":2.0,"enemies":"Chosen","floor":24.0,"turns":4.0},{"damage":0.0,"enemies":"Snecko","floor":25.0,"turns":2.0},{"damage":0.0,"enemies":"3 Cultists","floor":28.0,"turns":1.0},{"damage":17.0,"enemies":"Slavers","floor":29.0,"turns":2.0},{"damage":9.0,"enemies":"Cultist and Chosen","floor":31.0,"turns":6.0},{"damage":12.0,"enemies":"Book of Stabbing","floor":32.0,"turns":5.0},{"damage":0.0,"enemies":"Centurion and Healer","floor":34.0,"turns":5.0},{"damage":0.0,"enemies":"3 Cultists","floor":37.0,"turns":2.0},{"damage":18.0,"enemies":"Slavers","floor":38.0,"turns":4.0},{"damage":8.0,"enemies":"Collector","floor":40.0,"turns":7.0},{"damage":0,"enemies":"3 Darklings","floor":42,"turns":1},{"damage":4,"enemies":"3 Shapes","floor":43,"turns":4},{"damage":47,"enemies":"Transient","floor":46,"turns":5},{"damage":0,"enemies":"Reptomancer","floor":47,"turns":3},{"damage":0,"enemies":"Writhing Mass","floor":49,"turns":1}],"seed_played":"-2681857033859457149","potions_obtained":[{"floor":3.0,"key":"ColorlessPotion"},{"floor":9.0,"key":"DistilledChaos"},{"floor":17.0,"key":"BottledMiracle"},{"floor":28.0,"key":"REME_GoldPotion"},{"floor":31.0,"key":"Weak Potion"},{"floor":32.0,"key":"Ambrosia"},{"floor":34.0,"key":"DistilledChaos"},{"floor":37.0,"key":"Weak Potion"},{"floor":40.0,"key":"Swift Potion"},{"floor":47,"key":"PanachePotion"}],"is_trial":false,"path_per_floor":["M","?","M","?","M","T","E","R","E","M","M","T","$","R","M","M","E","M","R","R","B",null,"M","M","M","?","?","M","E","R","M","E","T","M","R","T","M","E","R","B",null,"M","M","$","T","M","E","R","M"],"character_chosen":"WATCHER","items_purchased":["TheAbacus","Orrery","Devotion","Bag of Preparation","Shuriken","Medical Kit"],"campfire_rested":0,"item_purchase_floors":[8,13,44,44,48,48],"current_hp_per_floor":[65,58,58,47,47,47,34,34,36,35,35,35,35,35,47,47,47,46,46,46,28,61,48,46,46,46,33,45,40,40,43,43,43,43,43,43,43,37,37,41,68,68,64,64,64,29,41,41,41,41],"gold":52,"neow_bonus":"THREE_ENEMY_KILL","is_daily":false,"chose_seed":false,"campfire_upgraded":3,"win_rate":0.0,"timestamp":1612885808,"path_taken":["M","?","M","?","M","?","E","R","E","M","M","T","$","R","?","M","E","M","R","R","BOSS","M","M","?","?","?","M","E","R","M","E","T","M","R","?","?","E","R","BOSS","M","M","$","?","M","E","R","M"],"items_purchased_type":["Relic","Relic","Card","Relic","Relic","Relic"],"build_version":"2020-12-22","purchased_purges":1,"victory":false,"max_hp_per_floor":[72,72,72,72,72,72,72,72,72,72,72,72,72,72,72,72,72,72,72,72,72,72,72,72,72,72,77,77,77,77,77,77,77,77,77,77,77,77,77,77,77,77,77,77,77,77,77,77,77,77],"card_choices":[{"not_picked":["WindmillStrike","ForeignInfluence"],"picked":"TalkToTheHand","floor":1.0},{"not_picked":["Consecrate","FlyingSleeves","PathToVictory"],"picked":"SKIP","floor":3.0},{"not_picked":["REME_Repentance","SashWhip","Vengeance"],"picked":"SKIP","floor":5.0},{"not_picked":["ForeignInfluence","SashWhip","Study"],"picked":"SKIP","floor":7.0},{"not_picked":["Halt","FlurryOfBlows","JustLucky","REME_MusicOfDeath"],"picked":"SKIP","floor":9.0},{"not_picked":["Meditate","REME_Repentance","JustLucky","FollowUp"],"picked":"SKIP","floor":10.0},{"not_picked":["ClearTheMind","Worship","REME_MusicOfDeath","SandsOfTime"],"picked":"SKIP","floor":11.0},{"not_picked":["Crescendo","REME_WorshipGod","Vengeance"],"picked":"Halt","floor":13.0},{"not_picked":["ClearTheMind","REME_Repentance","Alpha"],"picked":"FearNoEvil","floor":13.0},{"not_picked":["REME_MusicOfDeath","Wish","EmptyBody"],"picked":"LessonLearned","floor":13.0},{"not_picked":["EmptyMind","DeusExMachina","EmptyBody"],"picked":"Indignation","floor":13.0},{"not_picked":["Evaluate","ForeignInfluence","Protect","Conclude"],"picked":"SKIP","floor":15.0},{"not_picked":["Halt","ThirdEye","CrushJoints"],"picked":"Adaptation","floor":16.0},{"not_picked":["WheelKick","REME_MusicOfDeath","Crescendo","FlurryOfBlows"],"picked":"SKIP","floor":17.0},{"not_picked":["LikeWater","FearNoEvil","WheelKick"],"picked":"Adaptation","floor":18.0},{"not_picked":["Judgement","Establishment","DeusExMachina"],"picked":"REME_EmptyShield","floor":21.0},{"not_picked":["CutThroughFate","Fasting2","CrushJoints","BowlingBash"],"picked":"SKIP","floor":23.0},{"not_picked":["BowlingBash","SandsOfTime","Prostrate","ThirdEye"],"picked":"SKIP","floor":24.0},{"not_picked":["Weave","Sanctity+1","Consecrate","Conclude"],"picked":"SKIP","floor":25.0},{"not_picked":["Evaluate","Indignation","EmptyFist","WreathOfFlame"],"picked":"SKIP","floor":28.0},{"not_picked":["Establishment","ThirdEye","CrushJoints","EmptyBody"],"picked":"SKIP","floor":29.0},{"not_picked":["MentalFortress","Evaluate","FlurryOfBlows","CrushJoints"],"picked":"SKIP","floor":31.0},{"not_picked":["CrushJoints","REME_CRH","Consecrate","SandsOfTime"],"picked":"SKIP","floor":32.0},{"not_picked":["Halt","EmptyBody","JustLucky","CrushJoints"],"picked":"SKIP","floor":34.0},{"not_picked":["SashWhip","Nirvana","EmptyFist","Crescendo"],"picked":"SKIP","floor":37.0},{"not_picked":["FlurryOfBlows","SandsOfTime","SashWhip"],"picked":"Omniscience","floor":38.0},{"not_picked":["Omniscience","REME_WorshipGod","MasterReality"],"picked":"Devotion","floor":40.0},{"not_picked":["FlyingSleeves","Protect+1","FlurryOfBlows+1","Worship+1"],"picked":"SKIP","floor":42},{"not_picked":["CrushJoints","BowlingBash","REME_Repentance+1","Weave"],"picked":"SKIP","floor":43},{"not_picked":["FlurryOfBlows+1","DeceiveReality","Halt"],"picked":"TalkToTheHand","floor":46},{"not_picked":["FlyingSleeves","FollowUp","ThirdEye","FlurryOfBlows"],"picked":"SKIP","floor":47}],"player_experience":308094,"relics_obtained":[{"floor":6.0,"key":"Meat on the Bone"},{"floor":7.0,"key":"Question Card"},{"floor":9.0,"key":"Unceasing Top"},{"floor":12.0,"key":"Lantern"},{"floor":17.0,"key":"Potion Belt"},{"floor":29.0,"key":"Peace Pipe"},{"floor":36.0,"key":"Gambling Chip"},{"floor":38.0,"key":"Whetstone"},{"floor":45,"key":"White Beast Statue"},{"floor":47,"key":"Dream Catcher"}],"event_choices":[{"cards_removed":["EmptyFist"],"damage_healed":0.0,"max_hp_gain":0.0,"max_hp_loss":0.0,"gold_gain":0.0,"event_name":"Golden Wing","player_choice":"Card Removal","floor":2.0,"gold_loss":0.0,"damage_taken":7.0},{"damage_healed":0.0,"max_hp_gain":0.0,"max_hp_loss":0.0,"gold_gain":75.0,"event_name":"World of Goop","player_choice":"Gather Gold","floor":4.0,"gold_loss":0.0,"damage_taken":11.0},{"damage_healed":0.0,"max_hp_gain":0.0,"max_hp_loss":0.0,"gold_gain":0.0,"event_name":"Ghosts","player_choice":"Ignored","floor":26.0,"gold_loss":0.0,"damage_taken":0.0},{"damage_healed":0.0,"max_hp_gain":5.0,"max_hp_loss":0.0,"gold_gain":0.0,"event_name":"Forgotten Altar","player_choice":"Shed Blood","floor":27.0,"gold_loss":0.0,"damage_taken":18.0}],"is_beta":false,"boss_relics":[{"not_picked":["Calling Bell","Velvet Choker"],"picked":"Astrolabe"},{"not_picked":["Runic Dome","Snecko Eye"],"picked":"SlaversCollar"}],"items_purged_floors":[13],"is_endless":false,"potions_floor_spawned":[3,9,15,16,17,28,31,32,34,37,38,40,43,46,47],"killed_by":"Writhing Mass","ascension_level":13}}