{"host":"jqkewjmybebgw3gd","time":1612882235,"event":{"mods":["AchievementEnabler","BaseMod","Colored Map","DeckTracker","Minty Spire (QoL Compilation)","StSLib","SuperFastMode"],"gold_per_floor":[112,112,125,136,155,155,182,198,223,256,276,47,79,94,94,193,193,207,235,250,27,27,56,56,56,56,90,90,103,128,6,6,106,106,120,170,170,184,211,211,243,43,43,77,77,91,116,96,96,96,96,96,19,53,53,53],"floor_reached":55,"language":"KOR","playtime":4657,"items_purged":["Strike_B","Strike_B"],"score":1024,"play_id":"905162fd-14ce-4ac6-9559-7347692d3021","local_time":"20210209235035","is_ascension_mode":true,"campfire_choices":[{"data":"Consume","floor":6.0,"key":"SMITH"},{"data":"Defragment","floor":15.0,"key":"SMITH"},{"floor":24.0,"key":"REST"},{"floor":32.0,"key":"RECALL"},{"data":"Seek","floor":40,"key":"SMITH"},{"data":"Seek","floor":45,"key":"SMITH"},{"data":"Reboot","floor":49,"key":"SMITH"},{"data":"Panacea","floor":52,"key":"SMITH"}],"circlet_count":0,"master_deck":["Strike_B","Defend_B","Defend_B","Zap","Dualcast","Biased Cognition+1","Core Surge+1","Consume+1","Turbo","Cold Snap","Cold Snap","Blizzard","Stack","Conserve Battery","Undo","Defragment+1","Self Repair","Aggregate+1","Skim","Seek+1","Melter","Reboot+1","Writhe","Reinforced Body","BootSequence","Amplify","Beam Cell+1","Purity","Mind Blast+1","Panacea+1","Glacier","Coolheaded","Core Surge+1","Seek+1","Tempest+1"],"relics":["Cracked Core","Bag of Marbles","Centennial Puzzle","Happy Flower","Akabeko","PreservedInsect","Oddly Smooth Stone","Nuclear Battery","Red Mask","Membership Card","Vajra","Singing Bowl","HornCleat","Molten Egg 2","Lantern","Juzu Bracelet","Empty Cage","Thread and Needle","Bronze Scales","White Beast Statue","Bottled Lightning","Peace Pipe","Mango","ClockworkSouvenir","Strawberry"],"acts_visited":["Exordium","TheCity","TheBeyond","TheEnding"],"potions_floor_usage":[36,47,50,54,55],"damage_taken":[{"damage":0.0,"enemies":"2 Louse","floor":1.0,"turns":2.0},{"damage":0.0,"enemies":"Cultist","floor":3.0,"turns":2.0},{"damage":0.0,"enemies":"Jaw Worm","floor":4.0,"turns":1.0},{"damage":0.0,"enemies":"3 Louse","floor":5.0,"turns":2.0},{"damage":0.0,"enemies":"Gremlin Nob","floor":7.0,"turns":3.0},{"damage":6.0,"enemies":"Large Slime","floor":8.0,"turns":2.0},{"damage":10.0,"enemies":"Lagavulin","floor":10.0,"turns":5.0},{"damage":0.0,"enemies":"2 Fungi Beasts","floor":11.0,"turns":2.0},{"damage":0.0,"enemies":"Gremlin Nob","floor":13.0,"turns":3.0},{"damage":6.0,"enemies":"Blue Slaver","floor":14.0,"turns":3.0},{"damage":9.0,"enemies":"Hexaghost","floor":16.0,"turns":11.0},{"damage":0.0,"enemies":"Chosen","floor":18.0,"turns":4.0},{"damage":19.0,"enemies":"Masked Bandits","floor":19.0,"turns":7.0},{"damage":0.0,"enemies":"3 Byrds","floor":20.0,"turns":7.0},{"damage":12.0,"enemies":"Slavers","floor":23.0,"turns":5.0},{"damage":2.0,"enemies":"Gremlin Leader","floor":27.0,"turns":4.0},{"damage":1.0,"enemies":"Centurion and Healer","floor":29.0,"turns":6.0},{"damage":8.0,"enemies":"Book of Stabbing","floor":30.0,"turns":6.0},{"damage":20.0,"enemies":"Champ","floor":33.0,"turns":16.0},{"damage":0.0,"enemies":"3 Darklings","floor":35.0,"turns":10.0},{"damage":0,"enemies":"Mind Bloom Boss Battle","floor":36,"turns":11},{"damage":0,"enemies":"3 Shapes","floor":38,"turns":3},{"damage":0,"enemies":"Nemesis","floor":41,"turns":7},{"damage":25,"enemies":"Giant Head","floor":44,"turns":11},{"damage":0,"enemies":"Jaw Worm Horde","floor":46,"turns":3},{"damage":7,"enemies":"Nemesis","floor":47,"turns":3},{"damage":41,"enemies":"Time Eater","floor":50,"turns":9},{"damage":31,"enemies":"Shield and Spear","floor":54,"turns":6},{"damage":88,"enemies":"The Heart","floor":55,"turns":14}],"seed_played":"3595511104114254861","potions_obtained":[{"floor":1.0,"key":"PotionOfCapacity"},{"floor":5.0,"key":"Weak Potion"},{"floor":7.0,"key":"BlessingOfTheForge"},{"floor":13.0,"key":"Fire Potion"},{"floor":20.0,"key":"CultistPotion"},{"floor":23.0,"key":"GamblersBrew"},{"floor":35.0,"key":"GamblersBrew"},{"floor":44,"key":"SkillPotion"},{"floor":46,"key":"EssenceOfSteel"},{"floor":47,"key":"Explosive Potion"},{"floor":48,"key":"LiquidMemories"},{"floor":54,"key":"SmokeBomb"}],"is_trial":false,"path_per_floor":["M","?","M","M","M","R","E","M","T","E","M","$","E","M","R","B",null,"M","?","M","$","?","E","R","?","T","E","?","M","E","$","R","B",null,"M","?","?","M","T","R","E","$","T","E","R","M","E","?","R","B",null,"R","$","E","B"],"character_chosen":"DEFECT","items_purchased":["PreservedInsect","Membership Card","Seek","Melter","Juzu Bracelet","Bottled Lightning","Core Surge+1","ClockworkSouvenir"],"campfire_rested":1,"item_purchase_floors":[12,21,21,21,31,42,42,53],"current_hp_per_floor":[75,75,75,75,75,75,75,69,69,59,59,59,59,53,53,51,75,75,63,70,70,56,51,75,75,75,82,82,82,81,81,81,68,82,84,84,74,74,74,74,81,81,81,63,63,70,86,86,86,52,100,100,100,85,0,0],"gold":53,"neow_bonus":"RANDOM_COMMON_RELIC","is_daily":false,"chose_seed":false,"campfire_upgraded":6,"win_rate":0.0,"timestamp":1612882235,"path_taken":["M","?","?","M","M","R","E","M","T","E","M","$","E","M","R","BOSS","M","?","M","$","?","E","R","?","T","E","?","M","E","$","R","BOSS","M","?","?","M","?","R","E","$","T","E","R","M","E","?","R","BOSS","R","$","E","BOSS"],"items_purchased_type":["Relic","Relic","Card","Card","Relic","Relic","Card","Relic"],"build_version":"2020-12-22","purchased_purges":2,"victory":false,"max_hp_per_floor":[75,75,75,75,75,75,75,75,75,75,75,75,75,75,75,75,75,75,75,75,75,80,80,80,80,80,82,82,82,82,82,82,82,82,84,84,84,84,84,84,84,84,84,84,84,84,100,100,100,100,100,100,100,109,109,109],"card_choices":[{"not_picked":["Skim","Go for the Eyes"],"picked":"Consume","floor":1.0},{"not_picked":["Beam Cell","Gash"],"picked":"Turbo","floor":3.0},{"not_picked":["Sweeping Beam","Scrape"],"picked":"Cold Snap","floor":4.0},{"not_picked":["Sweeping Beam","Barrage"],"picked":"Cold Snap","floor":5.0},{"not_picked":["Streamline","Rip and Tear"],"picked":"Blizzard","floor":7.0},{"not_picked":["Doom and Gloom","Force Field"],"picked":"Stack","floor":8.0},{"not_picked":["Barrage","Rebound"],"picked":"Conserve Battery","floor":10.0},{"not_picked":["Gash","Conserve Battery"],"picked":"Undo","floor":11.0},{"not_picked":["Undo","Sweeping Beam"],"picked":"Defragment","floor":13.0},{"not_picked":["All For One","Ball Lightning"],"picked":"Self Repair","floor":14.0},{"not_picked":["Turbo+1","Darkness","Conserve Battery"],"picked":"SKIP","floor":18.0},{"not_picked":["Hologram","Ball Lightning+1"],"picked":"Aggregate+1","floor":19.0},{"not_picked":["Barrage","Reprogram"],"picked":"Skim","floor":20.0},{"not_picked":["Rebound","Hologram"],"picked":"Reboot","floor":23.0},{"not_picked":["Consume","Turbo+1","White Noise"],"picked":"Singing Bowl","floor":27.0},{"not_picked":["Darkness","Compile Driver+1"],"picked":"Reinforced Body","floor":29.0},{"not_picked":["Scrape+1","Beam Cell+1"],"picked":"BootSequence","floor":30.0},{"not_picked":["Rainbow","Thunder Strike+1"],"picked":"Amplify","floor":33.0},{"not_picked":["Rip and Tear+1","Compile Driver+1","Conserve Battery"],"picked":"Singing Bowl","floor":35.0},{"not_picked":["Reinforced Body+1","Redo+1"],"picked":"Beam Cell+1","floor":36},{"not_picked":["Swift Strike+1","Forethought"],"picked":"Purity","floor":37},{"not_picked":["Metamorphosis","Good Instincts"],"picked":"Mind Blast+1","floor":37},{"not_picked":["Impatience","Flash of Steel+1"],"picked":"Panacea","floor":37},{"not_picked":["Go for the Eyes+1","Beam Cell+1"],"picked":"Glacier","floor":38},{"not_picked":["Compile Driver+1","Go for the Eyes+1"],"picked":"Coolheaded","floor":41},{"not_picked":["Gash+1","Compile Driver+1"],"picked":"Seek","floor":44},{"not_picked":["Go for the Eyes+1","Gash+1"],"picked":"Tempest+1","floor":46},{"not_picked":["Rainbow","Undo","Storm"],"picked":"Singing Bowl","floor":47},{"not_picked":["Cold Snap+1","Conserve Battery","Barrage+1"],"picked":"Singing Bowl","floor":54}],"player_experience":511287,"relics_obtained":[{"floor":7.0,"key":"Centennial Puzzle"},{"floor":9.0,"key":"Happy Flower"},{"floor":10.0,"key":"Akabeko"},{"floor":13.0,"key":"Oddly Smooth Stone"},{"floor":19.0,"key":"Red Mask"},{"floor":23.0,"key":"Vajra"},{"floor":26.0,"key":"Singing Bowl"},{"floor":27.0,"key":"HornCleat"},{"floor":30.0,"key":"Lantern"},{"floor":36,"key":"Thread and Needle"},{"floor":39,"key":"Bronze Scales"},{"floor":41,"key":"White Beast Statue"},{"floor":44,"key":"Peace Pipe"},{"floor":47,"key":"Mango"},{"floor":54,"key":"Strawberry"}],"event_choices":[{"cards_removed":["Strike_B"],"damage_healed":0.0,"max_hp_gain":0.0,"max_hp_loss":0.0,"gold_gain":0.0,"event_name":"Bonfire Elementals","player_choice":"Offered Basic","floor":2.0,"gold_loss":0.0,"damage_taken":0.0},{"damage_healed":0.0,"max_hp_gain":0.0,"max_hp_loss":0.0,"gold_gain":0.0,"event_name":"Masked Bandits","player_choice":"Fought Bandits","floor":19.0,"gold_loss":0.0,"damage_taken":0.0},{"damage_healed":0.0,"max_hp_gain":5.0,"max_hp_loss":0.0,"gold_gain":0.0,"event_name":"Forgotten Altar","player_choice":"Shed Blood","floor":22.0,"gold_loss":0.0,"damage_taken":19.0},{"damage_healed":0.0,"max_hp_gain":0.0,"max_hp_loss":0.0,"gold_gain":0.0,"event_name":"Vampires","player_choice":"Ignored","floor":25.0,"gold_loss":0.0,"damage_taken":0.0},{"damage_healed":0.0,"max_hp_gain":0.0,"max_hp_loss":0.0,"gold_gain":0.0,"event_name":"The Mausoleum","player_choice":"Opened","floor":28.0,"gold_loss":0.0,"damage_taken":0.0,"relics_obtained":["Molten Egg 2"],"cards_obtained":["Writhe"]},{"damage_healed":0,"gold_gain":0,"player_choice":"Fight","damage_taken":0,"max_hp_gain":0,"max_hp_loss":0,"event_name":"MindBloom","floor":36,"gold_loss":0},{"damage_healed":0,"gold_gain":0,"player_choice":"Memory 3","damage_taken":10,"max_hp_gain":0,"max_hp_loss":0,"event_name":"SensoryStone","floor":37,"gold_loss":0},{"damage_healed":0,"gold_gain":0,"player_choice":"Bought 1 Potion","damage_taken":0,"max_hp_gain":0,"max_hp_loss":0,"event_name":"The Woman in Blue","floor":48,"gold_loss":0}],"is_beta":false,"boss_relics":[{"not_picked":["Pandora\u0027s Box","Tiny House"],"picked":"Nuclear Battery"},{"not_picked":["Sozu","Coffee Dripper"],"picked":"Empty Cage"}],"items_purged_floors":[12,31],"is_endless":false,"potions_floor_spawned":[1,5,7,13,20,23,27,30,35,44,46,47,54],"killed_by":"The Heart","ascension_level":1}}