{"host":"vhvubw4jk4f204qs","time":1612893638,"event":{"mods":["AchievementEnabler","BaseMod","DeckTracker","GifTheSpireLib","Googly Eyes","Minty Spire (QoL Compilation)","Permanent Neow","Quick Restart","StSLib","SuperFastMode","The IronCluck","slay the spire mod where everything is the same but ironclad has a cowboy hat"],"gold_per_floor":[111,186,203,218,218,228,228,228],"floor_reached":7,"language":"ENG","playtime":268,"items_purged":[],"score":86,"play_id":"d08c456d-9614-4e90-8465-e51be6a3ec4f","local_time":"20210209130038","is_ascension_mode":true,"campfire_choices":[],"circlet_count":0,"master_deck":["AscendersBane","Strike_P","Strike_P","Strike_P","Strike_P","Defend_P","Defend_P","Defend_P","Defend_P","Eruption","Vigilance","Brilliance","EmptyMind","ThirdEye","SashWhip","FlurryOfBlows"],"relics":["PureWater"],"acts_visited":["Exordium"],"potions_floor_usage":[],"damage_taken":[{"damage":2.0,"enemies":"Jaw Worm","floor":1.0,"turns":3.0},{"damage":0.0,"enemies":"Cultist","floor":3.0,"turns":2.0},{"damage":0.0,"enemies":"Small Slimes","floor":4.0,"turns":1.0},{"damage":15.0,"enemies":"Gremlin Gang","floor":6.0,"turns":7.0},{"damage":0,"enemies":"3 Sentries","floor":7,"turns":1}],"seed_played":"6640907811029361601","potions_obtained":[{"floor":4.0,"key":"Fruit Juice"}],"is_trial":false,"path_per_floor":["M","?","M","M","?","M","E"],"character_chosen":"WATCHER","items_purchased":[],"campfire_rested":0,"item_purchase_floors":[],"current_hp_per_floor":[41,30,30,30,35,20,20,20],"gold":228,"neow_bonus":"THREE_RARE_CARDS","is_daily":false,"chose_seed":false,"campfire_upgraded":0,"win_rate":0.0,"timestamp":1612893638,"path_taken":["M","?","M","M","?","M","E"],"items_purchased_type":[],"build_version":"2020-12-22","purchased_purges":0,"victory":false,"max_hp_per_floor":[68,68,68,68,73,73,73,73],"card_choices":[{"not_picked":["Omniscience","Establishment"],"picked":"Brilliance","floor":0.0},{"not_picked":["EmptyFist","Evaluate"],"picked":"EmptyMind","floor":1.0},{"not_picked":["PathToVictory","SashWhip"],"picked":"ThirdEye","floor":3.0},{"not_picked":["ClearTheMind","FollowUp"],"picked":"SashWhip","floor":4.0},{"not_picked":["DeceiveReality","WheelKick"],"picked":"FlurryOfBlows","floor":6.0}],"player_experience":781433,"relics_obtained":[],"event_choices":[{"damage_healed":0.0,"max_hp_gain":0.0,"max_hp_loss":0.0,"gold_gain":75.0,"event_name":"World of Goop","player_choice":"Gather Gold","floor":2.0,"gold_loss":0.0,"damage_taken":11.0},{"damage_healed":0.0,"max_hp_gain":0.0,"max_hp_loss":0.0,"gold_gain":0.0,"event_name":"Liars Game","player_choice":"Ignored","floor":5.0,"gold_loss":0.0,"damage_taken":0.0}],"is_beta":false,"boss_relics":[],"items_purged_floors":[],"is_endless":false,"potions_floor_spawned":[4],"killed_by":"3 Sentries","ascension_level":20}}