{"host":"ylc7rmysbrk5cxws","time":1612869693,"event":{"mods":["100% Spire Juice","ATMod(∞¢Ë™Mod)","Act Like it!","Arknights","BaseMod","Friendly Minions","Gensokyo","Koishi","Marisa£®ÏF”Í°°ƒß¿Ì…≥£©","Minty Spire (QoL Compilation)","Prisma Mod","Spicy Shops","StSLib","The Alterego","The Animator","The Construct","The Servant 0.9.4","UnlockEverythingMod","Waifu the Spire","Yakumo Yukari mod","Yuyuko","°æπ¶ƒ‹Mod°øªÏ„Á÷Æª∑–ﬁ∏¥≤π∂°"],"gold_per_floor":[114,134,134,114,133,133,143,154,225,235,266,65,83,114,114,210,210,222,235,109,129,228,228,228,247,247,247,247,127,143,143,143,246,246,259,259,62,62,74,14,31,47,47,47,65,14,14,24,24,24,24],"floor_reached":50,"language":"ZHS","playtime":2838,"items_purged":[],"score":481,"play_id":"65bd8122-206f-402e-afeb-3e7a53716888","local_time":"20210209192133","is_ascension_mode":false,"campfire_choices":[{"data":"ats:Flexible Camouflage","floor":6.0,"key":"SMITH"},{"data":"ats:Durian","floor":15.0,"key":"SMITH"},{"data":"ats:Ambush","floor":23.0,"key":"SMITH"},{"data":"ats:Overload","floor":24.0,"key":"SMITH"},{"floor":28.0,"key":"REST"},{"floor":32.0,"key":"REST"},{"floor":44.0,"key":"REST"},{"data":"ats:Calcification","floor":47.0,"key":"SMITH"},{"data":"AT_MachinaRedman","floor":49.0,"key":"SMITH"}],"circlet_count":0,"master_deck":["ats:Strike S","ats:Armor Crushing Shot","ats:Defend","ats:Defend","ats:Defend","ats:Defend","ats:Emotion Absorption","AT_MachinaRedman+1","ats:Flexible Camouflage+1","ats:Overload+1","ats:Closed Bolt Burst Fire","ats:Thermite Blade","ats:Directed Diagnosis","ats:Apocalypse","ats:Durian+1","ats:Blood Oath","ats:Beaten Up","ats:Shadow Raid","ats:Ambush+1","ats:Red Shift+1","ats:Fractured Body+1","ats:Rat Pack+1","ats:Assault Order","ats:Sword Rain","ats:Flexible Camouflage","ats:Guard Mode+1","ats:Serious Mode","ats:Calcification+1","ats:Overload+1","ats:Rapid Magazine","ats:Soul Absorption","ats:Cat Scratch","Gensokyo:CustomPotion","ats:Explosion Area Strengthen","ats:Revitalization+1","ats:Powerful Strike","ats:Composite Medical Shells+1"],"relics":["ats:Sanity","AT_ATBox","NeowsBlessing","ats:Military Tradition","ats:Originium","WingedGreaves","ats:Rhine Circuitry","AT_RedTearstoneRing","Astrolabe","ats:Spiritual Recovery","AT_ArcaneBoots","construct:ClawGrip","Strange Spoon","AT_BladeRuinedKing"],"acts_visited":["Exordium","TheCity","Gensokyo:Gensokyoest"],"potions_floor_usage":[50],"damage_taken":[{"damage":0.0,"enemies":"ats:Genji","floor":1.0,"turns":1.0},{"damage":0.0,"enemies":"Small Slimes","floor":2.0,"turns":2.0},{"damage":0.0,"enemies":"Cultist","floor":5.0,"turns":1.0},{"damage":0.0,"enemies":"2 Fungi Beasts","floor":7.0,"turns":2.0},{"damage":7.0,"enemies":"3 Louse","floor":8.0,"turns":3.0},{"damage":2.0,"enemies":"Blue Slaver","floor":10.0,"turns":2.0},{"damage":13.0,"enemies":"Lagavulin","floor":11.0,"turns":5.0},{"damage":1.0,"enemies":"Exordium Wildlife","floor":13.0,"turns":3.0},{"damage":11.0,"enemies":"3 Sentries","floor":14.0,"turns":4.0},{"damage":36.0,"enemies":"Hexaghost","floor":16.0,"turns":9.0},{"damage":15.0,"enemies":"Spheric Guardian","floor":18.0,"turns":4.0},{"damage":0.0,"enemies":"3 Byrds","floor":19.0,"turns":5.0},{"damage":25.0,"enemies":"Centurion and Healer","floor":21.0,"turns":7.0},{"damage":10.0,"enemies":"3 Cultists","floor":25.0,"turns":4.0},{"damage":13.0,"enemies":"Snecko","floor":30.0,"turns":6.0},{"damage":25.0,"enemies":"Collector","floor":33.0,"turns":9.0},{"damage":7.0,"enemies":"Gensokyo:3_Bats","floor":35.0,"turns":5.0},{"damage":20.0,"enemies":"Gensokyo:3_Boulders","floor":39.0,"turns":7.0},{"damage":24.0,"enemies":"Gensokyo:SeedOfUnknown","floor":41.0,"turns":6.0},{"damage":21.0,"enemies":"Gensokyo:Dusk_and_Dawn","floor":42.0,"turns":5.0},{"damage":0.0,"enemies":"Gensokyo:Rafflesia","floor":45.0,"turns":3.0},{"damage":19.0,"enemies":"Gensokyo:3_Boulders","floor":48.0,"turns":5.0},{"damage":41,"enemies":"Gensokyo:Yuyuko","floor":50,"turns":7}],"seed_played":"9051532402959399463","potions_obtained":[{"floor":4.0,"key":"EntropicBrew"},{"floor":13.0,"key":"LiquidBronze"},{"floor":16.0,"key":"ColorlessPotion"},{"floor":19.0,"key":"CultistPotion"},{"floor":25.0,"key":"AttackPotion"},{"floor":39.0,"key":"Explosive Potion"},{"floor":45.0,"key":"SkillPotion"}],"is_trial":false,"path_per_floor":["M","M","?","?","M","R","M","M","T","M","E","$","M","E","R","B",null,"M","M","$","M","?","R","R","M","T","?","R","$","M","T","R","B",null,"M","?","$","?","M","?","M","M","T","R","M","$","R","M","R","B"],"character_chosen":"DOCTOR_CLASS","items_purchased":["ats:Rhine Circuitry","ats:Blood Oath","ats:Spiritual Recovery","ats:Flexible Camouflage","ats:Serious Mode","ats:Rapid Magazine","Strange Spoon","ats:Soul Absorption","ats:Powerful Strike"],"campfire_rested":3,"item_purchase_floors":[12,12,20,20,29,37,37,37,46],"current_hp_per_floor":[72,72,72,72,72,72,72,65,65,63,59,59,61,54,54,29,72,62,66,66,48,48,48,48,41,41,25,46,46,40,40,61,47,72,72,72,72,72,57,57,41,27,27,48,63,63,63,57,57,0,0],"gold":24,"neow_bonus":"THREE_ENEMY_KILL","is_daily":false,"chose_seed":false,"campfire_upgraded":6,"win_rate":0.0,"timestamp":1612869693,"path_taken":["M","M","?","?","M","R","M","M","T","M","E","$","M","E","R","BOSS","M","M","$","?","?","R","R","M","T","?","R","?","?","?","R","BOSS","M","?","$","?","?","?","M","M","T","R","?","?","R","M","R","BOSS"],"items_purchased_type":["Relic","Card","Relic","Card","Card","Card","Relic","Card","Card"],"build_version":"2020-12-22","purchased_purges":0,"victory":false,"max_hp_per_floor":[72,72,72,72,72,72,72,72,72,72,72,72,72,72,72,72,72,72,72,72,72,72,72,72,72,72,72,72,72,72,72,72,72,72,72,72,72,72,72,72,72,72,72,72,72,72,72,72,72,1,1],"card_choices":[{"not_picked":["ats:Absolute Focus","ats:Shell Defense"],"picked":"ats:Flexible Camouflage","floor":1.0},{"not_picked":["ats:Explosion Area Strengthen","ats:Wolf Pack"],"picked":"ats:Overload","floor":2.0},{"not_picked":["ats:Chain Hook","ats:Soul Absorption"],"picked":"ats:Closed Bolt Burst Fire","floor":5.0},{"not_picked":["ats:Poison Spread","ats:Part Time Job"],"picked":"ats:Thermite Blade","floor":7.0},{"not_picked":["ats:Explosion Area Strengthen","ats:Closed Bolt Burst Fire"],"picked":"ats:Directed Diagnosis","floor":8.0},{"not_picked":["ats:Consecutive Shot Auto","ats:Serious Mode"],"picked":"ats:Apocalypse","floor":10.0},{"not_picked":["ats:Ambush","ats:Closed Bolt Burst Fire"],"picked":"ats:Durian","floor":11.0},{"not_picked":["ats:Shell Defense","ats:Guardian Obelisk"],"picked":"ats:Beaten Up","floor":13.0},{"not_picked":["ats:Encircling Forest","ats:Absolute Focus"],"picked":"ats:Shadow Raid","floor":14.0},{"not_picked":["ats:Dogmatic Field","ats:Disruption Kick"],"picked":"ats:Ambush","floor":16.0},{"not_picked":["ats:Shell Defense","ats:Absolute Focus"],"picked":"ats:Assault Order","floor":18.0},{"not_picked":["ats:Magnetic Hammer","ats:Shell Defense"],"picked":"ats:Sword Rain","floor":19.0},{"not_picked":["ats:Consecutive Shot Auto+1","ats:Poison Spread"],"picked":"ats:Guard Mode+1","floor":21.0},{"not_picked":["ats:Consecutive Shot Auto","ats:Curse Doll","ats:Guard Mode"],"picked":"SKIP","floor":25.0},{"not_picked":["ats:Poison Spread","ats:Flexible Camouflage","ats:Apocalypse"],"picked":"SKIP","floor":30.0},{"not_picked":["ats:Rat Pack","ats:Roar Of Ursus"],"picked":"ats:Calcification","floor":33.0},{"not_picked":["ats:Thermite Blade+1","ats:Absolute Focus"],"picked":"ats:Overload+1","floor":35.0},{"not_picked":["ats:Healing Strengthening+1","ats:Consecutive Shot Auto+1"],"picked":"ats:Cat Scratch","floor":39.0},{"not_picked":["ats:Consecutive Shot Auto+1","ats:Sword Rain"],"picked":"ats:Explosion Area Strengthen","floor":41.0},{"not_picked":["ats:Hammer On","ats:Defend Order+1","ats:Leaping Hammer+1"],"picked":"SKIP","floor":42.0},{"not_picked":["ats:Phantom+1","ats:Burning Ground"],"picked":"ats:Revitalization+1","floor":45.0},{"not_picked":["ats:Defend Order","ats:Charging Defense+1"],"picked":"ats:Composite Medical Shells+1","floor":48.0}],"player_experience":85487,"relics_obtained":[{"floor":9.0,"key":"ats:Military Tradition"},{"floor":11.0,"key":"ats:Originium"},{"floor":11.0,"key":"WingedGreaves"},{"floor":14.0,"key":"ats:Originium"},{"floor":14.0,"key":"AT_RedTearstoneRing"},{"floor":31.0,"key":"AT_SpeedBoots"},{"floor":43.0,"key":"AT_BladeRuinedKing"}],"event_choices":[{"damage_healed":0.0,"max_hp_gain":0.0,"max_hp_loss":0.0,"gold_gain":0.0,"event_name":"Liars Game","player_choice":"Ignored","floor":3.0,"gold_loss":0.0,"damage_taken":0.0},{"damage_healed":0.0,"max_hp_gain":0.0,"max_hp_loss":0.0,"gold_gain":0.0,"event_name":"The Woman in Blue","player_choice":"Bought 1 Potion","floor":4.0,"gold_loss":0.0,"damage_taken":0.0},{"damage_healed":0.0,"max_hp_gain":0.0,"max_hp_loss":0.0,"gold_gain":99.0,"event_name":"Nest","player_choice":"Stole From Cult","floor":22.0,"gold_loss":0.0,"damage_taken":0.0},{"damage_healed":0.0,"max_hp_gain":0.0,"max_hp_loss":0.0,"gold_gain":0.0,"event_name":"Cursed Tome","player_choice":"Obtained Book","floor":27.0,"gold_loss":0.0,"damage_taken":16.0}],"is_beta":false,"boss_relics":[{"not_picked":["construct:WeddingRing","ats:Tactical Delivery"],"picked":"Astrolabe"},{"not_picked":["Empty Cage","Philosopher\u0027s Stone"],"picked":"construct:ClawGrip"}],"items_purged_floors":[],"is_endless":false,"potions_floor_spawned":[7,11,13,16,19,25,39,41,45],"killed_by":"Gensokyo:Yuyuko","ascension_level":0}}