{"host":"d8cz15m779bv9isj","time":1612874525,"event":{"mods":["Aspiration","BaseMod","Colored Map","Colored Powertips","DeckTracker","Downfall","Hermit","Highlight Path","Hubris","Infinite Spire","Minty Spire (QoL Compilation)","Quick Restart","Random Character Button","Relic Sorter","Replay The Spire","StSLib","SuperFastMode","Synergy Search","The Cursed","The Disciple","The Jungle","The Runesmith"],"gold_per_floor":[109,206,206,66,16,47,63,91,143,169,179,189,189,215,215,316,316,332,349,349,369,70,70,104,104,104,29,4,30,30,55,55,153,153,170,220,266,282,294,323,323,323,323,339,367,215,232,232,232,232],"floor_reached":51,"language":"ENG","playtime":1601,"items_purged":["hubris:Disease","Strike_G"],"score":1261,"play_id":"6af45118-8d85-4070-bbd0-9be7387a01bc","local_time":"20210209134205","is_ascension_mode":true,"campfire_choices":[{"floor":13,"key":"REST"},{"data":"After Image","floor":15,"key":"SMITH"},{"data":"After Image","floor":23,"key":"SMITH"},{"data":"Infinite Blades","floor":30,"key":"SMITH"},{"data":"Blade Dance","floor":32,"key":"SMITH"},{"data":"Cloak And Dagger","floor":49,"key":"SMITH"}],"circlet_count":0,"master_deck":["Infinite Blades+1","Strike_G","Strike_G","Strike_G","Defend_G","Defend_G","Defend_G","Defend_G","Defend_G","Survivor","Neutralize","Acrobatics","Dagger Throw","Infinite Blades+1","After Image+1","Dagger Throw","Prepared","Accuracy+1","Footwork","Infinite Blades+1","Dagger Throw","After Image+1","Cloak And Dagger+1","Blade Dance+1","Hidden Blade","Cloak And Dagger+1","TheCursedMod:Dregs","Backflip","Burst","Cloak And Dagger+1","ReplayTheSpireMod:Scrap Shanks+1","Pain","downfall:Haunted","Escape Plan+1","Replay:Bag of Tricks","Blade Dance","Prepared"],"relics":["SacredBark","hubris:Icosahedron","Boot","Snack Pack","hubris:DeckOfHolding","ReplayFunnel","aspiration:FrozenJewel","Strawberry","WristBlade","Replay:Bottled Eggs","hubris:CuriousFeather","downfall:ExtraCursedKey","Meat on the Bone","Vajra","hubris:SlimyHat","hubris:TerracottaHorce","aspiration:HatOfInfinitePower","Thread and Needle","Anchor","Pear","Replay:Rubber Ducky"],"acts_visited":["Exordium","Exordium","TheBeyond"],"potions_floor_usage":[8,16,39],"damage_taken":[{"damage":2,"enemies":"Jaw Worm","floor":1,"turns":4},{"damage":21,"enemies":"Gremlin Nob","floor":6,"turns":4},{"damage":3,"enemies":"2 Louse","floor":7,"turns":3},{"damage":8,"enemies":"3 Sentries","floor":8,"turns":6},{"damage":8,"enemies":"Lagavulin","floor":10,"turns":7},{"damage":5,"enemies":"Small Slimes","floor":11,"turns":3},{"damage":6,"enemies":"Blue Slaver","floor":12,"turns":4},{"damage":14,"enemies":"Slime Boss","floor":16,"turns":7},{"damage":10,"enemies":"theJungle:5_Spyders","floor":18,"turns":6},{"damage":8,"enemies":"theJungle:MUSHROOMGANG","floor":19,"turns":5},{"damage":16,"enemies":"theJungle:2_Flameangoes","floor":21,"turns":6},{"damage":0,"enemies":"theJungle:2_Phrogs","floor":24,"turns":6},{"damage":7,"enemies":"theJungle:MamaSnecko","floor":29,"turns":6},{"damage":0,"enemies":"theJungle:2_Phrogs","floor":31,"turns":4},{"damage":0,"enemies":"theJungle:FunGuy","floor":33,"turns":7},{"damage":13,"enemies":"3 Darklings","floor":35,"turns":3},{"damage":0,"enemies":"Mind Bloom Boss Battle","floor":36,"turns":4},{"damage":14,"enemies":"2 Orb Walkers","floor":37,"turns":4},{"damage":0,"enemies":"Orb Walker","floor":38,"turns":3},{"damage":0,"enemies":"Transient","floor":39,"turns":5},{"damage":10,"enemies":"R_Hoarder","floor":40,"turns":5},{"damage":0,"enemies":"Maw","floor":44,"turns":5},{"damage":0,"enemies":"Reptomancer","floor":45,"turns":3},{"damage":6,"enemies":"Spire Growth","floor":47,"turns":4},{"damage":6,"enemies":"Awakened One","floor":50,"turns":6}],"seed_played":"3016813316567391366","potions_obtained":[{"floor":7,"key":"Toxic Potion"},{"floor":8,"key":"Energy Potion"},{"floor":11,"key":"GamblersBrew"},{"floor":18,"key":"SmokeBomb"},{"floor":21,"key":"AttackPotion"},{"floor":33,"key":"GhostInAJar"},{"floor":44,"key":"Elixir"}],"is_trial":false,"path_per_floor":["M","?","?","$","?","E","M","E","T","E","M","M","R","T","R","B",null,"M","M","?","M","$","R","E","?","T","$","$","E","R","E","R","B",null,"M","?","?","M","M","E","?","?","T","M","E","$","M","?","R","B",null],"character_chosen":"THE_SILENT","items_purchased":["After Image","Hidden Blade","Replay:Bottled Eggs","Backflip","Blade Dance"],"campfire_rested":1,"item_purchase_floors":[4,22,22,28,46],"current_hp_per_floor":[68,51,51,51,51,30,27,25,25,25,22,20,41,48,48,48,70,68,66,66,60,60,60,70,70,70,70,70,67,67,77,77,77,77,70,77,73,75,77,71,71,71,81,87,87,87,87,87,87,87],"gold":232,"neow_bonus":"BOSS_RELIC","is_daily":false,"chose_seed":false,"campfire_upgraded":5,"win_rate":0.0,"timestamp":1612874525,"path_taken":["M","?","?","$","?","E","M","E","T","E","?","M","R","?","R","BOSS","M","M","?","M","$","R","E","?","T","?","$","E","R","E","R","BOSS","M","?","?","M","M","E","?","?","T","?","E","$","M","?","R","BOSS"],"items_purchased_type":["Card","Card","Relic","Card","Card"],"build_version":"2020-12-22","purchased_purges":2,"victory":true,"max_hp_per_floor":[70,70,70,70,70,70,70,70,70,70,70,70,70,77,77,77,77,77,77,77,77,77,77,77,77,77,77,77,77,77,77,77,77,77,77,77,77,77,77,77,77,77,87,87,87,87,87,87,87,87],"card_choices":[{"not_picked":["Deadly Poison","Bouncing Flask"],"picked":"Acrobatics","floor":1},{"not_picked":["Acrobatics","Poisoned Stab"],"picked":"Dagger Throw","floor":2},{"not_picked":["ReplayTheSpireMod:Tripwire","All Out Attack"],"picked":"Infinite Blades","floor":2},{"not_picked":["Predator","Dagger Spray"],"picked":"Dagger Throw","floor":6},{"not_picked":["Crippling Poison","Reflex"],"picked":"Prepared","floor":7},{"not_picked":["Escape Plan","Toxin Wave"],"picked":"Accuracy","floor":8},{"not_picked":["Acrobatics","ReplayTheSpireMod:Speed Training"],"picked":"Footwork","floor":10},{"not_picked":["Bouncing Flask","Hidden Blade"],"picked":"Infinite Blades","floor":11},{"not_picked":["Dagger Spray","Acrobatics"],"picked":"Dagger Throw","floor":12},{"not_picked":["Envenom","Phantasmal Killer"],"picked":"After Image","floor":16},{"not_picked":["Slice+1","Deadly Poison"],"picked":"Cloak And Dagger","floor":18},{"not_picked":["Hidden Blade","Poisoned Stab+1"],"picked":"Blade Dance","floor":19},{"not_picked":["Slice","Predator+1","Concentrate"],"picked":"SKIP","floor":21},{"not_picked":["infinitespire:Neurotoxin","hubris:SlightOfHand"],"picked":"Cloak And Dagger","floor":24},{"not_picked":["Flying Knee","Poisoned Stab+1","Acrobatics+1"],"picked":"SKIP","floor":29},{"not_picked":["Toxin Wave","Deadly Poison","hubris:SlightOfHand"],"picked":"SKIP","floor":31},{"not_picked":["Glass Knife","infinitespire:Neurotoxin"],"picked":"Burst","floor":33},{"not_picked":["Underhanded Strike","Bane","Quick Slash+1"],"picked":"SKIP","floor":35},{"not_picked":["Bane","Poisoned Stab+1","Flechettes"],"picked":"SKIP","floor":38},{"not_picked":["Bane","Poisoned Stab+1","Flechettes"],"picked":"SKIP","floor":38},{"not_picked":["Infinite Blades","ReplayTheSpireMod:The Works"],"picked":"Cloak And Dagger+1","floor":39},{"not_picked":["Flying Knee+1","Eviscerate+1"],"picked":"ReplayTheSpireMod:Scrap Shanks+1","floor":40},{"not_picked":["Leg Sweep","Deadly Poison"],"picked":"Escape Plan+1","floor":44},{"not_picked":["hubris:SlightOfHand+1","hubris:Counter+1"],"picked":"Replay:Bag of Tricks","floor":45},{"not_picked":["Deflect","Flying Knee"],"picked":"Prepared","floor":47}],"player_experience":239577,"relics_obtained":[{"floor":2,"key":"Boot"},{"floor":6,"key":"Snack Pack"},{"floor":8,"key":"hubris:DeckOfHolding"},{"floor":9,"key":"ReplayFunnel"},{"floor":10,"key":"aspiration:FrozenJewel"},{"floor":14,"key":"Strawberry"},{"floor":24,"key":"hubris:CuriousFeather"},{"floor":26,"key":"Meat on the Bone"},{"floor":29,"key":"Vajra"},{"floor":31,"key":"hubris:SlimyHat"},{"floor":36,"key":"aspiration:HatOfInfinitePower"},{"floor":37,"key":"Thread and Needle"},{"floor":40,"key":"Anchor"},{"floor":43,"key":"Pear"},{"floor":45,"key":"Replay:Rubber Ducky"}],"event_choices":[{"cards_removed":["Strike_G"],"damage_healed":0,"gold_gain":0,"player_choice":"Card Removal","damage_taken":0,"max_hp_gain":0,"max_hp_loss":0,"event_name":"The Cleric","floor":5,"gold_loss":50},{"damage_healed":0,"gold_gain":0,"player_choice":"Fight","damage_taken":0,"max_hp_gain":0,"max_hp_loss":0,"event_name":"MindBloom","floor":36,"gold_loss":0},{"damage_healed":0,"gold_gain":0,"player_choice":"Fight","damage_taken":0,"max_hp_gain":0,"max_hp_loss":0,"event_name":"Mysterious Sphere","floor":37,"gold_loss":0},{"damage_healed":0,"gold_gain":0,"player_choice":"Memory 1","damage_taken":0,"max_hp_gain":0,"max_hp_loss":0,"event_name":"SensoryStone","floor":42,"gold_loss":0},{"damage_healed":0,"gold_gain":0,"player_choice":"Upgraded","damage_taken":0,"max_hp_gain":0,"max_hp_loss":0,"event_name":"Upgrade Shrine","floor":48,"gold_loss":0,"cards_upgraded":["Cloak And Dagger"]}],"is_beta":false,"boss_relics":[{"not_picked":["Fusion Hammer","Snecko Eye"],"picked":"WristBlade"},{"not_picked":["ChewingGum","Runic Dome"],"picked":"hubris:TerracottaHorce"}],"items_purged_floors":[27,46],"is_endless":false,"potions_floor_spawned":[7,8,11,18,21,29,33,37,44,45],"ascension_level":5}}