{"host":"41vgbr386mrj4p17","time":1612912274,"event":{"mods":["AchievementEnabler","AlwaysNeverKeys","BaseMod","Bestiary","Better Altar","Better Match","Better Note","Better Sensory Stone","Better Skull","Better Third Choice","Colored Map","Curses Come First","Downfall","Googly Eyes","Hermit","Highlight Path","Minty Spire (QoL Compilation)","Shade Mod","StSLib","The Cursed"],"gold_per_floor":[112,112,187,33,45,45,55,82,82,94,114,114,148,162,162,264,264,247,264,264,274,287,287,320,230,253,270,270,270],"floor_reached":28,"language":"ENG","playtime":1946,"items_purged":[],"score":353,"play_id":"70feb747-15f5-41c7-a1a9-d8093de5f649","local_time":"20210209181114","is_ascension_mode":true,"campfire_choices":[{"data":"TheCursedMod:CleanUpWorkshop","floor":6,"key":"SMITH"},{"data":"TheCursedMod:CursedWand","floor":12,"key":"SMITH"},{"data":"TheCursedMod:CursedBoomerang","floor":15,"key":"SMITH"},{"data":"TheCursedMod:CircleOfAbyss","floor":23,"key":"SMITH"}],"circlet_count":0,"master_deck":["TheCursedMod:Strike_TheCursed","TheCursedMod:Strike_TheCursed","TheCursedMod:Strike_TheCursed","TheCursedMod:Strike_TheCursed","TheCursedMod:Defend_TheCursed","TheCursedMod:Defend_TheCursed","TheCursedMod:CursedWand+1","TheCursedMod:CleanUpWorkshop+1","TheCursedMod:Dregs","TheCursedMod:RapidMovement","Flash of Steel","TheCursedMod:CursedBoomerang+1","TheCursedMod:VoidForm+1","TheCursedMod:SurpriseAttack","TheCursedMod:LuckyCharm+1","TheCursedMod:CursedShiv+1","TheCursedMod:CircleOfAbyss+1","TheCursedMod:SpitefulPlan+1","TheCursedMod:SurpriseAttack"],"relics":["TheCursedMod:BlackMagic101","PreservedInsect","Frozen Egg 2","Bottled Flame","Meat on the Bone","Black Star","Peace Pipe","Tiny Chest","Dream Catcher"],"acts_visited":["Exordium","TheCity"],"potions_floor_usage":[10,13,16,16,16,16,24,24,24],"damage_taken":[{"damage":2,"enemies":"Small Slimes","floor":1,"turns":6},{"damage":0,"enemies":"2 Louse","floor":5,"turns":3},{"damage":0,"enemies":"Cultist","floor":7,"turns":4},{"damage":15,"enemies":"Lagavulin","floor":8,"turns":7},{"damage":2,"enemies":"Blue Slaver","floor":10,"turns":4},{"damage":3,"enemies":"Red Slaver","floor":11,"turns":4},{"damage":11,"enemies":"Gremlin Nob","floor":13,"turns":3},{"damage":9,"enemies":"Exordium Thugs","floor":14,"turns":6},{"damage":19,"enemies":"The Guardian","floor":16,"turns":6},{"damage":28,"enemies":"2 Thieves","floor":18,"turns":4},{"damage":22,"enemies":"Spheric Guardian","floor":19,"turns":4},{"damage":20,"enemies":"3 Cultists","floor":21,"turns":5},{"damage":12,"enemies":"Snecko","floor":22,"turns":5},{"damage":11,"enemies":"Book of Stabbing","floor":24,"turns":3},{"damage":26,"enemies":"Centurion and Healer","floor":27,"turns":5},{"damage":28,"enemies":"Slavers","floor":28,"turns":2}],"seed_played":"-1780584124715093917","potions_obtained":[{"floor":7,"key":"GamblersBrew"},{"floor":8,"key":"FearPotion"},{"floor":11,"key":"EntropicBrew"},{"floor":16,"key":"AttackPotion"},{"floor":21,"key":"AttackPotion"},{"floor":22,"key":"PowerPotion"}],"is_trial":false,"path_per_floor":["M","?","?","$","M","R","M","E","T","M","M","R","E","M","R","B",null,"M","M","?","M","M","R","E","?","T","M","E"],"character_chosen":"THE_CURSED","items_purchased":["PreservedInsect"],"campfire_rested":0,"item_purchase_floors":[4],"current_hp_per_floor":[73,73,65,65,65,65,65,50,50,48,45,45,34,37,37,30,69,53,43,43,35,35,35,36,36,36,22,0,0],"gold":270,"neow_bonus":"TEN_PERCENT_HP_BONUS","is_daily":false,"chose_seed":false,"campfire_upgraded":4,"win_rate":0.0,"timestamp":1612912274,"path_taken":["M","?","?","$","M","R","M","E","T","M","?","R","E","M","R","BOSS","M","M","?","?","M","R","E","?","T","M","E"],"items_purchased_type":["Relic"],"build_version":"2020-12-22","purchased_purges":0,"victory":false,"max_hp_per_floor":[82,82,82,82,82,82,82,82,82,82,82,82,82,82,82,82,82,82,82,82,82,82,82,82,82,82,82,82,82],"card_choices":[{"not_picked":["TheCursedMod:RavingStaff","TheCursedMod:CircleOfCorruption"],"picked":"TheCursedMod:RapidMovement","floor":1},{"not_picked":["PanicButton","Good Instincts"],"picked":"Flash of Steel","floor":2},{"not_picked":["TheCursedMod:Obscuration","TheCursedMod:Grudge","TheCursedMod:SmokeScreen"],"picked":"SKIP","floor":5},{"not_picked":["TheCursedMod:Grudge","TheCursedMod:Wield"],"picked":"TheCursedMod:CursedBoomerang","floor":7},{"not_picked":["TheCursedMod:Grudge","TheCursedMod:Torture"],"picked":"TheCursedMod:VoidForm+1","floor":8},{"not_picked":["TheCursedMod:CircleOfAmplification","TheCursedMod:TacticalStrike","TheCursedMod:CursedMace"],"picked":"SKIP","floor":10},{"not_picked":["TheCursedMod:Obscuration","TheCursedMod:Torture"],"picked":"TheCursedMod:SurpriseAttack","floor":11},{"not_picked":["TheCursedMod:CursedBlade","TheCursedMod:CursedBoomerang"],"picked":"TheCursedMod:LuckyCharm+1","floor":13},{"not_picked":["TheCursedMod:Wield","TheCursedMod:CursedArmor"],"picked":"TheCursedMod:CursedShiv","floor":14},{"not_picked":["TheCursedMod:CursedRelics","TheCursedMod:VoidForm+1"],"picked":"TheCursedMod:CircleOfAbyss","floor":16},{"not_picked":["TheCursedMod:CircleOfCorruption","TheCursedMod:Stretching+1"],"picked":"TheCursedMod:SpitefulPlan+1","floor":18},{"not_picked":["TheCursedMod:Mangle","TheCursedMod:VitalStrike+1","TheCursedMod:AbyssShockwave"],"picked":"SKIP","floor":19},{"not_picked":["TheCursedMod:SpreadPlague","TheCursedMod:Stretching","TheCursedMod:Stigma"],"picked":"SKIP","floor":21},{"not_picked":["TheCursedMod:RapidMovement","TheCursedMod:CircleOfCorruption+1","TheCursedMod:TacticalStrike+1"],"picked":"SKIP","floor":22},{"not_picked":["TheCursedMod:CircleOfCorruption","TheCursedMod:CircleOfFocus","TheCursedMod:CursedBlade"],"picked":"SKIP","floor":24},{"not_picked":["TheCursedMod:CursedMace","TheCursedMod:StingEye+1"],"picked":"TheCursedMod:SurpriseAttack","floor":27}],"player_experience":1066021,"relics_obtained":[{"floor":8,"key":"Frozen Egg 2"},{"floor":9,"key":"Bottled Flame"},{"floor":13,"key":"Meat on the Bone"},{"floor":24,"key":"Peace Pipe"},{"floor":24,"key":"Tiny Chest"},{"floor":26,"key":"Dream Catcher"}],"event_choices":[{"damage_healed":0,"gold_gain":1,"player_choice":"1","damage_taken":0,"max_hp_gain":0,"max_hp_loss":0,"event_name":"betterStone:BetterStone","floor":2,"gold_loss":0},{"damage_healed":0,"gold_gain":75,"player_choice":"Touch","damage_taken":8,"max_hp_gain":0,"max_hp_loss":0,"event_name":"FaceTrader","floor":3,"gold_loss":0},{"cards_removed":["TheCursedMod:Defend_TheCursed"],"damage_healed":0,"gold_gain":0,"player_choice":"Purged","damage_taken":0,"max_hp_gain":0,"max_hp_loss":0,"event_name":"Purifier","floor":20,"gold_loss":0},{"cards_removed":["TheCursedMod:Defend_TheCursed"],"damage_healed":0,"gold_gain":0,"player_choice":"Upgrade and Remove","damage_taken":0,"max_hp_gain":0,"max_hp_loss":0,"event_name":"Designer","floor":25,"gold_loss":90,"cards_upgraded":["TheCursedMod:CursedShiv"]}],"is_beta":false,"boss_relics":[{"not_picked":["Astrolabe","Pandora\u0027s Box"],"picked":"Black Star"}],"items_purged_floors":[],"is_endless":false,"potions_floor_spawned":[7,8,11,16,21,22],"killed_by":"Slavers","ascension_level":8}}