{"host":"Oniwa","time":1612872312,"event":{"mods":["BaseMod","Colored Map","Colored Powertips","Minty Spire (QoL Compilation)","Relic Stats","Slay the Relics Exporter","SpireBot","StSLib","ojb\u0027s Better Paths Mod","ojb\u0027s Info Mod"],"gold_per_floor":[318,73,73,73,73,73,90,107,159,189,204,234,265,308,320,406,418,445,457,489,501,23,23,51,51,51,79,95,120,20,20,20,92,92,109,119,171,61,86,115,134,162,189,189,209,223,253,269,269,269,269,269,269,11,42,42],"floor_reached":57,"language":"JPN","playtime":6089,"items_purged":["Strike_G","Normality","Decay"],"score":3086,"play_id":"19c5e3d8-b6d8-470b-878b-10e006b1ece1","local_time":"20210209210512","is_ascension_mode":true,"campfire_choices":[{"data":"Eviscerate","floor":6,"key":"SMITH"},{"data":"Leg Sweep","floor":15,"key":"SMITH"},{"data":"Footwork","floor":23,"key":"SMITH"},{"floor":25,"key":"REST"},{"data":"Infinite Blades","floor":32,"key":"SMITH"},{"data":"Well Laid Plans","floor":44,"key":"SMITH"},{"floor":49,"key":"RECALL"},{"data":"After Image","floor":53,"key":"SMITH"}],"circlet_count":0,"master_deck":["AscendersBane","Strike_G","Defend_G","Defend_G","Defend_G","Defend_G","Defend_G","Survivor","Neutralize","Underhanded Strike","Eviscerate+1","Endless Agony","All Out Attack","Leg Sweep+1","Skewer","Backstab","Dodge and Roll","PiercingWail","Burst","Infinite Blades+1","Finisher+1","Crippling Poison+1","All Out Attack+1","Crippling Poison","Well Laid Plans+1","Blade Dance+1","Backflip+1","Footwork+1","Envenom","Cloak And Dagger+1","Acrobatics+1","Backflip+1","Blur+1","After Image+1","Blade Dance+1","Prepared+1","Blade Dance+1","Concentrate+1","Prepared+1","Noxious Fumes+1","Outmaneuver+1","Cloak And Dagger+1","Dodge and Roll+1","Deadly Poison+1","Calculated Gamble+1"],"relics":["Ring of the Serpent","Old Coin","Pen Nib","White Beast Statue","Bronze Scales","Kunai","MawBank","Prayer Wheel","Cursed Key","Toxic Egg 2","Bag of Marbles","Mercury Hourglass","Incense Burner","Tiny Chest","Bird Faced Urn","Pocketwatch","Toy Ornithopter","Ginger","Bag of Preparation","Ninja Scroll"],"acts_visited":["Exordium","TheCity","TheBeyond","TheEnding"],"potions_floor_usage":[10,10,12,14,16,18,20,24,27,29,33,33,33,35,36,37,37,40,41,42,45,47,48,56,56],"damage_taken":[{"damage":1,"enemies":"Small Slimes","floor":1,"turns":4},{"damage":0,"enemies":"Jaw Worm","floor":7,"turns":3},{"damage":0,"enemies":"2 Louse","floor":8,"turns":2},{"damage":5,"enemies":"3 Sentries","floor":10,"turns":5},{"damage":0,"enemies":"Large Slime","floor":11,"turns":4},{"damage":14,"enemies":"Lagavulin","floor":12,"turns":10},{"damage":0,"enemies":"Gremlin Gang","floor":13,"turns":3},{"damage":0,"enemies":"Gremlin Nob","floor":14,"turns":1},{"damage":0,"enemies":"The Guardian","floor":16,"turns":15},{"damage":0,"enemies":"3 Byrds","floor":18,"turns":2},{"damage":0,"enemies":"Shell Parasite","floor":20,"turns":1},{"damage":4,"enemies":"Book of Stabbing","floor":24,"turns":4},{"damage":9,"enemies":"Slavers","floor":27,"turns":4},{"damage":2,"enemies":"Snecko","floor":28,"turns":5},{"damage":15,"enemies":"Gremlin Leader","floor":29,"turns":7},{"damage":0,"enemies":"Collector","floor":33,"turns":8},{"damage":7,"enemies":"3 Darklings","floor":35,"turns":4},{"damage":4,"enemies":"3 Shapes","floor":36,"turns":3},{"damage":11,"enemies":"2 Orb Walkers","floor":37,"turns":4},{"damage":0,"enemies":"Mind Bloom Boss Battle","floor":39,"turns":5},{"damage":1,"enemies":"Reptomancer","floor":40,"turns":6},{"damage":0,"enemies":"Writhing Mass","floor":41,"turns":9},{"damage":6,"enemies":"Nemesis","floor":42,"turns":7},{"damage":0,"enemies":"Spire Growth","floor":45,"turns":4},{"damage":2,"enemies":"Maw","floor":46,"turns":7},{"damage":0,"enemies":"Reptomancer","floor":47,"turns":6},{"damage":10,"enemies":"Jaw Worm Horde","floor":48,"turns":4},{"damage":15,"enemies":"Donu and Deca","floor":50,"turns":11},{"damage":18,"enemies":"Awakened One","floor":51,"turns":28},{"damage":5,"enemies":"Shield and Spear","floor":55,"turns":11},{"damage":58,"enemies":"The Heart","floor":56,"turns":10}],"seed_played":"-3013477401914739813","potions_obtained":[{"floor":1,"key":"GamblersBrew"},{"floor":7,"key":"GamblersBrew"},{"floor":8,"key":"LiquidMemories"},{"floor":10,"key":"ColorlessPotion"},{"floor":11,"key":"LiquidBronze"},{"floor":12,"key":"FearPotion"},{"floor":14,"key":"GamblersBrew"},{"floor":16,"key":"Fire Potion"},{"floor":18,"key":"FearPotion"},{"floor":20,"key":"BlessingOfTheForge"},{"floor":24,"key":"EntropicBrew"},{"floor":27,"key":"DistilledChaos"},{"floor":28,"key":"SteroidPotion"},{"floor":29,"key":"LiquidBronze"},{"floor":33,"key":"SteroidPotion"},{"floor":35,"key":"Block Potion"},{"floor":36,"key":"Strength Potion"},{"floor":37,"key":"SpeedPotion"},{"floor":39,"key":"GhostInAJar"},{"floor":40,"key":"Dexterity Potion"},{"floor":41,"key":"Swift Potion"},{"floor":42,"key":"SkillPotion"},{"floor":45,"key":"Poison Potion"},{"floor":47,"key":"EssenceOfSteel"},{"floor":48,"key":"Explosive Potion"}],"is_trial":false,"path_per_floor":["M","$","?","?","T","R","M","M","T","E","M","E","M","E","R","B",null,"M","?","M","?","$","R","E","R","T","E","M","E","$","?","R","B",null,"M","M","?","$","?","E","M","E","T","R","M","M","E","M","R","B","B",null,"R","$","E","B",null],"character_chosen":"THE_SILENT","items_purchased":["Pen Nib","Eviscerate","Toxic Egg 2","Blade Dance+1","Backflip+1","Footwork","Strength Potion","Prepared+1","DuplicationPotion","ColorlessPotion"],"campfire_rested":1,"item_purchase_floors":[2,2,22,22,22,22,38,38,54,54],"current_hp_per_floor":[58,58,58,51,51,51,51,51,51,46,46,32,32,32,32,32,58,58,40,40,40,40,40,36,57,57,48,46,31,31,31,31,31,61,54,50,39,39,47,56,71,71,71,71,71,71,71,65,65,62,52,66,66,66,69,29],"gold":42,"neow_bonus":"ONE_RARE_RELIC","is_daily":false,"chose_seed":false,"campfire_upgraded":6,"win_rate":0.0,"timestamp":1612872312,"path_taken":["M","$","?","?","?","R","M","M","T","E","M","E","M","E","R","BOSS","M","?","M","?","$","R","E","R","T","E","M","E","$","?","R","BOSS","M","M","?","$","?","E","M","E","T","R","M","M","E","M","R","BOSS","BOSS","R","$","E","BOSS"],"items_purchased_type":["Relic","Card","Relic","Card","Card","Card","Potion","Card","Potion","Potion"],"build_version":"2020-12-18","purchased_purges":3,"victory":true,"max_hp_per_floor":[66,66,66,66,66,66,66,66,66,66,66,66,66,66,66,66,66,66,71,71,71,71,71,71,71,71,71,71,71,71,71,71,71,71,71,71,71,71,71,71,71,71,71,71,71,71,71,71,71,71,71,71,71,71,71,71],"relic_stats":{"counters":[31,195],"Pen Nib":[63],"Bag of Preparation":[9],"Ginger":[8],"MawBank":120,"Cursed Key":2,"Mercury Hourglass":[523],"Bronze Scales":[700],"Bird Faced Urn":[79],"Prayer Wheel":9,"Tiny Chest":0,"Kunai":[160],"obtain_stats":[{"Pen Nib":2,"Incense Burner":27,"Bag of Preparation":47,"Ginger":42,"MawBank":12,"Cursed Key":17,"White Beast Statue":5,"Old Coin":0,"Mercury Hourglass":26,"Ninja Scroll":55,"Bronze Scales":9,"Bird Faced Urn":37,"Prayer Wheel":14,"Tiny Chest":29,"Bag of Marbles":24,"Kunai":10,"Toxic Egg 2":22,"Ring of the Serpent":34,"Toy Ornithopter":40,"Ring of the Snake":0,"Pocketwatch":39},{"Pen Nib":1,"Incense Burner":13,"Bag of Preparation":26,"Ginger":23,"MawBank":6,"Cursed Key":9,"White Beast Statue":1,"Old Coin":0,"Mercury Hourglass":12,"Ninja Scroll":30,"Bronze Scales":3,"Bird Faced Urn":19,"Prayer Wheel":8,"Tiny Chest":15,"Bag of Marbles":12,"Kunai":4,"Toxic Egg 2":11,"Ring of the Serpent":16,"Toy Ornithopter":21,"Ring of the Snake":0,"Pocketwatch":20},{"Pen Nib":4,"Incense Burner":58,"Bag of Preparation":131,"Ginger":114,"MawBank":28,"Cursed Key":47,"White Beast Statue":4,"Old Coin":0,"Mercury Hourglass":54,"Ninja Scroll":185,"Bronze Scales":9,"Bird Faced Urn":88,"Prayer Wheel":32,"Tiny Chest":70,"Bag of Marbles":54,"Kunai":14,"Toxic Egg 2":50,"Ring of the Serpent":78,"Toy Ornithopter":98,"Ring of the Snake":0,"Pocketwatch":92}],"Toy Ornithopter":12,"Pocketwatch":[12]},"card_choices":[{"not_picked":["Setup","Bane"],"picked":"Underhanded Strike","floor":1},{"not_picked":["Backflip","Sucker Punch"],"picked":"Endless Agony","floor":7},{"not_picked":["Outmaneuver","Acrobatics"],"picked":"All Out Attack","floor":8},{"not_picked":["Burst","Reflex"],"picked":"Leg Sweep","floor":10},{"not_picked":["Quick Slash","Deflect"],"picked":"Skewer","floor":11},{"not_picked":["Quick Slash","Skewer"],"picked":"Backstab","floor":12},{"not_picked":["Bane","Flying Knee"],"picked":"Dodge and Roll","floor":13},{"not_picked":["Flying Knee","Prepared"],"picked":"PiercingWail","floor":14},{"not_picked":["Unload","Doppelganger"],"picked":"Burst","floor":16},{"not_picked":["Cloak And Dagger","Underhanded Strike"],"picked":"Infinite Blades","floor":18},{"not_picked":["Deadly Poison","PiercingWail"],"picked":"Finisher+1","floor":18},{"not_picked":["Acrobatics","Deadly Poison"],"picked":"Crippling Poison+1","floor":20},{"not_picked":["Choke","Sucker Punch"],"picked":"All Out Attack+1","floor":20},{"not_picked":["Expertise+1","PiercingWail+1"],"picked":"Envenom","floor":24},{"not_picked":["Dodge and Roll+1","Sucker Punch"],"picked":"Cloak And Dagger+1","floor":27},{"not_picked":["Flechettes","Sucker Punch"],"picked":"Acrobatics+1","floor":28},{"not_picked":["Caltrops","Escape Plan+1"],"picked":"Backflip+1","floor":28},{"not_picked":["All Out Attack","Setup+1"],"picked":"Blur+1","floor":29},{"not_picked":["Doppelganger+1","Die Die Die"],"picked":"After Image","floor":33},{"not_picked":["Acrobatics+1","PiercingWail+1"],"picked":"Blade Dance+1","floor":35},{"not_picked":["Acrobatics+1","All Out Attack"],"picked":"Prepared+1","floor":35},{"not_picked":["Quick Slash","Deadly Poison+1"],"picked":"Blade Dance+1","floor":36},{"not_picked":["Deadly Poison+1","Dagger Throw","Sucker Punch+1"],"picked":"SKIP","floor":36},{"not_picked":["Corpse Explosion+1","Dagger Throw+1"],"picked":"Concentrate+1","floor":37},{"not_picked":["Prepared+1","Underhanded Strike"],"picked":"Noxious Fumes+1","floor":39},{"not_picked":["Quick Slash","Unload","Flying Knee"],"picked":"SKIP","floor":40},{"not_picked":["PiercingWail+1","Finisher"],"picked":"Outmaneuver+1","floor":41},{"not_picked":["Underhanded Strike","Deadly Poison+1"],"picked":"Cloak And Dagger+1","floor":41},{"not_picked":["Choke","Prepared+1","Finisher"],"picked":"SKIP","floor":42},{"not_picked":["Leg Sweep+1","Masterful Stab"],"picked":"Dodge and Roll+1","floor":45},{"not_picked":["Dagger Throw","Unload","Prepared+1"],"picked":"SKIP","floor":45},{"not_picked":["Tactician+1","Deflect+1"],"picked":"Deadly Poison+1","floor":46},{"not_picked":["Deflect+1","All Out Attack+1"],"picked":"Calculated Gamble+1","floor":46},{"not_picked":["Unload","Dodge and Roll+1","Finisher+1"],"picked":"SKIP","floor":47},{"not_picked":["Flying Knee","Dagger Throw","Deadly Poison+1"],"picked":"SKIP","floor":48},{"not_picked":["All Out Attack","Poisoned Stab","Backstab+1"],"picked":"SKIP","floor":48},{"not_picked":["Outmaneuver+1","All Out Attack+1","Die Die Die"],"picked":"SKIP","floor":55}],"player_experience":2690441,"relics_obtained":[{"floor":5,"key":"White Beast Statue"},{"floor":9,"key":"Bronze Scales"},{"floor":10,"key":"Kunai"},{"floor":12,"key":"MawBank"},{"floor":14,"key":"Prayer Wheel"},{"floor":24,"key":"Bag of Marbles"},{"floor":26,"key":"Mercury Hourglass"},{"floor":27,"key":"Incense Burner"},{"floor":29,"key":"Tiny Chest"},{"floor":37,"key":"Bird Faced Urn"},{"floor":39,"key":"Pocketwatch"},{"floor":40,"key":"Toy Ornithopter"},{"floor":42,"key":"Ginger"},{"floor":47,"key":"Bag of Preparation"},{"floor":55,"key":"Ninja Scroll"}],"event_choices":[{"damage_healed":0,"gold_gain":0,"player_choice":"Leave","damage_taken":0,"max_hp_gain":0,"max_hp_loss":0,"event_name":"The Cleric","floor":3,"gold_loss":0},{"cards_removed":["Strike_G"],"damage_healed":0,"gold_gain":0,"player_choice":"Card Removal","damage_taken":7,"max_hp_gain":0,"max_hp_loss":0,"event_name":"Golden Wing","floor":4,"gold_loss":0},{"damage_healed":0,"gold_gain":0,"player_choice":"Shed Blood","damage_taken":23,"max_hp_gain":5,"max_hp_loss":0,"event_name":"Forgotten Altar","floor":19,"gold_loss":0},{"damage_healed":0,"gold_gain":0,"cards_transformed":["Strike_G","Strike_G"],"player_choice":"Became Test Subject","damage_taken":0,"max_hp_gain":0,"max_hp_loss":0,"event_name":"Drug Dealer","floor":21,"gold_loss":0,"cards_obtained":["Crippling Poison","Well Laid Plans"]},{"damage_healed":0,"gold_gain":0,"player_choice":"Ignored","damage_taken":0,"max_hp_gain":0,"max_hp_loss":0,"event_name":"The Mausoleum","floor":31,"gold_loss":0},{"damage_healed":0,"gold_gain":0,"player_choice":"Fight","damage_taken":0,"max_hp_gain":0,"max_hp_loss":0,"event_name":"Mysterious Sphere","floor":37,"gold_loss":0},{"damage_healed":0,"gold_gain":0,"player_choice":"Fight","damage_taken":0,"max_hp_gain":0,"max_hp_loss":0,"event_name":"MindBloom","floor":39,"gold_loss":0}],"is_beta":true,"boss_relics":[{"not_picked":["Busted Crown","Calling Bell"],"picked":"Cursed Key"},{"not_picked":["Tiny House","Sozu"],"picked":"Ring of the Serpent"}],"items_purged_floors":[22,30,54],"is_endless":false,"potions_floor_spawned":[1,7,8,10,11,12,13,14,16,18,20,24,27,28,29,33,35,36,37,39,40,41,42,45,46,47,48,55],"ascension_level":20}}