{"host":"s24sb66hw4a4sfft","time":1612890895,"event":{"mods":["AchievementEnabler","BaseMod","Colored Map","Colored Powertips","Googly Eyes","Hermit","Hubris","Minty Spire (QoL Compilation)","Quick Restart","Shop Mod","StSLib"],"gold_per_floor":[112,187,75,75,85,85,85,85,85,85,108,152,152,64,64,64,64],"floor_reached":16,"language":"ENG","playtime":568,"items_purged":["hermit:Defend_Hermit"],"score":96,"play_id":"7004122f-ea3c-4823-bd3d-bb9eb6f7ab21","local_time":"20210209121455","is_ascension_mode":false,"campfire_choices":[{"data":"hermit:GoldenBullet","floor":7,"key":"SMITH"},{"data":"hermit:GoldenBullet","floor":10,"key":"SMITH"},{"floor":13,"key":"REST"},{"data":"Mind Blast","floor":15,"key":"SMITH"}],"circlet_count":0,"master_deck":["hermit:Strike_Hermit","hermit:Strike_Hermit","hermit:Strike_Hermit","hermit:Strike_Hermit","hermit:Defend_Hermit","hermit:Defend_Hermit","hermit:Defend_Hermit","hermit:Snapshot","hermit:Covet","hermit:Shortfuse","hermit:Feint","hermit:GoldenBullet+1","Regret","hermit:Feint","Injury","hermit:GoldenBullet+1","Mind Blast+1"],"relics":["hermit:Momento","Sundial","Golden Idol","Juzu Bracelet"],"acts_visited":["Exordium"],"potions_floor_usage":[],"damage_taken":[{"damage":0,"enemies":"Small Slimes","floor":1,"turns":1},{"damage":6,"enemies":"Jaw Worm","floor":5,"turns":3},{"damage":0,"enemies":"2 Louse","floor":11,"turns":1},{"damage":17,"enemies":"3 Sentries","floor":12,"turns":11},{"damage":63,"enemies":"The Guardian","floor":16,"turns":14}],"seed_played":"1991867995293173507","potions_obtained":[{"floor":12,"key":"SpeedPotion"}],"is_trial":false,"path_per_floor":["M","?","$","?","M","?","R","?","T","R","M","E","R","$","R","B"],"character_chosen":"HERMIT","items_purchased":["hermit:GoldenBullet","Mind Blast"],"campfire_rested":1,"item_purchase_floors":[3,14],"current_hp_per_floor":[75,64,64,64,58,58,58,58,58,58,58,41,63,63,63,0,0],"gold":64,"neow_bonus":"THREE_CARDS","is_daily":false,"chose_seed":false,"campfire_upgraded":3,"win_rate":0.0,"timestamp":1612890895,"path_taken":["M","?","$","?","M","?","R","?","T","R","?","E","R","?","R","BOSS"],"items_purchased_type":["Card","Card"],"build_version":"2020-12-22","purchased_purges":1,"victory":false,"max_hp_per_floor":[75,75,75,75,75,75,75,75,75,75,75,75,75,75,75,75,75],"card_choices":[{"not_picked":["hermit:Combo","hermit:Ricochet"],"picked":"hermit:Shortfuse","floor":0},{"not_picked":["hermit:Manifest","hermit:WideOpen"],"picked":"hermit:Feint","floor":1},{"not_picked":["hermit:BigShot","hermit:DeadMansHand"],"picked":"hermit:Feint","floor":5},{"not_picked":["hermit:CalledShot","hermit:Headshot","hermit:FromBeyond"],"picked":"SKIP","floor":11},{"not_picked":["hermit:Spite","hermit:TakeAim","hermit:Cheat"],"picked":"SKIP","floor":12}],"player_experience":597639,"relics_obtained":[{"floor":12,"key":"Juzu Bracelet"}],"event_choices":[{"damage_healed":0,"gold_gain":75,"player_choice":"Gather Gold","damage_taken":11,"max_hp_gain":0,"max_hp_loss":0,"event_name":"World of Goop","floor":2,"gold_loss":0},{"damage_healed":0,"gold_gain":0,"player_choice":"Box","damage_taken":0,"relics_obtained":["Sundial"],"max_hp_gain":0,"max_hp_loss":0,"event_name":"Big Fish","floor":4,"gold_loss":0,"cards_obtained":["Regret"]},{"damage_healed":0,"gold_gain":0,"player_choice":"Take Wound","damage_taken":0,"relics_obtained":["Golden Idol"],"max_hp_gain":0,"max_hp_loss":0,"event_name":"Golden Idol","floor":6,"gold_loss":0,"cards_obtained":["Injury"]}],"is_beta":false,"boss_relics":[],"items_purged_floors":[3],"is_endless":false,"potions_floor_spawned":[12],"killed_by":"The Guardian","ascension_level":0}}