{"host":"April","time":1612865763,"event":{"mods":["BaseMod","Minty Spire (QoL Compilation)"],"gold_per_floor":[369,386,9,21,21,53,53,85,154,174,174,174,24,52,52,155,155,174,191,191,191],"floor_reached":20,"language":"ENG","playtime":1407,"items_purged":[],"score":202,"play_id":"fa7e9009-dcfe-4653-a66b-690a329c9cbf","local_time":"20210209021603","is_ascension_mode":true,"campfire_choices":[{"floor":7.0,"key":"REST"},{"floor":11.0,"key":"REST"},{"floor":15.0,"key":"REST"}],"circlet_count":0,"master_deck":["Strike_G","Strike_G","Strike_G","Strike_G","Strike_G","Defend_G","Defend_G","Defend_G","Defend_G","Defend_G","Survivor","Neutralize","Deadly Poison","Noxious Fumes","Well Laid Plans","Riddle With Holes","Flying Knee","Footwork","Calculated Gamble","Reflex","Envenom","Concentrate","Crippling Poison+1"],"relics":["Ring of the Snake","Lantern","Omamori","Ginger","Art of War","Ancient Tea Set","Pear","Bag of Marbles","Vajra","SacredBark"],"acts_visited":["Exordium","TheCity"],"potions_floor_usage":[],"damage_taken":[{"damage":8.0,"enemies":"Cultist","floor":1.0,"turns":5.0},{"damage":0.0,"enemies":"2 Louse","floor":2.0,"turns":4.0},{"damage":3.0,"enemies":"Jaw Worm","floor":4.0,"turns":3.0},{"damage":28.0,"enemies":"Lagavulin","floor":6.0,"turns":6.0},{"damage":31.0,"enemies":"Gremlin Nob","floor":8.0,"turns":5.0},{"damage":0.0,"enemies":"Gremlin Gang","floor":10.0,"turns":5.0},{"damage":13.0,"enemies":"Lagavulin","floor":14.0,"turns":5.0},{"damage":28.0,"enemies":"The Guardian","floor":16.0,"turns":9.0},{"damage":14.0,"enemies":"2 Thieves","floor":18.0,"turns":5.0},{"damage":18.0,"enemies":"Spheric Guardian","floor":19.0,"turns":4.0},{"damage":25,"enemies":"Snake Plant","floor":20,"turns":4}],"seed_played":"-3035671719851925719","potions_obtained":[{"floor":2.0,"key":"EssenceOfSteel"},{"floor":8.0,"key":"AttackPotion"},{"floor":10.0,"key":"BlessingOfTheForge"},{"floor":14.0,"key":"Swift Potion"},{"floor":18.0,"key":"Fire Potion"},{"floor":19.0,"key":"Strength Potion"}],"is_trial":false,"path_per_floor":["M","M","$","M","?","E","R","E","T","M","R","?","$","E","R","B",null,"M","M","M"],"character_chosen":"THE_SILENT","items_purchased":["Lantern","Well Laid Plans","Omamori","Bag of Marbles"],"campfire_rested":3,"item_purchase_floors":[3,3,3,13],"current_hp_per_floor":[62,62,62,59,52,24,45,14,24,24,48,48,48,35,59,31,80,66,48,23,23],"gold":191,"neow_bonus":"TWO_FIFTY_GOLD","is_daily":false,"chose_seed":false,"campfire_upgraded":0,"win_rate":0.0,"timestamp":1612865763,"path_taken":["M","?","$","?","?","E","R","E","T","M","R","?","$","E","R","BOSS","M","?","M"],"items_purchased_type":["Relic","Card","Relic","Relic"],"build_version":"2020-12-18","purchased_purges":0,"victory":false,"max_hp_per_floor":[70,70,70,70,70,70,70,70,80,80,80,80,80,80,80,80,80,80,80,80,80],"card_choices":[{"not_picked":["Escape Plan","Deflect"],"picked":"Deadly Poison","floor":1.0},{"not_picked":["Slice","Bane"],"picked":"Noxious Fumes","floor":2.0},{"not_picked":["Leg Sweep","PiercingWail"],"picked":"Riddle With Holes","floor":4.0},{"not_picked":["Bane","Dodge and Roll"],"picked":"Flying Knee","floor":6.0},{"not_picked":["Flechettes","Cloak And Dagger"],"picked":"Footwork","floor":8.0},{"not_picked":["Quick Slash","Blade Dance"],"picked":"Calculated Gamble","floor":10.0},{"not_picked":["Endless Agony","Accuracy"],"picked":"Reflex","floor":14.0},{"not_picked":["Night Terror","Grand Finale"],"picked":"Envenom","floor":16.0},{"not_picked":["Calculated Gamble+1","Poisoned Stab"],"picked":"Concentrate","floor":18.0},{"not_picked":["Poisoned Stab","Quick Slash+1"],"picked":"Crippling Poison+1","floor":19.0}],"player_experience":2650965,"relics_obtained":[{"floor":6.0,"key":"Art of War"},{"floor":8.0,"key":"Ancient Tea Set"},{"floor":9.0,"key":"Pear"},{"floor":14.0,"key":"Vajra"}],"event_choices":[{"damage_healed":0.0,"max_hp_gain":0.0,"max_hp_loss":0.0,"gold_gain":0.0,"event_name":"Scrap Ooze","player_choice":"Success","floor":5.0,"gold_loss":0.0,"damage_taken":7.0,"relics_obtained":["Ginger"]},{"cards_removed":["Writhe"],"damage_healed":0.0,"max_hp_gain":0.0,"max_hp_loss":0.0,"gold_gain":0.0,"event_name":"Fountain of Cleansing","player_choice":"Removed Curses","floor":12.0,"gold_loss":0.0,"damage_taken":0.0}],"is_beta":true,"boss_relics":[{"not_picked":["Black Star","Runic Pyramid"],"picked":"SacredBark"}],"items_purged_floors":[],"is_endless":false,"potions_floor_spawned":[2,8,10,14,18,19],"killed_by":"Snake Plant","ascension_level":1}}