{"host":"92wx9z21c4p52du4","time":1612894968,"event":{"mods":["Act Like it!","Arknights","Bard","BaseMod","ChefMod","Elementarium","Evolution","Infinite Spire","Lobotomy","Minty Spire (QoL Compilation)","Relic Stats","Reliquary","Robot Space Explorer","StSLib","SuperFastMode","The Blue Laboratory","The Disciple","The Hierophant","The Jungle","The Runesmith","TheSurvivalist"],"gold_per_floor":[119,119,138,88,103,103,129,129,197,213,46,107,207,218,218,320,320,310,322,48,63,63,63],"floor_reached":22,"language":"ENG","playtime":1149,"items_purged":["ats:Strike V"],"score":186,"play_id":"958e2b05-4bec-4853-bd94-735796c519ad","local_time":"20210209122248","is_ascension_mode":false,"campfire_choices":[{"data":"ats:Armor Crushing Shot","floor":6,"key":"SMITH"},{"data":"ats:Emotion Absorption","floor":8,"key":"SMITH"},{"data":"ats:Counter Healing Mode","floor":15,"key":"SMITH"}],"circlet_count":0,"master_deck":["ats:Ignite","ats:Armor Crushing Shot+1","ats:Defend","ats:Defend","ats:Defend","ats:Emotion Absorption+1","ats:Support Order","ats:Flame Of Heaven","ats:Blood Oath","ats:Neurotoxin","ats:Consecutive Shot Auto","ats:Closed Bolt Burst Fire","ats:Guard Mode","ats:Shell Defense","ats:Hook Shot","ats:Revitalization","ats:Counter Healing Mode+1","ats:Echo Reverb","ats:Assault Order","ats:Overload","ats:Leaping Hammer+1"],"relics":["ats:Sanity","EVO:Axolotl","ats:Originium","Lantern","Bottled Flame","Bag of Preparation","SacredBark","Frozen Egg 2"],"acts_visited":["Exordium","TheCity"],"potions_floor_usage":[12,14,16,16,19],"damage_taken":[{"damage":10,"enemies":"Jaw Worm","floor":1,"turns":4},{"damage":2,"enemies":"2 Louse","floor":3,"turns":3},{"damage":6,"enemies":"Cultist","floor":5,"turns":4},{"damage":36,"enemies":"Gremlin Nob","floor":7,"turns":4},{"damage":0,"enemies":"Large Slime","floor":10,"turns":3},{"damage":18,"enemies":"Gremlin Nob","floor":12,"turns":5},{"damage":0,"enemies":"Gremlin Gang","floor":14,"turns":3},{"damage":53,"enemies":"Slime Boss","floor":16,"turns":16},{"damage":15,"enemies":"2 Thieves","floor":18,"turns":4},{"damage":0,"enemies":"Spheric Guardian","floor":19,"turns":3},{"damage":38,"enemies":"Snecko","floor":21,"turns":6},{"damage":47,"enemies":"Chosen and Byrds","floor":22,"turns":7}],"seed_played":"1083379226421685088","potions_obtained":[{"floor":3,"key":"Explosive Potion"},{"floor":10,"key":"blueLaboratory:FrostheartPotion"},{"floor":12,"key":"blueLaboratory:BubblePotion"},{"floor":14,"key":"blueLaboratory:BubblePotion"},{"floor":18,"key":"AttackPotion"}],"is_trial":false,"path_per_floor":["M","?","M","?","M","R","E","R","T","M","$","?","?","M","R","B",null,"M","M","$","M","M"],"character_chosen":"DOCTOR_CLASS","items_purchased":["ats:Shell Defense","ats:Hook Shot","Frozen Egg 2","ats:Overload"],"campfire_rested":0,"item_purchase_floors":[11,11,20,20],"current_hp_per_floor":[62,62,63,63,63,63,30,30,30,33,33,21,21,27,27,14,72,65,68,68,36,0,0],"gold":63,"neow_bonus":"TRANSFORM_CARD","is_daily":false,"chose_seed":false,"campfire_upgraded":3,"win_rate":0.0,"timestamp":1612894968,"path_taken":["M","?","M","?","M","R","E","R","T","M","$","?","?","M","R","BOSS","M","M","?","M","M"],"items_purchased_type":["Card","Card","Relic","Card"],"build_version":"2020-12-22","purchased_purges":1,"victory":false,"max_hp_per_floor":[72,72,72,72,72,72,72,72,72,72,72,72,72,72,72,72,72,72,72,72,72,72,72],"relic_stats":{"counters":[12,62],"Bag of Preparation":[14],"obtain_stats":[{"Lantern":7,"Bottled Flame":9,"ats:Originium":7,"SacredBark":17,"Bag of Preparation":12,"EVO:Axolotl":0,"ats:Sanity":0,"Frozen Egg 2":20},{"Lantern":4,"Bottled Flame":4,"ats:Originium":4,"SacredBark":8,"Bag of Preparation":5,"EVO:Axolotl":0,"ats:Sanity":0,"Frozen Egg 2":10},{"Lantern":15,"Bottled Flame":15,"ats:Originium":15,"SacredBark":42,"Bag of Preparation":18,"EVO:Axolotl":0,"ats:Sanity":0,"Frozen Egg 2":49}]},"card_choices":[{"not_picked":["ats:Red Shift","ats:Literary Storm"],"picked":"ats:Flame Of Heaven","floor":1},{"not_picked":["ats:Flexible Camouflage","ats:Curse Doll"],"picked":"ats:Neurotoxin","floor":3},{"not_picked":["ats:Hammer On","ats:Apocalypse"],"picked":"ats:Consecutive Shot Auto","floor":5},{"not_picked":["ats:Apocalypse","ats:Cat Scratch"],"picked":"ats:Closed Bolt Burst Fire","floor":7},{"not_picked":["ats:Phantom","ats:Very Hot Blade"],"picked":"ats:Guard Mode","floor":10},{"not_picked":["ats:Blood Oath","ats:Demon Strength"],"picked":"ats:Revitalization","floor":12},{"not_picked":["ats:Powerful Strike","ats:Magnetic Hammer"],"picked":"ats:Counter Healing Mode","floor":14},{"not_picked":["ats:Fractured Body","ats:True Silver Slash"],"picked":"ats:Echo Reverb","floor":16},{"not_picked":["ats:Shadow Raid+1","ats:Absolute Focus"],"picked":"ats:Assault Order","floor":18},{"not_picked":["ats:Explosion Area Strengthen","ats:Ignite","ats:Absolute Focus"],"picked":"SKIP","floor":19},{"not_picked":["ats:Consecutive Shot Auto","ats:Hammer On"],"picked":"ats:Leaping Hammer+1","floor":21}],"player_experience":243654,"relics_obtained":[{"floor":7,"key":"ats:Originium"},{"floor":7,"key":"Lantern"},{"floor":9,"key":"Bottled Flame"}],"event_choices":[{"damage_healed":0,"gold_gain":0,"cards_transformed":["ats:Strike S"],"player_choice":"Change","damage_taken":0,"max_hp_gain":0,"max_hp_loss":0,"event_name":"Living Wall","floor":2,"gold_loss":0,"cards_obtained":["ats:Blood Oath"]},{"cards_removed":["ats:Defend"],"damage_healed":0,"gold_gain":0,"player_choice":"Card Removal","damage_taken":0,"max_hp_gain":0,"max_hp_loss":0,"event_name":"The Cleric","floor":4,"gold_loss":50},{"damage_healed":0,"gold_gain":0,"player_choice":"Searched \u00272\u0027 times","damage_taken":0,"relics_obtained":["Bag of Preparation"],"max_hp_gain":0,"max_hp_loss":0,"event_name":"Dead Adventurer","floor":12,"gold_loss":0},{"damage_healed":0,"gold_gain":100,"player_choice":"Pray","damage_taken":0,"max_hp_gain":0,"max_hp_loss":0,"event_name":"Golden Shrine","floor":13,"gold_loss":0}],"is_beta":false,"boss_relics":[{"not_picked":["Runic Pyramid","Ectoplasm"],"picked":"SacredBark"}],"items_purged_floors":[11],"is_endless":false,"potions_floor_spawned":[3,10,12,14,18],"killed_by":"Chosen and Byrds","ascension_level":0}}