{"host":"d61fcf2p3sjwe6yo","time":1612859971,"event":{"mods":["BaseMod","Colored Map","Koishi","Marisa????????","Minty Spire (QoL Compilation)","StSLib","SuperFastMode","The Servant 0.9.4"],"gold_per_floor":[119,64,78,228,153,153,181,209,209,235,235,235],"floor_reached":11,"language":"ENG","playtime":506,"items_purged":["Doubt"],"score":138,"play_id":"1cf3af82-d97e-40a4-b4e1-9cf7ef34e701","local_time":"20210209113931","is_ascension_mode":true,"campfire_choices":[{"data":"MasterSpark","floor":6,"key":"SMITH"}],"circlet_count":0,"master_deck":["AscendersBane","Strike_MRS","Strike_MRS","Strike_MRS","Strike_MRS","Defend_MRS","Defend_MRS","Defend_MRS","Defend_MRS","MasterSpark+1","UpSweep","MillisecondPulsars","GalacticHalo","EventHorizon","Parasite","Parasite","NonDirectionalLaser"],"relics":["MiniHakkero","Pen Nib","Smiling Mask","Bottled Flame","BigShroomBag"],"acts_visited":["Exordium"],"potions_floor_usage":[8,11],"damage_taken":[{"damage":3,"enemies":"2 Louse","floor":1,"turns":3},{"damage":0,"enemies":"Cultist","floor":3,"turns":3},{"damage":30,"enemies":"3 Sentries","floor":7,"turns":11},{"damage":34,"enemies":"The Mushroom Lair","floor":8,"turns":5},{"damage":10,"enemies":"Lagavulin","floor":11,"turns":5}],"seed_played":"-3852325561914695658","potions_obtained":[{"floor":1,"key":"Fruit Juice"},{"floor":8,"key":"Fruit Juice"}],"is_trial":false,"path_per_floor":["M","?","M","?","$","R","E","?","T","T","E"],"character_chosen":"MARISA","items_purchased":[],"campfire_rested":0,"item_purchase_floors":[],"current_hp_per_floor":[60,60,60,60,60,60,30,1,1,1,2,2],"gold":235,"neow_bonus":"ONE_RANDOM_RARE_CARD","is_daily":false,"chose_seed":false,"campfire_upgraded":1,"win_rate":0.0,"timestamp":1612859971,"path_taken":["M","?","?","?","$","R","E","?","T","?","E"],"items_purchased_type":[],"build_version":"2020-12-22","purchased_purges":1,"victory":false,"max_hp_per_floor":[70,70,70,70,70,70,70,75,75,75,80,80],"card_choices":[{"not_picked":["SprinkleStarSeal","MilkyWay"],"picked":"GalacticHalo","floor":1},{"not_picked":["SporeBomb","NonDirectionalLaser"],"picked":"EventHorizon","floor":3},{"not_picked":["MaximisePower","UnstableBomb","MysteriousBeam"],"picked":"SKIP","floor":7},{"not_picked":["EnergyFlow","DC"],"picked":"NonDirectionalLaser","floor":8}],"player_experience":299754,"relics_obtained":[{"floor":7,"key":"Smiling Mask"},{"floor":8,"key":"ShroomBag"},{"floor":9,"key":"Bottled Flame"},{"floor":10,"key":"BigShroomBag"}],"event_choices":[{"damage_healed":0,"gold_gain":0,"player_choice":"Paid Gold","damage_taken":0,"relics_obtained":["Pen Nib"],"max_hp_gain":0,"max_hp_loss":0,"event_name":"WeMeetAgain","floor":2,"gold_loss":55},{"damage_healed":0,"gold_gain":150,"player_choice":"AGREE","damage_taken":0,"max_hp_gain":0,"max_hp_loss":0,"event_name":"Liars Game","floor":4,"gold_loss":0,"cards_obtained":["Doubt"]},{"damage_healed":0,"gold_gain":0,"player_choice":"Fought Mushrooms","damage_taken":0,"max_hp_gain":0,"max_hp_loss":0,"event_name":"Mushrooms_MRS","floor":8,"gold_loss":0}],"is_beta":false,"boss_relics":[],"items_purged_floors":[5],"is_endless":false,"potions_floor_spawned":[1,8],"killed_by":"Lagavulin","ascension_level":20}}