{"host":"oigynbtg272c19pw","time":1612879520,"event":{"mods":["BaseMod","Colored Map","Minty Spire (QoL Compilation)","Relic Stats","Slay the Relics Exporter","StSLib"],"gold_per_floor":[119,138,138,150,86,86,86],"floor_reached":6,"playtime":101,"items_purged":[],"score":72,"play_id":"a1ac4777-c2c9-4e67-9d55-bca50a115718","local_time":"20210209150520","is_ascension_mode":true,"campfire_choices":[],"circlet_count":0,"master_deck":["AscendersBane","Strike_P","Strike_P","Strike_P","Strike_P","Defend_P","Defend_P","Defend_P","Defend_P+1","Eruption","Vigilance","PathToVictory","WaveOfTheHand+1","PathToVictory"],"relics":["PureWater","NeowsBlessing"],"acts_visited":["Exordium"],"potions_floor_usage":[6],"damage_taken":[{"damage":0.0,"enemies":"Jaw Worm","floor":1.0,"turns":1.0},{"damage":0.0,"enemies":"Small Slimes","floor":2.0,"turns":1.0},{"damage":0.0,"enemies":"2 Louse","floor":4.0,"turns":1.0},{"damage":95,"enemies":"Gremlin Nob","floor":6,"turns":3}],"seed_played":"688059630009538567","potions_obtained":[{"floor":2.0,"key":"PowerPotion"},{"floor":4.0,"key":"LiquidBronze"}],"is_trial":false,"path_per_floor":["M","M","?","M","?","E"],"character_chosen":"WATCHER","items_purchased":[],"campfire_rested":0,"item_purchase_floors":[],"current_hp_per_floor":[61,61,41,41,41,0,0],"gold":86,"neow_bonus":"THREE_ENEMY_KILL","is_daily":false,"chose_seed":false,"campfire_upgraded":0,"win_rate":0.0,"timestamp":1612879520,"path_taken":["M","M","?","M","?","E"],"items_purchased_type":[],"build_version":"2020-12-13","purchased_purges":0,"victory":false,"max_hp_per_floor":[68,68,68,68,68,68,68],"relic_stats":{"counters":[4,6],"obtain_stats":[{"NeowsBlessing":0,"PureWater":0},{"NeowsBlessing":0,"PureWater":0},{"NeowsBlessing":0,"PureWater":0}]},"card_choices":[{"not_picked":["ClearTheMind","Perseverance"],"picked":"PathToVictory","floor":1.0},{"not_picked":["CrushJoints","MentalFortress"],"picked":"WaveOfTheHand","floor":2.0},{"not_picked":["SashWhip","CutThroughFate"],"picked":"PathToVictory","floor":4.0}],"player_experience":1573770,"relics_obtained":[],"event_choices":[{"damage_healed":0.0,"max_hp_gain":0.0,"max_hp_loss":0.0,"gold_gain":0.0,"event_name":"Shining Light","player_choice":"Entered Light","floor":3.0,"gold_loss":0.0,"damage_taken":20.0,"cards_upgraded":["WaveOfTheHand","Defend_P"]},{"damage_healed":0.0,"max_hp_gain":0.0,"max_hp_loss":0.0,"gold_gain":0.0,"event_name":"World of Goop","player_choice":"Left Gold","floor":5.0,"gold_loss":64.0,"damage_taken":0.0}],"is_beta":false,"boss_relics":[],"items_purged_floors":[],"is_endless":false,"potions_floor_spawned":[2,4],"killed_by":"Gremlin Nob","ascension_level":20}}