{"host":"6dypmz777xraikqf","time":1612897190,"event":{"mods":["AchievementEnabler","BaseMod","BetterRewards","Colored Map","Colored Powertips","Downfall","Highlight Path","Hubris","Infinite Spire","Minty Spire (QoL Compilation)","Replay The Spire","StSLib"],"gold_per_floor":[112,112,129,29,29,29,62,79,102,112,112,126,126,141,141,243,243,260,360,395,43,90,90,120,120,187,187,187,246,246,389,389,451,460,478,524,599,599,663,663,663,708,708,708,746],"floor_reached":51,"language":"ENG","playtime":2720,"items_purged":["Defend_P","Strike_P","hubris:Greed"],"score":1499,"play_id":"ccd18886-d884-4d48-9e86-50a77ab79445","local_time":"20210209185950","is_ascension_mode":true,"campfire_choices":[{"data":"Eruption","floor":6,"key":"SMITH"},{"floor":11,"key":"REST"},{"data":"TalkToTheHand","floor":13,"key":"SMITH"},{"data":"Replay:Hum","floor":15,"key":"SMITH"},{"floor":28,"key":"REST"},{"floor":30,"key":"REST"},{"floor":32,"key":"REST"},{"floor":41,"key":"REST"},{"floor":44,"key":"REST"},{"floor":47,"key":"REST"},{"floor":49,"key":"DIG"}],"circlet_count":0,"master_deck":["Strike_P","Strike_P","Defend_P+1","Defend_P+1","Defend_P+1","Eruption+1","Vigilance+1","Replay:Hum+1","FlyingSleeves+1","Wallop+1","Replay:BluntJabs+1","TalkToTheHand+1","Protect","Omniscience","hubris:Greed","Replay:Cycle+1","CurseOfTheBell","CurseOfTheBell","ReplayTheSpireMod:Restless Dread","CommonCold","Replay:LoomingThreat","hubris:Greed","hubris:Greed","Fasting2","ReplayTheSpireMod:Uncanny Aura","Study+1","CutThroughFate","EmptyBody+1","Protect","hubris:Greed","WheelKick+1","Tantrum","ConjureBlade","Replay:Cycle","Omniscience","ReplayTheSpireMod:Haul","infinitespire:Punishment","Scrawl"],"relics":["PureWater","Frozen Eye","Anchor","Ring of Panic","Ring of Misfortune","Gremlin Food","Akabeko","Fusion Hammer","downfall:ExtraCursedBell","infinitespire:CheckeredPen","hubris:SlimyHat","hubris:Teleporter","TungstenRod","hubris:Reverence","CeramicFish","Replay:Bandana","SlaversCollar","Chemical X","infinitespire:Beetle Shell","Letter Opener","Simple Rune"],"acts_visited":["Exordium","TheCity","TheBeyond"],"potions_floor_usage":[16,50,50],"damage_taken":[{"damage":5,"enemies":"Cultist","floor":1,"turns":4},{"damage":0,"enemies":"Jaw Worm","floor":3,"turns":2},{"damage":3,"enemies":"Replay:BlueRogue","floor":7,"turns":4},{"damage":9,"enemies":"Small Slimes","floor":8,"turns":2},{"damage":0,"enemies":"Exordium Thugs","floor":10,"turns":2},{"damage":1,"enemies":"Exordium Wildlife","floor":12,"turns":3},{"damage":0,"enemies":"Lots of Slimes","floor":14,"turns":2},{"damage":0,"enemies":"Slime Boss","floor":16,"turns":3},{"damage":0,"enemies":"3 Byrds","floor":18,"turns":6},{"damage":0,"enemies":"Shell Parasite","floor":20,"turns":4},{"damage":0,"enemies":"Replay:Snechameleon","floor":23,"turns":5},{"damage":2,"enemies":"Snecko","floor":25,"turns":5},{"damage":0,"enemies":"Book of Stabbing","floor":27,"turns":6},{"damage":0,"enemies":"Replay:Snechameleon","floor":31,"turns":6},{"damage":9,"enemies":"hubris:MusketHawk","floor":33,"turns":5},{"damage":2,"enemies":"Orb Walker","floor":35,"turns":3},{"damage":35,"enemies":"3 Darklings","floor":39,"turns":6},{"damage":35,"enemies":"Nemesis","floor":40,"turns":5},{"damage":0,"enemies":"Transient","floor":42,"turns":5},{"damage":8,"enemies":"Maw","floor":46,"turns":5},{"damage":0,"enemies":"Donu and Deca","floor":50,"turns":3}],"seed_played":"3741793819537189947","potions_obtained":[{"floor":1,"key":"BottledMiracle"},{"floor":7,"key":"bronze:BurnAndBuffPotion"},{"floor":12,"key":"Energy Potion"},{"floor":16,"key":"hexamod:SoulburnPotion"},{"floor":18,"key":"SpeedPotion"}],"is_trial":false,"path_per_floor":["M","?","M","$","?","R","E","M","T","M","R","M","R","M","R","B",null,"M","?","M","$","E","$","M","T","E","R","R","E","R","B",null,"M","?","AVR","M","E","R","M","T","R","M","R","R_BF","B",null],"character_chosen":"WATCHER","items_purchased":["Frozen Eye","Anchor","ReplayTheSpireMod:Uncanny Aura","Study","infinitespire:BlackPotion","CutThroughFate"],"campfire_rested":7,"item_purchase_floors":[0,0,21,21,21,21],"current_hp_per_floor":[54,54,54,54,54,54,51,42,42,42,63,62,62,62,62,62,72,72,77,77,77,77,77,75,75,75,77,77,77,77,68,77,75,75,75,40,5,28,28,28,51,43,66,66,66],"gold":746,"neow_bonus":"","is_daily":false,"chose_seed":false,"campfire_upgraded":3,"win_rate":0.0,"timestamp":1612897190,"path_taken":["M","?","M","$","?","R","E","M","T","M","R","M","R","?","R","BOSS","M","?","M","$","E","?","?","T","E","R","R","E","R","BOSS","M","?","AVR","M","E","R","?","T","R","M","R","R_BF","BOSS"],"items_purchased_type":["Relic","Relic","Card","Card","Potion","Card"],"build_version":"2020-12-22","purchased_purges":3,"victory":true,"max_hp_per_floor":[72,72,72,72,72,72,72,72,72,72,72,72,72,72,72,72,72,72,77,77,77,77,77,77,77,77,77,77,77,77,77,77,77,77,77,77,77,77,77,77,77,77,77,77,77],"card_choices":[{"not_picked":["Halt","CutThroughFate"],"picked":"Replay:Hum","floor":1},{"not_picked":["SashWhip","Evaluate"],"picked":"FlyingSleeves","floor":3},{"not_picked":["Fasting2","Collect"],"picked":"Wallop","floor":7},{"not_picked":["Halt","MasterReality","CrushJoints"],"picked":"SKIP","floor":8},{"not_picked":["CrushJoints","Consecrate"],"picked":"Replay:BluntJabs","floor":10},{"not_picked":["Conclude","ForeignInfluence"],"picked":"TalkToTheHand","floor":12},{"not_picked":["Replay:BluntJabs","SashWhip"],"picked":"Protect","floor":14},{"not_picked":["Blasphemy","Replay:LoomingThreat"],"picked":"Omniscience","floor":16},{"not_picked":["LikeWater","Evaluate"],"picked":"Replay:Cycle+1","floor":18},{"not_picked":["SashWhip","PathToVictory+1"],"picked":"Fasting2","floor":20},{"not_picked":["FlyingSleeves","Consecrate"],"picked":"EmptyBody+1","floor":23},{"not_picked":["Weave","Adaptation+1"],"picked":"Protect","floor":25},{"not_picked":["Conclude","EmptyFist"],"picked":"WheelKick+1","floor":27},{"not_picked":["Adaptation","Halt"],"picked":"Tantrum","floor":31},{"not_picked":["DeusExMachina","MasterReality"],"picked":"ConjureBlade","floor":33},{"not_picked":["Halt","Replay:Anticipation+1"],"picked":"Replay:Cycle","floor":35},{"not_picked":["EmptyFist","CrushJoints","Replay:DivineShield"],"picked":"SKIP","floor":39},{"not_picked":["Consecrate","Replay:AtTheReady+1"],"picked":"Scrawl","floor":40},{"not_picked":["Prostrate","TalkToTheHand","Halt+1"],"picked":"SKIP","floor":42},{"not_picked":["SignatureMove","Replay:Battleflow","Indignation"],"picked":"SKIP","floor":46}],"player_experience":208186,"relics_obtained":[{"floor":2,"key":"Ring of Panic"},{"floor":2,"key":"Ring of Misfortune"},{"floor":7,"key":"Gremlin Food"},{"floor":9,"key":"Akabeko"},{"floor":19,"key":"infinitespire:CheckeredPen"},{"floor":19,"key":"hubris:SlimyHat"},{"floor":19,"key":"hubris:Teleporter"},{"floor":23,"key":"TungstenRod"},{"floor":26,"key":"hubris:Reverence"},{"floor":27,"key":"CeramicFish"},{"floor":31,"key":"Replay:Bandana"},{"floor":40,"key":"infinitespire:Beetle Shell"},{"floor":43,"key":"Letter Opener"},{"floor":49,"key":"Simple Rune"}],"event_choices":[{"cards_removed":["Strike_P"],"damage_healed":0,"gold_gain":0,"player_choice":"Offered Basic","damage_taken":0,"max_hp_gain":0,"max_hp_loss":0,"event_name":"Bonfire Elementals","floor":5,"gold_loss":0},{"damage_healed":0,"gold_gain":0,"player_choice":"Copied","damage_taken":0,"max_hp_gain":0,"max_hp_loss":0,"event_name":"Duplicator","floor":37,"gold_loss":0,"cards_obtained":["Omniscience"]}],"is_beta":false,"boss_relics":[{"not_picked":["Snecko Eye","hubris:HollowSoul"],"picked":"Fusion Hammer"},{"not_picked":["hubris:Stopwatch","Painkiller Herb"],"picked":"SlaversCollar"}],"items_purged_floors":[0,4,38],"is_endless":false,"potions_floor_spawned":[1,7,12,16,18,20,25,33,35,42],"ascension_level":2}}