{"host":"epc8efk9vrywpcsw","time":1612876452,"event":{"mods":["BaseMod","Minty Spire (QoL Compilation)","Relic Stats","StSLib"],"gold_per_floor":[15,34,34,34,54,54,54,54,54,54,77,96,131,151,151,247,247,272,272,292,292,292,325,325,346,397,63,94,94,94,134,146,251,263,288,314,326,86,100,149,174,174,174,238,238,278,297,331,331,331,331],"floor_reached":52,"language":"ENG","playtime":1298,"items_purged":["Writhe"],"score":2221,"play_id":"026ea17f-6e2e-4cb0-80eb-57b065d85659","local_time":"20210209141412","is_ascension_mode":true,"campfire_choices":[{"data":"1","floor":6.0,"key":"LIFT"},{"data":"2","floor":8.0,"key":"LIFT"},{"data":"3","floor":15.0,"key":"LIFT"},{"data":"Heavy Blade","floor":24.0,"key":"SMITH"},{"floor":29.0,"key":"REST"},{"data":"Pummel","floor":32.0,"key":"SMITH"},{"data":"Double Tap","floor":42,"key":"SMITH"},{"floor":45,"key":"REST"},{"data":"Pummel","floor":49,"key":"SMITH"}],"circlet_count":0,"master_deck":["AscendersBane","Strike_R","Strike_R","Strike_R","Defend_R","Defend_R","Defend_R","Bash+1","Sword Boomerang","Blood for Blood","Pummel+1","Twin Strike","Sword Boomerang","Limit Break+1","Twin Strike","Heavy Blade+1","Limit Break+1","Battle Trance","Shrug It Off","Whirlwind","Double Tap+1","Flex+1","Heavy Blade+1","Pummel+1","Sword Boomerang","Battle Trance","Sword Boomerang+1","Offering"],"relics":["Burning Blood","Golden Idol","Girya","Orichalcum","Oddly Smooth Stone","SlaversCollar","Question Card","Pantograph","Potion Belt","DollysMirror","Ancient Tea Set","MawBank","Black Star","Lee\u0027s Waffle","CeramicFish","MealTicket","Letter Opener","Incense Burner","Singing Bowl","Centennial Puzzle","Red Skull","Regal Pillow"],"acts_visited":["Exordium","TheCity","TheBeyond"],"potions_floor_usage":[33,33,40,40,48,51],"damage_taken":[{"damage":10.0,"enemies":"Small Slimes","floor":1.0,"turns":4.0},{"damage":1.0,"enemies":"Cultist","floor":2.0,"turns":3.0},{"damage":5.0,"enemies":"2 Louse","floor":5.0,"turns":3.0},{"damage":0.0,"enemies":"2 Fungi Beasts","floor":11.0,"turns":2.0},{"damage":4.0,"enemies":"Lots of Slimes","floor":12.0,"turns":4.0},{"damage":28.0,"enemies":"Lagavulin","floor":13.0,"turns":5.0},{"damage":0.0,"enemies":"3 Louse","floor":14.0,"turns":2.0},{"damage":30.0,"enemies":"Hexaghost","floor":16.0,"turns":5.0},{"damage":0.0,"enemies":"Spheric Guardian","floor":18.0,"turns":3.0},{"damage":0.0,"enemies":"Chosen","floor":20.0,"turns":3.0},{"damage":28.0,"enemies":"Slavers","floor":23.0,"turns":4.0},{"damage":12.0,"enemies":"Snecko","floor":25.0,"turns":3.0},{"damage":20.0,"enemies":"Book of Stabbing","floor":28.0,"turns":3.0},{"damage":27.0,"enemies":"Gremlin Leader","floor":31.0,"turns":3.0},{"damage":0,"enemies":"Collector","floor":33,"turns":3},{"damage":5,"enemies":"Orb Walker","floor":35,"turns":2},{"damage":48,"enemies":"3 Darklings","floor":36,"turns":4},{"damage":0,"enemies":"Sphere and 2 Shapes","floor":39,"turns":3},{"damage":0,"enemies":"Reptomancer","floor":40,"turns":2},{"damage":0,"enemies":"Transient","floor":41,"turns":6},{"damage":31,"enemies":"2 Orb Walkers","floor":44,"turns":3},{"damage":15,"enemies":"Nemesis","floor":46,"turns":3},{"damage":6,"enemies":"Spire Growth","floor":47,"turns":2},{"damage":0,"enemies":"Reptomancer","floor":48,"turns":2},{"damage":50,"enemies":"Time Eater","floor":50,"turns":4},{"damage":42,"enemies":"Donu and Deca","floor":51,"turns":5}],"seed_played":"-1236519828067136472","potions_obtained":[{"floor":1.0,"key":"Weak Potion"},{"floor":11.0,"key":"ElixirPotion"},{"floor":16.0,"key":"EntropicBrew"},{"floor":18.0,"key":"BlessingOfTheForge"},{"floor":23.0,"key":"DuplicationPotion"},{"floor":36,"key":"LiquidMemories"},{"floor":44,"key":"HeartOfIron"},{"floor":46,"key":"Energy Potion"},{"floor":48,"key":"Weak Potion"}],"is_trial":false,"path_per_floor":["M","M","?","?","M","R","?","R","T","?","M","M","E","M","R","B",null,"M","?","M","?","?","E","R","M","T","$","E","R","?","E","R","B",null,"M","M","?","$","M","E","M","R","T","?","R","E","M","E","R","B","B",null],"character_chosen":"IRONCLAD","items_purchased":["DollysMirror","Battle Trance","Shrug It Off","Lee\u0027s Waffle","Pummel"],"campfire_rested":2,"item_purchase_floors":[27,27,27,38,38],"current_hp_per_floor":[64,69,68,68,68,68,48,48,48,68,68,68,46,52,52,28,58,64,64,68,68,68,46,46,40,40,40,39,59,59,38,38,68,68,68,26,26,75,75,75,75,75,75,50,72,63,65,73,73,35,24],"gold":331,"neow_bonus":"REMOVE_TWO","is_daily":false,"chose_seed":false,"campfire_upgraded":4,"win_rate":0.0,"timestamp":1612876452,"path_taken":["M","M","?","?","?","R","?","R","T","?","?","M","E","M","R","BOSS","M","?","M","?","?","E","R","?","T","$","E","R","?","E","R","BOSS","M","M","?","$","M","E","M","R","T","?","R","E","M","E","R","BOSS","BOSS"],"items_purchased_type":["Relic","Card","Card","Relic","Card"],"build_version":"2020-12-22","purchased_purges":1,"victory":true,"max_hp_per_floor":[75,75,68,68,68,68,68,68,68,68,68,68,68,68,68,68,68,68,68,68,68,68,68,68,68,68,68,68,68,68,68,68,68,68,68,68,68,75,75,75,75,75,75,75,75,75,77,79,79,79,79],"relic_stats":{"Lee\u0027s Waffle":49,"Regal Pillow":0,"Singing Bowl":4,"counters":[26,86],"Golden Idol":185,"CeramicFish":27,"Letter Opener":[10],"Orichalcum":[276],"Question Card":15,"MawBank":84,"Burning Blood":125,"Centennial Puzzle":[9],"Pantograph":56,"MealTicket":0,"Black Star":3,"obtain_stats":[{"Potion Belt":26,"Girya":4,"Lee\u0027s Waffle":38,"Regal Pillow":48,"Singing Bowl":46,"Golden Idol":3,"CeramicFish":40,"Oddly Smooth Stone":13,"Incense Burner":44,"Letter Opener":43,"Orichalcum":9,"Question Card":19,"Ancient Tea Set":28,"MawBank":31,"Burning Blood":0,"SlaversCollar":17,"Centennial Puzzle":46,"DollysMirror":27,"Pantograph":23,"MealTicket":40,"Black Star":34,"Red Skull":48},{"Potion Belt":12,"Girya":2,"Lee\u0027s Waffle":17,"Regal Pillow":24,"Singing Bowl":22,"Golden Idol":2,"CeramicFish":19,"Oddly Smooth Stone":6,"Incense Burner":21,"Letter Opener":20,"Orichalcum":3,"Question Card":9,"Ancient Tea Set":13,"MawBank":14,"Burning Blood":0,"SlaversCollar":8,"Centennial Puzzle":22,"DollysMirror":12,"Pantograph":11,"MealTicket":19,"Black Star":15,"Red Skull":24},{"Potion Belt":41,"Girya":7,"Lee\u0027s Waffle":56,"Regal Pillow":77,"Singing Bowl":73,"Golden Idol":7,"CeramicFish":61,"Oddly Smooth Stone":21,"Incense Burner":70,"Letter Opener":67,"Orichalcum":10,"Question Card":31,"Ancient Tea Set":44,"MawBank":47,"Burning Blood":0,"SlaversCollar":28,"Centennial Puzzle":73,"DollysMirror":41,"Pantograph":38,"MealTicket":61,"Black Star":50,"Red Skull":77}]},"card_choices":[{"not_picked":["Dark Embrace","Thunderclap"],"picked":"Sword Boomerang","floor":1.0},{"not_picked":["Ghostly Armor","Reckless Charge"],"picked":"Blood for Blood","floor":2.0},{"not_picked":["Reckless Charge","Clash","Dark Embrace"],"picked":"SKIP","floor":5.0},{"not_picked":["Perfected Strike","Havoc","Clothesline"],"picked":"SKIP","floor":11.0},{"not_picked":["Warcry","Anger"],"picked":"Pummel","floor":12.0},{"not_picked":["Metallicize","Cleave"],"picked":"Twin Strike","floor":13.0},{"not_picked":["Rampage","Shrug It Off"],"picked":"Sword Boomerang","floor":14.0},{"not_picked":["Juggernaut","Fiend Fire"],"picked":"Limit Break","floor":16.0},{"not_picked":["Blood for Blood","Evolve"],"picked":"Twin Strike","floor":18.0},{"not_picked":["Spot Weakness","Iron Wave","Body Slam"],"picked":"Heavy Blade","floor":20.0},{"not_picked":["Hemokinesis","Sentinel","Blood for Blood","Body Slam"],"picked":"SKIP","floor":23.0},{"not_picked":["Second Wind","Wild Strike","Ghostly Armor","Seeing Red"],"picked":"SKIP","floor":25.0},{"not_picked":["Body Slam+1","Warcry","Perfected Strike","Rage"],"picked":"SKIP","floor":28.0},{"not_picked":["Sentinel+1","Sword Boomerang","Carnage"],"picked":"Whirlwind","floor":31.0},{"not_picked":["Immolate","Impervious","Barricade"],"picked":"Double Tap","floor":33},{"not_picked":["Perfected Strike","Dropkick+1","Carnage"],"picked":"Flex+1","floor":35},{"not_picked":["Dropkick","Inflame","Warcry"],"picked":"Heavy Blade+1","floor":36},{"not_picked":["Anger","Flex","Shrug It Off"],"picked":"Sword Boomerang","floor":39},{"not_picked":["Twin Strike","Feed","Clash+1"],"picked":"Battle Trance","floor":40},{"not_picked":["Shrug It Off","Clothesline+1","Hemokinesis"],"picked":"Sword Boomerang+1","floor":41},{"not_picked":["Barricade","Searing Blow+1","Flame Barrier+1"],"picked":"Offering","floor":46},{"not_picked":["Cleave","Shrug It Off","Clothesline","Flex"],"picked":"Singing Bowl","floor":47},{"not_picked":["Perfected Strike","Clash","Second Wind","Power Through+1"],"picked":"Singing Bowl","floor":48}],"player_experience":501038,"relics_obtained":[{"floor":9.0,"key":"Orichalcum"},{"floor":13.0,"key":"Oddly Smooth Stone"},{"floor":23.0,"key":"Pantograph"},{"floor":26.0,"key":"Potion Belt"},{"floor":28.0,"key":"Ancient Tea Set"},{"floor":31.0,"key":"MawBank"},{"floor":40,"key":"CeramicFish"},{"floor":40,"key":"MealTicket"},{"floor":43,"key":"Letter Opener"},{"floor":44,"key":"Incense Burner"},{"floor":46,"key":"Singing Bowl"},{"floor":46,"key":"Centennial Puzzle"},{"floor":48,"key":"Red Skull"},{"floor":48,"key":"Regal Pillow"}],"event_choices":[{"damage_healed":0.0,"max_hp_gain":0.0,"max_hp_loss":7.0,"gold_gain":0.0,"event_name":"Golden Idol","player_choice":"Lose Max HP","floor":3.0,"gold_loss":0.0,"damage_taken":0.0,"relics_obtained":["Golden Idol"]},{"damage_healed":0.0,"max_hp_gain":0.0,"max_hp_loss":0.0,"gold_gain":0.0,"event_name":"WeMeetAgain","player_choice":"Gave Potion","floor":4.0,"gold_loss":0.0,"damage_taken":0.0,"relics_obtained":["Girya"]},{"damage_healed":0.0,"max_hp_gain":0.0,"max_hp_loss":0.0,"gold_gain":0.0,"event_name":"Shining Light","player_choice":"Entered Light","floor":7.0,"gold_loss":0.0,"damage_taken":20.0,"cards_upgraded":["Strike_R","Bash"]},{"damage_healed":20.0,"max_hp_gain":0.0,"max_hp_loss":0.0,"gold_gain":0.0,"event_name":"Wheel of Change","player_choice":"Full Heal","floor":10.0,"gold_loss":0.0,"damage_taken":0.0},{"damage_healed":0.0,"max_hp_gain":0.0,"max_hp_loss":0.0,"gold_gain":0.0,"event_name":"The Mausoleum","player_choice":"Opened","floor":19.0,"gold_loss":0.0,"damage_taken":0.0,"relics_obtained":["Question Card"],"cards_obtained":["Writhe"]},{"damage_healed":0.0,"max_hp_gain":0.0,"max_hp_loss":0.0,"gold_gain":0.0,"event_name":"Vampires","player_choice":"Ignored","floor":21.0,"gold_loss":0.0,"damage_taken":0.0},{"damage_healed":0.0,"max_hp_gain":0.0,"max_hp_loss":0.0,"gold_gain":0.0,"event_name":"Accursed Blacksmith","player_choice":"Forge","floor":22.0,"gold_loss":0.0,"damage_taken":0.0,"cards_upgraded":["Limit Break"]},{"damage_healed":0.0,"max_hp_gain":0.0,"max_hp_loss":0.0,"gold_gain":0.0,"event_name":"Ghosts","player_choice":"Ignored","floor":30.0,"gold_loss":0.0,"damage_taken":0.0},{"cards_removed":["Strike_R"],"damage_healed":0,"gold_gain":0,"player_choice":"Removed Attack","damage_taken":0,"max_hp_gain":0,"max_hp_loss":0,"event_name":"Falling","floor":37,"gold_loss":0},{"damage_healed":0,"gold_gain":0,"player_choice":"Fight","damage_taken":0,"max_hp_gain":0,"max_hp_loss":0,"event_name":"Mysterious Sphere","floor":44,"gold_loss":0}],"is_beta":false,"boss_relics":[{"not_picked":["Runic Cube","Philosopher\u0027s Stone"],"picked":"SlaversCollar"},{"not_picked":["Runic Pyramid","Coffee Dripper"],"picked":"Black Star"}],"items_purged_floors":[27],"is_endless":false,"potions_floor_spawned":[1,11,16,18,23,36,44,46,48],"ascension_level":20}}