{"host":"j4g6ia6asvpyu2b0","time":1612902821,"event":{"mods":["BaseMod","Colored Map","Infinite Spire","Minty Spire (QoL Compilation)","Permanent Neow","Quick Restart","Relic Stats","StSLib","Unceasing Turn Reminder"],"gold_per_floor":[111,111,131,142,142,142,174,174,174,58,58,90,90,124,124,223,223,234,8,21,21,39,39,39,74,74,106,124,155,165,197,197,301,301,318,328,260,275,288,288,317,317,317,317,352,352,278,306,306,306,306,306,35,69,69,69],"floor_reached":55,"language":"ENG","playtime":1899,"items_purged":["Strike_R","Strike_R"],"score":916,"play_id":"faef840d-02f7-4240-8cf7-19ac27bb5c89","local_time":"20210209133341","is_ascension_mode":true,"campfire_choices":[{"data":"Bash","floor":6,"key":"SMITH"},{"data":"Armaments","floor":8,"key":"SMITH"},{"data":"Pommel Strike","floor":11,"key":"SMITH"},{"data":"Uppercut","floor":13,"key":"SMITH"},{"data":"Infernal Blade","floor":15,"key":"SMITH"},{"data":"Corruption","floor":23,"key":"SMITH"},{"data":"Offering","floor":32,"key":"SMITH"},{"data":"Demon Form","floor":40,"key":"SMITH"},{"data":"Limit Break","floor":42,"key":"SMITH"},{"data":"Spot Weakness","floor":44,"key":"SMITH"},{"floor":49,"key":"RECALL"},{"data":"infinitespire:NeuralNetwork","floor":52,"key":"SMITH"}],"circlet_count":0,"master_deck":["Strike_R+1","Strike_R+1","Strike_R+1","Defend_R+1","Defend_R+1","Defend_R+1","Defend_R+1","Bash+1","Shrug It Off+1","Pommel Strike+1","Headbutt","Armaments+1","Evolve","Uppercut+1","Infernal Blade+1","Corruption+1","Shrug It Off+1","Dark Embrace","Shrug It Off","Offering+1","Writhe","Spot Weakness+1","Clothesline+1","Thunderclap+1","Iron Wave+1","Feel No Pain","Limit Break+1","Demon Form+1","Headbutt+1","Feel No Pain","Headbutt+1","Twin Strike+1","Reaper","infinitespire:NeuralNetwork+1","Spot Weakness","Discovery","Demon Form+1","Clothesline"],"relics":["Burning Blood","Bag of Preparation","Incense Burner","Lantern","Bird Faced Urn","Tiny Chest","Paper Frog","Runic Dome","Happy Flower","Toy Ornithopter","Centennial Puzzle","War Paint","Bag of Marbles","Eternal Feather","Busted Crown","Juzu Bracelet","Boot","Whetstone","DollysMirror","Orichalcum"],"acts_visited":["Exordium","TheCity","TheBeyond","TheEnding"],"potions_floor_usage":[7,12,18,29,54,55,55,55,55],"damage_taken":[{"damage":0,"enemies":"Small Slimes","floor":1,"turns":3},{"damage":0,"enemies":"2 Louse","floor":3,"turns":4},{"damage":3,"enemies":"Jaw Worm","floor":4,"turns":3},{"damage":22,"enemies":"Lagavulin","floor":7,"turns":6},{"damage":4,"enemies":"3 Sentries","floor":12,"turns":7},{"damage":14,"enemies":"Lagavulin","floor":14,"turns":7},{"damage":14,"enemies":"The Guardian","floor":16,"turns":8},{"damage":0,"enemies":"Spheric Guardian","floor":18,"turns":4},{"damage":10,"enemies":"3 Byrds","floor":20,"turns":6},{"damage":6,"enemies":"Cultist and Chosen","floor":22,"turns":5},{"damage":6,"enemies":"Book of Stabbing","floor":25,"turns":5},{"damage":16,"enemies":"Slavers","floor":27,"turns":4},{"damage":1,"enemies":"Snecko","floor":28,"turns":3},{"damage":5,"enemies":"Nightmare","floor":29,"turns":5},{"damage":16,"enemies":"Sentry and Sphere","floor":30,"turns":4},{"damage":20,"enemies":"Slavers","floor":31,"turns":3},{"damage":44,"enemies":"Collector","floor":33,"turns":10},{"damage":2,"enemies":"Orb Walker","floor":35,"turns":3},{"damage":6,"enemies":"3 Shapes","floor":36,"turns":4},{"damage":0,"enemies":"Transient","floor":38,"turns":5},{"damage":0,"enemies":"4 Shapes","floor":39,"turns":6},{"damage":21,"enemies":"Nemesis","floor":41,"turns":4},{"damage":6,"enemies":"Reptomancer","floor":45,"turns":5},{"damage":33,"enemies":"Nightmare","floor":48,"turns":7},{"damage":49,"enemies":"Donu and Deca","floor":50,"turns":8},{"damage":5,"enemies":"Shield and Spear","floor":54,"turns":3},{"damage":92,"enemies":"The Heart","floor":55,"turns":3}],"seed_played":"5012801928999270681","potions_obtained":[{"floor":1,"key":"SneckoOil"},{"floor":3,"key":"BlessingOfTheForge"},{"floor":7,"key":"Fire Potion"},{"floor":18,"key":"Strength Potion"},{"floor":22,"key":"Dexterity Potion"},{"floor":27,"key":"AttackPotion"},{"floor":31,"key":"Explosive Potion"},{"floor":38,"key":"EntropicBrew"},{"floor":41,"key":"AttackPotion"}],"is_trial":false,"path_per_floor":["M","?","M","M","?","R","E","R","T","$","R","E","R","E","R","B",null,"M","$","M","?","M","R","?","E","T","E","M","NM","M","E","R","B",null,"M","M","$","M","M","R","E","R","T","R","E","?","$","NM","R","B",null,"R","$","E","B"],"character_chosen":"IRONCLAD","items_purchased":["Evolve","Dark Embrace","Shrug It Off","Feel No Pain","Spot Weakness","Discovery","DollysMirror","Clothesline"],"campfire_rested":0,"item_purchase_floors":[10,19,19,37,47,53,53,53],"current_hp_per_floor":[80,80,80,80,55,55,39,39,39,39,39,43,43,37,37,31,80,80,80,80,80,80,80,80,80,80,76,80,80,76,68,80,48,80,80,80,80,80,80,80,67,80,80,80,80,61,61,61,80,80,80,80,80,80,0,0],"gold":69,"neow_bonus":"RANDOM_COMMON_RELIC","is_daily":false,"chose_seed":false,"campfire_upgraded":11,"win_rate":0.0,"timestamp":1612902821,"path_taken":["M","?","M","M","?","R","E","R","T","$","R","E","R","E","R","BOSS","M","$","M","?","M","R","?","E","T","E","M","NM","M","E","R","BOSS","M","M","$","M","M","R","E","R","T","R","E","?","$","NM","R","BOSS","R","$","E","BOSS"],"items_purchased_type":["Card","Card","Card","Card","Card","Card","Relic","Card"],"build_version":"2020-12-22","purchased_purges":2,"victory":false,"max_hp_per_floor":[80,80,80,80,80,80,80,80,80,80,80,80,80,80,80,80,80,80,80,80,80,80,80,80,80,80,80,80,80,80,80,80,80,80,80,80,80,80,80,80,80,80,80,80,80,80,80,80,80,80,80,80,80,80,80,80],"relic_stats":{"Happy Flower":[29],"counters":[27,135],"Eternal Feather":44,"Bag of Preparation":[54],"Juzu Bracelet":0,"Whetstone":["Thunderclap","Clothesline"],"War Paint":["Shrug It Off","Shrug It Off"],"Orichalcum":[6],"Boot":[2],"Burning Blood":77,"Centennial Puzzle":[42],"Busted Crown":24,"Bird Faced Urn":[92],"Tiny Chest":0,"obtain_stats":[{"Lantern":7,"Happy Flower":21,"Eternal Feather":31,"Bag of Preparation":0,"Incense Burner":5,"Juzu Bracelet":41,"Whetstone":48,"War Paint":27,"Orichalcum":54,"Boot":45,"Burning Blood":0,"Runic Dome":17,"Centennial Puzzle":26,"Busted Crown":34,"DollysMirror":53,"Bird Faced Urn":9,"Tiny Chest":12,"Bag of Marbles":29,"Toy Ornithopter":25,"Paper Frog":14},{"Lantern":4,"Happy Flower":9,"Eternal Feather":16,"Bag of Preparation":0,"Incense Burner":3,"Juzu Bracelet":22,"Whetstone":24,"War Paint":12,"Orichalcum":26,"Boot":23,"Burning Blood":0,"Runic Dome":7,"Centennial Puzzle":11,"Busted Crown":17,"DollysMirror":25,"Bird Faced Urn":4,"Tiny Chest":5,"Bag of Marbles":14,"Toy Ornithopter":11,"Paper Frog":6},{"Lantern":16,"Happy Flower":48,"Eternal Feather":77,"Bag of Preparation":0,"Incense Burner":10,"Juzu Bracelet":109,"Whetstone":121,"War Paint":62,"Orichalcum":132,"Boot":114,"Burning Blood":0,"Runic Dome":38,"Centennial Puzzle":58,"Busted Crown":87,"DollysMirror":129,"Bird Faced Urn":16,"Tiny Chest":23,"Bag of Marbles":70,"Toy Ornithopter":58,"Paper Frog":30}],"Toy Ornithopter":7},"card_choices":[{"not_picked":["Wild Strike","Reckless Charge"],"picked":"Shrug It Off","floor":1},{"not_picked":["Headbutt","Clothesline"],"picked":"Pommel Strike","floor":3},{"not_picked":["Blood for Blood","Havoc"],"picked":"Headbutt","floor":4},{"not_picked":["Hemokinesis","Burning Pact"],"picked":"Armaments","floor":7},{"not_picked":["Warcry","Anger"],"picked":"Uppercut","floor":12},{"not_picked":["Perfected Strike","Clash"],"picked":"Infernal Blade","floor":14},{"not_picked":["Double Tap","Limit Break"],"picked":"Corruption","floor":16},{"not_picked":["Burning Pact","Armaments"],"picked":"Shrug It Off","floor":18},{"not_picked":["Twin Strike","Body Slam+1"],"picked":"Offering","floor":20},{"not_picked":["Anger","Heavy Blade","Flex"],"picked":"SKIP","floor":22},{"not_picked":["Rampage","Dual Wield"],"picked":"Spot Weakness","floor":25},{"not_picked":["Intimidate","Combust"],"picked":"Clothesline","floor":27},{"not_picked":["Perfected Strike","Headbutt"],"picked":"Thunderclap","floor":28},{"not_picked":["Sword Boomerang","Wild Strike+1"],"picked":"Iron Wave+1","floor":29},{"not_picked":["Shrug It Off","Second Wind"],"picked":"Feel No Pain","floor":30},{"not_picked":["Fire Breathing","Burning Pact"],"picked":"Limit Break","floor":31},{"not_picked":["Brutality","Feed"],"picked":"Demon Form","floor":33},{"not_picked":[],"picked":"Headbutt+1","floor":35},{"not_picked":["Perfected Strike+1"],"picked":"SKIP","floor":36},{"not_picked":["Clash"],"picked":"SKIP","floor":38},{"not_picked":[],"picked":"Headbutt+1","floor":39},{"not_picked":[],"picked":"Twin Strike+1","floor":41},{"not_picked":[],"picked":"Reaper","floor":45},{"not_picked":["infinitespire:Collect","infinitespire:Fortify"],"picked":"infinitespire:NeuralNetwork","floor":46},{"not_picked":["Flex"],"picked":"SKIP","floor":48},{"not_picked":["Flex+1"],"picked":"SKIP","floor":54}],"player_experience":1209603,"relics_obtained":[{"floor":7,"key":"Lantern"},{"floor":9,"key":"Bird Faced Urn"},{"floor":12,"key":"Tiny Chest"},{"floor":14,"key":"Paper Frog"},{"floor":25,"key":"Toy Ornithopter"},{"floor":26,"key":"Centennial Puzzle"},{"floor":27,"key":"War Paint"},{"floor":29,"key":"Bag of Marbles"},{"floor":31,"key":"Eternal Feather"},{"floor":41,"key":"Juzu Bracelet"},{"floor":45,"key":"Boot"},{"floor":48,"key":"Whetstone"},{"floor":54,"key":"Orichalcum"}],"event_choices":[{"damage_healed":0,"gold_gain":0,"player_choice":"Success","damage_taken":25,"relics_obtained":["Incense Burner"],"max_hp_gain":0,"max_hp_loss":0,"event_name":"Scrap Ooze","floor":5,"gold_loss":0},{"damage_healed":0,"gold_gain":0,"player_choice":"Opened","damage_taken":0,"relics_obtained":["Happy Flower"],"max_hp_gain":0,"max_hp_loss":0,"event_name":"The Mausoleum","floor":21,"gold_loss":0,"cards_obtained":["Writhe"]},{"damage_healed":0,"gold_gain":0,"player_choice":"Simplicity","damage_taken":0,"max_hp_gain":0,"max_hp_loss":0,"event_name":"Back to Basics","floor":24,"gold_loss":0,"cards_upgraded":["Strike_R","Strike_R","Strike_R","Defend_R","Defend_R","Defend_R","Defend_R"]}],"is_beta":false,"boss_relics":[{"not_picked":["Mark of Pain","Runic Cube"],"picked":"Runic Dome"},{"not_picked":["Calling Bell","Runic Pyramid"],"picked":"Busted Crown"}],"items_purged_floors":[10,19],"is_endless":false,"potions_floor_spawned":[1,3,7,18,22,27,31,33,38,41,45,48],"killed_by":"The Heart","ascension_level":1}}