{"host":"d85gwtocd8go8gx0","time":1612911546,"event":{"mods":["AchievementEnabler","BaseMod","Better Altar","Better Skull","Better Third Choice","Block Reminder","Colored Powertips","Curses Come First","Dark Map","Filter the Spire","Highlight Path","Minty Spire (QoL Compilation)","Permanent Neow","Quick Restart","Shop Mod","StSLib","SuperFastMode","UnlockEverythingMod"],"gold_per_floor":[115,390,0,11,30,63,63,96,165,165,175,195,221,237,237,312,312,328,361,375,375,375,375,375,375],"floor_reached":24,"language":"ENG","playtime":1124,"items_purged":["Regret"],"score":478,"play_id":"6b0b4f81-b21b-4acc-a7b8-0e34b4683f35","local_time":"20210209145906","is_ascension_mode":true,"campfire_choices":[{"data":"Eruption","floor":7.0,"key":"SMITH"},{"floor":10.0,"key":"REST"},{"data":"Vault","floor":15,"key":"SMITH"},{"floor":23,"key":"REST"}],"circlet_count":0,"master_deck":["AscendersBane","Strike_P","Strike_P","Strike_P","Strike_P","Defend_P","Defend_P","Defend_P","Eruption+1","Vigilance","SandsOfTime","Wallop","Fasting2","BowlingBash","ClearTheMind","FlyingSleeves","CrushJoints","FollowUp","Perseverance","SashWhip","ThirdEye","Vault+1","Protect","SpiritShield","EmptyBody+1","CutThroughFate"],"relics":["PureWater","ClockworkSouvenir","FossilizedHelix","Lantern","Pantograph","Odd Mushroom","Tiny Chest","VioletLotus","Red Mask","MutagenicStrength"],"acts_visited":["Exordium","TheCity"],"potions_floor_usage":[19,19,24,24],"damage_taken":[{"damage":0.0,"enemies":"Small Slimes","floor":1.0,"turns":2.0},{"damage":3.0,"enemies":"Cultist","floor":4.0,"turns":4.0},{"damage":12.0,"enemies":"Jaw Worm","floor":5.0,"turns":2.0},{"damage":0.0,"enemies":"Gremlin Nob","floor":6.0,"turns":3.0},{"damage":12.0,"enemies":"3 Sentries","floor":8.0,"turns":6.0},{"damage":0,"enemies":"3 Louse","floor":11,"turns":3},{"damage":12,"enemies":"The Mushroom Lair","floor":12,"turns":2},{"damage":5,"enemies":"Lagavulin","floor":13,"turns":6},{"damage":0,"enemies":"Looter","floor":14,"turns":3},{"damage":29,"enemies":"Hexaghost","floor":16,"turns":8},{"damage":5,"enemies":"Shell Parasite","floor":18,"turns":5},{"damage":15,"enemies":"Masked Bandits","floor":19,"turns":4},{"damage":15,"enemies":"Spheric Guardian","floor":20,"turns":11},{"damage":52,"enemies":"Gremlin Leader","floor":24,"turns":5}],"seed_played":"6032422610269310440","potions_obtained":[{"floor":11,"key":"SteroidPotion"},{"floor":12,"key":"Explosive Potion"},{"floor":19,"key":"DistilledChaos"},{"floor":20,"key":"GamblersBrew"},{"floor":22,"key":"Swift Potion"}],"is_trial":false,"path_per_floor":["M","?","$","M","M","E","R","E","T","R","M","?","E","M","R","B",null,"M","?","M","?","?","R","E"],"character_chosen":"WATCHER","items_purchased":["ClockworkSouvenir","Fasting2","BowlingBash","ClearTheMind"],"campfire_rested":2,"item_purchase_floors":[3,3,3,3],"current_hp_per_floor":[61,61,61,58,46,46,46,34,34,54,54,42,37,37,37,33,59,54,39,24,24,24,44,0,0],"gold":375,"neow_bonus":"TRANSFORM_CARD","is_daily":false,"chose_seed":false,"campfire_upgraded":2,"win_rate":0.0,"timestamp":1612911546,"path_taken":["M","?","$","?","M","E","R","E","T","R","M","?","E","M","R","BOSS","M","?","M","?","?","R","E"],"items_purchased_type":["Relic","Card","Card","Card"],"build_version":"2020-12-22","purchased_purges":1,"victory":false,"max_hp_per_floor":[68,68,68,68,68,68,68,68,68,68,68,68,68,68,68,68,68,68,68,68,68,68,68,68,68],"card_choices":[{"not_picked":["SashWhip","Crescendo"],"picked":"Wallop","floor":1.0},{"not_picked":["WaveOfTheHand","Nirvana"],"picked":"FlyingSleeves","floor":4.0},{"not_picked":["ReachHeaven","MentalFortress"],"picked":"CrushJoints","floor":5.0},{"not_picked":["Protect","Brilliance"],"picked":"FollowUp","floor":6.0},{"not_picked":["ClearTheMind","Halt"],"picked":"Perseverance","floor":8.0},{"not_picked":["Prostrate","Halt"],"picked":"SashWhip","floor":11},{"not_picked":["ForeignInfluence","Meditate"],"picked":"ThirdEye","floor":12},{"not_picked":["Evaluate","FlurryOfBlows"],"picked":"Vault","floor":13},{"not_picked":["EmptyBody","CutThroughFate"],"picked":"Protect","floor":14},{"not_picked":["ConjureBlade","Alpha"],"picked":"SpiritShield","floor":16},{"not_picked":["Worship","JustLucky"],"picked":"EmptyBody+1","floor":18},{"not_picked":["WaveOfTheHand","ForeignInfluence"],"picked":"CutThroughFate","floor":19},{"not_picked":["EmptyBody","ThirdEye","BowlingBash"],"picked":"SKIP","floor":20}],"player_experience":49944,"relics_obtained":[{"floor":6.0,"key":"FossilizedHelix"},{"floor":8.0,"key":"Lantern"},{"floor":9.0,"key":"Pantograph"},{"floor":12,"key":"Odd Mushroom"},{"floor":13,"key":"Tiny Chest"},{"floor":19,"key":"Red Mask"}],"event_choices":[{"damage_healed":0.0,"max_hp_gain":0.0,"max_hp_loss":0.0,"gold_gain":275.0,"event_name":"Golden Shrine","player_choice":"Desecrate","floor":2.0,"gold_loss":0.0,"damage_taken":0.0,"cards_obtained":["Regret"]},{"damage_healed":0,"gold_gain":0,"player_choice":"Fought Mushrooms","damage_taken":0,"max_hp_gain":0,"max_hp_loss":0,"event_name":"Mushrooms","floor":12,"gold_loss":0},{"damage_healed":0,"gold_gain":0,"player_choice":"Fought Bandits","damage_taken":0,"max_hp_gain":0,"max_hp_loss":0,"event_name":"Masked Bandits","floor":19,"gold_loss":0},{"damage_healed":0,"gold_gain":0,"player_choice":"Inject Mutagens","damage_taken":0,"relics_obtained":["MutagenicStrength"],"max_hp_gain":0,"max_hp_loss":0,"event_name":"Drug Dealer","floor":21,"gold_loss":0},{"damage_healed":0,"gold_gain":0,"player_choice":"Got Potions","damage_taken":0,"max_hp_gain":0,"max_hp_loss":0,"event_name":"Lab","floor":22,"gold_loss":0}],"is_beta":false,"boss_relics":[{"not_picked":["Runic Pyramid","Empty Cage"],"picked":"VioletLotus"}],"items_purged_floors":[3],"is_endless":false,"potions_floor_spawned":[11,12,13,14,19,20],"killed_by":"Gremlin Leader","ascension_level":20}}