{"host":"anl785ehjgcmdvvq","time":1612873031,"event":{"mods":["AchievementEnabler","BaseMod","Minty Spire (QoL Compilation)"],"gold_per_floor":[115,190,190,208,3,3,22,63,89,89,104,104,125,160,160,160,160],"floor_reached":16,"language":"ENG","playtime":546,"items_purged":[],"score":138,"play_id":"55216690-9e75-4264-82b7-d9290873f1f6","local_time":"20210209151711","is_ascension_mode":true,"campfire_choices":[{"data":"Perfected Strike","floor":6,"key":"SMITH"},{"floor":15,"key":"REST"}],"circlet_count":0,"master_deck":["Strike_R","Strike_R","Strike_R","Strike_R","Strike_R","Defend_R","Defend_R","Defend_R","Bash","Perfected Strike+1","Anger","Pommel Strike","Spot Weakness","Parasite","Wild Strike"],"relics":["Burning Blood","NeowsBlessing","Golden Idol","Bag of Marbles","Nunchaku","Juzu Bracelet","Red Skull"],"acts_visited":["Exordium"],"potions_floor_usage":[8,8],"damage_taken":[{"damage":0,"enemies":"2 Louse","floor":1,"turns":1},{"damage":0,"enemies":"Jaw Worm","floor":4,"turns":1},{"damage":0,"enemies":"Small Slimes","floor":7,"turns":1},{"damage":48,"enemies":"Lagavulin","floor":8,"turns":8},{"damage":8,"enemies":"Blue Slaver","floor":11,"turns":3},{"damage":17,"enemies":"Lots of Slimes","floor":13,"turns":4},{"damage":20,"enemies":"3 Sentries","floor":14,"turns":5},{"damage":53,"enemies":"Hexaghost","floor":16,"turns":7}],"seed_played":"460929720085034253","potions_obtained":[{"floor":4,"key":"Regen Potion"},{"floor":7,"key":"Dexterity Potion"}],"is_trial":false,"path_per_floor":["M","?","?","M","$","R","M","E","T","?","M","?","M","E","R","B"],"character_chosen":"IRONCLAD","items_purchased":["Bag of Marbles","Pommel Strike"],"campfire_rested":1,"item_purchase_floors":[5,5],"current_hp_per_floor":[80,69,49,55,55,55,61,34,34,34,32,52,41,27,51,0,0],"gold":160,"neow_bonus":"THREE_ENEMY_KILL","is_daily":false,"chose_seed":false,"campfire_upgraded":1,"win_rate":0.0,"timestamp":1612873031,"path_taken":["M","?","?","M","$","R","M","E","T","?","M","?","M","E","R","BOSS"],"items_purchased_type":["Relic","Card"],"build_version":"2020-12-22","purchased_purges":0,"victory":false,"max_hp_per_floor":[80,80,80,80,80,80,80,80,80,80,80,80,80,80,80,80,80],"card_choices":[{"not_picked":["Thunderclap","Hemokinesis"],"picked":"Perfected Strike","floor":1},{"not_picked":["Headbutt","Body Slam"],"picked":"Anger","floor":4},{"not_picked":["Thunderclap","Heavy Blade","Burning Pact"],"picked":"SKIP","floor":7},{"not_picked":["Clothesline","Seeing Red"],"picked":"Spot Weakness","floor":8},{"not_picked":["Bloodletting","Havoc","Iron Wave"],"picked":"SKIP","floor":11},{"not_picked":["Metallicize","Warcry"],"picked":"Wild Strike","floor":13},{"not_picked":["Armaments","Burning Pact","Uppercut"],"picked":"SKIP","floor":14}],"player_experience":128375,"relics_obtained":[{"floor":8,"key":"Nunchaku"},{"floor":9,"key":"Juzu Bracelet"},{"floor":14,"key":"Red Skull"}],"event_choices":[{"damage_healed":0,"gold_gain":75,"player_choice":"Gather Gold","damage_taken":11,"max_hp_gain":0,"max_hp_loss":0,"event_name":"World of Goop","floor":2,"gold_loss":0},{"damage_healed":0,"gold_gain":0,"player_choice":"Take Damage","damage_taken":20,"relics_obtained":["Golden Idol"],"max_hp_gain":0,"max_hp_loss":0,"event_name":"Golden Idol","floor":3,"gold_loss":0},{"cards_removed":["Defend_R"],"damage_healed":0,"gold_gain":0,"player_choice":"Purged","damage_taken":0,"max_hp_gain":0,"max_hp_loss":0,"event_name":"Purifier","floor":10,"gold_loss":0},{"damage_healed":20,"gold_gain":0,"player_choice":"Healed and dodged fight","damage_taken":0,"max_hp_gain":0,"max_hp_loss":0,"event_name":"Mushrooms","floor":12,"gold_loss":0,"cards_obtained":["Parasite"]}],"is_beta":false,"boss_relics":[],"items_purged_floors":[],"is_endless":false,"potions_floor_spawned":[4,7],"killed_by":"Hexaghost","ascension_level":5}}