{"host":"i70yit5z0kpl303k","time":1612842634,"event":{"mods":["2.2 Compatiblity","Act Like it!","BaseMod","BetterRewards","Evolution","Gensokyo","Infinite Spire","Ironclad Rager","Koishi","Marked Mod","Minty Spire (QoL Compilation)","Relic Stats","Reliquary","Replay The Spire","StSLib","The Blue Laboratory","The Marked","The Servant 0.9.4","TheSwordswoman"],"gold_per_floor":[118,118,138,150,2,28,43,43,43,43,60,60,40,67,67,167,167,180,195,211,222,240,267,267,292,318,318,233,253,273,301,301,403,403,419,467,159,159,176,176,176],"floor_reached":40,"language":"ENG","playtime":2611,"items_purged":[],"score":586,"play_id":"4e25bc6c-4ddf-486e-b735-cd1fe189fb13","local_time":"20210208195034","is_ascension_mode":true,"campfire_choices":[{"floor":8,"key":"REST"},{"floor":10,"key":"REST"},{"floor":12,"key":"REST"},{"floor":15,"key":"REST"},{"floor":32,"key":"REST"}],"circlet_count":0,"master_deck":["Compile Driver","Compile Driver+1","Compile Driver","Leap","Defend_B","Defend_B","Zap","Stack","Consume","Beam Cell","Redo","Biased Cognition","Cold Snap","Cold Snap+1","Machine Learning+1","Ball Lightning","Redo+1","Chill","Genetic Algorithm","Steam","Creative AI+1","Ball Lightning+1","Force Field","Sweeping Beam+1","FIFO Queue","Thunder Strike","ReplayTheSpireMod:Repulse+1","Conserve Battery+1"],"relics":["Cracked Core","EVO:Axolotl","NeowsBlessing","Ancient Tea Set","Runic Capacitor","Garlic","Tiny Chest","Regal Pillow","Empty Cage","Ornamental Fan","Sozu","Mummified Hand","ReplayTheSpireMod:TigerMarble","Whetstone","Pantograph","reliquary:RosewoodLute","Red Mask","SlaversCollar","Guide Book","Bag of Preparation","infinitespire:Bottled Soul"],"acts_visited":["Exordium","TheCity","TheBeyond"],"potions_floor_usage":[7,14,16,20,22,23,25],"damage_taken":[{"damage":0,"enemies":"Jaw Worm","floor":1,"turns":1},{"damage":0,"enemies":"Cultist","floor":3,"turns":1},{"damage":0,"enemies":"Small Slimes","floor":4,"turns":1},{"damage":73,"enemies":"Gremlin Nob","floor":6,"turns":5},{"damage":0,"enemies":"3 Louse","floor":7,"turns":4},{"damage":15,"enemies":"Large Slime","floor":11,"turns":2},{"damage":17,"enemies":"Lagavulin","floor":14,"turns":4},{"damage":0,"enemies":"Slime Boss","floor":16,"turns":7},{"damage":3,"enemies":"Spheric Guardian","floor":18,"turns":4},{"damage":15,"enemies":"2 Thieves","floor":19,"turns":4},{"damage":0,"enemies":"Snake Plant","floor":20,"turns":4},{"damage":0,"enemies":"Chosen and Byrds","floor":21,"turns":6},{"damage":14,"enemies":"Snecko","floor":22,"turns":5},{"damage":14,"enemies":"Book of Stabbing","floor":23,"turns":7},{"damage":14,"enemies":"Slavers","floor":25,"turns":3},{"damage":0,"enemies":"Shelled Parasite and Fungi","floor":29,"turns":3},{"damage":0,"enemies":"Centurion and Healer","floor":30,"turns":5},{"damage":0,"enemies":"Masked Bandits","floor":31,"turns":3},{"damage":1,"enemies":"Automaton","floor":33,"turns":9},{"damage":7,"enemies":"Orb Walker","floor":35,"turns":4},{"damage":0,"enemies":"3 Darklings","floor":39,"turns":4},{"damage":39,"enemies":"Nemesis","floor":40,"turns":5}],"seed_played":"6645053874523034752","potions_obtained":[{"floor":6,"key":"SkillPotion"},{"floor":7,"key":"Energy Potion"},{"floor":13,"key":"CultistPotion"},{"floor":14,"key":"blueLaboratory:BiasPotion"},{"floor":16,"key":"blueLaboratory:StoneskinPotion"},{"floor":21,"key":"blueLaboratory:BubblePotion"},{"floor":23,"key":"PowerPotion"}],"is_trial":false,"path_per_floor":["M","?","M","M","$","E","M","R","T","R","M","R","?","E","R","B",null,"M","M","M","M","M","E","AVR","E","T","T","?","M","M","?","R","B",null,"M","?","$","T","M","E"],"character_chosen":"DEFECT","items_purchased":["Runic Capacitor","Guide Book","Bag of Preparation"],"campfire_rested":5,"item_purchase_floors":[5,37,37],"current_hp_per_floor":[75,75,75,75,75,2,2,24,24,46,31,53,53,36,73,73,75,72,57,57,57,43,29,29,15,15,15,15,15,15,15,52,74,75,68,38,38,38,38,0,0],"gold":176,"neow_bonus":"THREE_ENEMY_KILL","is_daily":false,"chose_seed":false,"campfire_upgraded":0,"win_rate":0.0,"timestamp":1612842634,"path_taken":["M","?","?","M","?","E","M","R","T","R","M","R","?","E","R","BOSS","M","?","M","M","?","E","AVR","E","T","?","?","M","M","?","R","BOSS","M","?","$","?","M","E"],"items_purchased_type":["Relic","Relic","Relic"],"build_version":"2020-12-22","purchased_purges":0,"victory":false,"max_hp_per_floor":[75,75,75,75,75,75,75,75,75,75,75,75,75,75,75,75,75,75,75,75,75,75,75,75,75,75,75,75,75,75,75,75,75,75,75,75,75,75,75,75,75],"relic_stats":{"Sozu":7,"Regal Pillow":30,"counters":[22,91],"Ornamental Fan":[64],"Mummified Hand":[50],"Pantograph":23,"Tiny Chest":2,"Bag of Preparation":[4],"Whetstone":["Cold Snap","Compile Driver"],"obtain_stats":[{"Regal Pillow":14,"NeowsBlessing":0,"Guide Book":37,"Runic Capacitor":5,"Bag of Preparation":37,"EVO:Axolotl":0,"Whetstone":26,"reliquary:RosewoodLute":28,"Ancient Tea Set":2,"Empty Cage":17,"Sozu":24,"SlaversCollar":34,"Ornamental Fan":23,"Mummified Hand":24,"infinitespire:Bottled Soul":38,"Pantograph":27,"Tiny Chest":9,"Garlic":6,"ReplayTheSpireMod:TigerMarble":25,"Red Mask":31,"Cracked Core":0},{"Regal Pillow":7,"NeowsBlessing":0,"Guide Book":20,"Runic Capacitor":3,"Bag of Preparation":20,"EVO:Axolotl":0,"Whetstone":15,"reliquary:RosewoodLute":15,"Ancient Tea Set":1,"Empty Cage":8,"Sozu":14,"SlaversCollar":19,"Ornamental Fan":14,"Mummified Hand":14,"infinitespire:Bottled Soul":20,"Pantograph":15,"Tiny Chest":5,"Garlic":4,"ReplayTheSpireMod:TigerMarble":15,"Red Mask":18,"Cracked Core":0},{"Regal Pillow":18,"NeowsBlessing":0,"Guide Book":82,"Runic Capacitor":3,"Bag of Preparation":82,"EVO:Axolotl":0,"Whetstone":58,"reliquary:RosewoodLute":58,"Ancient Tea Set":1,"Empty Cage":25,"Sozu":55,"SlaversCollar":78,"Ornamental Fan":55,"Mummified Hand":55,"infinitespire:Bottled Soul":82,"Pantograph":58,"Tiny Chest":12,"Garlic":8,"ReplayTheSpireMod:TigerMarble":58,"Red Mask":69,"Cracked Core":0}]},"card_choices":[{"not_picked":["ReplayTheSpireMod:Repulse","Leap"],"picked":"Stack","floor":1},{"not_picked":["Stack","Cold Snap"],"picked":"Consume","floor":3},{"not_picked":["Redo","Leap"],"picked":"Beam Cell","floor":4},{"not_picked":["Rebound","Turbo"],"picked":"Redo","floor":6},{"not_picked":["Storm","Rebound"],"picked":"Biased Cognition","floor":7},{"not_picked":["Rebound","Streamline"],"picked":"Cold Snap","floor":11},{"not_picked":["Steam","Biased Cognition"],"picked":"Cold Snap","floor":14},{"not_picked":["Buffer","Hyperbeam"],"picked":"Machine Learning","floor":16},{"not_picked":["Turbo","Hologram"],"picked":"Ball Lightning","floor":18},{"not_picked":["Force Field+1","Tempest"],"picked":"Redo+1","floor":19},{"not_picked":["Buffer","Hologram"],"picked":"Chill","floor":20},{"not_picked":["Conserve Battery","ReplayTheSpireMod:Reroute Power+1"],"picked":"Genetic Algorithm","floor":21},{"not_picked":["Cold Snap","Stack"],"picked":"Steam","floor":22},{"not_picked":["Reinforced Body","Recycle"],"picked":"Creative AI","floor":23},{"not_picked":["Sweeping Beam+1","Hologram"],"picked":"Ball Lightning+1","floor":25},{"not_picked":["Leap","Go for the Eyes"],"picked":"Force Field","floor":29},{"not_picked":["Ball Lightning","Turbo"],"picked":"Sweeping Beam+1","floor":30},{"not_picked":["Rebound","Sweeping Beam+1"],"picked":"FIFO Queue","floor":31},{"not_picked":["Fission","All For One"],"picked":"Thunder Strike","floor":33},{"not_picked":["Panic Button","Go for the Eyes"],"picked":"ReplayTheSpireMod:Repulse+1","floor":35},{"not_picked":["Doom and Gloom","ReplayTheSpireMod:Omega Cannon"],"picked":"Conserve Battery+1","floor":39}],"player_experience":288048,"relics_obtained":[{"floor":6,"key":"Garlic"},{"floor":9,"key":"Tiny Chest"},{"floor":14,"key":"Regal Pillow"},{"floor":23,"key":"Ornamental Fan"},{"floor":25,"key":"ReplayTheSpireMod:TigerMarble"},{"floor":26,"key":"Whetstone"},{"floor":27,"key":"Pantograph"},{"floor":31,"key":"Red Mask"},{"floor":38,"key":"infinitespire:Bottled Soul"}],"event_choices":[{"cards_removed":["Compile Driver"],"damage_healed":0,"gold_gain":0,"player_choice":"Gave Card","damage_taken":0,"relics_obtained":["Ancient Tea Set"],"max_hp_gain":0,"max_hp_loss":0,"event_name":"WeMeetAgain","floor":2,"gold_loss":0},{"damage_healed":0,"gold_gain":0,"player_choice":"Bought 1 Potion","damage_taken":0,"max_hp_gain":0,"max_hp_loss":0,"event_name":"The Woman in Blue","floor":13,"gold_loss":0},{"damage_healed":0,"gold_gain":0,"player_choice":"Obtained Relic","damage_taken":0,"relics_obtained":["reliquary:RosewoodLute"],"max_hp_gain":0,"max_hp_loss":0,"event_name":"Addict","floor":28,"gold_loss":85},{"damage_healed":0,"gold_gain":0,"player_choice":"Fought Bandits","damage_taken":0,"max_hp_gain":0,"max_hp_loss":0,"event_name":"Masked Bandits","floor":31,"gold_loss":0}],"is_beta":false,"boss_relics":[{"not_picked":["reliquary:Ember","Kintsugi"],"picked":"Empty Cage"},{"not_picked":["Runic Dome","Honey Jar"],"picked":"SlaversCollar"}],"items_purged_floors":[],"is_endless":false,"potions_floor_spawned":[6,7,14,16,21,23,29,30,33,39],"killed_by":"Nemesis","ascension_level":4}}