{"host":"3y2rtlgteqp2nuo3","time":1612879319,"event":{"mods":["2.2 Compatiblity","AchievementEnabler","BaseMod","Colored Map","DeckTracker","Highlight Path","Keyboard Shortcuts","Minty Spire (QoL Compilation)","Permanent Neow","Quick Restart","StSLib","SuperFastMode","everything is the same but u backflip on backflip"],"gold_per_floor":[212,223,236,251,3,32,32,46,70,90,90,102,102,121,121,194,194,213,213,225,125,125,125,143,143,143],"floor_reached":25,"language":"KOR","playtime":644,"items_purged":["Strike_G","Strike_G"],"score":383,"play_id":"2d0bf2e6-cdba-4c47-a27d-1979e84784a7","local_time":"20210209230159","is_ascension_mode":true,"campfire_choices":[{"data":"Deadly Poison","floor":7.0,"key":"SMITH"},{"floor":13.0,"key":"REST"},{"floor":15.0,"key":"REST"},{"floor":23,"key":"REST"}],"circlet_count":0,"master_deck":["AscendersBane","Strike_G","Strike_G","Defend_G","Defend_G","Defend_G","Defend_G","Defend_G","Survivor","Neutralize","Sucker Punch","Deadly Poison+1","Dagger Spray","Poisoned Stab","Well Laid Plans","Dodge and Roll","Deadly Poison","Acrobatics","Noxious Fumes","Burst","Tactician","Decay","Heel Hook+1"],"relics":["Ring of the Snake","Oddly Smooth Stone","Incense Burner","Akabeko","Black Star"],"acts_visited":["Exordium","TheCity"],"potions_floor_usage":[25],"damage_taken":[{"damage":0.0,"enemies":"2 Louse","floor":1.0,"turns":4.0},{"damage":2.0,"enemies":"Jaw Worm","floor":2.0,"turns":6.0},{"damage":9.0,"enemies":"Small Slimes","floor":3.0,"turns":4.0},{"damage":9.0,"enemies":"3 Louse","floor":4.0,"turns":4.0},{"damage":16.0,"enemies":"3 Sentries","floor":6.0,"turns":7.0},{"damage":11.0,"enemies":"Exordium Thugs","floor":8.0,"turns":5.0},{"damage":0.0,"enemies":"Looter","floor":10.0,"turns":4.0},{"damage":0.0,"enemies":"Gremlin Gang","floor":12.0,"turns":1.0},{"damage":11.0,"enemies":"Exordium Wildlife","floor":14.0,"turns":6.0},{"damage":16.0,"enemies":"The Guardian","floor":16.0,"turns":10.0},{"damage":12,"enemies":"Shell Parasite","floor":18,"turns":6},{"damage":16,"enemies":"Spheric Guardian","floor":20,"turns":4},{"damage":19,"enemies":"Centurion and Healer","floor":24,"turns":9},{"damage":29,"enemies":"3 Cultists","floor":25,"turns":4}],"seed_played":"-1745389938182250461","potions_obtained":[{"floor":1.0,"key":"SteroidPotion"},{"floor":4.0,"key":"SkillPotion"},{"floor":6.0,"key":"ColorlessPotion"},{"floor":14.0,"key":"AttackPotion"}],"is_trial":false,"path_per_floor":["M","M","M","M","$","E","R","M","T","M","?","M","R","M","R","B",null,"M","?","M","$","?","R","M","M"],"character_chosen":"THE_SILENT","items_purchased":["Oddly Smooth Stone"],"campfire_rested":3,"item_purchase_floors":[5],"current_hp_per_floor":[59,57,48,39,39,23,23,12,12,12,12,12,31,20,39,23,55,43,43,27,27,27,46,27,0,0],"gold":143,"neow_bonus":"HUNDRED_GOLD","is_daily":false,"chose_seed":false,"campfire_upgraded":1,"win_rate":0.0,"timestamp":1612879319,"path_taken":["M","M","M","M","$","E","R","M","T","M","?","M","R","M","R","BOSS","M","?","M","$","?","R","M","M"],"items_purchased_type":["Relic"],"build_version":"2020-12-22","purchased_purges":2,"victory":false,"max_hp_per_floor":[66,66,66,66,66,66,66,66,66,66,66,66,66,66,66,66,66,66,66,66,66,66,66,66,66,66],"card_choices":[{"not_picked":["Terror","Dodge and Roll"],"picked":"Sucker Punch","floor":1.0},{"not_picked":["Escape Plan","Distraction"],"picked":"Deadly Poison","floor":2.0},{"not_picked":["Prepared","Underhanded Strike"],"picked":"Dagger Spray","floor":3.0},{"not_picked":["Dodge and Roll","Tactician"],"picked":"Poisoned Stab","floor":4.0},{"not_picked":["Endless Agony","Poisoned Stab"],"picked":"Well Laid Plans","floor":6.0},{"not_picked":["Sucker Punch","Outmaneuver"],"picked":"Dodge and Roll","floor":8.0},{"not_picked":["Finisher","Prepared"],"picked":"Deadly Poison","floor":10.0},{"not_picked":["Cloak And Dagger","Underhanded Strike"],"picked":"Acrobatics","floor":12.0},{"not_picked":["Terror","Dash"],"picked":"Noxious Fumes","floor":14.0},{"not_picked":["Night Terror","Storm of Steel"],"picked":"Burst","floor":16.0},{"not_picked":["Infinite Blades+1","Underhanded Strike"],"picked":"Tactician","floor":18},{"not_picked":["Reflex","Dagger Spray","Terror"],"picked":"SKIP","floor":20},{"not_picked":["Bane","Deadly Poison"],"picked":"Heel Hook+1","floor":24}],"player_experience":775848,"relics_obtained":[{"floor":6.0,"key":"Incense Burner"},{"floor":9.0,"key":"Akabeko"}],"event_choices":[{"damage_healed":0.0,"max_hp_gain":0.0,"max_hp_loss":0.0,"gold_gain":0.0,"event_name":"Golden Idol","player_choice":"Ignored","floor":11.0,"gold_loss":0.0,"damage_taken":0.0},{"cards_removed":["Strike_G"],"damage_healed":0,"gold_gain":0,"player_choice":"Elegance","damage_taken":0,"max_hp_gain":0,"max_hp_loss":0,"event_name":"Back to Basics","floor":19,"gold_loss":0},{"damage_healed":0,"gold_gain":0,"player_choice":"Smashed Altar","damage_taken":0,"max_hp_gain":0,"max_hp_loss":0,"event_name":"Forgotten Altar","floor":22,"gold_loss":0,"cards_obtained":["Decay"]}],"is_beta":false,"boss_relics":[{"not_picked":["Snecko Eye","Runic Dome"],"picked":"Black Star"}],"items_purged_floors":[5,21],"is_endless":false,"potions_floor_spawned":[1,4,6,12,14],"killed_by":"3 Cultists","ascension_level":17}}