{"host":"bz6w3lfmpwgz81o3","time":1612832535,"event":{"mods":["BaseMod","Downfall","Hermit","Minty Spire (QoL Compilation)","StSLib"],"gold_per_floor":[99,114,126,126,145,130,130,165,182,199,224,253,265,289,319,436,448,460,491,603,615,349,349,349,366,383,417,436,436,436,447,458,562,562,562,579,579,595,258,273,273,287,320,320,320,31,31,63,81,81],"floor_reached":51,"language":"ENG","playtime":2902,"items_purged":["Slimebound:Tackle","Slimebound:GrowthPunch"],"score":743,"play_id":"7509c1cd-bdbe-4589-9cee-313233f06dd3","local_time":"20210209020215","is_ascension_mode":false,"campfire_choices":[{"data":"Slimebound:Darklings","floor":1,"key":"SMITH"},{"data":"Slimebound:SlimeBarrage","floor":13,"key":"SMITH"},{"data":"Slimebound:LevelUp","floor":18,"key":"SMITH"},{"floor":30,"key":"REST"},{"data":"Slimebound:FirmFortitude","floor":35,"key":"SMITH"},{"floor":44,"key":"REST"}],"circlet_count":0,"master_deck":["Slimebound:Defend_Slimebound","Slimebound:Defend_Slimebound","Slimebound:Defend_Slimebound","Slimebound:Defend_Slimebound","Slimebound:Split","Slimebound:CorrosiveSpit","Slimebound:Darklings+1","Slimebound:RollThrough","Slimebound:Repurpose","Slimebound:LevelUp+1","Slimebound:GoopTackle","Slimebound:SlimeBarrage+1","Slimebound:PressTheAttack","Slimebound:HauntingLick","Slimebound:Dissolve","J.A.X.","Slimebound:RainOfGoop","Slimebound:LevelUp+1","Slimebound:RainOfGoop+1","Slimebound:SplitAcid+1","Slimebound:LeechingTouch","Slimebound:ProtectTheBoss","Slimebound:SlimeSpikes","Slimebound:HauntingLick+1","Slimebound:FirmFortitude+1","Slimebound:SplitBruiser+1","Slimebound:LeadByExample","Slimebound:SamplingLick+1","Slimebound:LivingWall+1","expansioncontent:AwakenDeath","Slimebound:SlimeTap","Slimebound:OozeBath","Slimebound:ComboTackle","Slimebound:LivingWall"],"relics":["Slimebound:AbsorbEndCombatUpgraded","downfall:ShatteredFragment","Pear","Slimebound:AggressiveSlimeRelic","MawBank","MutagenicStrength","DollysMirror","Pantograph","Dream Catcher","Snecko Eye","Anchor","Potion Belt","Nunchaku","CaptainsWheel","Orichalcum","Bottled Lightning"],"acts_visited":["Exordium","TheCity","TheBeyond"],"potions_floor_usage":[8,11,12,16,20,22,33,39,43,48,50],"damage_taken":[{"damage":5,"enemies":"Small Slimes","floor":2,"turns":4},{"damage":1,"enemies":"2 Louse","floor":3,"turns":3},{"damage":0,"enemies":"Cultist","floor":5,"turns":2},{"damage":0,"enemies":"downfall:FleeingMerchant","floor":6,"turns":4},{"damage":4,"enemies":"3 Sentries","floor":8,"turns":5},{"damage":4,"enemies":"Blue Slaver","floor":9,"turns":3},{"damage":0,"enemies":"Large Slime","floor":10,"turns":2},{"damage":8,"enemies":"Gremlin Nob","floor":11,"turns":3},{"damage":2,"enemies":"Exordium Thugs","floor":12,"turns":2},{"damage":6,"enemies":"3 Louse","floor":14,"turns":2},{"damage":2,"enemies":"2 Fungi Beasts","floor":15,"turns":2},{"damage":23,"enemies":"IC_STATUS_ARCHETYPE","floor":16,"turns":4},{"damage":0,"enemies":"Chosen","floor":19,"turns":4},{"damage":50,"enemies":"downfall:Augmenter","floor":20,"turns":6},{"damage":17,"enemies":"downfall:FleeingMerchant","floor":22,"turns":4},{"damage":4,"enemies":"Shell Parasite","floor":25,"turns":2},{"damage":43,"enemies":"Centurion and Healer","floor":26,"turns":7},{"damage":23,"enemies":"Book of Stabbing","floor":27,"turns":5},{"damage":8,"enemies":"3 Cultists","floor":28,"turns":3},{"damage":37,"enemies":"Snake Plant","floor":31,"turns":3},{"damage":10,"enemies":"Snecko","floor":32,"turns":4},{"damage":87,"enemies":"DF_ARCHETYPE_CLAW","floor":33,"turns":7},{"damage":8,"enemies":"3 Darklings","floor":36,"turns":3},{"damage":18,"enemies":"Orb Walker","floor":38,"turns":4},{"damage":11,"enemies":"downfall:FleeingMerchant","floor":39,"turns":4},{"damage":26,"enemies":"Jaw Worm Horde","floor":40,"turns":4},{"damage":0,"enemies":"4 Shapes","floor":42,"turns":3},{"damage":50,"enemies":"Giant Head","floor":43,"turns":7},{"damage":0,"enemies":"downfall:FleeingMerchant","floor":46,"turns":1},{"damage":13,"enemies":"Nemesis","floor":48,"turns":3},{"damage":9,"enemies":"3 Darklings","floor":49,"turns":3},{"damage":47,"enemies":"WA_ARCHETYPE_DIVINITY","floor":50,"turns":8}],"seed_played":"1471628224523764162","potions_obtained":[{"floor":3,"key":"Guardian:BlockOnCardUsePotion"},{"floor":5,"key":"AttackPotion"},{"floor":8,"key":"Block Potion"},{"floor":9,"key":"Strength Potion"},{"floor":14,"key":"FearPotion"},{"floor":20,"key":"EssenceOfSteel"},{"floor":27,"key":"SpeedPotion"},{"floor":32,"key":"SteroidPotion"},{"floor":33,"key":"Weak Potion"},{"floor":40,"key":"BlessingOfTheForge"},{"floor":42,"key":"GamblersBrew"},{"floor":48,"key":"Regen Potion"}],"is_trial":false,"path_per_floor":["R","M","M","?","M","$","T","E","M","M","E","M","R","M","M","B",null,"R","M","?","?","$","?","T","M","M","E","M","?","R","M","M","B",null,"R","M","?","M","$","M","T","M","E","R","?","$","$","E","M","B",null],"character_chosen":"SLIMEBOUND","items_purchased":["Slimebound:RainOfGoop","DollysMirror","Anchor","Slimebound:LeadByExample","Slimebound:OozeBath","CaptainsWheel","Orichalcum","Slimebound:ComboTackle"],"campfire_rested":2,"item_purchase_floors":[22,22,39,39,46,46,46,46],"current_hp_per_floor":[65,62,63,45,47,53,63,67,63,63,57,57,57,51,53,34,75,75,75,53,53,45,45,45,54,26,20,21,21,43,39,35,6,75,75,70,70,58,50,39,39,51,13,35,35,38,38,28,31,24],"gold":81,"neow_bonus":"TRANSFORM_CARD","is_daily":false,"chose_seed":false,"campfire_upgraded":4,"win_rate":0.0,"timestamp":1612832535,"path_taken":["R","M","M","?","M","$","T","E","M","M","E","M","R","M","M","BOSS","R","M","?","?","$","?","T","M","M","E","M","?","R","?","M","BOSS","R","M","?","M","$","M","T","M","E","R","?","?","$","E","M","BOSS"],"items_purchased_type":["Card","Relic","Relic","Card","Card","Relic","Relic","Card"],"build_version":"2020-12-22","purchased_purges":2,"victory":true,"max_hp_per_floor":[65,65,65,65,65,65,75,75,75,75,75,75,75,75,75,75,75,75,75,75,75,75,75,75,75,75,75,75,75,75,75,75,75,75,75,75,75,75,75,75,75,75,75,75,75,75,75,75,75,75],"card_choices":[{"not_picked":["Slimebound:ItLooksTasty","Slimebound:LeechingTouch"],"picked":"Slimebound:RollThrough","floor":2},{"not_picked":["Slimebound:SplitAcid","Slimebound:SplitBruiser"],"picked":"Slimebound:Nibble","floor":3},{"not_picked":["Slimebound:MegaLick","Slimebound:SplitBruiser"],"picked":"Slimebound:Repurpose","floor":5},{"not_picked":["Slimebound:SplitBruiser","Slimebound:SplitSpecialist","Slimebound:Schlurp"],"picked":"SKIP","floor":6},{"not_picked":["Slimebound:LivingWall","Slimebound:ServeAndProtect"],"picked":"Slimebound:LevelUp","floor":8},{"not_picked":["Slimebound:LeechEnergy","Slimebound:ProtectTheBoss"],"picked":"Slimebound:GoopTackle","floor":9},{"not_picked":["Slimebound:Schlurp","Slimebound:Dissolve"],"picked":"Slimebound:SlimeBarrage","floor":10},{"not_picked":["Slimebound:PrepareCrush","Slimebound:LeechingTouch","Slimebound:Schlurp"],"picked":"SKIP","floor":11},{"not_picked":["Slimebound:Prepare","Slimebound:LeechEnergy","Slimebound:AcidTongue"],"picked":"SKIP","floor":12},{"not_picked":["Slimebound:RollThrough","Slimebound:FlameTackle","Slimebound:Schlurp"],"picked":"SKIP","floor":14},{"not_picked":["Slimebound:Nibble","Slimebound:Dissolve"],"picked":"Slimebound:PressTheAttack","floor":15},{"not_picked":["Slimebound:SlimeSlap","Slimebound:Overexert"],"picked":"Slimebound:LeechLife","floor":16},{"not_picked":["Slimebound:FinishingTackle","Slimebound:FormOfPuddle"],"picked":"Slimebound:HauntingLick","floor":19},{"not_picked":[],"picked":"J.A.X.","floor":20},{"not_picked":["Slimebound:BestDefense","Slimebound:FinishingTackle","Slimebound:SamplingLick"],"picked":"SKIP","floor":22},{"not_picked":["Slimebound:HauntingLick+1","Slimebound:FinishingTackle"],"picked":"Slimebound:RainOfGoop+1","floor":25},{"not_picked":["Slimebound:GoopTackle+1","Slimebound:MegaLick"],"picked":"Slimebound:SplitAcid+1","floor":26},{"not_picked":["Slimebound:HauntingLick","Slimebound:SplitLeeching"],"picked":"Slimebound:LeechingTouch","floor":27},{"not_picked":["Slimebound:ForwardTackle","Slimebound:SplitLeeching"],"picked":"Slimebound:ProtectTheBoss","floor":28},{"not_picked":["Slimebound:Grow+1","Slimebound:ItLooksTasty"],"picked":"Slimebound:SlimeSpikes","floor":31},{"not_picked":["Slimebound:FinishingTackle+1","Slimebound:PressTheAttack"],"picked":"Slimebound:HauntingLick+1","floor":32},{"not_picked":["Slimebound:RallyTheTroops","Slimebound:DuplicatedForm"],"picked":"Slimebound:FirmFortitude","floor":33},{"not_picked":["Slimebound:Nibble","Slimebound:ComboTackle+1","Slimebound:ProtectTheBoss+1"],"picked":"SKIP","floor":36},{"not_picked":["Slimebound:Grow+1","Slimebound:Schlurp+1","Slimebound:Nibble+1"],"picked":"SKIP","floor":38},{"not_picked":["Slimebound:Equalize","Slimebound:SlimeBrawl"],"picked":"Slimebound:SplitBruiser+1","floor":39},{"not_picked":["Slimebound:ItLooksTasty","Slimebound:SplitAcid"],"picked":"Slimebound:SamplingLick+1","floor":40},{"not_picked":["Slimebound:DivideAndConquer","Slimebound:PressTheAttack+1","Slimebound:SplitAcid"],"picked":"SKIP","floor":42},{"not_picked":["Slimebound:Overexert","Slimebound:SlimeSpikes+1"],"picked":"Slimebound:LivingWall+1","floor":43},{"not_picked":["expansioncontent:InvincibleStrength","expansioncontent:PolyBeam"],"picked":"expansioncontent:AwakenDeath","floor":45},{"not_picked":["Slimebound:FinishingTackle","Slimebound:ServeAndProtect+1"],"picked":"Slimebound:SlimeTap","floor":46},{"not_picked":["Slimebound:SplitMire+1","Slimebound:OneTwoCombo","Slimebound:Dissolve"],"picked":"SKIP","floor":48},{"not_picked":["Slimebound:PressTheAttack+1","Slimebound:SplitSpecialist+1"],"picked":"Slimebound:LivingWall","floor":49}],"player_experience":20204,"relics_obtained":[{"floor":7,"key":"Pear"},{"floor":8,"key":"Slimebound:AggressiveSlimeRelic"},{"floor":11,"key":"MawBank"},{"floor":20,"key":"MutagenicStrength"},{"floor":24,"key":"Pantograph"},{"floor":27,"key":"Dream Catcher"},{"floor":41,"key":"Potion Belt"},{"floor":43,"key":"Nunchaku"},{"floor":48,"key":"Bottled Lightning"}],"event_choices":[{"cards_removed":["Slimebound:LeechLife"],"damage_healed":0,"gold_gain":0,"player_choice":"Removed Attack","damage_taken":0,"max_hp_gain":0,"max_hp_loss":0,"event_name":"Falling","floor":37,"gold_loss":0}],"is_beta":false,"boss_relics":[{"not_picked":["Busted Crown","Calling Bell"],"picked":"Slimebound:AbsorbEndCombatUpgraded"},{"not_picked":["Cursed Key","Black Star"],"picked":"Snecko Eye"}],"items_purged_floors":[22,39],"is_endless":false,"potions_floor_spawned":[3,5,8,9,14,20,27,32,33,40,42,48],"ascension_level":0}}