{"host":"tq99ucv8ezzqzioe","time":1612832848,"event":{"mods":["BaseMod","Colored Map","Downfall","Highlight Path","Minty Spire (QoL Compilation)","StSLib"],"gold_per_floor":[112,127,143,143,159,159,159,193,193,193,23,36,36,49,49,150,150,163,163,182,26,26,26,26],"floor_reached":23,"language":"ENG","playtime":3274,"items_purged":["Strike_B"],"score":267,"play_id":"075f9645-6c39-48d4-a52b-fc3d005abba8","local_time":"20210208200728","is_ascension_mode":true,"campfire_choices":[{"data":"Zap","floor":6,"key":"SMITH"},{"floor":10,"key":"REST"},{"data":"Chill","floor":13,"key":"SMITH"},{"data":"Defragment","floor":15,"key":"SMITH"}],"circlet_count":0,"master_deck":["Strike_B","Strike_B","Strike_B","Defend_B","Defend_B","Defend_B","Defend_B","Zap+1","Dualcast","Stack","Chill+1","Streamline","Blizzard+1","Sweeping Beam+1","Streamline+1","Defragment+1","Buffer","Streamline+1","Glacier","Cold Snap+1","Darkness"],"relics":["SacredBark","Bronze Scales","Molten Egg 2","Omamori","Fusion Hammer","Question Card"],"acts_visited":["Exordium","TheCity"],"potions_floor_usage":[8,12,23],"damage_taken":[{"damage":13,"enemies":"Small Slimes","floor":1,"turns":5},{"damage":9,"enemies":"Jaw Worm","floor":2,"turns":6},{"damage":1,"enemies":"Cultist","floor":3,"turns":4},{"damage":2,"enemies":"2 Fungi Beasts","floor":5,"turns":4},{"damage":17,"enemies":"Lagavulin","floor":8,"turns":7},{"damage":0,"enemies":"Gremlin Gang","floor":12,"turns":2},{"damage":0,"enemies":"3 Louse","floor":14,"turns":4},{"damage":8,"enemies":"Hexaghost","floor":16,"turns":9},{"damage":27,"enemies":"Chosen","floor":18,"turns":5},{"damage":1,"enemies":"3 Byrds","floor":20,"turns":3},{"damage":20,"enemies":"Gremlin Leader","floor":23,"turns":5}],"seed_played":"-3463225683859965329","potions_obtained":[{"floor":2,"key":"Fire Potion"},{"floor":3,"key":"Swift Potion"},{"floor":14,"key":"Ancient Potion"},{"floor":16,"key":"champ:CounterPotion"},{"floor":18,"key":"SteroidPotion"}],"is_trial":false,"path_per_floor":["M","M","M","?","M","R","?","E","T","R","$","M","R","M","R","B",null,"M","?","M","$","?","E"],"character_chosen":"DEFECT","items_purchased":["Omamori","Sweeping Beam+1","Cold Snap+1","Darkness"],"campfire_rested":1,"item_purchase_floors":[11,11,21,21],"current_hp_per_floor":[55,46,45,27,25,25,25,8,8,30,30,30,30,30,30,22,62,35,35,34,34,20,0,0],"gold":26,"neow_bonus":"BOSS_RELIC","is_daily":false,"chose_seed":false,"campfire_upgraded":3,"win_rate":0.0,"timestamp":1612832848,"path_taken":["M","M","M","?","M","R","?","E","T","R","?","M","R","?","R","BOSS","M","?","?","$","?","E"],"items_purchased_type":["Relic","Card","Card","Card"],"build_version":"2020-12-22","purchased_purges":1,"victory":false,"max_hp_per_floor":[75,75,75,75,75,75,75,75,75,75,75,75,75,75,75,75,75,75,75,75,75,80,80,80],"card_choices":[{"not_picked":["Go for the Eyes","Stack"],"picked":"Auto Shields","floor":1},{"not_picked":["Force Field","Steam"],"picked":"Stack","floor":2},{"not_picked":["Sweeping Beam","Rebound"],"picked":"Chill","floor":3},{"not_picked":["Coolheaded","Beam Cell"],"picked":"Streamline","floor":5},{"not_picked":["Conserve Battery","Double Energy"],"picked":"Blizzard+1","floor":8},{"not_picked":["Compile Driver+1","Barrage+1"],"picked":"Streamline+1","floor":12},{"not_picked":["Coolheaded","Force Field"],"picked":"Defragment","floor":14},{"not_picked":["Fission","Reboot"],"picked":"Buffer","floor":16},{"not_picked":["Stack+1","Reprogram"],"picked":"Streamline+1","floor":18},{"not_picked":["Turbo+1","Auto Shields","Leap"],"picked":"Glacier","floor":20}],"player_experience":926118,"relics_obtained":[{"floor":8,"key":"Molten Egg 2"}],"event_choices":[{"damage_healed":0,"gold_gain":0,"player_choice":"Success","damage_taken":18,"relics_obtained":["Bronze Scales"],"max_hp_gain":0,"max_hp_loss":0,"event_name":"Scrap Ooze","floor":4,"gold_loss":0},{"damage_healed":0,"gold_gain":0,"player_choice":"Ignored","damage_taken":0,"max_hp_gain":0,"max_hp_loss":0,"event_name":"Liars Game","floor":7,"gold_loss":0},{"cards_removed":["Auto Shields"],"damage_healed":0,"gold_gain":0,"player_choice":"Gave Card","damage_taken":0,"relics_obtained":["Question Card"],"max_hp_gain":0,"max_hp_loss":0,"event_name":"WeMeetAgain","floor":19,"gold_loss":0},{"damage_healed":0,"gold_gain":0,"player_choice":"Shed Blood","damage_taken":19,"max_hp_gain":5,"max_hp_loss":0,"event_name":"Forgotten Altar","floor":22,"gold_loss":0}],"is_beta":false,"boss_relics":[{"not_picked":["Velvet Choker","SlaversCollar"],"picked":"Fusion Hammer"}],"items_purged_floors":[21],"is_endless":false,"potions_floor_spawned":[2,3,14,16,18],"killed_by":"Gremlin Leader","ascension_level":8}}