{"host":"ttzdpsscxkem3xrs","time":1612837554,"event":{"mods":["BaseMod","Colored Map","Downfall","Minty Spire (QoL Compilation)","Replay The Spire","StSLib","The Cursed","The Hierophant"],"gold_per_floor":[107,99,100,100,105,126,126,126,126,126,156,156,170,199,199,303,303,318,22,22,22,37,37,57,57,57,86,1,1,1,34,34,131,131,159,159,4,4,0,0,0,29,56,71,71,71,98,98,98,94],"floor_reached":51,"language":"ENG","playtime":2188,"items_purged":["hierophant:Dazzle"],"score":1033,"play_id":"1bc9c0b9-adf2-4bb6-8a93-52e067b0a51b","local_time":"20210208182554","is_ascension_mode":true,"campfire_choices":[{"floor":7.0,"key":"REST"},{"floor":10.0,"key":"REST"},{"floor":12.0,"key":"REST"},{"data":"hierophant:ChurchCoffers","floor":15.0,"key":"SMITH"},{"floor":23.0,"key":"REST"},{"floor":25.0,"key":"REST"},{"floor":32.0,"key":"DIG"},{"data":"hierophant:Repentance","floor":40.0,"key":"SMITH"},{"floor":45,"key":"REST"},{"floor":46,"key":"REST"},{"floor":49,"key":"REST"}],"circlet_count":0,"master_deck":["hierophant:Punish","hierophant:ChurchCoffers+1","hierophant:HolyVerse","hierophant:Smite","hierophant:HammerAndAnvil","hierophant:Batter+1","hierophant:MorningPrayer","hierophant:DivineIntervention","hierophant:Repentance","hierophant:Determination","hierophant:MirrorShield","hierophant:Empathy","hierophant:Repentance+1","hierophant:Shelter+1","hierophant:Batter","hierophant:Kindle","hierophant:Community","hierophant:Doubloon","hierophant:Exaltation","hierophant:Smite","hierophant:Anathema","hierophant:HammerAndAnvil+1"],"relics":["hierophant:PropheticMaskRelic","Blue Candle","Blue Doll","Pear","Juzu Bracelet","Calipers","Runic Dome","Lizard Tail","Thread and Needle","Snack Pack","ReplayTheSpireMod:Shallot","WingedGreaves","Question Card","Pandora\u0027s Box","Replay:Wax Seal","Red Mask","StoneCalendar","Happy Flower","Strawberry","Molten Egg 2"],"acts_visited":["Exordium","TheCity","TheBeyond"],"potions_floor_usage":[47,50],"damage_taken":[{"damage":12.0,"enemies":"Jaw Worm","floor":1.0,"turns":2.0},{"damage":6.0,"enemies":"Cultist","floor":2.0,"turns":3.0},{"damage":0.0,"enemies":"2 Louse","floor":3.0,"turns":2.0},{"damage":9.0,"enemies":"Red Slaver","floor":5.0,"turns":2.0},{"damage":35.0,"enemies":"3 Sentries","floor":6.0,"turns":7.0},{"damage":35.0,"enemies":"Lagavulin","floor":11.0,"turns":5.0},{"damage":0.0,"enemies":"Blue Slaver","floor":13.0,"turns":1.0},{"damage":0.0,"enemies":"Replay:BlueRogue","floor":14.0,"turns":2.0},{"damage":42.0,"enemies":"Slime Boss","floor":16.0,"turns":7.0},{"damage":27.0,"enemies":"Shell Parasite","floor":18.0,"turns":5.0},{"damage":4.0,"enemies":"Spheric Guardian","floor":22.0,"turns":3.0},{"damage":1.0,"enemies":"Shelled Parasite and Fungi","floor":24.0,"turns":2.0},{"damage":13.0,"enemies":"Replay:Snechameleon","floor":27.0,"turns":4.0},{"damage":0.0,"enemies":"Slavers","floor":31.0,"turns":2.0},{"damage":12.0,"enemies":"Collector","floor":33.0,"turns":10.0},{"damage":0.0,"enemies":"Orb Walker","floor":35.0,"turns":2.0},{"damage":0.0,"enemies":"R_Hoarder","floor":42.0,"turns":7.0},{"damage":85,"enemies":"Reptomancer","floor":44,"turns":7},{"damage":2,"enemies":"Nemesis","floor":47,"turns":3},{"damage":75,"enemies":"Awakened One","floor":50,"turns":7}],"seed_played":"1221862966614723022","potions_obtained":[{"floor":1.0,"key":"Toxic Potion"},{"floor":5.0,"key":"Swift Potion"},{"floor":14.0,"key":"EntropicBrew"},{"floor":16.0,"key":"EssenceOfSteel"},{"floor":35.0,"key":"Weak Potion"},{"floor":44,"key":"FearPotion"}],"is_trial":false,"path_per_floor":["M","M","M","?","M","E","R","?","T","R","E","R","M","E","R_BF","B",null,"M","$","?","?","M","R","M","R","T","E","?","?","?","E","R_BF","B",null,"M","?","$","?","?","R","?","E","T","E","R","R","E","?","R","B",null],"character_chosen":"HIEROPHANT","items_purchased":["Lizard Tail","Replay:Wax Seal"],"campfire_rested":8,"item_purchase_floors":[19,37],"current_hp_per_floor":[63,57,57,57,48,13,35,35,45,70,35,60,60,60,60,18,85,58,58,42,42,38,65,64,90,90,77,77,77,77,77,77,90,90,90,90,90,90,90,90,90,90,90,19,48,77,75,75,97,22],"gold":94,"neow_bonus":"RANDOM_EVENT","is_daily":false,"chose_seed":false,"campfire_upgraded":2,"win_rate":0.0,"timestamp":1612837554,"path_taken":["M","M","M","?","?","E","R","?","T","R","E","R","M","E","R_BF","BOSS","M","?","?","?","M","R","M","R","T","E","?","?","?","E","R_BF","BOSS","M","?","$","?","?","R","?","E","T","E","R","R","E","?","R","BOSS"],"items_purchased_type":["Relic","Relic"],"build_version":"2020-12-22","purchased_purges":1,"victory":true,"max_hp_per_floor":[75,75,75,75,75,75,75,75,85,85,85,85,85,85,85,85,85,85,85,90,90,90,90,90,90,90,90,90,90,90,90,90,90,90,90,90,90,90,90,90,90,90,90,97,97,97,97,97,97,97],"card_choices":[{"not_picked":["hierophant:PassingBell","hierophant:FlamingChariot"],"picked":"hierophant:MirrorShield","floor":1.0},{"not_picked":["hierophant:FlamingChariot","hierophant:MorningPrayer"],"picked":"hierophant:HolyVerse","floor":2.0},{"not_picked":["hierophant:ConvertCurrency","hierophant:OrnateBuckler"],"picked":"hierophant:Smite","floor":3.0},{"not_picked":["hierophant:Encroach","hierophant:AuricBeam"],"picked":"hierophant:HammerAndAnvil","floor":5.0},{"not_picked":["hierophant:Encroach","hierophant:FieryStrike"],"picked":"hierophant:Batter","floor":6.0},{"not_picked":["hierophant:Glossolalia","hierophant:Blessing"],"picked":"hierophant:MorningPrayer","floor":11.0},{"not_picked":["hierophant:CursedGold","hierophant:Refuge","hierophant:Doubloon"],"picked":"SKIP","floor":13.0},{"not_picked":["hierophant:Embezzle","hierophant:Remorse","hierophant:OrnateBuckler"],"picked":"SKIP","floor":14.0},{"not_picked":["hierophant:BulkyChest","hierophant:Kindle"],"picked":"hierophant:DivineIntervention","floor":16.0},{"not_picked":["hierophant:Shelter","hierophant:ThreeLashes"],"picked":"hierophant:Repentance","floor":18.0},{"not_picked":["hierophant:Smite","hierophant:ThreeLashes","hierophant:Doubloon"],"picked":"SKIP","floor":22.0},{"not_picked":["hierophant:CursedGold+1","hierophant:Racketeering+1"],"picked":"hierophant:Determination","floor":24.0},{"not_picked":["hierophant:SolarFlare","hierophant:Empathy","hierophant:Flagellation"],"picked":"SKIP","floor":27.0},{"not_picked":["hierophant:FieryStrike+1","hierophant:Remorse"],"picked":"hierophant:Shelter+1","floor":31.0},{"not_picked":["hierophant:MintersHammer","hierophant:WrathOfGod","hierophant:Cornucopia"],"picked":"hierophant:Batter","floor":33.0},{"not_picked":["hierophant:SealAway+1","hierophant:Empathy","hierophant:Community"],"picked":"hierophant:Exaltation","floor":35.0},{"not_picked":["hierophant:ThreeLashes","hierophant:AuricShield+1","hierophant:ArchangelShield"],"picked":"hierophant:Anathema","floor":42},{"not_picked":["hierophant:Exaltation","hierophant:Sermon+1","hierophant:ThreeLashes"],"picked":"hierophant:HammerAndAnvil+1","floor":44},{"not_picked":["hierophant:Bribe","hierophant:FieryStrike+1","hierophant:FlamingChariot+1","hierophant:Smite+1"],"picked":"SKIP","floor":47}],"player_experience":1398385,"relics_obtained":[{"floor":6.0,"key":"Blue Doll"},{"floor":9.0,"key":"Pear"},{"floor":11.0,"key":"Juzu Bracelet"},{"floor":14.0,"key":"Calipers"},{"floor":26.0,"key":"Thread and Needle"},{"floor":27.0,"key":"Snack Pack"},{"floor":31.0,"key":"WingedGreaves"},{"floor":32.0,"key":"Question Card"},{"floor":42,"key":"StoneCalendar"},{"floor":43,"key":"Happy Flower"},{"floor":44,"key":"Strawberry"},{"floor":47,"key":"Molten Egg 2"}],"event_choices":[{"cards_removed":["hierophant:Strike_Hierophant"],"damage_healed":0.0,"max_hp_gain":0.0,"max_hp_loss":0.0,"gold_gain":0.0,"event_name":"Living Wall","player_choice":"Forget","floor":0.0,"gold_loss":0.0,"damage_taken":0.0},{"cards_removed":["hierophant:MirrorShield"],"damage_healed":0.0,"max_hp_gain":0.0,"max_hp_loss":0.0,"gold_gain":0.0,"event_name":"WeMeetAgain","player_choice":"Gave Card","floor":4.0,"gold_loss":0.0,"damage_taken":0.0,"relics_obtained":["Blue Candle"]},{"damage_healed":0.0,"max_hp_gain":0.0,"max_hp_loss":0.0,"gold_gain":0.0,"event_name":"Accursed Blacksmith","player_choice":"Forge","floor":8.0,"gold_loss":0.0,"damage_taken":0.0,"cards_upgraded":["hierophant:Batter"]},{"damage_healed":0.0,"max_hp_gain":5.0,"max_hp_loss":0.0,"gold_gain":0.0,"event_name":"Forgotten Altar","player_choice":"Shed Blood","floor":20.0,"gold_loss":0.0,"damage_taken":21.0},{"damage_healed":0.0,"max_hp_gain":0.0,"max_hp_loss":0.0,"gold_gain":0.0,"event_name":"Cursed Tome","player_choice":"Ignored","floor":21.0,"gold_loss":0.0,"damage_taken":0.0},{"damage_healed":0.0,"max_hp_gain":0.0,"max_hp_loss":0.0,"gold_gain":0.0,"event_name":"Addict","player_choice":"Obtained Relic","floor":28.0,"gold_loss":85.0,"damage_taken":0.0,"relics_obtained":["ReplayTheSpireMod:Shallot"]},{"damage_healed":0.0,"max_hp_gain":0.0,"max_hp_loss":0.0,"gold_gain":0.0,"cards_transformed":["hierophant:Strike_Hierophant","hierophant:Defend_Hierophant"],"event_name":"Drug Dealer","player_choice":"Became Test Subject","floor":29.0,"gold_loss":0.0,"damage_taken":0.0,"cards_obtained":["hierophant:MirrorShield","hierophant:Empathy"]},{"damage_healed":0.0,"max_hp_gain":0.0,"max_hp_loss":0.0,"gold_gain":0.0,"event_name":"The Library","player_choice":"Read","floor":30.0,"gold_loss":0.0,"damage_taken":0.0,"cards_obtained":["hierophant:Repentance"]},{"damage_healed":0.0,"max_hp_gain":0.0,"max_hp_loss":0.0,"gold_gain":0.0,"event_name":"The Woman in Blue","player_choice":"Bought 0 Potions","floor":36.0,"gold_loss":0.0,"damage_taken":0.0},{"damage_healed":0.0,"max_hp_gain":0.0,"max_hp_loss":0.0,"gold_gain":0.0,"event_name":"Tomb of Lord Red Mask","player_choice":"Paid","floor":39.0,"gold_loss":4.0,"damage_taken":0.0,"relics_obtained":["Red Mask"]},{"damage_healed":0.0,"max_hp_gain":0.0,"max_hp_loss":0.0,"gold_gain":0.0,"cards_transformed":["hierophant:AuricShield"],"event_name":"Transmorgrifier","player_choice":"Transformed","floor":41.0,"gold_loss":0.0,"damage_taken":0.0,"cards_obtained":["hierophant:Smite"]},{"cards_removed":["hierophant:Bribe"],"damage_healed":0,"gold_gain":0,"player_choice":"Removed Skill","damage_taken":0,"max_hp_gain":0,"max_hp_loss":0,"event_name":"Falling","floor":48,"gold_loss":0}],"is_beta":false,"boss_relics":[{"not_picked":["SacredBark","Replay:Drink Me"],"picked":"Runic Dome"},{"not_picked":["Cursed Key","Replay:Grab Bag"],"picked":"Pandora\u0027s Box"}],"items_purged_floors":[37],"is_endless":false,"potions_floor_spawned":[1,5,14,16,18,24,27,35,44],"ascension_level":3}}