{"host":"13o02hya6v6rzuva","time":1612869749,"event":{"mods":["BaseMod","Minty Spire (QoL Compilation)","Relic Stats"],"gold_per_floor":[111,121,87,87,104,104,121,121,172,172,203,203,221,263,263,371,371,399,418,517,273,273,273,309,309,309],"floor_reached":25,"language":"ENG","playtime":796,"items_purged":["Pain"],"score":355,"play_id":"56eb4def-80c2-4d14-aebd-d73f1c32f47d","local_time":"20210209122229","is_ascension_mode":true,"campfire_choices":[{"data":"Zap","floor":6,"key":"SMITH"},{"data":"Chaos","floor":8,"key":"SMITH"},{"floor":10,"key":"REST"},{"floor":12,"key":"REST"},{"floor":15,"key":"REST"},{"floor":23,"key":"REST"}],"circlet_count":0,"master_deck":["AscendersBane","Strike_B+1","Strike_B+1","Strike_B","Defend_B","Defend_B","Defend_B","Defend_B","Zap+1","Dualcast","Echo Form","Streamline","Capacitor","Tempest","Stack","Chaos+1","Consume","Cold Snap","Electrodynamics","Conserve Battery","Go for the Eyes","Darkness","Hello World+1"],"relics":["Cracked Core","WarpedTongs","Whetstone","Tiny Chest","CeramicFish","SlaversCollar","Vajra","Shuriken"],"acts_visited":["Exordium","TheCity"],"potions_floor_usage":[2,7,18,24,25],"damage_taken":[{"damage":0,"enemies":"Cultist","floor":1,"turns":4},{"damage":2,"enemies":"Small Slimes","floor":2,"turns":3},{"damage":12,"enemies":"Jaw Worm","floor":5,"turns":3},{"damage":24,"enemies":"Exordium Wildlife","floor":7,"turns":4},{"damage":39,"enemies":"Gremlin Nob","floor":11,"turns":4},{"damage":1,"enemies":"Looter","floor":13,"turns":2},{"damage":27,"enemies":"3 Sentries","floor":14,"turns":7},{"damage":18,"enemies":"The Guardian","floor":16,"turns":9},{"damage":29,"enemies":"3 Byrds","floor":18,"turns":4},{"damage":21,"enemies":"Chosen","floor":19,"turns":5},{"damage":51,"enemies":"Slavers","floor":24,"turns":5},{"damage":11,"enemies":"Centurion and Healer","floor":25,"turns":2}],"seed_played":"2917347966171932779","potions_obtained":[{"floor":1,"key":"BlessingOfTheForge"},{"floor":5,"key":"Weak Potion"},{"floor":11,"key":"SpeedPotion"},{"floor":14,"key":"EssenceOfSteel"},{"floor":24,"key":"FocusPotion"}],"is_trial":false,"path_per_floor":["M","M","$","?","M","R","M","R","T","R","E","R","M","E","R","B",null,"M","M","?","$","?","R","E","M"],"character_chosen":"DEFECT","items_purchased":["Tempest","Vajra","Darkness"],"campfire_rested":4,"item_purchase_floors":[3,21,21],"current_hp_per_floor":[68,66,66,66,54,54,30,30,30,52,13,35,34,7,29,11,59,30,9,9,9,34,56,5,0,0],"gold":309,"neow_bonus":"TRANSFORM_CARD","is_daily":false,"chose_seed":false,"campfire_upgraded":2,"win_rate":0.0,"timestamp":1612869749,"path_taken":["M","?","$","?","M","R","M","R","T","R","E","R","?","E","R","BOSS","M","M","?","$","?","R","E","M"],"items_purchased_type":["Card","Relic","Card"],"build_version":"2020-12-22","purchased_purges":1,"victory":false,"max_hp_per_floor":[75,75,75,75,75,75,75,75,75,75,75,75,75,75,75,75,75,75,75,75,75,75,75,75,75,75],"relic_stats":{"counters":[12,52],"Shuriken":[0],"CeramicFish":54,"Tiny Chest":0,"Whetstone":["Strike_B","Strike_B"],"obtain_stats":[{"SlaversCollar":17,"Shuriken":24,"CeramicFish":14,"Vajra":21,"Tiny Chest":11,"Whetstone":9,"Cracked Core":0,"WarpedTongs":4},{"SlaversCollar":8,"Shuriken":11,"CeramicFish":7,"Vajra":10,"Tiny Chest":5,"Whetstone":4,"Cracked Core":0,"WarpedTongs":2},{"SlaversCollar":36,"Shuriken":50,"CeramicFish":27,"Vajra":45,"Tiny Chest":18,"Whetstone":14,"Cracked Core":0,"WarpedTongs":7}],"WarpedTongs":[43]},"card_choices":[{"not_picked":["Loop","Recycle"],"picked":"Streamline","floor":1},{"not_picked":["Streamline","Cold Snap"],"picked":"Capacitor","floor":2},{"not_picked":["Hologram","Compile Driver"],"picked":"Stack","floor":5},{"not_picked":["Scrape","Tempest"],"picked":"Chaos","floor":7},{"not_picked":["Recycle","Gash","Beam Cell"],"picked":"SKIP","floor":11},{"not_picked":["Leap","Turbo"],"picked":"Consume","floor":13},{"not_picked":["All For One","Compile Driver"],"picked":"Cold Snap","floor":14},{"not_picked":["Fission","Machine Learning"],"picked":"Electrodynamics","floor":16},{"not_picked":["Doom and Gloom","Hello World"],"picked":"Conserve Battery","floor":18},{"not_picked":["Static Discharge","Steam"],"picked":"Go for the Eyes","floor":19},{"not_picked":["Rebound+1","Recycle+1"],"picked":"Hello World+1","floor":24}],"player_experience":1199530,"relics_obtained":[{"floor":9,"key":"Whetstone"},{"floor":11,"key":"Tiny Chest"},{"floor":14,"key":"CeramicFish"},{"floor":24,"key":"Shuriken"}],"event_choices":[{"damage_healed":0,"gold_gain":0,"player_choice":"Rummage","damage_taken":0,"relics_obtained":["WarpedTongs"],"max_hp_gain":0,"max_hp_loss":0,"event_name":"Accursed Blacksmith","floor":4,"gold_loss":0,"cards_obtained":["Pain"]},{"damage_healed":0,"gold_gain":99,"player_choice":"Stole From Cult","damage_taken":0,"max_hp_gain":0,"max_hp_loss":0,"event_name":"Nest","floor":20,"gold_loss":0},{"damage_healed":25,"gold_gain":0,"player_choice":"Heal","damage_taken":0,"max_hp_gain":0,"max_hp_loss":0,"event_name":"The Library","floor":22,"gold_loss":0}],"is_beta":false,"boss_relics":[{"not_picked":["Philosopher\u0027s Stone","Runic Dome"],"picked":"SlaversCollar"}],"items_purged_floors":[21],"is_endless":false,"potions_floor_spawned":[1,5,11,14,24],"killed_by":"Centurion and Healer","ascension_level":11}}