{"host":"rolltorest","time":1612905489,"event":{"mods":["BaseMod","Minty Spire (QoL Compilation)","Relic Stats","Slay the Relics Exporter","StSLib"],"gold_per_floor":[112,130,130,130,146,146,146],"floor_reached":6,"language":"ENG","playtime":114,"items_purged":[],"score":72,"play_id":"3b81023a-b580-4c03-9873-a085874dc79a","local_time":"20210209131809","is_ascension_mode":true,"campfire_choices":[],"circlet_count":0,"master_deck":["AscendersBane","Strike_R+1","Strike_R","Strike_R","Strike_R","Strike_R","Defend_R","Defend_R","Defend_R","Defend_R+1","Bash","Carnage","Battle Trance","Uppercut"],"relics":["Velvet Choker","Pen Nib"],"acts_visited":["Exordium"],"potions_floor_usage":[6],"damage_taken":[{"damage":7,"enemies":"Cultist","floor":1,"turns":4},{"damage":0,"enemies":"Small Slimes","floor":2,"turns":2},{"damage":0,"enemies":"2 Louse","floor":5,"turns":3},{"damage":0,"enemies":"3 Sentries","floor":6,"turns":2}],"seed_played":"-5486882883127213878","potions_obtained":[{"floor":2,"key":"DistilledChaos"},{"floor":5,"key":"Strength Potion"}],"is_trial":false,"path_per_floor":["M","M","?","?","M","E"],"character_chosen":"IRONCLAD","items_purchased":[],"campfire_rested":0,"item_purchase_floors":[],"current_hp_per_floor":[61,61,38,12,12,12,12],"gold":146,"neow_bonus":"BOSS_RELIC","is_daily":false,"chose_seed":false,"campfire_upgraded":0,"win_rate":0.0,"timestamp":1612905489,"path_taken":["M","M","?","?","M","E"],"items_purchased_type":[],"build_version":"2020-12-18","purchased_purges":0,"victory":false,"max_hp_per_floor":[75,75,75,75,75,75,75],"relic_stats":{"counters":[4,11],"Pen Nib":[1],"obtain_stats":[{"Velvet Choker":0,"Pen Nib":4,"Burning Blood":0},{"Velvet Choker":0,"Pen Nib":2,"Burning Blood":0},{"Velvet Choker":0,"Pen Nib":6,"Burning Blood":0}]},"card_choices":[{"not_picked":["Havoc","Headbutt"],"picked":"Carnage","floor":1},{"not_picked":["True Grit","Clash"],"picked":"Battle Trance","floor":2},{"not_picked":["Havoc","Shockwave"],"picked":"Uppercut","floor":5}],"player_experience":1932250,"relics_obtained":[],"event_choices":[{"damage_healed":0,"gold_gain":0,"player_choice":"Entered Light","damage_taken":23,"max_hp_gain":0,"max_hp_loss":0,"event_name":"Shining Light","floor":3,"gold_loss":0,"cards_upgraded":["Defend_R","Strike_R"]},{"damage_healed":0,"gold_gain":0,"player_choice":"Success","damage_taken":26,"relics_obtained":["Pen Nib"],"max_hp_gain":0,"max_hp_loss":0,"event_name":"Scrap Ooze","floor":4,"gold_loss":0}],"is_beta":true,"boss_relics":[],"items_purged_floors":[],"is_endless":false,"potions_floor_spawned":[2,5],"killed_by":"3 Sentries","ascension_level":20}}