{"host":"3498uni0c31c9bdm","time":1612896244,"event":{"mods":["BaseMod","Better Match","Better Note","Better Sensory Stone","Better Skull","Better Third Choice","Colored Map","Minty Spire (QoL Compilation)","Quick Restart","RNG Fix","Random Character Button","Replay The Spire","Shop Mod","Smile Girya","StSLib","Unceasing Turn Reminder"],"gold_per_floor":[110,110,124,89,107,138,138,165,241,95,95,115,115,129,129,225,225,245,36,52,52,52,87,87,111,111,111,147,147,147,4,4,102,102,121,206,231,251,87,87,87,87,112,143,143,159,159,159],"floor_reached":47,"language":"ENG","playtime":2824,"items_purged":["Injury"],"score":967,"play_id":"df711081-87dd-40da-af38-202a9ace9e2a","local_time":"20210210054404","is_ascension_mode":true,"campfire_choices":[{"floor":7,"key":"REST"},{"floor":15,"key":"REST"},{"floor":24,"key":"RECALL"},{"floor":30,"key":"REST"},{"floor":32,"key":"REST"},{"floor":40,"key":"REST"},{"floor":42,"key":"REST"},{"floor":45,"key":"REST"}],"circlet_count":0,"master_deck":["AscendersBane","Strike_P","Strike_P","Strike_P","Defend_P","Defend_P+1","Defend_P","Defend_P","Eruption","Vigilance","Strike_R","Strike_G+1","TalkToTheHand+1","CrushJoints","BattleHymn+1","FlurryOfBlows","Evaluate","PathToVictory","Establishment+1","MasterReality+1","EmptyFist","Wireheading","Crescendo","Evaluate","JustLucky","LessonLearned","Madness","FearNoEvil","MentalFortress","PathToVictory","Replay:DivineShield+1","Ragnarok+1","Prostrate","MentalFortress","Protect","ReplayTheSpireMod:Brewmster","Normality","Collect","BowlingBash"],"relics":["PureWater","Replay:Arrowhead","White Beast Statue","Replay:Mystery Machine","Kunai","Damaru","Golden Idol","Honey Jar","BargainBundle","Mango","Nloth\u0027s Gift","StrikeDummy","ClockworkSouvenir","SlaversCollar","Nunchaku","ReplayTheSpireMod:Ring of Addiction","SacredBark","Chameleon Ring","Blood Vial"],"acts_visited":["Exordium","TheCity","TheBeyond"],"potions_floor_usage":[8,12,16,25,25,33,35,37,37,44,44,44,46,47],"damage_taken":[{"damage":7,"enemies":"Jaw Worm","floor":1,"turns":5},{"damage":0,"enemies":"Small Slimes","floor":3,"turns":3},{"damage":0,"enemies":"Cultist","floor":5,"turns":4},{"damage":32,"enemies":"Replay:BlueRogue","floor":6,"turns":6},{"damage":0,"enemies":"Lagavulin","floor":8,"turns":7},{"damage":12,"enemies":"Large Slime","floor":12,"turns":1},{"damage":7,"enemies":"Blue Slaver","floor":14,"turns":4},{"damage":11,"enemies":"The Guardian","floor":16,"turns":9},{"damage":15,"enemies":"Spheric Guardian","floor":18,"turns":4},{"damage":3,"enemies":"3 Byrds","floor":20,"turns":6},{"damage":17,"enemies":"Slavers","floor":23,"turns":5},{"damage":17,"enemies":"Centurion and Healer","floor":25,"turns":4},{"damage":11,"enemies":"Replay:Snechameleon","floor":28,"turns":5},{"damage":38,"enemies":"Automaton","floor":33,"turns":9},{"damage":7,"enemies":"3 Shapes","floor":35,"turns":8},{"damage":14,"enemies":"3 Darklings","floor":37,"turns":4},{"damage":0,"enemies":"Maw","floor":38,"turns":5},{"damage":65,"enemies":"Reptomancer","floor":44,"turns":6},{"damage":22,"enemies":"Transient","floor":46,"turns":5},{"damage":25,"enemies":"4 Shapes","floor":47,"turns":2}],"seed_played":"-5577069625568525978","potions_obtained":[{"floor":5,"key":"Reflective Coating"},{"floor":6,"key":"Death Potion"},{"floor":8,"key":"Strength Potion"},{"floor":12,"key":"SpeedPotion"},{"floor":16,"key":"Languid Potion"},{"floor":18,"key":"Swift Potion"},{"floor":20,"key":"SmokeBomb"},{"floor":23,"key":"Weak Potion"},{"floor":25,"key":"LiquidBronze"},{"floor":28,"key":"Toxic Potion"},{"floor":33,"key":"Adrenaline Potion"},{"floor":35,"key":"PowerPotion"},{"floor":37,"key":"Swift Potion"},{"floor":38,"key":"Languid Potion"},{"floor":41,"key":"AttackPotion"},{"floor":41,"key":"BlessingOfTheForge"},{"floor":41,"key":"BottledMiracle"}],"is_trial":false,"path_per_floor":["M","?","M","?","M","E","R","E","T","$","$","M","?","M","R","B",null,"M","$","M","?","?","E","R","M","T","?","E","?","R","$","R","B",null,"M","?","M","M","$","R","?","R","T","E","R","M","M"],"character_chosen":"WATCHER","items_purchased":["Damaru","BargainBundle","Wireheading","Crescendo","Evaluate","JustLucky","LessonLearned","Madness","ClockworkSouvenir","ReplayTheSpireMod:Brewmster"],"campfire_rested":7,"item_purchase_floors":[10,19,19,19,19,19,19,19,31,39],"current_hp_per_floor":[54,54,54,68,68,36,56,56,56,56,56,44,44,37,57,46,63,48,48,45,45,45,42,42,25,25,25,14,14,38,38,62,24,68,61,32,18,18,18,42,42,66,66,16,40,20,0,0],"gold":159,"neow_bonus":"ONE_RARE_RELIC","is_daily":false,"chose_seed":false,"campfire_upgraded":0,"win_rate":0.0,"timestamp":1612896244,"path_taken":["M","?","M","?","M","E","R","E","T","?","$","?","?","M","R","BOSS","M","$","?","?","?","E","R","?","T","?","E","?","R","?","R","BOSS","M","?","M","?","$","R","?","R","T","E","R","M","?"],"items_purchased_type":["Relic","Relic","Card","Card","Card","Card","Card","Card","Relic","Card"],"build_version":"2020-12-22","purchased_purges":1,"victory":false,"max_hp_per_floor":[68,68,68,68,68,68,68,68,68,68,68,68,68,68,68,68,68,68,68,68,68,68,82,82,82,82,82,82,82,82,82,82,82,82,82,82,82,82,82,82,82,82,82,82,82,82,82,82],"card_choices":[{"not_picked":["Replay:ManipulateFuture","Protect"],"picked":"TalkToTheHand","floor":1},{"not_picked":["ThirdEye","Wireheading"],"picked":"CrushJoints","floor":3},{"not_picked":["Crescendo","Evaluate"],"picked":"BattleHymn","floor":5},{"not_picked":["Fasting2","BowlingBash"],"picked":"FlurryOfBlows","floor":6},{"not_picked":["JustLucky","Replay:ManipulateFuture"],"picked":"Evaluate","floor":8},{"not_picked":["Halt","Replay:Cycle"],"picked":"PathToVictory","floor":12},{"not_picked":["BowlingBash","Replay:BluntJabs"],"picked":"Establishment","floor":14},{"not_picked":["Replay:LoomingThreat","SpiritShield"],"picked":"MasterReality","floor":16},{"not_picked":["ReachHeaven","CutThroughFate+1","Crescendo"],"picked":"EmptyFist","floor":18},{"not_picked":["Consecrate+1","ThirdEye","FlurryOfBlows"],"picked":"FearNoEvil","floor":20},{"not_picked":["EmptyMind","EmptyBody","DeusExMachina"],"picked":"MentalFortress","floor":23},{"not_picked":["Replay:DivineShield","Replay:ManipulateFuture","Replay:BluntJabs"],"picked":"PathToVictory","floor":25},{"not_picked":["Replay:ManipulateFuture","Replay:AllIn","BowlingBash"],"picked":"Replay:DivineShield+1","floor":28},{"not_picked":["Omniscience","Vault","SpiritShield"],"picked":"Ragnarok","floor":33},{"not_picked":["FlyingSleeves","Swivel","EmptyFist"],"picked":"Prostrate","floor":35},{"not_picked":["Replay:ManipulateFuture","Blasphemy","Perseverance"],"picked":"MentalFortress","floor":37},{"not_picked":["EmptyFist+1","Nirvana","Pray"],"picked":"Protect","floor":38},{"not_picked":["Evaluate","CarveReality","CutThroughFate"],"picked":"Collect","floor":44},{"not_picked":["Meditate","Wireheading","ClearTheMind"],"picked":"BowlingBash","floor":46}],"player_experience":872491,"relics_obtained":[{"floor":6,"key":"White Beast Statue"},{"floor":8,"key":"Replay:Mystery Machine"},{"floor":9,"key":"Kunai"},{"floor":23,"key":"Mango"},{"floor":26,"key":"Mercury Hourglass"},{"floor":28,"key":"StrikeDummy"},{"floor":41,"key":"ReplayTheSpireMod:Ring of Addiction"},{"floor":41,"key":"SacredBark"},{"floor":41,"key":"Chameleon Ring"},{"floor":44,"key":"Blood Vial"}],"event_choices":[{"damage_healed":0,"gold_gain":0,"player_choice":"Grow","damage_taken":0,"max_hp_gain":0,"max_hp_loss":0,"event_name":"Living Wall","floor":2,"gold_loss":0,"cards_upgraded":["TalkToTheHand"]},{"damage_healed":17,"gold_gain":0,"player_choice":"Healed","damage_taken":0,"max_hp_gain":0,"max_hp_loss":0,"event_name":"The Cleric","floor":4,"gold_loss":35},{"damage_healed":0,"gold_gain":0,"player_choice":"Take Wound","damage_taken":0,"relics_obtained":["Golden Idol"],"max_hp_gain":0,"max_hp_loss":0,"event_name":"Golden Idol","floor":13,"gold_loss":0,"cards_obtained":["Injury"]},{"damage_healed":0,"gold_gain":0,"player_choice":"Upgraded","damage_taken":0,"max_hp_gain":0,"max_hp_loss":0,"event_name":"Upgrade Shrine","floor":21,"gold_loss":0,"cards_upgraded":["Establishment"]},{"damage_healed":0,"gold_gain":0,"player_choice":"Traded Relic","damage_taken":0,"relics_obtained":["Nloth\u0027s Gift"],"max_hp_gain":0,"max_hp_loss":0,"event_name":"N\u0027loth","floor":27,"relics_lost":["Mercury Hourglass"],"gold_loss":0},{"cards_removed":["Strike_P"],"damage_healed":0,"gold_gain":0,"player_choice":"Offered Basic","damage_taken":0,"max_hp_gain":0,"max_hp_loss":0,"event_name":"Bonfire Elementals","floor":29,"gold_loss":0},{"damage_healed":0,"gold_gain":85,"player_choice":"GO RE ","damage_taken":32,"relics_obtained":["Nunchaku"],"max_hp_gain":0,"max_hp_loss":0,"event_name":"betterSkull:BetterSkull","floor":36,"gold_loss":0,"cards_upgraded":[]}],"is_beta":false,"boss_relics":[{"not_picked":["Runic Pyramid","SacredBark"],"picked":"Honey Jar"},{"not_picked":["Replay:Wanted Poster","Fusion Hammer"],"picked":"SlaversCollar"}],"items_purged_floors":[19],"is_endless":false,"potions_floor_spawned":[5,6,8,12,14,16,18,20,23,25,28,33,35,37,38,44,46],"killed_by":"4 Shapes","ascension_level":15}}