{"host":"684z1xpuwaoqmmh1","time":1612877874,"event":{"mods":["A Magickal Journey","BaseMod","Downfall","Hermit","Jorbs\u0027s Wanderer Trilogy","Marisa????????","Minty Spire (QoL Compilation)","Robot Space Explorer","Shade Mod","StSLib","The Bug Knight","The Dragon Tamer","The Elementalist","The Hayseed","The Hierophant","The Marked","The Mystic","The Runesmith","The Saiyan","The Senshi","The Spell Scribe","The Vixen","TheBandit","TheFirefly"],"gold_per_floor":[113,123,133,150,150,179,196,230,230,230,248,248,282,357,357,459,459,477,576,586,597,649,684,684,709,709,738,738,738,738,758,758,858,858,868,868,566,580,596,596,622,622,702,728,728,758,778,429,429,429,429,429,28,53,53],"floor_reached":56,"language":"ENG","playtime":3922,"items_purged":["theScribe:StarterAttack+1","Regret","theScribe:StarterAttack+1"],"score":1952,"play_id":"f9f8c961-f2ed-44d0-9a35-fe7a80c2e29b","local_time":"20210209153754","is_ascension_mode":true,"campfire_choices":[{"floor":10,"key":"REST"},{"data":"theScribe:FalseLife","floor":12,"key":"SMITH"},{"data":"theScribe:WordsOfPower","floor":15,"key":"SMITH"},{"floor":24,"key":"REST"},{"floor":30,"key":"REST"},{"data":"theScribe:Echo","floor":32,"key":"SMITH"},{"floor":40,"key":"RECALL"},{"data":"theScribe:WordsOfPower","floor":42,"key":"SMITH"},{"data":"theScribe:CapacitanceScroll","floor":49,"key":"SMITH"},{"data":"theScribe:ScrollOfScrying","floor":52,"key":"SMITH"}],"circlet_count":0,"master_deck":["theScribe:LightningStrike+1","theScribe:LightningStrike+1","theScribe:StarterDefend+1","theScribe:StarterDefend+1","theScribe:StarterDefend+1","theScribe:IcyDefend+1","theScribe:IcyDefend+1","theScribe:StarterModifier","theScribe:FocusingBarrier","theScribe:FrostvenomToxin+1","theScribe:IcicleBlast","theScribe:FocusedBolt+1","theScribe:FocusingBarrier","theScribe:FalseLife+1","theScribe:WordsOfPower+1","theScribe:RecklessResponse+1","theScribe:ScrollOfScrying+1","theScribe:FrostvenomToxin+1","theScribe:Echo+1","theScribe:StemTheFlow","Finesse","theScribe:WordsOfPower+1","theScribe:WeirdShield+1","theScribe:ScrollOfShadows","theScribe:CapacitanceScroll+1","theScribe:BlankScroll","theScribe:WordsOfPower","theScribe:Insight"],"relics":["theScribe:StarterRelic1","White Beast Statue","Pocketwatch","Vajra","Art of War","Black Star","theSenshi:SailorFukuRelic","theSenshi:SuperSailorFukuRelic","Torii","Guardian:PocketSentry","Bag of Marbles","Akabeko","Ancient Tea Set","Mango","Cursed Key","Medical Kit","Pear","Guardian:GemstoneGun","StrikeDummy","Incense Burner","Nunchaku","Whetstone","hexamod:CandleOfCauterizing","Happy Flower","Lantern","Oddly Smooth Stone"],"acts_visited":["Exordium","TheCity","TheBeyond","TheEnding"],"potions_floor_usage":[6,13,13,18,20,20,20,21,23,25,27,27,27,30,41,44,50,54,55,55],"damage_taken":[{"damage":0,"enemies":"Small Slimes","floor":1,"turns":5},{"damage":0,"enemies":"Cultist","floor":2,"turns":4},{"damage":2,"enemies":"Jaw Worm","floor":3,"turns":5},{"damage":0,"enemies":"3 Louse","floor":4,"turns":5},{"damage":35,"enemies":"Gremlin Nob","floor":6,"turns":6},{"damage":1,"enemies":"Exordium Wildlife","floor":7,"turns":4},{"damage":0,"enemies":"Lagavulin","floor":8,"turns":5},{"damage":0,"enemies":"Large Slime","floor":11,"turns":6},{"damage":5,"enemies":"3 Sentries","floor":13,"turns":6},{"damage":6,"enemies":"Hexaghost","floor":16,"turns":8},{"damage":9,"enemies":"Shell Parasite","floor":18,"turns":8},{"damage":18,"enemies":"3 Byrds","floor":20,"turns":4},{"damage":16,"enemies":"Centurion and Healer","floor":21,"turns":9},{"damage":20,"enemies":"HollowMod:Nosk","floor":23,"turns":8},{"damage":29,"enemies":"Book of Stabbing","floor":25,"turns":7},{"damage":0,"enemies":"Gremlin Leader","floor":27,"turns":7},{"damage":0,"enemies":"Sentry and Sphere","floor":31,"turns":4},{"damage":0,"enemies":"Automaton","floor":33,"turns":9},{"damage":10,"enemies":"3 Darklings","floor":35,"turns":8},{"damage":0,"enemies":"3 Shapes","floor":38,"turns":2},{"damage":0,"enemies":"Jaw Worm Horde","floor":39,"turns":5},{"damage":0,"enemies":"Nemesis","floor":41,"turns":3},{"damage":11,"enemies":"Reptomancer","floor":44,"turns":6},{"damage":0,"enemies":"Giant Head","floor":46,"turns":7},{"damage":0,"enemies":"Transient","floor":47,"turns":5},{"damage":18,"enemies":"Awakened One","floor":50,"turns":22},{"damage":21,"enemies":"Shield and Spear","floor":54,"turns":5},{"damage":0,"enemies":"The Heart","floor":55,"turns":7}],"seed_played":"-7895926012444874730","potions_obtained":[{"floor":2,"key":"Weak Potion"},{"floor":7,"key":"DistilledChaos"},{"floor":8,"key":"SpeedPotion"},{"floor":11,"key":"Explosive Potion"},{"floor":13,"key":"EntropicBrew"},{"floor":16,"key":"Block Potion"},{"floor":18,"key":"PowerPotion"},{"floor":20,"key":"hexamod:SoulburnPotion"},{"floor":21,"key":"Dexterity Potion"},{"floor":23,"key":"GamblersBrew"},{"floor":25,"key":"Weak Potion"},{"floor":27,"key":"Fruit Juice"},{"floor":31,"key":"SkillPotion"},{"floor":33,"key":"Energy Potion"},{"floor":35,"key":"hexamod:SoulburnPotion"},{"floor":41,"key":"PowerPotion"},{"floor":44,"key":"BlessingOfTheForge"},{"floor":46,"key":"ColorlessPotion"},{"floor":54,"key":"Swift Potion"}],"is_trial":false,"path_per_floor":["M","M","M","M","?","E","M","E","T","R","M","R","E","?","R","B",null,"M","?","M","M","T","E","R","E","T","E","?","?","R","M","R","B",null,"M","?","$","M","M","R","E","R","T","E","?","E","M","$","R","B",null,"R","$","E","B",null],"character_chosen":"THE_SCRIBE","items_purchased":["Medical Kit","theScribe:WordsOfPower","hexamod:CandleOfCauterizing","Happy Flower","theScribe:WordsOfPower","SkillPotion"],"campfire_rested":3,"item_purchase_floors":[37,37,48,53,53,53],"current_hp_per_floor":[75,75,73,73,73,38,37,37,37,61,61,61,56,45,45,39,71,62,62,44,28,28,8,32,3,3,17,17,17,52,52,52,52,89,79,79,79,79,79,79,89,89,89,78,78,78,78,78,78,60,98,98,98,77,77],"gold":53,"neow_bonus":"TEN_PERCENT_HP_BONUS","is_daily":false,"chose_seed":false,"campfire_upgraded":6,"win_rate":0.0,"timestamp":1612877874,"path_taken":["M","M","M","M","?","E","?","E","T","R","M","R","E","?","R","BOSS","M","?","M","M","?","E","R","E","T","E","?","?","R","?","R","BOSS","M","?","$","M","M","R","E","R","T","E","?","E","M","$","R","BOSS","R","$","E","BOSS"],"items_purchased_type":["Relic","Card","Relic","Relic","Card","Potion"],"build_version":"2020-12-22","purchased_purges":3,"victory":true,"max_hp_per_floor":[82,82,82,82,82,82,82,82,82,82,82,82,82,82,82,82,82,82,82,82,82,82,82,82,82,82,96,96,96,101,101,101,101,101,101,101,101,101,101,101,111,111,111,111,111,111,111,111,111,111,111,111,111,111,111],"card_choices":[{"not_picked":["theScribe:InvigoratingStrike","theScribe:RecklessResponse"],"picked":"theScribe:LightningBolt","floor":1},{"not_picked":["theScribe:Overcharge","theScribe:ArcaneArcing"],"picked":"theScribe:FocusingBarrier","floor":2},{"not_picked":["theScribe:RecklessResponse","theScribe:BluntWeapons"],"picked":"theScribe:FrostvenomToxin","floor":3},{"not_picked":["theScribe:MirrorImage","theScribe:PiercingBolts"],"picked":"theScribe:IcicleBlast","floor":4},{"not_picked":["theScribe:CrystalShield","theScribe:LightningBolt"],"picked":"theScribe:FocusedBolt","floor":6},{"not_picked":["theScribe:Overcharge","theScribe:GatherComponents","theScribe:Clarity"],"picked":"SKIP","floor":7},{"not_picked":["theScribe:TelumSpellstone","theScribe:FalseLife"],"picked":"theScribe:FocusingBarrier","floor":8},{"not_picked":["theScribe:IcicleBlast","theScribe:Split"],"picked":"theScribe:FalseLife","floor":11},{"not_picked":["theScribe:Clarity","theScribe:Divination"],"picked":"theScribe:WordsOfPower","floor":13},{"not_picked":["theScribe:Overcharge","theScribe:LightningBolt","theScribe:Divination+1"],"picked":"SKIP","floor":18},{"not_picked":["theScribe:BluntWeapons+1","theScribe:FlowLikeWater"],"picked":"theScribe:RecklessResponse+1","floor":20},{"not_picked":["theScribe:FranticSearch","theScribe:RecklessResponse+1"],"picked":"theScribe:ScrollOfScrying","floor":21},{"not_picked":["theScribe:TelumSpellstone","theScribe:BloodMagicks"],"picked":"theScribe:FrostvenomToxin+1","floor":23},{"not_picked":["theScribe:GatherComponents","theScribe:FrostvenomToxin"],"picked":"theScribe:Echo","floor":25},{"not_picked":["theScribe:TelumSpellstone","theScribe:FrostvenomToxin+1","theScribe:GatherComponents"],"picked":"SKIP","floor":27},{"not_picked":["theScribe:ToxicSpellstone","theScribe:ArcaneBarrier","theScribe:WeirdShield"],"picked":"SKIP","floor":31},{"not_picked":["theScribe:RecurringRime","theScribe:AnomalousTexts"],"picked":"theScribe:StemTheFlow","floor":33},{"not_picked":["theScribe:InvigoratingStrike","theScribe:ArcaneBarrier","theScribe:Overcharge"],"picked":"SKIP","floor":35},{"not_picked":["Forethought","Jack Of All Trades"],"picked":"Finesse","floor":36},{"not_picked":["theScribe:SacrificeRitual","theScribe:TelumSpellstone","theScribe:EnchantedStrike+1"],"picked":"SKIP","floor":38},{"not_picked":["theScribe:Split+1","theScribe:LiquidumScroll+1"],"picked":"theScribe:WeirdShield+1","floor":39},{"not_picked":["theScribe:LightningBlade","theScribe:BluntWeapons"],"picked":"theScribe:ScrollOfShadows","floor":41},{"not_picked":["theScribe:ScrollOfPoison","theScribe:ThrownScroll"],"picked":"theScribe:CapacitanceScroll","floor":44},{"not_picked":["theScribe:Incendio+1","theScribe:ThrownScroll+1","theScribe:GatherComponents"],"picked":"SKIP","floor":46},{"not_picked":["theScribe:FrostvenomToxin+1","theScribe:Insight+1"],"picked":"theScribe:BlankScroll","floor":47},{"not_picked":["theScribe:CripplingCharge","theScribe:FocusingBlow"],"picked":"theScribe:Insight","floor":54}],"player_experience":3217774,"relics_obtained":[{"floor":6,"key":"White Beast Statue"},{"floor":8,"key":"Pocketwatch"},{"floor":9,"key":"Vajra"},{"floor":13,"key":"Art of War"},{"floor":22,"key":"theSenshi:SailorFukuRelic"},{"floor":23,"key":"theSenshi:SuperSailorFukuRelic"},{"floor":23,"key":"Torii"},{"floor":25,"key":"Guardian:PocketSentry"},{"floor":25,"key":"Bag of Marbles"},{"floor":26,"key":"Akabeko"},{"floor":27,"key":"Ancient Tea Set"},{"floor":27,"key":"Mango"},{"floor":41,"key":"Pear"},{"floor":41,"key":"Guardian:GemstoneGun"},{"floor":44,"key":"StrikeDummy"},{"floor":44,"key":"Incense Burner"},{"floor":46,"key":"Nunchaku"},{"floor":46,"key":"Whetstone"},{"floor":54,"key":"Lantern"},{"floor":54,"key":"Oddly Smooth Stone"}],"event_choices":[{"damage_healed":0,"gold_gain":0,"player_choice":"Upgraded","damage_taken":0,"max_hp_gain":0,"max_hp_loss":0,"event_name":"Upgrade Shrine","floor":5,"gold_loss":0,"cards_upgraded":["theScribe:FrostvenomToxin"]},{"damage_healed":0,"gold_gain":75,"player_choice":"Gather Gold","damage_taken":11,"max_hp_gain":0,"max_hp_loss":0,"event_name":"World of Goop","floor":14,"gold_loss":0},{"damage_healed":0,"gold_gain":99,"player_choice":"Stole From Cult","damage_taken":0,"max_hp_gain":0,"max_hp_loss":0,"event_name":"Nest","floor":19,"gold_loss":0},{"damage_healed":0,"gold_gain":0,"player_choice":"Simplicity","damage_taken":0,"max_hp_gain":0,"max_hp_loss":0,"event_name":"Back to Basics","floor":29,"gold_loss":0,"cards_upgraded":["theScribe:StarterAttack","theScribe:StarterAttack","theScribe:LightningStrike","theScribe:LightningStrike","theScribe:StarterDefend","theScribe:StarterDefend","theScribe:StarterDefend","theScribe:IcyDefend","theScribe:IcyDefend"]},{"damage_healed":0,"gold_gain":0,"player_choice":"Memory 1","damage_taken":0,"max_hp_gain":0,"max_hp_loss":0,"event_name":"SensoryStone","floor":36,"gold_loss":0},{"cards_removed":["theScribe:LightningBolt"],"damage_healed":0,"gold_gain":0,"player_choice":"Removed Attack","damage_taken":0,"max_hp_gain":0,"max_hp_loss":0,"event_name":"Falling","floor":45,"gold_loss":0}],"is_beta":false,"boss_relics":[{"not_picked":["Runesmith:UraniumAnvil","bronze:MakeshiftBattery"],"picked":"Black Star"},{"not_picked":["SacredBark","theSenshi:MoonKaleidoScopeRelic"],"picked":"Cursed Key"}],"items_purged_floors":[37,48,53],"is_endless":false,"potions_floor_spawned":[2,7,8,11,13,16,18,20,21,23,25,27,31,33,35,38,39,41,44,46,47,54],"ascension_level":6}}