{"host":"xp5rvh2jwe2ejyfm","time":1612912815,"event":{"mods":["2.2 Compatiblity","Aspiration","BaseMod","Better Altar","Better Match","Better Note","Better Sensory Stone","Better Skull","BetterRewards","Colored Powertips","Conspire","Downfall","GifTheSpireLib","Gremlin Mod","GungeonMod","Hermit","Hubris","Jorbs\u0027s Wanderer Trilogy","Minty Spire (QoL Compilation)","Potionbrewer","Quick Restart","Replay The Spire","Robot Space Explorer","Shade Mod","Somnambulant","StSLib","The Bug Knight","The Clintock","The Construct","The Cursed","The Disciple","The Forsaken","The Hierophant","The Necromancer","The Runesmith","The Servant 0.9.4","The Valiant","The Witch","TheFirefly","thorton"],"gold_per_floor":[118,128,145,155,9,9,36,36,60,60,76,76,90,110,110,205,205,218,4,21,38,38,56,56,73,73,73,92,92,108,122,122,227,227,240,251,22,38,58,93,93,93,93],"floor_reached":42,"language":"ENG","playtime":1601,"items_purged":[],"score":513,"play_id":"333a3908-7600-4a2f-9749-beb26bd0aff7","local_time":"20210209182015","is_ascension_mode":false,"campfire_choices":[{"data":"Shade:AnimateDead","floor":6,"key":"SMITH"},{"floor":8,"key":"RECALL"},{"data":"Shade:OpenGraves","floor":15,"key":"SMITH"},{"data":"Shade:FleshToFlesh","floor":24,"key":"SMITH"},{"data":"Shade:GreaterAnimation","floor":29,"key":"SMITH"},{"data":"Shade:FreshBones","floor":32,"key":"SMITH"},{"floor":41,"key":"REST"}],"circlet_count":0,"master_deck":["Shade:Strike_Shade","Shade:Strike_Shade","Shade:Strike_Shade","Shade:Strike_Shade","Shade:Defend_Shade","Shade:Defend_Shade","Shade:Defend_Shade","Shade:Defend_Shade","Shade:AnimateDead+1","Shade:CarefulCut","Shade:FingerOfDeath","Shade:FreshBones","Shade:FreshBones+1","Shade:FingerOfDeath","Shade:OpenGraves+1","Shade:Putrefaction","Shade:FleshToFlesh+1","Shade:SpectralStrikes","Shade:GraveStillness","Shade:Coordination","Shade:FleshToFlesh+1","Shade:FleshToFlesh","Panache","Shade:SkeletonHug+1","Shade:StitchTogether+1","Shade:WallOfFlesh","Shade:GreaterAnimation+1","Shade:Premonition+1","Shade:CommandSoldier","Shade:LichForm","Shade:FeralStrike+1","Shade:SkeletonHug","Apotheosis","Shade:Trample","Shade:FleshLikeOak+1","Shade:ExtraLimbs","Shade:SkeletonHug"],"relics":["Shade:YorickSkull","NeowsBlessing","Strawberry","potionbrewer:Torch","Slimebound:StickyStick","Omamori","bronze:MakeshiftBattery","hubris:Towel","DemoMod:MonsterBlood","thethorton:BottledFunds","aspiration:FetidBarrel"],"acts_visited":["Exordium","TheCity","TheBeyond"],"potions_floor_usage":[7,16,23,28,33,40,40,42],"damage_taken":[{"damage":0,"enemies":"conspire:RoseBush","floor":1,"turns":1},{"damage":0,"enemies":"Cultist","floor":2,"turns":1},{"damage":0,"enemies":"Jaw Worm","floor":3,"turns":1},{"damage":0,"enemies":"Lots of Slimes","floor":4,"turns":3},{"damage":3,"enemies":"Gremlin Nob","floor":7,"turns":3},{"damage":18,"enemies":"Gremlin Gang","floor":11,"turns":4},{"damage":0,"enemies":"2 Fungi Beasts","floor":13,"turns":4},{"damage":7,"enemies":"Large Slime","floor":14,"turns":5},{"damage":17,"enemies":"The Guardian","floor":16,"turns":10},{"damage":0,"enemies":"Spheric Guardian","floor":18,"turns":3},{"damage":0,"enemies":"3 Byrds","floor":20,"turns":4},{"damage":7,"enemies":"conspire:HollyBat","floor":21,"turns":7},{"damage":0,"enemies":"Snecko","floor":23,"turns":5},{"damage":3,"enemies":"Centurion and Healer","floor":25,"turns":7},{"damage":7,"enemies":"Snake Plant","floor":28,"turns":4},{"damage":2,"enemies":"3 Cultists","floor":30,"turns":5},{"damage":0,"enemies":"conspire:HollyBat","floor":31,"turns":8},{"damage":0,"enemies":"conspire:MysteriousRune","floor":33,"turns":8},{"damage":15,"enemies":"3 Shapes","floor":35,"turns":3},{"damage":0,"enemies":"3 Darklings","floor":36,"turns":4},{"damage":14,"enemies":"Writhing Mass","floor":38,"turns":4},{"damage":18,"enemies":"Sphere and 2 Shapes","floor":39,"turns":4},{"damage":20,"enemies":"Giant Head","floor":40,"turns":6},{"damage":36,"enemies":"Nemesis","floor":42,"turns":3}],"seed_played":"6935776007393959163","potions_obtained":[{"floor":1,"key":"Block Potion"},{"floor":3,"key":"AttackPotion"},{"floor":7,"key":"Dexterity Potion"},{"floor":21,"key":"Weak Potion"},{"floor":23,"key":"FearPotion"},{"floor":30,"key":"Strength Potion"},{"floor":33,"key":"Swift Potion"},{"floor":36,"key":"potionbrewer:ToxicPotion"},{"floor":40,"key":"GamblersBrew"}],"is_trial":false,"path_per_floor":["M","M","M","M","$","R","E","R","T","?","M","?","M","M","R","B",null,"M","$","M","M","?","M","R","M","T","?","M","R","M","M","R","B",null,"M","M","$","M","M","E","R","E"],"character_chosen":"SHADE","items_purchased":["DemoMod:WeirdEgg","Shade:FleshToFlesh","Panache","Apotheosis","Shade:Trample"],"campfire_rested":1,"item_purchase_floors":[5,19,19,37,37],"current_hp_per_floor":[65,65,65,65,72,72,69,69,69,69,51,51,51,44,44,27,72,72,72,72,72,72,72,72,70,77,79,72,72,70,79,79,79,79,64,64,64,50,32,12,35,0,0],"gold":93,"neow_bonus":"THREE_ENEMY_KILL","is_daily":false,"chose_seed":false,"campfire_upgraded":5,"win_rate":0.0,"timestamp":1612912815,"path_taken":["M","M","M","M","$","R","E","R","T","?","?","?","?","M","R","BOSS","M","$","?","M","?","M","R","M","T","?","M","R","?","M","R","BOSS","M","?","$","M","M","E","R","E"],"items_purchased_type":["Relic","Card","Card","Card","Card"],"build_version":"2020-12-22","purchased_purges":0,"victory":false,"max_hp_per_floor":[65,65,65,65,72,72,72,72,72,72,72,72,72,72,72,72,72,72,72,72,72,72,72,72,72,79,79,79,79,79,79,79,79,79,79,79,79,79,79,79,79,79,79],"card_choices":[{"not_picked":["Shade:PotionOfRestlessness","Shade:Frenzy"],"picked":"Shade:FingerOfDeath","floor":1},{"not_picked":["Shade:GreyBargain","Shade:GraveStillness"],"picked":"Shade:FreshBones","floor":2},{"not_picked":["Shade:GraveStillness","Shade:SensePrey"],"picked":"Shade:FreshBones","floor":3},{"not_picked":["Shade:Premonition","Shade:Asphyxiate"],"picked":"Shade:FingerOfDeath","floor":4},{"not_picked":["Shade:BoneShards","Shade:FleshOffering"],"picked":"Shade:OpenGraves","floor":7},{"not_picked":["Shade:SpectralStrikes","Shade:FingerOfDeath"],"picked":"Shade:Putrefaction","floor":11},{"not_picked":["Shade:TouchOfTheGrave","Shade:SanguineRitual"],"picked":"Shade:SpectralStrikes","floor":13},{"not_picked":["Shade:AncientSpear","Shade:CommandSoldier"],"picked":"Shade:GraveStillness","floor":14},{"not_picked":["Shade:Tombstone","Shade:SoulPierce"],"picked":"Shade:Coordination","floor":16},{"not_picked":["Shade:Brains+1","Shade:CommandSoldier"],"picked":"Shade:FleshToFlesh","floor":18},{"not_picked":["Shade:FuneraryArmor","Shade:Patience"],"picked":"Shade:StitchTogether","floor":20},{"not_picked":["Shade:DangerousRitual","Shade:Premonition"],"picked":"Shade:SkeletonHug+1","floor":21},{"not_picked":["Shade:MadHubris","Shade:LyeBath"],"picked":"Shade:StitchTogether+1","floor":23},{"not_picked":["Shade:CommandSoldier","Shade:Brains+1"],"picked":"Shade:WallOfFlesh","floor":25},{"not_picked":["Shade:FeralStrike","Shade:FreshBones"],"picked":"Shade:GreaterAnimation","floor":28},{"not_picked":["Shade:GreyBargain","Shade:CoffinDance"],"picked":"Shade:Premonition+1","floor":30},{"not_picked":["Shade:Patience","Shade:Premonition"],"picked":"Shade:CommandSoldier","floor":31},{"not_picked":["Shade:OminousRitual","Shade:Tombstone"],"picked":"Shade:LichForm","floor":33},{"not_picked":["Shade:AncientSpear+1","Shade:LyeBath+1"],"picked":"Shade:FeralStrike+1","floor":35},{"not_picked":["Shade:AncientSpear","Shade:BoneShards+1"],"picked":"Shade:SkeletonHug","floor":36},{"not_picked":["Shade:Asphyxiate+1","Shade:SkeletonHug"],"picked":"Shade:FleshLikeOak+1","floor":38},{"not_picked":["Shade:Premonition","Shade:Brains"],"picked":"Shade:ExtraLimbs","floor":39},{"not_picked":["Shade:Doomsay+1","Shade:CallWraith"],"picked":"Shade:SkeletonHug","floor":40}],"player_experience":479470,"relics_obtained":[{"floor":7,"key":"potionbrewer:Torch"},{"floor":9,"key":"Slimebound:StickyStick"},{"floor":26,"key":"DemoMod:MonsterBlood"},{"floor":40,"key":"aspiration:FetidBarrel"}],"event_choices":[{"damage_healed":0,"gold_gain":0,"player_choice":"Gave Potion","damage_taken":0,"relics_obtained":["Omamori"],"max_hp_gain":0,"max_hp_loss":0,"event_name":"WeMeetAgain","floor":10,"gold_loss":0},{"damage_healed":0,"gold_gain":0,"player_choice":"Take","damage_taken":0,"max_hp_gain":0,"max_hp_loss":0,"event_name":"betterNote:BetterNote","floor":12,"gold_loss":0,"cards_obtained":["Shade:FleshToFlesh"]},{"cards_removed":["Shade:StitchTogether"],"damage_healed":2,"gold_gain":0,"player_choice":"Offered Uncommon","damage_taken":0,"max_hp_gain":0,"max_hp_loss":0,"event_name":"Bonfire Elementals","floor":27,"gold_loss":0}],"is_beta":false,"boss_relics":[{"not_picked":["aspiration:PoetsPen_weak","hubris:BlackHole"],"picked":"bronze:MakeshiftBattery"},{"not_picked":["aspiration:RitualDagger","aspiration:RunesmithSkillbook"],"picked":"thethorton:BottledFunds"}],"items_purged_floors":[],"is_endless":false,"potions_floor_spawned":[1,3,7,21,23,30,33,36,40],"killed_by":"Nemesis","ascension_level":0}}