{"host":"yq854828l1wg20je","time":1612862249,"event":{"mods":["AchievementEnabler","BaseMod","Colored Powertips","Downfall","Hubris","Minty Spire (QoL Compilation)","Quick Restart","READ ME - Snecko Mod","Replay The Spire","StSLib","The Construct","The Cursed","The Disciple","The Senshi","The Servant 0.9.4"],"gold_per_floor":[110,110,127,143,143,175,175,175,175,209,209,280,296,313,333,18,18,117,117,97,197,212,227,246,280,280,280,280],"floor_reached":27,"language":"ENG","playtime":2617,"items_purged":[],"score":270,"play_id":"167ed080-cc03-4aeb-a2de-acb063a60f76","local_time":"20210209041729","is_ascension_mode":false,"campfire_choices":[{"data":"Bullet Time","floor":7.0,"key":"SMITH"},{"data":"Crow Ritual","floor":17.0,"key":"SMITH"},{"floor":26.0,"key":"REST"}],"circlet_count":0,"master_deck":["Strike_G","Strike_G","Strike_G","Strike_G","Strike_G","Defend_G","Defend_G","Defend_G","Defend_G","Defend_G","Survivor","Neutralize","Toxin Wave","Blade Dance","Bullet Time+1","Endless Agony","PiercingWail","Glass Knife","Terror","Heel Hook","Crow Ritual+1","After Image","Deflect","Flying Knee","hubris:Counter","Flying Knee+1","hubris:Sniper"],"relics":["Ring of the Snake","NeowsBlessing","Ornamental Fan","FossilizedHelix","Bottled Flame","Snack Pack","Lee\u0027s Waffle","Busted Crown","hubris:Spice"],"acts_visited":["Exordium","TheCity"],"potions_floor_usage":[27],"damage_taken":[{"damage":0.0,"enemies":"Cultist","floor":1.0,"turns":1.0},{"damage":0.0,"enemies":"Jaw Worm","floor":3.0,"turns":1.0},{"damage":0.0,"enemies":"Small Slimes","floor":4.0,"turns":1.0},{"damage":16.0,"enemies":"Lagavulin","floor":6.0,"turns":5.0},{"damage":45.0,"enemies":"Gremlin Nob","floor":10.0,"turns":6.0},{"damage":0.0,"enemies":"3 Louse","floor":13.0,"turns":4.0},{"damage":0.0,"enemies":"Gremlin Gang","floor":14.0,"turns":3.0},{"damage":0.0,"enemies":"Blue Slaver","floor":15.0,"turns":3.0},{"damage":27.0,"enemies":"Slime Boss","floor":18.0,"turns":15.0},{"damage":7.0,"enemies":"2 Thieves","floor":20.0,"turns":4.0},{"damage":26.0,"enemies":"Chosen","floor":22.0,"turns":8.0},{"damage":10.0,"enemies":"Snake Plant","floor":23.0,"turns":4.0},{"damage":9.0,"enemies":"3 Cultists","floor":24.0,"turns":7.0},{"damage":15.0,"enemies":"Replay:Snechameleon","floor":25.0,"turns":10.0},{"damage":24,"enemies":"Cultist and Chosen","floor":27,"turns":5}],"seed_played":"8665673888408268876","potions_obtained":[{"floor":1.0,"key":"Fire Potion"},{"floor":3.0,"key":"Poison Potion"},{"floor":10.0,"key":"Reflective Coating"},{"floor":13.0,"key":"EssenceOfSteel"},{"floor":22.0,"key":"PowerPotion"},{"floor":24.0,"key":"champ:CounterPotion"}],"is_trial":false,"path_per_floor":["M","?","M","M","?","E","R","PTL","PTL","E","T","T","M","M","M","$","R","B",null,"M","?","M","M","M","E","R","M"],"character_chosen":"THE_SILENT","items_purchased":["Lee\u0027s Waffle","Crow Ritual"],"campfire_rested":1,"item_purchase_floors":[16,16],"current_hp_per_floor":[70,70,70,70,70,54,54,54,54,9,9,9,13,19,23,77,77,56,77,72,72,50,46,41,42,67,47,47],"gold":280,"neow_bonus":"THREE_ENEMY_KILL","is_daily":false,"chose_seed":false,"campfire_upgraded":2,"win_rate":0.0,"timestamp":1612862249,"path_taken":["M","?","?","M","?","E","R","PTL","PTL","E","T","?","M","?","M","$","R","BOSS","M","?","?","?","M","E","R","M"],"items_purchased_type":["Relic","Card"],"build_version":"2020-12-22","purchased_purges":0,"victory":false,"max_hp_per_floor":[70,70,70,70,70,70,70,70,70,70,70,70,70,70,70,77,77,77,77,77,77,77,77,77,85,85,85,85],"card_choices":[{"not_picked":["Deadly Poison","Dodge and Roll"],"picked":"Toxin Wave","floor":1.0},{"not_picked":["Prepared","Tactician"],"picked":"Blade Dance","floor":3.0},{"not_picked":["Flying Knee","Predator"],"picked":"Bullet Time","floor":4.0},{"not_picked":["Sucker Punch","Deadly Poison"],"picked":"Endless Agony","floor":6.0},{"not_picked":["Quick Slash","Riddle With Holes"],"picked":"PiercingWail","floor":10.0},{"not_picked":["Acrobatics","hubris:SlightOfHand"],"picked":"Glass Knife","floor":13.0},{"not_picked":["Hidden Blade","Well Laid Plans"],"picked":"Terror","floor":14.0},{"not_picked":["Flechettes","Flying Knee"],"picked":"Heel Hook","floor":15.0},{"not_picked":["Phantasmal Killer","Die Die Die"],"picked":"After Image","floor":18.0},{"not_picked":[],"picked":"Deflect","floor":20.0},{"not_picked":[],"picked":"Flying Knee","floor":22.0},{"not_picked":[],"picked":"hubris:Counter","floor":23.0},{"not_picked":[],"picked":"Flying Knee+1","floor":24.0},{"not_picked":[],"picked":"hubris:Sniper","floor":25.0}],"player_experience":26285,"relics_obtained":[{"floor":6.0,"key":"Ornamental Fan"},{"floor":10.0,"key":"FossilizedHelix"},{"floor":11.0,"key":"Bottled Flame"},{"floor":12.0,"key":"Snack Pack"},{"floor":25.0,"key":"hubris:Spice"}],"event_choices":[{"damage_healed":0.0,"max_hp_gain":0.0,"max_hp_loss":0.0,"gold_gain":0.0,"event_name":"The Woman in Blue","player_choice":"Bought 0 Potions","floor":2.0,"gold_loss":0.0,"damage_taken":0.0},{"damage_healed":0.0,"max_hp_gain":0.0,"max_hp_loss":0.0,"gold_gain":0.0,"event_name":"Liars Game","player_choice":"Ignored","floor":5.0,"gold_loss":0.0,"damage_taken":0.0},{"damage_healed":0.0,"max_hp_gain":0.0,"max_hp_loss":0.0,"gold_gain":100.0,"event_name":"Golden Shrine","player_choice":"Pray","floor":21.0,"gold_loss":0.0,"damage_taken":0.0}],"is_beta":false,"boss_relics":[{"not_picked":["Kintsugi","hubris:CrackedHourglass"],"picked":"Busted Crown"}],"items_purged_floors":[],"is_endless":false,"potions_floor_spawned":[1,3,10,13,22,24],"killed_by":"Cultist and Chosen","ascension_level":0}}