{"host":"newqdrzxfhh2im9e","time":1612835107,"event":{"mods":["AchievementEnabler","BaseMod","Block Reminder","Colored Map","Minty Spire (QoL Compilation)","Rare Cards Sparkle","Shop Mod","StSLib"],"gold_per_floor":[110,5,19,19,19,19,32,64,117,130,148,148,163,192,192,296,296,277,294,56,73,90,90,107,107,107,3,3,3,28,28,28,28,28],"floor_reached":33,"language":"ENG","playtime":2673,"items_purged":[],"score":267,"play_id":"0f1553fe-c8d4-4f66-8eef-7364c76c4a30","local_time":"20210208174507","is_ascension_mode":false,"campfire_choices":[{"data":"Shockwave","floor":6,"key":"SMITH"},{"floor":12,"key":"RECALL"},{"floor":15,"key":"REST"},{"data":"Immolate","floor":23,"key":"SMITH"},{"data":"Trip","floor":25,"key":"SMITH"},{"data":"Seeing Red","floor":29,"key":"SMITH"},{"data":"Metallicize","floor":32,"key":"SMITH"}],"circlet_count":0,"master_deck":["Strike_R","Strike_R","Strike_R","Strike_R","Strike_R","Defend_R","Defend_R","Defend_R","Defend_R","Bash","Cleave","Shockwave+1","Metallicize+1","Metallicize","Seeing Red+1","Sever Soul","Corruption","Immolate+1","Rupture","Clash","Trip+1","Disarm","Anger+1","Flame Barrier"],"relics":["Burning Blood","Smiling Mask","Happy Flower","Strawberry","Odd Mushroom","Vajra","HornCleat","Juzu Bracelet","Enchiridion"],"acts_visited":["Exordium","TheCity"],"potions_floor_usage":[14,16,19,24,27,30],"damage_taken":[{"damage":6,"enemies":"Cultist","floor":1,"turns":3},{"damage":14,"enemies":"Jaw Worm","floor":3,"turns":4},{"damage":6,"enemies":"Small Slimes","floor":7,"turns":3},{"damage":41,"enemies":"3 Sentries","floor":8,"turns":9},{"damage":0,"enemies":"Blue Slaver","floor":10,"turns":4},{"damage":0,"enemies":"Exordium Wildlife","floor":11,"turns":3},{"damage":2,"enemies":"3 Louse","floor":13,"turns":2},{"damage":16,"enemies":"The Mushroom Lair","floor":14,"turns":3},{"damage":89,"enemies":"Hexaghost","floor":16,"turns":17},{"damage":19,"enemies":"2 Thieves","floor":18,"turns":4},{"damage":16,"enemies":"Shell Parasite","floor":19,"turns":7},{"damage":26,"enemies":"Chosen and Byrds","floor":21,"turns":7},{"damage":5,"enemies":"3 Cultists","floor":22,"turns":4},{"damage":2,"enemies":"Snecko","floor":24,"turns":5},{"damage":10,"enemies":"Gremlin Leader","floor":30,"turns":5},{"damage":70,"enemies":"Automaton","floor":33,"turns":6}],"seed_played":"5513621720571575810","potions_obtained":[{"floor":10,"key":"GamblersBrew"},{"floor":13,"key":"AttackPotion"},{"floor":18,"key":"BlessingOfTheForge"},{"floor":22,"key":"SkillPotion"},{"floor":24,"key":"DuplicationPotion"}],"is_trial":false,"path_per_floor":["M","$","M","?","$","R","M","E","T","M","M","R","M","?","R","B",null,"M","M","$","M","M","R","M","R","T","$","?","R","E","?","R","B"],"character_chosen":"IRONCLAD","items_purchased":["FairyPotion","Vajra","Trip","Fruit Juice"],"campfire_rested":1,"item_purchase_floors":[2,20,20,27],"current_hp_per_floor":[80,80,72,65,65,65,65,37,37,43,49,49,53,43,69,14,87,74,64,64,44,45,45,49,49,49,54,84,84,80,64,64,0,0],"gold":28,"neow_bonus":"RANDOM_COMMON_RELIC","is_daily":false,"chose_seed":false,"campfire_upgraded":5,"win_rate":0.0,"timestamp":1612835107,"path_taken":["M","$","?","?","?","R","M","E","T","M","M","R","M","?","R","BOSS","M","M","$","M","M","R","M","R","T","$","?","R","E","?","R","BOSS"],"items_purchased_type":["Potion","Relic","Card","Potion"],"build_version":"2020-12-22","purchased_purges":0,"victory":false,"max_hp_per_floor":[80,80,80,80,80,80,80,87,87,87,87,87,87,87,87,87,87,87,87,87,87,87,87,87,87,87,92,92,92,92,92,92,92,92],"card_choices":[{"not_picked":["True Grit","Perfected Strike"],"picked":"Cleave","floor":1},{"not_picked":["Thunderclap","Bloodletting"],"picked":"Shockwave","floor":3},{"not_picked":["Armaments","Body Slam"],"picked":"Metallicize","floor":7},{"not_picked":["Armaments","Headbutt"],"picked":"Metallicize","floor":8},{"not_picked":["Carnage","Burning Pact"],"picked":"Seeing Red","floor":10},{"not_picked":["Searing Blow","True Grit"],"picked":"Sever Soul","floor":11},{"not_picked":["Armaments","Sword Boomerang"],"picked":"Corruption","floor":13},{"not_picked":["Brutality","Barricade"],"picked":"Immolate","floor":16},{"not_picked":["Clothesline+1","True Grit"],"picked":"Rupture","floor":18},{"not_picked":["Warcry","Iron Wave"],"picked":"Clash","floor":19},{"not_picked":["Flex","Second Wind"],"picked":"Disarm","floor":21},{"not_picked":["Iron Wave","Sword Boomerang","True Grit"],"picked":"SKIP","floor":22},{"not_picked":["Inflame","Wild Strike"],"picked":"Anger+1","floor":24},{"not_picked":["Ghostly Armor","Heavy Blade"],"picked":"Flame Barrier","floor":30}],"player_experience":763012,"relics_obtained":[{"floor":8,"key":"Strawberry"},{"floor":14,"key":"Odd Mushroom"},{"floor":26,"key":"HornCleat"},{"floor":30,"key":"Juzu Bracelet"},{"floor":31,"key":"Enchiridion"}],"event_choices":[{"damage_healed":0,"gold_gain":0,"player_choice":"Success","damage_taken":7,"relics_obtained":["Happy Flower"],"max_hp_gain":0,"max_hp_loss":0,"event_name":"Scrap Ooze","floor":4,"gold_loss":0},{"damage_healed":0,"gold_gain":0,"player_choice":"Fought Mushrooms","damage_taken":0,"max_hp_gain":0,"max_hp_loss":0,"event_name":"Mushrooms","floor":14,"gold_loss":0},{"damage_healed":30,"gold_gain":0,"player_choice":"Heal","damage_taken":0,"max_hp_gain":0,"max_hp_loss":0,"event_name":"The Library","floor":28,"gold_loss":0},{"damage_healed":0,"gold_gain":0,"player_choice":"Obtained Book","damage_taken":16,"max_hp_gain":0,"max_hp_loss":0,"event_name":"Cursed Tome","floor":31,"gold_loss":0}],"is_beta":false,"boss_relics":[{"not_picked":["Philosopher\u0027s Stone","Cursed Key","Runic Cube"]}],"items_purged_floors":[],"is_endless":false,"potions_floor_spawned":[10,13,18,22,24],"killed_by":"Automaton","ascension_level":0}}