{"host":"kvq1t47bkvtg8ho9","time":1612888867,"event":{"mods":["Aspiration","Bard","BaseMod","Beaked The Cultist","Better Sensory Stone","Better Third Choice","BetterRewards","Bossed Relics","Clockwork Mod","Colored Map","Conspire","Downfall","Energized Spire","Friendly Minions","Hermit","HexUI Lib","Highlight Path","Hubris","Infinite Spire","JesterMod","Minty Spire (QoL Compilation)","READ ME - Guardian Mod","Relic Stats","Reliquary","Shade Mod","Somnambulant","Spire Arcade","StSLib","The Bladedancer","The Bug Knight","The Cursed","The Death Knight","The Disciple","The Forsaken","The Jungle","The Marked","The Necromancer","The Runesmith"],"gold_per_floor":[119,135,92,110,130,130,156,156,181,181,194,194,34,45,45,147,147,157,174,185,205,222,248,248,261,287,315,315,315,315,315,315,419,419,431,441,408,421,171,202,202,202,250,268,293,293,293,372,372,471,471,463,463,463,562,171,171,176,227,279,279,262,256,256,254,254,339,339,327,146,146,245,245,245,208,208,208,220,228,240,245,245,257,331,293,300,312,293,311,290,264,264],"floor_reached":91,"language":"ENG","playtime":8741,"items_purged":[],"score":1995,"play_id":"e72e8d02-be50-4fd2-9806-cc00a2242963","local_time":"20210209114107","is_ascension_mode":true,"campfire_choices":[{"data":"Runesmith:CraftMagma","floor":6.0,"key":"SMITH"},{"data":"Runesmith:Grindstone","floor":8.0,"key":"SMITH"},{"floor":15.0,"key":"REST"},{"floor":24.0,"key":"REST"},{"floor":30.0,"key":"REST"},{"floor":32.0,"key":"REST"},{"floor":41.0,"key":"REST"},{"floor":47.0,"key":"REST"},{"floor":49.0,"key":"REST"},{"data":"Runesmith:PoweredAnvil","floor":66,"key":"SMITH"},{"data":"Apotheosis","floor":74,"key":"SMITH"},{"floor":78,"key":"REST"},{"floor":83,"key":"REST"}],"circlet_count":0,"master_deck":["Runesmith:Strike_RS","Runesmith:Strike_RS","Runesmith:Defend_RS","Runesmith:Defend_RS","Runesmith:Defend_RS","Runesmith:Defend_RS","Runesmith:CraftFirestone","Runesmith:Fortify","Runesmith:RuneHurl","Runesmith:CraftMagma+1","Runesmith:BackupBattery","Runesmith:UnstableHammer","Runesmith:Grindstone+1","Runesmith:Attraction","Runesmith:HammerThrow","Runesmith:PoweredAnvil+1","Runesmith:CraftVitae","Runesmith:Grindstone","Runesmith:CraftIncendium","Runesmith:Supernova","Runesmith:EarthShield","Runesmith:Retool","Runesmith:CraftProtectio","Runesmith:Retool","Runesmith:Firewall","Runesmith:ChargedHammer","hubris:Fate","Runesmith:LightningRod","Runesmith:Grindstone","Runesmith:Empowerment+1","Runesmith:EnergizedChisel+1","Runesmith:CraftIndustria","Runesmith:OneForEveryone","Runesmith:RunicBlueprint","Discovery","Runesmith:CraftIncendium","Runesmith:Discharge+1","hubris:NaturalOne","Runesmith:HammerAndChisel+1","Runesmith:CraftReservo+1","Runesmith:OneForEveryone","Runesmith:Reinforce","Runesmith:CreatorForm","Runesmith:GenerateForcefield","Runesmith:StaticCage","Runesmith:CraftMagma","Runesmith:DoubleUp","Runesmith:CraftObretio","Runesmith:CraftSpiculum","Runesmith:UnstableHammer","Runesmith:Grindstone","Runesmith:CraftMedicinae","Runesmith:CraftProtectio","Runesmith:ElementalConversion","hubris:Fate","infinitespire:Punishment","Runesmith:Prism","Runesmith:CraftPrismatica","Runesmith:MetallurgicalResearch","Runesmith:HammerThrow","Apotheosis+1","infinitespire:Punishment","infinitespire:UltimateForm","infinitespire:Execution","Runesmith:CraftMedicinae","Runesmith:StaticCage+1","Runesmith:HammerThrow+1","Runesmith:LithiumIon","Runesmith:CraftObretio","Runesmith:CraftMagma","Runesmith:Supernova","Runesmith:Strike_RS","Runesmith:Prism","Runesmith:LithiumIon+1","Runesmith:HeatedChisel+1","Runesmith:HeatedChisel+1","Runesmith:HeatedChisel"],"relics":["Runesmith:BrokenRuby","betterThird:SlimedRelic","Anchor","Runesmith:EmergencyProvisions","hubris:TinFlute","energizedSpire:DeadBattery","reliquary:ExpiredCoupon","Guardian:PocketSentry","Shuriken","hubris:Icosahedron","energizedSpire:RedRose","Dream Catcher","Toy Ornithopter","hubris:Reverence","hubris:MobiusCoin","Pandora\u0027s Box","conspire:DeflatedDodgeball","aspiration:DSix","theForsaken:Lifeblossom","Happy Flower","Bird Faced Urn","Nunchaku","beaked:SacredDeck","aspiration:TomeofQuesting","Mummified Hand","MawBank","energizedSpire:HugeHouse"],"acts_visited":["Exordium","TheCity","TheBeyond","Exordium","TheCity","TheBeyond"],"potions_floor_usage":[69,75,82,88,91,91],"damage_taken":[{"damage":0.0,"enemies":"Jaw Worm","floor":1.0,"turns":4.0},{"damage":1.0,"enemies":"2 Louse","floor":2.0,"turns":3.0},{"damage":0.0,"enemies":"Cultist","floor":4.0,"turns":3.0},{"damage":0.0,"enemies":"Large Slime","floor":5.0,"turns":5.0},{"damage":4.0,"enemies":"3 Sentries","floor":7.0,"turns":4.0},{"damage":4.0,"enemies":"Exordium Thugs","floor":11.0,"turns":4.0},{"damage":0.0,"enemies":"Blue Slaver","floor":14.0,"turns":2.0},{"damage":0.0,"enemies":"The Guardian","floor":16.0,"turns":10.0},{"damage":0.0,"enemies":"Chosen","floor":18.0,"turns":6.0},{"damage":0.0,"enemies":"conspire:FuzzyDice","floor":19.0,"turns":6.0},{"damage":6.0,"enemies":"3 Cultists","floor":20.0,"turns":4.0},{"damage":17.0,"enemies":"conspire:HollyBat","floor":21.0,"turns":8.0},{"damage":4.0,"enemies":"Shelled Parasite and Fungi","floor":22.0,"turns":7.0},{"damage":10.0,"enemies":"Nightmare","floor":23.0,"turns":9.0},{"damage":12.0,"enemies":"Snake Plant","floor":25.0,"turns":5.0},{"damage":4.0,"enemies":"Book of Stabbing","floor":27.0,"turns":7.0},{"damage":19.0,"enemies":"Automaton","floor":33.0,"turns":6.0},{"damage":0.0,"enemies":"3 Darklings","floor":35.0,"turns":5.0},{"damage":4.0,"enemies":"3 Shapes","floor":36.0,"turns":4.0},{"damage":2.0,"enemies":"Maw","floor":37.0,"turns":10.0},{"damage":21.0,"enemies":"Jaw Worm Horde","floor":38.0,"turns":6.0},{"damage":17.0,"enemies":"Reptomancer","floor":40.0,"turns":5.0},{"damage":35.0,"enemies":"4 Shapes","floor":44.0,"turns":4.0},{"damage":19.0,"enemies":"Nemesis","floor":45.0,"turns":5.0},{"damage":12.0,"enemies":"Nightmare","floor":48.0,"turns":9.0},{"damage":31.0,"enemies":"Donu and Deca","floor":50.0,"turns":9.0},{"damage":0.0,"enemies":"Cultist","floor":52.0,"turns":2.0},{"damage":0.0,"enemies":"Small Slimes","floor":55.0,"turns":2.0},{"damage":0.0,"enemies":"3 Sentries","floor":57.0,"turns":4.0},{"damage":0.0,"enemies":"2 Louse","floor":58.0,"turns":2.0},{"damage":16.0,"enemies":"Gremlin Nob","floor":59.0,"turns":4.0},{"damage":1.0,"enemies":"Exordium Wildlife","floor":61.0,"turns":3.0},{"damage":14.0,"enemies":"Large Slime","floor":62.0,"turns":5.0},{"damage":0,"enemies":"Looter","floor":63,"turns":3},{"damage":1,"enemies":"Lagavulin","floor":65,"turns":5},{"damage":0,"enemies":"Slime Boss","floor":67,"turns":3},{"damage":5,"enemies":"2 Thieves","floor":69,"turns":4},{"damage":60,"enemies":"Nightmare","floor":75,"turns":11},{"damage":2,"enemies":"Shell Parasite","floor":79,"turns":3},{"damage":1,"enemies":"Chosen and Byrds","floor":81,"turns":3},{"damage":26,"enemies":"Snake Plant","floor":82,"turns":3},{"damage":2,"enemies":"Champ","floor":84,"turns":5},{"damage":29,"enemies":"3 Shapes","floor":86,"turns":3},{"damage":21,"enemies":"3 Darklings","floor":88,"turns":7},{"damage":1,"enemies":"Spire Growth","floor":89,"turns":2},{"damage":17,"enemies":"3 Darklings","floor":90,"turns":6},{"damage":86,"enemies":"HollowMod:StalkingDevout","floor":91,"turns":4}],"seed_played":"-7860164840438797840","potions_obtained":[{"floor":2.0,"key":"SteroidPotion"},{"floor":5.0,"key":"Explosive Potion"},{"floor":7.0,"key":"BlessingOfTheForge"},{"floor":14.0,"key":"FearPotion"},{"floor":16.0,"key":"Fire Potion"},{"floor":20.0,"key":"SpeedPotion"},{"floor":21.0,"key":"Fire Potion"},{"floor":27.0,"key":"sneckomod:MuddlingPotion"},{"floor":40.0,"key":"AttackPotion"},{"floor":45.0,"key":"Energy Potion"},{"floor":48.0,"key":"SneckoOil"},{"floor":50.0,"key":"ColorlessPotion"},{"floor":52.0,"key":"ColorlessPotion"},{"floor":58.0,"key":"Regen Potion"},{"floor":59.0,"key":"ColorlessPotion"},{"floor":62,"key":"BlessingOfTheForge"},{"floor":75,"key":"Ancient Potion"},{"floor":79,"key":"infinitespire:BlackPotion"},{"floor":86,"key":"LiquidMemories"},{"floor":88,"key":"DeathKnight:RimePotion"}],"is_trial":false,"path_per_floor":["M","M","?","M","M","R","E","R","T","?","M","?","$","M","R","B",null,"M","M","M","M","M","NM","R","M","T","E","?","?","R","?","R","B",null,"M","M","M","M","$","E","R","?","T","M","E","?","R","NM","R","B",null,"M","?","?","M","$","E","M","E","T","M","M","M","AVR","E","R","B",null,"M","$","?","?","AVR","R","NM","?","T","R","M","$","M","M","R","B",null,"M","$","M","M","M","E"],"character_chosen":"RUNESMITH_CLASS","items_purchased":["Runesmith:PoweredAnvil","Runesmith:CraftVitae","Runesmith:Grindstone","Runesmith:OneForEveryone","Runesmith:RunicBlueprint","Discovery","conspire:DeflatedDodgeball","Runesmith:DoubleUp","Runesmith:CraftObretio","Apotheosis"],"campfire_rested":9,"item_purchase_floors":[13,13,13,39,39,39,56,56,56,70],"current_hp_per_floor":[77,76,65,65,65,65,61,61,61,61,57,57,57,57,77,77,77,77,77,71,54,50,40,63,51,51,47,47,47,70,56,77,58,77,77,73,71,50,50,33,56,56,56,21,7,7,30,28,51,25,77,77,82,82,82,82,82,82,66,66,70,72,77,77,81,81,82,82,79,79,79,79,79,79,49,49,49,73,80,80,82,62,82,82,77,50,50,63,67,60,0,0],"gold":264,"neow_bonus":"TEN_PERCENT_HP_BONUS","is_daily":false,"chose_seed":false,"campfire_upgraded":4,"win_rate":0.0,"timestamp":1612888867,"path_taken":["M","M","?","M","M","R","E","R","T","?","?","?","?","?","R","BOSS","M","M","M","M","M","NM","R","M","T","E","?","?","R","?","R","BOSS","M","M","M","M","$","E","R","?","T","M","E","?","R","NM","R","BOSS","M","?","?","M","$","E","M","E","T","M","?","M","AVR","E","R","BOSS","M","$","?","?","AVR","R","NM","?","T","R","M","?","?","M","R","BOSS","M","$","M","M","M","E"],"items_purchased_type":["Card","Card","Card","Card","Card","Card","Relic","Card","Card","Card"],"build_version":"2020-12-22","purchased_purges":0,"victory":false,"max_hp_per_floor":[77,77,77,77,77,77,77,77,77,77,77,77,77,77,77,77,77,77,77,77,77,77,77,77,77,77,77,77,77,77,77,77,77,77,77,77,77,77,77,77,77,77,77,77,77,77,77,77,77,77,77,77,82,82,82,82,82,82,82,82,82,82,82,82,82,82,82,82,82,82,82,82,82,82,82,82,82,82,82,82,82,82,82,82,77,77,77,77,77,77,77,77],"relic_stats":{"Dream Catcher":5,"Nunchaku":[10],"Happy Flower":[23],"counters":[47,231],"Shuriken":[37],"Mummified Hand":[18],"Bird Faced Urn":[31],"Pandora\u0027s Box":[],"MawBank":168,"obtain_stats":[{"theForsaken:Lifeblossom":59,"aspiration:TomeofQuesting":73,"Dream Catcher":40,"Nunchaku":65,"hubris:Icosahedron":28,"Mummified Hand":75,"beaked:SacredDeck":68,"energizedSpire:HugeHouse":85,"aspiration:DSix":57,"hubris:TinFlute":12,"energizedSpire:RedRose":34,"hubris:MobiusCoin":48,"Runesmith:BrokenRuby":0,"Happy Flower":60,"Guardian:PocketSentry":26,"Runesmith:EmergencyProvisions":9,"energizedSpire:DeadBattery":17,"MawBank":77,"reliquary:ExpiredCoupon":23,"Anchor":7,"Shuriken":27,"betterThird:SlimedRelic":3,"Bird Faced Urn":64,"Pandora\u0027s Box":51,"conspire:DeflatedDodgeball":56,"Toy Ornithopter":43,"hubris:Reverence":45},{"theForsaken:Lifeblossom":31,"aspiration:TomeofQuesting":37,"Dream Catcher":22,"Nunchaku":35,"hubris:Icosahedron":16,"Mummified Hand":38,"beaked:SacredDeck":36,"energizedSpire:HugeHouse":42,"aspiration:DSix":29,"hubris:TinFlute":6,"energizedSpire:RedRose":17,"hubris:MobiusCoin":25,"Runesmith:BrokenRuby":0,"Happy Flower":31,"Guardian:PocketSentry":15,"Runesmith:EmergencyProvisions":5,"energizedSpire:DeadBattery":8,"MawBank":38,"reliquary:ExpiredCoupon":14,"Anchor":5,"Shuriken":16,"betterThird:SlimedRelic":2,"Bird Faced Urn":34,"Pandora\u0027s Box":26,"conspire:DeflatedDodgeball":28,"Toy Ornithopter":22,"hubris:Reverence":24},{"theForsaken:Lifeblossom":163,"aspiration:TomeofQuesting":185,"Dream Catcher":122,"Nunchaku":178,"hubris:Icosahedron":87,"Mummified Hand":196,"beaked:SacredDeck":181,"energizedSpire:HugeHouse":210,"aspiration:DSix":157,"hubris:TinFlute":23,"energizedSpire:RedRose":93,"hubris:MobiusCoin":140,"Runesmith:BrokenRuby":0,"Happy Flower":163,"Guardian:PocketSentry":80,"Runesmith:EmergencyProvisions":19,"energizedSpire:DeadBattery":35,"MawBank":196,"reliquary:ExpiredCoupon":75,"Anchor":19,"Shuriken":87,"betterThird:SlimedRelic":7,"Bird Faced Urn":174,"Pandora\u0027s Box":149,"conspire:DeflatedDodgeball":153,"Toy Ornithopter":122,"hubris:Reverence":131}],"Toy Ornithopter":47},"card_choices":[{"not_picked":["Runesmith:Augment","Runesmith:Overpower"],"picked":"Runesmith:RuneHurl","floor":1.0},{"not_picked":["Runesmith:GoWithTheFlow","Runesmith:FieryHammer"],"picked":"Runesmith:CraftMagma","floor":2.0},{"not_picked":["Runesmith:Repurpose","Runesmith:DuctTape"],"picked":"Runesmith:BackupBattery","floor":4.0},{"not_picked":["Runesmith:BackupBattery","Runesmith:FieryHammer"],"picked":"Runesmith:UnstableHammer","floor":5.0},{"not_picked":["Runesmith:Refine","Runesmith:HammerAndChisel"],"picked":"Runesmith:Grindstone","floor":7.0},{"not_picked":["Runesmith:NanitesCloud","Runesmith:HeatExchange"],"picked":"Runesmith:HammerThrow","floor":11.0},{"not_picked":["Runesmith:HammerThrow","Runesmith:ShiftingStrike"],"picked":"Runesmith:CraftIncendium","floor":14.0},{"not_picked":["Runesmith:ArcReactor","Runesmith:ReplicatingBarrier"],"picked":"Runesmith:Supernova","floor":16.0},{"not_picked":["Runesmith:ChiselStab","Runesmith:MakeshiftArmor"],"picked":"Runesmith:EarthShield","floor":18.0},{"not_picked":["Runesmith:Malloc","Runesmith:Overpower"],"picked":"Runesmith:Retool","floor":19.0},{"not_picked":["Runesmith:DuctTape","Runesmith:CraftObretio"],"picked":"Runesmith:CraftProtectio","floor":20.0},{"not_picked":["Runesmith:RuneHurl","Runesmith:FieryHammer"],"picked":"Runesmith:Retool","floor":21.0},{"not_picked":["Runesmith:StaticCage","Runesmith:GoWithTheFlow"],"picked":"Runesmith:Firewall","floor":22.0},{"not_picked":["Runesmith:StaticCage+1","Runesmith:MakeshiftArmor"],"picked":"Runesmith:Firestorm","floor":23.0},{"not_picked":["Runesmith:EnergizedChisel","Runesmith:Attraction"],"picked":"Runesmith:ChargedHammer","floor":25.0},{"not_picked":["Runesmith:LightningRod","Runesmith:EnergizedChisel"],"picked":"Runesmith:UnstableHammer+1","floor":27.0},{"not_picked":["infinitespire:FutureSight","infinitespire:Punishment"],"picked":"hubris:Fate","floor":31.0},{"not_picked":["Runesmith:ReplicatingBarrier","Runesmith:GrandSlam"],"picked":"Runesmith:LightningRod","floor":33.0},{"not_picked":["Runesmith:ShiftingStrike+1","Runesmith:Overpower+1"],"picked":"Runesmith:Grindstone","floor":35.0},{"not_picked":["Runesmith:Overpower","Runesmith:ChiselStab+1"],"picked":"Runesmith:Empowerment+1","floor":36.0},{"not_picked":["Runesmith:ChiselStab","Runesmith:HeatExchange+1"],"picked":"Runesmith:EnergizedChisel+1","floor":37.0},{"not_picked":["Runesmith:MakeshiftArmor+1","Runesmith:RuneHurl"],"picked":"Runesmith:CraftIndustria","floor":38.0},{"not_picked":["Runesmith:RuneHurl+1","Runesmith:ElementalConversion+1"],"picked":"Runesmith:CraftIncendium","floor":40.0},{"not_picked":["Runesmith:CraftMagma+1","Runesmith:Accelerate"],"picked":"Runesmith:Discharge+1","floor":41.0},{"not_picked":["Runesmith:Malloc+1","Runesmith:MakeshiftArmor"],"picked":"Runesmith:HammerAndChisel+1","floor":44.0},{"not_picked":["Runesmith:Terraform","Runesmith:CraftMagma"],"picked":"Runesmith:CraftReservo+1","floor":45.0},{"not_picked":["Runesmith:Empowerment+1","Runesmith:FrozenChisel+1"],"picked":"Runesmith:OneForEveryone","floor":47.0},{"not_picked":["Runesmith:Empowerment","Runesmith:FieryHammer+1"],"picked":"Runesmith:Reinforce","floor":48.0},{"not_picked":["Runesmith:EarthShield","Runesmith:CraftObretio"],"picked":"Runesmith:CreatorForm","floor":49.0},{"not_picked":["Runesmith:LightningRod","Runesmith:CraftMedicinae"],"picked":"Runesmith:GenerateForcefield","floor":50.0},{"not_picked":["Runesmith:MakeshiftArmor","Runesmith:CraftProtectio"],"picked":"Runesmith:StaticCage","floor":52.0},{"not_picked":["Runesmith:WhiteBalance","Runesmith:BackupBattery"],"picked":"Runesmith:CraftMagma","floor":55.0},{"not_picked":["Runesmith:Repurpose","Runesmith:MakeshiftArmor"],"picked":"Runesmith:CraftSpiculum","floor":57.0},{"not_picked":["Runesmith:HammerTime","Runesmith:HeatExchange"],"picked":"Runesmith:UnstableHammer","floor":58.0},{"not_picked":["Runesmith:MakeshiftArmor","Runesmith:UnstableHammer"],"picked":"Runesmith:Grindstone","floor":59.0},{"not_picked":["Runesmith:Prism","Runesmith:HammerThrow"],"picked":"Runesmith:CraftMedicinae","floor":61.0},{"not_picked":["Runesmith:UnstableHammer","Runesmith:HeatExchange"],"picked":"Runesmith:CraftProtectio","floor":62},{"not_picked":["Runesmith:CraftProtectio","Runesmith:ChiselStab"],"picked":"Runesmith:ElementalConversion","floor":63},{"not_picked":["Runesmith:Repurpose","Runesmith:Firestorm"],"picked":"Runesmith:Prism","floor":65},{"not_picked":["Runesmith:CraftIndustria","Runesmith:LightningRod"],"picked":"Runesmith:CraftPrismatica","floor":67},{"not_picked":["Runesmith:RuneHurl","Runesmith:ShiftingStrike"],"picked":"Runesmith:HammerThrow","floor":69},{"not_picked":["infinitespire:SevenWalls","infinitespire:SealOfDarkness+"],"picked":"infinitespire:Execution","floor":75},{"not_picked":["Runesmith:CraftIndustria","Runesmith:ShiftingStrike+1"],"picked":"Runesmith:CraftMedicinae","floor":75},{"not_picked":["Runesmith:NanitesCloud+1","Runesmith:WhiteBalance+1"],"picked":"Runesmith:StaticCage+1","floor":78},{"not_picked":["Runesmith:Repurpose","Runesmith:MakeshiftArmor"],"picked":"Runesmith:HammerThrow+1","floor":79},{"not_picked":["Runesmith:Refine","Runesmith:MakeshiftArmor"],"picked":"Runesmith:LithiumIon","floor":81},{"not_picked":["Runesmith:CraftMagma","Runesmith:EarthShield"],"picked":"Runesmith:CraftObretio","floor":82},{"not_picked":["Runesmith:ChiselStab","Runesmith:HammerThrow+1"],"picked":"Runesmith:CraftMagma","floor":83},{"not_picked":["Runesmith:CraftMedicinae","Runesmith:ReplicatingBarrier"],"picked":"Runesmith:Supernova","floor":84},{"not_picked":["Runesmith:HeatExchange","Runesmith:MakeshiftArmor"],"picked":"Runesmith:LithiumIon+1","floor":86},{"not_picked":["Runesmith:Overpower","Runesmith:StaticCage"],"picked":"Runesmith:HeatedChisel+1","floor":88},{"not_picked":["Runesmith:HeatExchange+1","Runesmith:CraftIncendium"],"picked":"Runesmith:HeatedChisel+1","floor":89},{"not_picked":["Runesmith:EarthShield","Runesmith:EnergizedChisel+1"],"picked":"Runesmith:HeatedChisel","floor":90}],"player_experience":834313,"relics_obtained":[{"floor":7.0,"key":"Anchor"},{"floor":9.0,"key":"Runesmith:EmergencyProvisions"},{"floor":23.0,"key":"reliquary:ExpiredCoupon"},{"floor":26.0,"key":"Guardian:PocketSentry"},{"floor":27.0,"key":"Shuriken"},{"floor":40.0,"key":"Dream Catcher"},{"floor":43.0,"key":"Toy Ornithopter"},{"floor":45.0,"key":"hubris:Reverence"},{"floor":48.0,"key":"hubris:MobiusCoin"},{"floor":57.0,"key":"aspiration:DSix"},{"floor":59.0,"key":"theForsaken:Lifeblossom"},{"floor":60.0,"key":"Happy Flower"},{"floor":65,"key":"Nunchaku"},{"floor":75,"key":"Mummified Hand"},{"floor":77,"key":"MawBank"}],"event_choices":[{"damage_healed":0.0,"max_hp_gain":0.0,"max_hp_loss":0.0,"gold_gain":0.0,"event_name":"betterThird:BetterGoop","player_choice":"Slimed","floor":3.0,"gold_loss":43.0,"damage_taken":11.0},{"damage_healed":0.0,"max_hp_gain":0.0,"max_hp_loss":0.0,"gold_gain":0.0,"cards_transformed":["Runesmith:Strike_RS"],"event_name":"Transmorgrifier","player_choice":"Transformed","floor":10.0,"gold_loss":0.0,"damage_taken":0.0,"cards_obtained":["Runesmith:Attraction"]},{"damage_healed":0.0,"max_hp_gain":0.0,"max_hp_loss":0.0,"gold_gain":0.0,"event_name":"WeMeetAgain","player_choice":"Gave Potion","floor":12.0,"gold_loss":0.0,"damage_taken":0.0,"relics_obtained":["hubris:TinFlute"]},{"cards_removed":["Runesmith:UnstableHammer"],"damage_healed":0.0,"max_hp_gain":0.0,"max_hp_loss":0.0,"gold_gain":0.0,"event_name":"Falling","player_choice":"Removed Attack","floor":42.0,"gold_loss":0.0,"damage_taken":0.0},{"damage_healed":0.0,"max_hp_gain":5.0,"max_hp_loss":0.0,"gold_gain":0.0,"event_name":"Big Fish","player_choice":"Donut","floor":53.0,"gold_loss":0.0,"damage_taken":0.0},{"cards_removed":["Runesmith:Strike_RS"],"damage_healed":0.0,"max_hp_gain":0.0,"max_hp_loss":0.0,"gold_gain":0.0,"event_name":"Purifier","player_choice":"Purged","floor":54.0,"gold_loss":0.0,"damage_taken":0.0},{"damage_healed":0,"gold_gain":99,"player_choice":"Steal","damage_taken":0,"max_hp_gain":0,"max_hp_loss":0,"event_name":"betterThird:BetterNest","floor":72,"gold_loss":0},{"damage_healed":0,"gold_gain":0,"player_choice":"Ignored","damage_taken":0,"max_hp_gain":0,"max_hp_loss":0,"event_name":"Ghosts","floor":76,"gold_loss":0}],"is_beta":false,"boss_relics":[{"not_picked":["aspiration:BardSkillbook","energizedSpire:EnergizedDie"],"picked":"energizedSpire:DeadBattery"},{"not_picked":["Black Star","theForsaken:PaleLantern"],"picked":"energizedSpire:RedRose"},{"not_picked":["Runic Dome","conspire:RoyalGoblet"],"picked":"Pandora\u0027s Box"},{"not_picked":["jesterMod:MachoBrace","Runesmith:PocketReactor"],"picked":"beaked:SacredDeck"},{"not_picked":["bronze:MakeshiftBattery","Philosopher\u0027s Stone"],"picked":"energizedSpire:HugeHouse"}],"items_purged_floors":[],"is_endless":true,"potions_floor_spawned":[2,5,7,14,16,20,21,27,40,45,48,50,52,58,59,62,63,65,67,75,79,86,88],"killed_by":"HollowMod:StalkingDevout","ascension_level":2}}