{"host":"rihxvzvzrfpivboj","time":1612912599,"event":{"mods":["Act Like it!","BaseMod","Better Third Choice","Block Reminder","Colored Map","Colored Powertips","Downfall","Gensokyo","GifTheSpireLib","Googly Eyes","Keyboard Shortcuts","Minty Spire (QoL Compilation)","Quick Restart","Relic Sorter","StSLib","SuperFastMode","Unceasing Turn Reminder","Waifu the Spire"],"gold_per_floor":[99,116,136,149,163,178,248,248,283,283,213,224,8,36,46,448,448,348,364,20,31,31,31,31,42,42,42,69,69,86,86,100,197,197,97,114,134,134,147,102,102,155,170,196,246,275,175,193,204,204,204,230,49,49,49,49],"floor_reached":57,"language":"ENG","playtime":4751,"items_purged":[],"score":1344,"play_id":"c7e5e516-540e-4b3a-bea1-a80deb6b4ac9","local_time":"20210210001639","is_ascension_mode":true,"campfire_choices":[{"data":"sneckomod:TailWhip","floor":1.0,"key":"SMITH"},{"floor":18.0,"key":"RECALL"},{"data":"sneckomod:Rotation","floor":23.0,"key":"SMITH"},{"data":"sneckomod:Rotation","floor":26,"key":"SMITH"},{"data":"sneckomod:DiceBoulder","floor":35,"key":"SMITH"},{"data":"Gensokyo:TekeTeke","floor":47,"key":"SMITH"},{"floor":54,"key":"REST"}],"circlet_count":0,"master_deck":["sneckomod:Strike+1","sneckomod:Defend+1","sneckomod:Defend","sneckomod:TailWhip+1","sneckomod:SnekBite+1","sneckomod:Unknown","sneckomod:Unknown","sneckomod:UnknownUncommonAttack+1","sneckomod:UnknownClassLunar","sneckomod:Rotation+1","sneckomod:UnknownClassTHE_CHAMP_GRAY","sneckomod:MorePower+1","sneckomod:UnknownClassUrban Legend+1","sneckomod:TrashToTreasure","Gensokyo:TekeTeke+1","sneckomod:Unknown2Cost","sneckomod:UnknownClassLunar","sneckomod:UnknownClassUrban Legend+1","sneckomod:Unknown3Cost+1","sneckomod:UnknownBoss+1","sneckomod:UnknownBoss+1","sneckomod:Unknown2Cost","sneckomod:UnknownRarePower+1","sneckomod:UnknownRarePower+1","sneckomod:Rotation+1","sneckomod:DiceBoulder+1","sneckomod:UnknownRareSkill","sneckomod:UnknownClassLunar+1","sneckomod:WideSting","sneckomod:UnknownRareSkill","sneckomod:UnknownRareSkill","sneckomod:UnknownX+1","sneckomod:Unknown3Cost"],"relics":["Snecko Eye","Frozen Egg 2","Strawberry","Whetstone","Gensokyo:NagashiBinaDoll","The Courier","Empty Cage","downfall:HeartBlessingGreen","Shuriken","Sling","Nilry\u0027s Codex","sneckomod:ConfusingCodex","Juzu Bracelet","SacredBark","downfall:HeartBlessingRed","ClockworkSouvenir","Toy Ornithopter","Strawberry","Bird Faced Urn","Pear","Incense Burner","Bottled Tornado","downfall:HeartBlessingBlue","White Beast Statue"],"acts_visited":["Exordium","TheCity","TheBeyond","TheEnding"],"potions_floor_usage":[30,42,42,50,50,52,56,56,56],"damage_taken":[{"damage":0.0,"enemies":"Gensokyo:3_Fairies","floor":2.0,"turns":4.0},{"damage":0.0,"enemies":"Gensokyo:2_Kodama","floor":3.0,"turns":2.0},{"damage":0.0,"enemies":"Gensokyo:Gryphon","floor":4.0,"turns":2.0},{"damage":9.0,"enemies":"Gensokyo:Python_and_Kodama","floor":5.0,"turns":3.0},{"damage":0.0,"enemies":"Gensokyo:3_Kodama","floor":6.0,"turns":3.0},{"damage":3.0,"enemies":"Gensokyo:Mamizou","floor":9.0,"turns":7.0},{"damage":7.0,"enemies":"Gensokyo:2_Rabbits","floor":12.0,"turns":3.0},{"damage":0.0,"enemies":"Gensokyo:Aya","floor":14.0,"turns":2.0},{"damage":0.0,"enemies":"Gensokyo:Kitsune","floor":15.0,"turns":2.0},{"damage":15.0,"enemies":"IC_STATUS_ARCHETYPE","floor":16.0,"turns":7.0},{"damage":0.0,"enemies":"Shell Parasite","floor":19.0,"turns":2.0},{"damage":20.0,"enemies":"downfall:FleeingMerchant","floor":20.0,"turns":4.0},{"damage":0.0,"enemies":"Spheric Guardian","floor":21.0,"turns":3.0},{"damage":0,"enemies":"3 Cultists","floor":25,"turns":2},{"damage":1,"enemies":"Gremlin Leader","floor":28,"turns":3},{"damage":14,"enemies":"Centurion and Healer","floor":30,"turns":6},{"damage":0,"enemies":"Snecko","floor":32,"turns":1},{"damage":9,"enemies":"WA_ARCHETYPE_CALM","floor":33,"turns":5},{"damage":14,"enemies":"3 Darklings","floor":36,"turns":3},{"damage":0,"enemies":"Orb Walker","floor":37,"turns":2},{"damage":11,"enemies":"Writhing Mass","floor":39,"turns":2},{"damage":15,"enemies":"downfall:FleeingMerchant","floor":40,"turns":3},{"damage":0,"enemies":"2 Orb Walkers","floor":42,"turns":2},{"damage":21,"enemies":"3 Darklings","floor":43,"turns":3},{"damage":1,"enemies":"Giant Head","floor":44,"turns":5},{"damage":22,"enemies":"Giant Head","floor":45,"turns":4},{"damage":13,"enemies":"Reptomancer","floor":46,"turns":5},{"damage":0,"enemies":"Sphere and 2 Shapes","floor":48,"turns":4},{"damage":0,"enemies":"Writhing Mass","floor":49,"turns":3},{"damage":38,"enemies":"DF_ARCHETYPE_ORBS","floor":50,"turns":5},{"damage":83,"enemies":"downfall:CharBossMerchant","floor":52,"turns":6},{"damage":13,"enemies":"downfall:NeowBoss","floor":55,"turns":13},{"damage":57,"enemies":"downfall:NeowBossFinal","floor":56,"turns":7}],"seed_played":"-6720407512896440647","potions_obtained":[{"floor":3.0,"key":"GamblersBrew"},{"floor":9.0,"key":"Weak Potion"},{"floor":12.0,"key":"CultistPotion"},{"floor":14.0,"key":"Swift Potion"},{"floor":16.0,"key":"Regen Potion"},{"floor":21.0,"key":"Swift Potion"},{"floor":25,"key":"Weak Potion"},{"floor":43,"key":"BlessingOfTheForge"},{"floor":44,"key":"champ:CounterPotion"},{"floor":45,"key":"Block Potion"},{"floor":48,"key":"Slimebound:ThreeZeroPotion"}],"is_trial":false,"path_per_floor":["R","M","M","M","M","M","T","?","E","?","?","M","COS","E","M","B",null,"R","M","$","M","?","R","T","M","R","?","E","?","M","?","M","B",null,"R","M","M","?","M","?","T","?","M","E","?","E","R","M","M","B",null,"E","$","R","B","B",null],"character_chosen":"THE_SNECKO","items_purchased":["Shuriken","Sling","ClockworkSouvenir","Toy Ornithopter","Strawberry","Slimebound:ThreeZeroPotion","Guardian:BlockOnCardUsePotion","Strength Potion"],"campfire_rested":1,"item_purchase_floors":[20,20,40,40,40,53,53,53],"current_hp_per_floor":[90,90,90,90,81,81,81,78,75,75,75,68,68,68,68,53,97,97,97,87,87,71,71,71,71,71,71,70,70,71,71,71,62,97,97,83,83,83,72,64,64,74,59,92,96,95,105,111,121,91,124,70,70,107,110,90],"gold":49,"neow_bonus":"BOSS_RELIC","is_daily":false,"chose_seed":false,"campfire_upgraded":5,"win_rate":0.0,"timestamp":1612912599,"path_taken":["R","M","M","M","M","M","T","?","E","?","?","M","COS","E","M","BOSS","R","M","$","M","?","R","T","M","R","?","E","?","M","?","M","BOSS","R","M","M","?","M","?","T","?","M","E","?","E","R","M","M","BOSS","E","$","R","BOSS","BOSS"],"items_purchased_type":["Relic","Relic","Relic","Relic","Relic","Potion","Potion","Potion"],"build_version":"2020-12-22","purchased_purges":0,"victory":true,"max_hp_per_floor":[90,90,90,90,90,90,90,97,97,97,97,97,97,97,97,97,97,97,97,97,97,97,97,97,97,97,97,97,97,97,97,97,97,97,97,97,97,97,97,104,104,104,104,114,114,114,124,124,124,124,124,124,124,124,124,124],"card_choices":[{"not_picked":["sneckomod:RainOfDice","sneckomod:UnknownDraw"],"picked":"sneckomod:UnknownUncommonAttack","floor":2.0},{"not_picked":["sneckomod:DiceCrush","sneckomod:ImprovisedAttack"],"picked":"sneckomod:UnknownClassLunar","floor":3.0},{"not_picked":["sneckomod:IronFang","sneckomod:DiceBlock"],"picked":"sneckomod:Rotation","floor":4.0},{"not_picked":["sneckomod:UnknownClassRED","sneckomod:DiceBlock"],"picked":"sneckomod:UnknownClassTHE_CHAMP_GRAY","floor":5.0},{"not_picked":["sneckomod:Rotation","sneckomod:UnknownClassBLUE","sneckomod:PureSnecko"],"picked":"SKIP","floor":6.0},{"not_picked":["sneckomod:SoulDraw","sneckomod:IronFang"],"picked":"sneckomod:MorePower+1","floor":9.0},{"not_picked":["sneckomod:UnknownUncommonSkill+1","sneckomod:UnknownClassBLUE+1"],"picked":"sneckomod:UnknownClassUrban Legend+1","floor":12.0},{"not_picked":["sneckomod:UnknownWeak","sneckomod:UnknownClassPURPLE"],"picked":"sneckomod:TrashToTreasure","floor":12.0},{"not_picked":["sneckomod:ImprovisedGuard","sneckomod:UnknownClassUrban Legend"],"picked":"sneckomod:Unknown2Cost","floor":14.0},{"not_picked":["sneckomod:UnknownClassShop Special","sneckomod:DefensiveFlair"],"picked":"sneckomod:UnknownClassLunar","floor":15.0},{"not_picked":["sneckomod:UnknownVulnerable+1","sneckomod:Unknown0Cost+1"],"picked":"sneckomod:UnknownClassUrban Legend+1","floor":15.0},{"not_picked":["sneckomod:UnknownRareSkill","sneckomod:DangerNoodle"],"picked":"sneckomod:Unknown3Cost","floor":16.0},{"not_picked":["sneckomod:UnknownCommonSkill+1","sneckomod:UnknownClassUrban Legend+1"],"picked":"sneckomod:UnknownBoss+1","floor":16.0},{"not_picked":["sneckomod:Unknown2Cost+1","sneckomod:UnknownClassHEXA_GHOST_PURPLE+1"],"picked":"sneckomod:UnknownBoss+1","floor":19.0},{"not_picked":["sneckomod:UnknownClassTHE_BRONZE_AUTOMATON+1","sneckomod:UnknownStrike+1","sneckomod:UnknownClassGUARDIAN"],"picked":"SKIP","floor":19.0},{"not_picked":["sneckomod:RainOfDice","sneckomod:QuickMove+1"],"picked":"sneckomod:Unknown2Cost","floor":20.0},{"not_picked":["sneckomod:UnknownCommonAttack+1","sneckomod:UnknownClassShop Special+1"],"picked":"sneckomod:UnknownRarePower+1","floor":21.0},{"not_picked":["sneckomod:UnknownUncommonSkill+1","sneckomod:UnknownClassPURPLE+1"],"picked":"sneckomod:UnknownRarePower+1","floor":21.0},{"not_picked":["sneckomod:RainOfDice","sneckomod:TrashToTreasure"],"picked":"sneckomod:Rotation","floor":21.0},{"not_picked":["sneckomod:SnekBeam","sneckomod:UnknownClassHEXA_GHOST_PURPLE","sneckomod:DangerNoodle"],"picked":"SKIP","floor":25},{"not_picked":["sneckomod:UnknownWeak","sneckomod:DiceCrush+1"],"picked":"sneckomod:UnknownRareSkill","floor":28},{"not_picked":["sneckomod:UnknownStrike+1","sneckomod:UnknownRarePower+1"],"picked":"sneckomod:UnknownClassLunar+1","floor":28},{"not_picked":["sneckomod:MasterEye+1","sneckomod:UnknownCommonAttack"],"picked":"sneckomod:WideSting","floor":30},{"not_picked":["sneckomod:DiceBlock+1","sneckomod:UnknownStrike+1","sneckomod:UnknownClassSLIMEBOUND"],"picked":"SKIP","floor":32},{"not_picked":["sneckomod:MorePower+1","sneckomod:UnlimitedRolls+1"],"picked":"sneckomod:UnknownRareSkill","floor":33},{"not_picked":["sneckomod:UnknownClassShop Special+1","sneckomod:Unknown1Cost","sneckomod:UnknownCommonSkill"],"picked":"SKIP","floor":36},{"not_picked":["sneckomod:UnknownClassSLIMEBOUND","sneckomod:DiceBoulder","sneckomod:Unknown1Cost"],"picked":"SKIP","floor":37},{"not_picked":["sneckomod:UnknownDraw","sneckomod:RainOfDice+1"],"picked":"sneckomod:UnknownRareSkill","floor":39},{"not_picked":["sneckomod:ImprovisedAttack","sneckomod:DiceBlock","sneckomod:UnknownClassHEXA_GHOST_PURPLE"],"picked":"SKIP","floor":40},{"not_picked":["sneckomod:UnknownDraw","sneckomod:UnknownExhaust+1","sneckomod:Mudshield+1"],"picked":"SKIP","floor":43},{"not_picked":["sneckomod:UnknownClassHEXA_GHOST_PURPLE+1","sneckomod:UnknownClassBLUE+1"],"picked":"sneckomod:UnknownX+1","floor":44},{"not_picked":["sneckomod:RainOfDice+1","sneckomod:DefensiveFlair+1","sneckomod:DiceBoulder"],"picked":"SKIP","floor":44},{"not_picked":["sneckomod:DiceCrush","sneckomod:ImprovisedAttack+1","sneckomod:Nope"],"picked":"SKIP","floor":46},{"not_picked":["sneckomod:UnknownClassHEXA_GHOST_PURPLE+1","sneckomod:UnknownClassShop Special+1","sneckomod:CheapStock+1"],"picked":"SKIP","floor":48},{"not_picked":["sneckomod:ImprovisedAttack+1","sneckomod:CheapStock+1"],"picked":"sneckomod:Unknown3Cost","floor":49},{"not_picked":["sneckomod:UnknownClassGUARDIAN","sneckomod:Unknown1Cost+1","sneckomod:UnknownClassGREEN+1"],"picked":"SKIP","floor":52}],"player_experience":1138856,"relics_obtained":[{"floor":7.0,"key":"Frozen Egg 2"},{"floor":9.0,"key":"Whetstone"},{"floor":14.0,"key":"The Courier"},{"floor":22.0,"key":"Nilry\u0027s Codex"},{"floor":24,"key":"sneckomod:ConfusingCodex"},{"floor":28,"key":"Juzu Bracelet"},{"floor":42,"key":"Bird Faced Urn"},{"floor":44,"key":"Pear"},{"floor":45,"key":"Incense Burner"},{"floor":46,"key":"Bottled Tornado"},{"floor":52,"key":"White Beast Statue"}],"event_choices":[{"damage_healed":0,"gold_gain":0,"player_choice":"Read","damage_taken":0,"max_hp_gain":0,"max_hp_loss":0,"event_name":"The Library","floor":27,"gold_loss":0,"cards_obtained":["sneckomod:DiceBoulder"]},{"damage_healed":0,"gold_gain":0,"player_choice":"Ignored","damage_taken":0,"max_hp_gain":0,"max_hp_loss":0,"event_name":"Ghosts","floor":29,"gold_loss":0},{"damage_healed":0,"gold_gain":0,"player_choice":"Fight","damage_taken":0,"max_hp_gain":0,"max_hp_loss":0,"event_name":"Mysterious Sphere","floor":42,"gold_loss":0}],"is_beta":false,"boss_relics":[{"not_picked":["Tiny House","sneckomod:SneckoBoss"],"picked":"Empty Cage"},{"not_picked":["Velvet Choker","bronze:MakeshiftBattery"],"picked":"SacredBark"}],"items_purged_floors":[],"is_endless":false,"potions_floor_spawned":[3,9,12,14,16,21,25,33,43,44,45,48,49],"ascension_level":1}}