{"host":"it04jaz8eul1eh3d","time":1612873281,"event":{"mods":["AchievementEnabler","BaseMod","Colored Map","DeckTracker","Keyboard Shortcuts","Minty Spire (QoL Compilation)","SuperFastMode"],"gold_per_floor":[113,126,146,166,116,146,146,175,198,198,198,198,217,232,232,332,332,321,521,538,538,538,538],"floor_reached":22,"language":"KOR","playtime":640,"items_purged":[],"score":196,"play_id":"da54bcae-f2e7-4e8a-884a-122a56fb1a46","local_time":"20210209212121","is_ascension_mode":false,"campfire_choices":[{"floor":7,"key":"REST"},{"data":"Juggernaut","floor":11,"key":"SMITH"},{"data":"Flame Barrier","floor":15,"key":"SMITH"}],"circlet_count":0,"master_deck":["Strike_R","Strike_R","Strike_R","Strike_R","Defend_R","Defend_R","Defend_R","Defend_R+1","Bash","Heavy Blade","Heavy Blade","Heavy Blade","Juggernaut+1","Flex+1","Parasite","Flame Barrier+1","Shrug It Off","Barricade+1","Whirlwind+1","Flame Barrier"],"relics":["Burning Blood","NeowsBlessing","InkBottle","Centennial Puzzle","War Paint","Black Star"],"acts_visited":["Exordium","TheCity"],"potions_floor_usage":[16,16],"damage_taken":[{"damage":0,"enemies":"Small Slimes","floor":1,"turns":1},{"damage":0,"enemies":"Jaw Worm","floor":2,"turns":1},{"damage":0,"enemies":"2 Louse","floor":3,"turns":1},{"damage":18,"enemies":"Exordium Wildlife","floor":4,"turns":6},{"damage":53,"enemies":"Lagavulin","floor":6,"turns":9},{"damage":34,"enemies":"Gremlin Nob","floor":8,"turns":5},{"damage":5,"enemies":"Large Slime","floor":13,"turns":6},{"damage":3,"enemies":"Gremlin Gang","floor":14,"turns":6},{"damage":30,"enemies":"Slime Boss","floor":16,"turns":13},{"damage":12,"enemies":"2 Thieves","floor":18,"turns":4},{"damage":30,"enemies":"3 Byrds","floor":20,"turns":5},{"damage":60,"enemies":"3 Cultists","floor":22,"turns":6}],"seed_played":"-1824542315852269781","potions_obtained":[{"floor":1,"key":"EssenceOfSteel"},{"floor":3,"key":"Fire Potion"},{"floor":6,"key":"LiquidMemories"},{"floor":18,"key":"BloodPotion"}],"is_trial":false,"path_per_floor":["M","M","M","M","?","E","R","E","T","?","R","?","M","M","R","B",null,"M","?","M","?","M"],"character_chosen":"IRONCLAD","items_purchased":[],"campfire_rested":1,"item_purchase_floors":[],"current_hp_per_floor":[80,80,80,68,68,21,45,17,17,37,37,37,38,41,41,17,80,74,74,50,50,0,0],"gold":538,"neow_bonus":"THREE_ENEMY_KILL","is_daily":false,"chose_seed":false,"campfire_upgraded":2,"win_rate":0.0,"timestamp":1612873281,"path_taken":["M","M","M","M","?","E","R","E","T","?","R","?","?","M","R","BOSS","M","?","?","?","M"],"items_purchased_type":[],"build_version":"2020-12-22","purchased_purges":0,"victory":false,"max_hp_per_floor":[80,80,80,80,80,80,80,80,80,80,80,80,80,80,80,80,80,80,80,80,80,80,80],"card_choices":[{"not_picked":["Evolve","Ghostly Armor"],"picked":"Heavy Blade","floor":1},{"not_picked":["True Grit","Iron Wave","Dark Embrace"],"picked":"SKIP","floor":2},{"not_picked":["Shrug It Off","Sword Boomerang"],"picked":"Heavy Blade","floor":3},{"not_picked":["Seeing Red","Body Slam"],"picked":"Heavy Blade","floor":4},{"not_picked":["Second Wind","Warcry"],"picked":"Juggernaut","floor":6},{"not_picked":["Body Slam","Whirlwind"],"picked":"Flex","floor":8},{"not_picked":["Clash","Warcry"],"picked":"Flame Barrier","floor":13},{"not_picked":["Clothesline","Clash"],"picked":"Shrug It Off","floor":14},{"not_picked":["Berserk","Bludgeon"],"picked":"Barricade","floor":16},{"not_picked":["Perfected Strike","Anger+1"],"picked":"Whirlwind+1","floor":18},{"not_picked":["Shrug It Off","Warcry"],"picked":"Flame Barrier","floor":20}],"player_experience":144913,"relics_obtained":[{"floor":6,"key":"InkBottle"},{"floor":8,"key":"Centennial Puzzle"},{"floor":9,"key":"War Paint"}],"event_choices":[{"cards_removed":["Strike_R"],"damage_healed":0,"gold_gain":0,"player_choice":"Card Removal","damage_taken":0,"max_hp_gain":0,"max_hp_loss":0,"event_name":"The Cleric","floor":5,"gold_loss":50},{"damage_healed":20,"gold_gain":0,"player_choice":"Healed and dodged fight","damage_taken":0,"max_hp_gain":0,"max_hp_loss":0,"event_name":"Mushrooms","floor":10,"gold_loss":0,"cards_obtained":["Parasite"]},{"damage_healed":0,"gold_gain":0,"player_choice":"Ignored","damage_taken":0,"max_hp_gain":0,"max_hp_loss":0,"event_name":"Golden Idol","floor":12,"gold_loss":0},{"damage_healed":0,"gold_gain":250,"player_choice":"Bet on Owner","damage_taken":0,"max_hp_gain":0,"max_hp_loss":0,"event_name":"The Joust","floor":19,"gold_loss":50},{"damage_healed":0,"gold_gain":0,"player_choice":"Upgraded","damage_taken":0,"max_hp_gain":0,"max_hp_loss":0,"event_name":"Upgrade Shrine","floor":21,"gold_loss":0,"cards_upgraded":["Barricade"]}],"is_beta":false,"boss_relics":[{"not_picked":["Ectoplasm","Velvet Choker"],"picked":"Black Star"}],"items_purged_floors":[],"is_endless":false,"potions_floor_spawned":[1,3,6,18],"killed_by":"3 Cultists","ascension_level":0}}