{"host":"ydg0vn0pu4pubmdt","time":1612900660,"event":{"mods":["AchievementEnabler","BaseMod","Colored Map","Gold Saver","Minty Spire (QoL Compilation)","Quick Restart","SuperFastMode"],"gold_per_floor":[849,924,948,948,36,68,91,103,142,169,194,37,37,47,47,121,121,135,135,150,130,142,142,152,169,169,189,202,202,237,250,250,321,321,338,349,374,374,394,420,432,446,446,446,138,154,166,8,8,8],"floor_reached":51,"language":"KOR","playtime":1790,"items_purged":["Strike_P","Defend_P"],"score":1474,"play_id":"7b0ab946-0fcb-47e9-b52a-2676f0ac7be1","local_time":"20210210045740","is_ascension_mode":true,"campfire_choices":[{"floor":8.0,"key":"REST"},{"data":"Fasting2","floor":13.0,"key":"SMITH"},{"data":"Tantrum","floor":15.0,"key":"SMITH"},{"data":"Eruption","floor":23.0,"key":"SMITH"},{"floor":29.0,"key":"REST"},{"floor":32.0,"key":"REST"},{"data":"MentalFortress","floor":44.0,"key":"SMITH"},{"data":"MentalFortress","floor":49,"key":"SMITH"}],"circlet_count":0,"master_deck":["AscendersBane","Strike_P","Strike_P","Defend_P","Defend_P","Defend_P","Eruption+1","Vigilance","EmptyBody","FollowUp","Finesse","Scrawl","Tantrum+1","Fasting2+1","FearNoEvil","FlurryOfBlows","InnerPeace","Vault+1","DeceiveReality","Scrawl","Adaptation","MentalFortress+1","MentalFortress+1","Adaptation","Vault","Vault+1"],"relics":["PureWater","Bronze Scales","Lizard Tail","Bag of Marbles","OrangePellets","Peace Pipe","MawBank","Lantern","TheAbacus","SlaversCollar","Blood Vial","Potion Belt","Gambling Chip","CaptainsWheel","Yang","Orrery","DollysMirror"],"acts_visited":["Exordium","TheCity","TheBeyond"],"potions_floor_usage":[50,50,50],"damage_taken":[{"damage":7.0,"enemies":"2 Louse","floor":1.0,"turns":4.0},{"damage":30.0,"enemies":"3 Sentries","floor":6.0,"turns":11.0},{"damage":0.0,"enemies":"Jaw Worm","floor":7.0,"turns":3.0},{"damage":0.0,"enemies":"Cultist","floor":10.0,"turns":2.0},{"damage":0.0,"enemies":"Looter","floor":11.0,"turns":2.0},{"damage":0.0,"enemies":"2 Fungi Beasts","floor":14.0,"turns":1.0},{"damage":17.0,"enemies":"Hexaghost","floor":16.0,"turns":6.0},{"damage":1.0,"enemies":"3 Byrds","floor":18.0,"turns":3.0},{"damage":0.0,"enemies":"Chosen","floor":20.0,"turns":3.0},{"damage":11.0,"enemies":"Snecko","floor":22.0,"turns":4.0},{"damage":0.0,"enemies":"Sentry and Sphere","floor":24.0,"turns":2.0},{"damage":14.0,"enemies":"Centurion and Healer","floor":25.0,"turns":4.0},{"damage":0.0,"enemies":"Snecko","floor":27.0,"turns":1.0},{"damage":0.0,"enemies":"Chosen and Byrds","floor":28.0,"turns":3.0},{"damage":0.0,"enemies":"Gremlin Leader","floor":30.0,"turns":4.0},{"damage":11.0,"enemies":"Shelled Parasite and Fungi","floor":31.0,"turns":3.0},{"damage":2.0,"enemies":"Champ","floor":33.0,"turns":9.0},{"damage":9.0,"enemies":"3 Darklings","floor":35.0,"turns":4.0},{"damage":0.0,"enemies":"3 Shapes","floor":36.0,"turns":7.0},{"damage":0.0,"enemies":"Mind Bloom Boss Battle","floor":37.0,"turns":3.0},{"damage":1.0,"enemies":"Spire Growth","floor":39.0,"turns":3.0},{"damage":9.0,"enemies":"Nemesis","floor":40.0,"turns":6.0},{"damage":0.0,"enemies":"Transient","floor":41.0,"turns":6.0},{"damage":0.0,"enemies":"Sphere and 2 Shapes","floor":42.0,"turns":12.0},{"damage":11.0,"enemies":"Writhing Mass","floor":46.0,"turns":6.0},{"damage":0,"enemies":"Jaw Worm Horde","floor":47,"turns":6},{"damage":0,"enemies":"Time Eater","floor":50,"turns":4}],"seed_played":"7125561982092810583","potions_obtained":[{"floor":1.0,"key":"BlessingOfTheForge"},{"floor":6.0,"key":"DuplicationPotion"},{"floor":7.0,"key":"GamblersBrew"},{"floor":22.0,"key":"Strength Potion"},{"floor":35.0,"key":"Regen Potion"},{"floor":40.0,"key":"SteroidPotion"},{"floor":42.0,"key":"LiquidBronze"},{"floor":46.0,"key":"SteroidPotion"}],"is_trial":false,"path_per_floor":["M","?","T","?","$","E","M","R","T","M","M","$","R","M","R","B",null,"M","?","M","?","M","R","M","M","T","M","M","R","E","M","R","B",null,"M","M","?","?","M","E","M","M","T","R","$","M","M","$","R","B",null],"character_chosen":"WATCHER","items_purchased":["Bag of Marbles","OrangePellets","Peace Pipe","EmptyBody","FollowUp","Finesse","TheAbacus","Adaptation","Orrery","DollysMirror"],"campfire_rested":3,"item_purchase_floors":[5,5,5,5,5,5,12,45,45,48],"current_hp_per_floor":[54,43,43,38,38,8,8,28,28,28,28,28,28,28,28,11,54,53,34,34,34,23,23,23,9,9,11,13,34,36,27,48,48,67,60,62,64,64,65,58,60,62,62,62,62,58,60,60,60,62],"gold":8,"neow_bonus":"REMOVE_CARD","is_daily":false,"chose_seed":false,"campfire_upgraded":5,"win_rate":0.0,"timestamp":1612900660,"path_taken":["M","?","?","?","$","E","M","R","T","M","?","?","R","M","R","BOSS","M","?","M","?","M","R","M","?","T","M","M","R","E","M","R","BOSS","M","M","?","?","M","E","?","M","T","R","$","M","M","$","R","BOSS"],"items_purchased_type":["Relic","Relic","Relic","Card","Card","Card","Relic","Card","Relic","Relic"],"build_version":"2020-12-22","purchased_purges":2,"victory":true,"max_hp_per_floor":[68,68,68,68,68,68,68,68,68,68,68,68,68,68,68,68,68,68,73,73,73,73,73,73,73,73,73,73,73,73,73,73,73,73,73,73,73,73,73,73,73,73,73,73,73,73,73,73,73,73],"card_choices":[{"not_picked":["Sanctity","Evaluate","FlyingSleeves"],"picked":"SKIP","floor":1.0},{"not_picked":["CrushJoints","Establishment"],"picked":"Scrawl","floor":6.0},{"not_picked":["Consecrate","Meditate","JustLucky"],"picked":"SKIP","floor":7.0},{"not_picked":["FollowUp","FlurryOfBlows"],"picked":"Tantrum","floor":10.0},{"not_picked":["CarveReality","BowlingBash"],"picked":"Fasting2","floor":11.0},{"not_picked":["WheelKick","Protect","Wireheading"],"picked":"SKIP","floor":14.0},{"not_picked":["ThirdEye","FlurryOfBlows"],"picked":"FearNoEvil","floor":18.0},{"not_picked":["Tantrum","Fasting2"],"picked":"FlurryOfBlows","floor":20.0},{"not_picked":["EmptyBody","Halt","FlyingSleeves"],"picked":"SKIP","floor":22.0},{"not_picked":["BowlingBash","Evaluate","Consecrate"],"picked":"SKIP","floor":24.0},{"not_picked":["CutThroughFate+1","DeceiveReality"],"picked":"InnerPeace","floor":25.0},{"not_picked":["Study","Collect"],"picked":"Vault","floor":27.0},{"not_picked":["ClearTheMind","Wireheading","Swivel"],"picked":"SKIP","floor":28.0},{"not_picked":["EmptyBody+1","Protect"],"picked":"DeceiveReality","floor":30.0},{"not_picked":["EmptyMind","ThirdEye","BowlingBash+1"],"picked":"SKIP","floor":31.0},{"not_picked":["Omniscience","Brilliance"],"picked":"Scrawl","floor":33.0},{"not_picked":["CutThroughFate","Halt","FollowUp+1"],"picked":"SKIP","floor":35.0},{"not_picked":["Meditate","SandsOfTime"],"picked":"Adaptation","floor":36.0},{"not_picked":["ClearTheMind","Indignation"],"picked":"MentalFortress","floor":39.0},{"not_picked":["BowlingBash+1","Sanctity+1","EmptyFist"],"picked":"SKIP","floor":40.0},{"not_picked":["BowlingBash+1","Sanctity+1","EmptyFist"],"picked":"SKIP","floor":40.0},{"not_picked":["Wish","Sanctity","Evaluate"],"picked":"SKIP","floor":41.0},{"not_picked":["Worship","TalkToTheHand"],"picked":"MentalFortress","floor":42.0},{"not_picked":["SignatureMove","BowlingBash+1"],"picked":"Vault","floor":45.0},{"not_picked":["EmptyBody","CrushJoints","ReachHeaven+1"],"picked":"SKIP","floor":46.0},{"not_picked":["EmptyBody","Meditate+1","Adaptation"],"picked":"SKIP","floor":47}],"player_experience":534157,"relics_obtained":[{"floor":3.0,"key":"Bronze Scales"},{"floor":6.0,"key":"MawBank"},{"floor":9.0,"key":"Lantern"},{"floor":26.0,"key":"Blood Vial"},{"floor":30.0,"key":"Potion Belt"},{"floor":37.0,"key":"Gambling Chip"},{"floor":40.0,"key":"CaptainsWheel"},{"floor":43.0,"key":"Yang"}],"event_choices":[{"damage_healed":0.0,"max_hp_gain":0.0,"max_hp_loss":0.0,"gold_gain":75.0,"event_name":"World of Goop","player_choice":"Gather Gold","floor":2.0,"gold_loss":0.0,"damage_taken":11.0},{"damage_healed":0.0,"max_hp_gain":0.0,"max_hp_loss":0.0,"gold_gain":0.0,"event_name":"Scrap Ooze","player_choice":"Success","floor":4.0,"gold_loss":0.0,"damage_taken":5.0,"relics_obtained":["Lizard Tail"]},{"damage_healed":0.0,"max_hp_gain":5.0,"max_hp_loss":0.0,"gold_gain":0.0,"event_name":"Forgotten Altar","player_choice":"Shed Blood","floor":19.0,"gold_loss":0.0,"damage_taken":24.0},{"damage_healed":0.0,"max_hp_gain":0.0,"max_hp_loss":0.0,"gold_gain":0.0,"event_name":"The Woman in Blue","player_choice":"Bought 1 Potion","floor":21.0,"gold_loss":0.0,"damage_taken":0.0},{"damage_healed":0.0,"max_hp_gain":0.0,"max_hp_loss":0.0,"gold_gain":0.0,"event_name":"MindBloom","player_choice":"Fight","floor":37.0,"gold_loss":0.0,"damage_taken":0.0},{"damage_healed":0.0,"max_hp_gain":0.0,"max_hp_loss":0.0,"gold_gain":0.0,"event_name":"Accursed Blacksmith","player_choice":"Forge","floor":38.0,"gold_loss":0.0,"damage_taken":0.0,"cards_upgraded":["Vault"]}],"is_beta":false,"boss_relics":[{"not_picked":["Philosopher\u0027s Stone","Coffee Dripper"],"picked":"SlaversCollar"},{"not_picked":["Velvet Choker","Calling Bell","Sozu"]}],"items_purged_floors":[5,45],"is_endless":false,"potions_floor_spawned":[1,6,7,20,22,27,28,35,40,42,46],"ascension_level":19}}