{"host":"btj53a7qlsawl9sy","time":1612842181,"event":{"mods":["100% Spire Juice","ATMod(∞¢Ë™Mod)","Act Like it!","Arknights","BaseMod","Better Vampires","Colored Powertips","Dota2Spire","Gensokyo","Luminous","Marisa£®ÏF”Í°°ƒß¿Ì…≥£©","Marked Mod","Minty Spire (QoL Compilation)","Quick Restart","Reimu£®≤©¿ˆ¡È√Œ£©","Relic Stats","Remilia£®¿Ÿ√◊¿Ú—«£©","Replay The Spire","Spicy Shops","StSLib","The Administrix","The Servant 0.9.4","Yakumo Yukari mod","Youmu£®ªÍ∆«—˝√Œ£©","Yuyuko","°æ“≈ŒÔø®≈∆°øREMEMod","≤–¡Ù÷ÆŒÔ"],"gold_per_floor":[111,124,136,150,150,181,192,192,192,192,210,224,242,259,259,357,357,370,330,365,384,384,384,419,419,445,124,141,66,66,84,84,179,179,198,213,232,0,0,0,30,30,103,103,118,133,133,146,146,146],"floor_reached":51,"language":"ZHS","playtime":2641,"items_purged":[],"score":996,"play_id":"490f040a-fb70-4e68-9f81-7ecd790c05fd","local_time":"20210209114301","is_ascension_mode":true,"campfire_choices":[{"floor":8,"key":"REST"},{"floor":10,"key":"REST"},{"data":"Outmaneuver","floor":15,"key":"SMITH"},{"floor":23,"key":"REST"},{"floor":25,"key":"REST"},{"floor":30,"key":"REST"},{"floor":32,"key":"REST"},{"floor":42,"key":"REST"},{"floor":44,"key":"REST"},{"floor":47,"key":"REST"},{"floor":49,"key":"REST"}],"circlet_count":0,"master_deck":["Strike_G+1","Strike_G","Strike_G","Strike_G+2","Strike_G","Defend_G","Defend_G","Defend_G","Defend_G","Survivor","Neutralize","AT_ThistleTea","Sadistic Nature","Poisoned Stab","Poisoned Stab","Poisoned Stab","Endless Agony","Quick Slash+1","Leg Sweep+1","Backstab","AT_WomanClash","Outmaneuver+1","Tactician","Malaise+1","Draining Mist","Dagger Spray","Cloak And Dagger","Bane","Dagger Spray","Cloak And Dagger+1","AT_TinkerSharpsword","Cloak And Dagger+1","Blur+1","Distraction","Venomology","AT_WindFlip","PiercingWail+1","Dagger Spray","AT_WindFlip+1","Slice+1","Good Instincts","AT_WindFlip+1","PiercingWail","AT_ShadowStep+1","Dodge and Roll","Sucker Punch+1","Bane+1","Poisoned Stab","Dagger Throw"],"relics":["Ring of the Snake","AT_ATBox","REME_ComplimentaryCards","Blue Doll","Ring of Fury","Dota2Spire:DivineRapier","Bronze Scales","Velvet Choker","ZunR:ReiMu","Red Mask","Dream Catcher","Simple Rune","Medical Kit","Gremlin Food","Dota2Spire:RefresherOrb","AT_SunfireAegis","Gremlin Horn","REME_PoisonedDagger"],"acts_visited":["Exordium","TheCity","TheBeyond"],"potions_floor_usage":[6,16,16,33,37,41,41,50,50],"damage_taken":[{"damage":2,"enemies":"ats:Genji","floor":1,"turns":5},{"damage":2,"enemies":"2 Louse","floor":2,"turns":3},{"damage":6,"enemies":"Jaw Worm","floor":3,"turns":3},{"damage":0,"enemies":"Looter","floor":4,"turns":2},{"damage":17,"enemies":"3 Sentries","floor":6,"turns":4},{"damage":10,"enemies":"Exordium Wildlife","floor":7,"turns":2},{"damage":0,"enemies":"Gremlin Gang","floor":11,"turns":2},{"damage":0,"enemies":"3 Louse","floor":12,"turns":1},{"damage":0,"enemies":"Red Slaver","floor":13,"turns":1},{"damage":0,"enemies":"2 Fungi Beasts","floor":14,"turns":1},{"damage":34,"enemies":"Fading Forest","floor":16,"turns":11},{"damage":14,"enemies":"Chosen","floor":18,"turns":2},{"damage":10,"enemies":"Masked Bandits","floor":20,"turns":3},{"damage":9,"enemies":"2 Thieves","floor":21,"turns":2},{"damage":13,"enemies":"Slavers","floor":24,"turns":3},{"damage":6,"enemies":"Snake Plant","floor":28,"turns":2},{"damage":17,"enemies":"Shelled Parasite and Fungi","floor":31,"turns":3},{"damage":27,"enemies":"Pondfish","floor":33,"turns":11},{"damage":0,"enemies":"3 Shapes","floor":35,"turns":3},{"damage":5,"enemies":"3 Darklings","floor":36,"turns":2},{"damage":0,"enemies":"Transient","floor":37,"turns":5},{"damage":15,"enemies":"Nemesis","floor":41,"turns":3},{"damage":0,"enemies":"Sphere and 2 Shapes","floor":45,"turns":1},{"damage":34,"enemies":"Writhing Mass","floor":46,"turns":3},{"damage":5,"enemies":"4 Shapes","floor":48,"turns":2},{"damage":44,"enemies":"Awakened One","floor":50,"turns":8}],"seed_played":"-6051940285533945643","potions_obtained":[{"floor":2,"key":"Toxic Potion"},{"floor":6,"key":"Fire Potion"},{"floor":11,"key":"Reflective Coating"},{"floor":12,"key":"Dexterity Potion"},{"floor":13,"key":"FairyPotion"},{"floor":20,"key":"Languid Potion"},{"floor":28,"key":"LiquidBronze"},{"floor":31,"key":"LiquidMemories"},{"floor":48,"key":"Adrenaline Potion"}],"is_trial":false,"path_per_floor":["M","M","M","M","?","E","M","R","T","R","M","M","M","M","R","B",null,"M","?","?","M","?","R","E","R","T","$","M","?","R","M","R","B",null,"M","M","M","$","?","?","E","R","T","R","M","M","R","M","R","B",null],"character_chosen":"THE_SILENT","items_purchased":["Medical Kit","Gremlin Food","Cloak And Dagger+1","AT_SunfireAegis","AT_WindFlip+1","Slice"],"campfire_rested":10,"item_purchase_floors":[27,27,27,38,38,38],"current_hp_per_floor":[68,66,60,60,60,43,33,54,54,70,70,70,70,70,70,36,70,56,56,46,37,37,58,45,66,66,66,60,60,70,53,70,43,70,70,65,65,65,65,65,59,70,70,70,70,36,57,52,70,26],"gold":146,"neow_bonus":"RANDOM_COMMON_RELIC","is_daily":false,"chose_seed":false,"campfire_upgraded":1,"win_rate":0.0,"timestamp":1612842181,"path_taken":["M","M","M","M","?","E","M","R","T","R","M","M","M","M","R","BOSS","M","?","?","M","?","R","E","R","T","$","M","?","R","M","R","BOSS","M","M","M","$","?","?","E","R","T","R","?","M","R","M","R","BOSS"],"items_purchased_type":["Relic","Relic","Card","Relic","Card","Card"],"build_version":"2020-12-22","purchased_purges":0,"victory":true,"max_hp_per_floor":[70,70,70,70,70,70,70,70,70,70,70,70,70,70,70,70,70,70,70,70,70,70,70,70,70,70,70,70,70,70,70,70,70,70,70,70,70,70,70,70,70,70,70,70,70,70,70,70,70,70],"relic_stats":{"Dream Catcher":7,"Gremlin Horn":[8,8],"counters":[26,88],"Bronze Scales":[169],"Medical Kit":[3],"obtain_stats":[{"Gremlin Food":27,"AT_ATBox":0,"Gremlin Horn":41,"Velvet Choker":17,"ZunR:ReiMu":19,"Blue Doll":0,"Dota2Spire:RefresherOrb":34,"Medical Kit":27,"REME_PoisonedDagger":43,"Dream Catcher":24,"Bronze Scales":9,"Ring of Fury":5,"Simple Rune":26,"Dota2Spire:DivineRapier":6,"Red Mask":20,"AT_SunfireAegis":38,"Ring of the Snake":0,"REME_ComplimentaryCards":0},{"Gremlin Food":15,"AT_ATBox":0,"Gremlin Horn":22,"Velvet Choker":11,"ZunR:ReiMu":12,"Blue Doll":0,"Dota2Spire:RefresherOrb":18,"Medical Kit":15,"REME_PoisonedDagger":22,"Dream Catcher":15,"Bronze Scales":6,"Ring of Fury":4,"Simple Rune":15,"Dota2Spire:DivineRapier":5,"Red Mask":13,"AT_SunfireAegis":21,"Ring of the Snake":0,"REME_ComplimentaryCards":0},{"Gremlin Food":45,"AT_ATBox":0,"Gremlin Horn":74,"Velvet Choker":35,"ZunR:ReiMu":37,"Blue Doll":0,"Dota2Spire:RefresherOrb":61,"Medical Kit":45,"REME_PoisonedDagger":74,"Dream Catcher":45,"Bronze Scales":19,"Ring of Fury":13,"Simple Rune":45,"Dota2Spire:DivineRapier":17,"Red Mask":40,"AT_SunfireAegis":71,"Ring of the Snake":0,"REME_ComplimentaryCards":0}],"Ring of the Snake":[52]},"card_choices":[{"not_picked":["Calculated Gamble","Dagger Spray"],"picked":"Poisoned Stab","floor":1},{"not_picked":["Slice","Deadly Poison"],"picked":"Poisoned Stab","floor":2},{"not_picked":["Dagger Throw","AT_WindFlip"],"picked":"Poisoned Stab","floor":3},{"not_picked":["ReplayTheSpireMod:Scrap Shanks","Hidden Blade"],"picked":"Endless Agony","floor":4},{"not_picked":["Eviscerate","Dagger Spray"],"picked":"Quick Slash","floor":6},{"not_picked":["Well Laid Plans","Riddle With Holes"],"picked":"Leg Sweep","floor":7},{"not_picked":["Backflip","Deadly Poison"],"picked":"Backstab","floor":11},{"not_picked":["Backflip","AT_MyraUnstableElement"],"picked":"AT_WomanClash","floor":12},{"not_picked":["Quick Slash","AT_Desolate"],"picked":"Outmaneuver","floor":13},{"not_picked":["AT_TwilightShroud","Acrobatics"],"picked":"Tactician","floor":14},{"not_picked":["REME_SpectralBlade","Night Terror"],"picked":"Malaise","floor":16},{"not_picked":["Backflip","Calculated Gamble"],"picked":"Draining Mist","floor":18},{"not_picked":["Noxious Fumes","Blur"],"picked":"Dagger Spray","floor":20},{"not_picked":["AT_WindRun","REME_GreenPollution+1"],"picked":"Cloak And Dagger","floor":21},{"not_picked":["Flechettes","REME_ShadowStrike+1"],"picked":"Bane","floor":24},{"not_picked":["Heel Hook","Hidden Blade"],"picked":"Dagger Spray","floor":25},{"not_picked":["Flying Knee","Dagger Spray"],"picked":"AT_TinkerSharpsword","floor":28},{"not_picked":["Distraction","Flying Knee"],"picked":"Cloak And Dagger","floor":30},{"not_picked":["Deadly Poison+1","AT_ThistleTea"],"picked":"Blur+1","floor":31},{"not_picked":["Backflip+1","Poisoned Stab"],"picked":"Distraction","floor":32},{"not_picked":["Night Terror","REME_ShadowForm"],"picked":"Venomology","floor":33},{"not_picked":["Hidden Blade","Prepared+1"],"picked":"AT_WindFlip","floor":35},{"not_picked":["Backflip","Bane+1"],"picked":"PiercingWail+1","floor":36},{"not_picked":["Blade Dance+1","Noxious Fumes"],"picked":"Dagger Spray","floor":37},{"not_picked":["REME_TheoryOfElimination","Deep Breath"],"picked":"Good Instincts","floor":40},{"not_picked":["Catalyst+1","REME_CopyPotion"],"picked":"AT_WindFlip+1","floor":41},{"not_picked":["Dagger Throw","All Out Attack"],"picked":"PiercingWail","floor":42},{"not_picked":["Bouncing Flask","Quick Slash"],"picked":"AT_ShadowStep+1","floor":44},{"not_picked":["Acrobatics","Prepared+1"],"picked":"Dodge and Roll","floor":45},{"not_picked":["ReplayTheSpireMod:Speed Training","Flying Knee+1"],"picked":"Sucker Punch+1","floor":46},{"not_picked":["Backflip","Underhanded Strike"],"picked":"Bane+1","floor":47},{"not_picked":["Bouncing Flask","Underhanded Strike"],"picked":"Poisoned Stab","floor":48},{"not_picked":["Outmaneuver+1","Catalyst"],"picked":"Dagger Throw","floor":49}],"player_experience":147850,"relics_obtained":[{"floor":5,"key":"Ring of Fury"},{"floor":6,"key":"Dota2Spire:DivineRapier"},{"floor":9,"key":"Bronze Scales"},{"floor":20,"key":"Red Mask"},{"floor":24,"key":"Dream Catcher"},{"floor":26,"key":"Simple Rune"},{"floor":41,"key":"Gremlin Horn"},{"floor":43,"key":"REME_PoisonedDagger"}],"event_choices":[{"damage_healed":0,"gold_gain":0,"player_choice":"π∫¬Ú…Òæ∆","damage_taken":0,"relics_obtained":["ZunR:ReiMu"],"max_hp_gain":0,"max_hp_loss":0,"event_name":"ZunEvent","floor":19,"gold_loss":40},{"damage_healed":0,"gold_gain":0,"player_choice":"Fought Bandits","damage_taken":0,"max_hp_gain":0,"max_hp_loss":0,"event_name":"Masked Bandits","floor":20,"gold_loss":0},{"damage_healed":0,"gold_gain":0,"player_choice":"Ignored","damage_taken":0,"max_hp_gain":0,"max_hp_loss":0,"event_name":"Cursed Tome","floor":22,"gold_loss":0},{"cards_removed":["Defend_G"],"damage_healed":0,"gold_gain":0,"player_choice":"Gave Gold","damage_taken":0,"max_hp_gain":0,"max_hp_loss":0,"event_name":"Beggar","floor":29,"gold_loss":75},{"damage_healed":0,"gold_gain":0,"player_choice":"Ignored","damage_taken":0,"max_hp_gain":0,"max_hp_loss":0,"event_name":"Tomb of Lord Red Mask","floor":39,"gold_loss":0},{"damage_healed":0,"gold_gain":0,"player_choice":"Memory 1","damage_taken":0,"max_hp_gain":0,"max_hp_loss":0,"event_name":"SensoryStone","floor":40,"gold_loss":0}],"is_beta":false,"boss_relics":[{"not_picked":["Ring of the Serpent","REME_ChargedStone"],"picked":"Velvet Choker"},{"not_picked":["Replay:Bronze Core","Kintsugi"],"picked":"Dota2Spire:RefresherOrb"}],"items_purged_floors":[],"is_endless":false,"potions_floor_spawned":[2,6,11,12,13,14,20,28,31,35,36,48],"ascension_level":1}}