{"host":"fff5e1uasnm04x18","time":1612838942,"event":{"mods":["BaseMod","Highlight Path","Minty Spire (QoL Compilation)","StSLib"],"gold_per_floor":[112,287,300,318,334,367,367,367,367],"floor_reached":8,"language":"ENG","playtime":612,"items_purged":[],"score":64,"play_id":"1ad9b443-db4f-4277-9b80-ab62fa6a5f98","local_time":"20210208214902","is_ascension_mode":true,"campfire_choices":[{"floor":7,"key":"REST"}],"circlet_count":0,"master_deck":["Strike_G","Strike_G","Strike_G","Strike_G","Strike_G","Defend_G","Defend_G","Defend_G","Defend_G","Defend_G","Survivor","Neutralize","Doubt","Leg Sweep","Burst"],"relics":["Ring of the Snake","Toxic Egg 2"],"acts_visited":["Exordium"],"potions_floor_usage":[8],"damage_taken":[{"damage":0,"enemies":"Small Slimes","floor":1,"turns":3},{"damage":20,"enemies":"Jaw Worm","floor":3,"turns":8},{"damage":0,"enemies":"2 Louse","floor":4,"turns":5},{"damage":0,"enemies":"Looter","floor":5,"turns":5},{"damage":34,"enemies":"3 Sentries","floor":6,"turns":24},{"damage":1,"enemies":"Lagavulin","floor":8,"turns":8}],"seed_played":"858007803287472129","potions_obtained":[{"floor":5,"key":"EssenceOfSteel"}],"is_trial":false,"path_per_floor":["M","?","M","M","M","E","R","E"],"character_chosen":"THE_SILENT","items_purchased":[],"campfire_rested":1,"item_purchase_floors":[],"current_hp_per_floor":[77,77,57,57,57,23,46,45,45],"gold":367,"neow_bonus":"TEN_PERCENT_HP_BONUS","is_daily":false,"chose_seed":false,"campfire_upgraded":0,"win_rate":0.0,"timestamp":1612838942,"path_taken":["M","?","M","M","M","E","R","E"],"items_purchased_type":[],"build_version":"2020-12-22","purchased_purges":0,"victory":false,"max_hp_per_floor":[77,77,77,77,77,77,77,77,77],"card_choices":[{"not_picked":["Dagger Throw","Underhanded Strike","Cloak And Dagger"],"picked":"SKIP","floor":1},{"not_picked":["Underhanded Strike","PiercingWail"],"picked":"Leg Sweep","floor":3},{"not_picked":["Terror","Masterful Stab","Dagger Spray"],"picked":"SKIP","floor":4},{"not_picked":["Acrobatics","Leg Sweep"],"picked":"Burst","floor":5},{"not_picked":["Catalyst+1","Poisoned Stab","Cloak And Dagger+1"],"picked":"SKIP","floor":6}],"player_experience":535546,"relics_obtained":[{"floor":6,"key":"Toxic Egg 2"}],"event_choices":[{"damage_healed":0,"gold_gain":175,"player_choice":"AGREE","damage_taken":0,"max_hp_gain":0,"max_hp_loss":0,"event_name":"Liars Game","floor":2,"gold_loss":0,"cards_obtained":["Doubt"]}],"is_beta":false,"boss_relics":[],"items_purged_floors":[],"is_endless":false,"potions_floor_spawned":[5],"killed_by":"Lagavulin","ascension_level":2}}