{"host":"i70yit5z0kpl303k","time":1612838828,"event":{"mods":["2.2 Compatiblity","Act Like it!","BaseMod","BetterRewards","Evolution","Gensokyo","Infinite Spire","Ironclad Rager","Koishi","Marked Mod","Minty Spire (QoL Compilation)","Relic Stats","Reliquary","Replay The Spire","StSLib","The Blue Laboratory","The Marked","The Servant 0.9.4","TheSwordswoman"],"gold_per_floor":[110,186,186,57,22,22,34,65,65,65,77,104,57,78,78,183,183,200,150,168,186,186,186,201,201,216,216,216,226,226,261,272,289,289,391,391,403,417,417,417],"floor_reached":39,"language":"ENG","playtime":3182,"items_purged":[],"score":543,"play_id":"f4ee7f47-b85d-48cd-b242-4bfdd886e1ec","local_time":"20210208184708","is_ascension_mode":true,"campfire_choices":[{"data":"Defragment","floor":6,"key":"SMITH"},{"floor":15,"key":"REST"},{"floor":25,"key":"REST"},{"floor":27,"key":"REST"},{"floor":30,"key":"REST"},{"floor":34,"key":"REST"}],"circlet_count":0,"master_deck":["Barrage","Barrage","Barrage","Defend_B","Defend_B","Defend_B","Defend_B","Zap+1","Defragment+1","Gash","FTL","Turbo","Gash","FTL","Machine Learning","Consume","Gash","Glacier","Steam","Loop","Gash+1","Coolheaded+1","Loop+1","Ball Lightning","Scrape+1","Defragment","Turbo","Electrodynamics","Panic Button","Capacitor+1","Gash+1","Beam Cell","FIFO Queue","Compile Driver","Loop","Redo+1","All For One","Gash","FTL"],"relics":["Cracked Core","EVO:Axolotl","reliquary:TatteredRug","Dream Catcher","Chameleon Ring","ReplayTheSpireMod:Lightbulb","Replay:Wax Seal","Odd Mushroom","SacredBark","Prayer Wheel","infinitespire:EmpoweringShard","infinitespire:Beetle Shell","Inserter"],"acts_visited":["Exordium","TheCity","TheBeyond"],"potions_floor_usage":[12,18,31,35,39],"damage_taken":[{"damage":2,"enemies":"Jaw Worm","floor":1,"turns":3},{"damage":3,"enemies":"Small Slimes","floor":7,"turns":2},{"damage":30,"enemies":"3 Sentries","floor":8,"turns":5},{"damage":0,"enemies":"2 Louse","floor":11,"turns":3},{"damage":10,"enemies":"Lagavulin","floor":12,"turns":5},{"damage":11,"enemies":"The Mushroom Lair","floor":14,"turns":4},{"damage":17,"enemies":"Hexaghost","floor":16,"turns":8},{"damage":9,"enemies":"3 Byrds","floor":18,"turns":4},{"damage":19,"enemies":"2 Thieves","floor":20,"turns":4},{"damage":38,"enemies":"Shelled Parasite and Fungi","floor":21,"turns":5},{"damage":11,"enemies":"Centurion and Healer","floor":24,"turns":6},{"damage":7,"enemies":"Snake Plant","floor":26,"turns":5},{"damage":4,"enemies":"3 Cultists","floor":29,"turns":3},{"damage":2,"enemies":"Gremlin Leader","floor":31,"turns":6},{"damage":14,"enemies":"Cultist and Chosen","floor":32,"turns":6},{"damage":19,"enemies":"Sentry and Sphere","floor":33,"turns":4},{"damage":2,"enemies":"Collector","floor":35,"turns":9},{"damage":41,"enemies":"3 Shapes","floor":37,"turns":6},{"damage":37,"enemies":"3 Darklings","floor":38,"turns":5},{"damage":6,"enemies":"Jaw Worm Horde","floor":39,"turns":1}],"seed_played":"580134699346101171","potions_obtained":[{"floor":1,"key":"Dexterity Potion"},{"floor":8,"key":"AttackPotion"},{"floor":16,"key":"Energy Potion"},{"floor":20,"key":"blueLaboratory:PhilterOfMotion"},{"floor":24,"key":"blueLaboratory:SystemWipe"},{"floor":32,"key":"FearPotion"},{"floor":33,"key":"blueLaboratory:Moonshine"}],"is_trial":false,"path_per_floor":["M","?","?","$","?","R","M","E","T","?","M","E","$","?","R","B",null,"M","?","M","M","PTL","PTL","M","R","M","R","T","M","R","E","M","M","R","B",null,"M","M","M"],"character_chosen":"DEFECT","items_purchased":["Turbo","Dream Catcher","Gash"],"campfire_rested":5,"item_purchase_floors":[4,4,13],"current_hp_per_floor":[80,48,48,48,68,68,65,35,35,32,32,22,22,11,35,18,82,73,73,54,16,16,16,5,29,22,46,46,42,66,64,50,31,55,53,82,41,4,0,0],"gold":417,"neow_bonus":"TEN_PERCENT_HP_BONUS","is_daily":false,"chose_seed":false,"campfire_upgraded":1,"win_rate":0.0,"timestamp":1612838828,"path_taken":["M","?","?","$","?","R","?","E","T","?","M","E","?","?","R","BOSS","M","?","M","?","PTL","PTL","M","R","M","R","T","M","R","E","M","M","R","BOSS","M","?","?"],"items_purchased_type":["Card","Relic","Card"],"build_version":"2020-12-22","purchased_purges":0,"victory":false,"max_hp_per_floor":[82,82,82,82,82,82,82,82,82,82,82,82,82,82,82,82,82,82,82,82,82,82,82,82,82,82,82,82,82,82,82,82,82,82,82,82,82,82,82,82],"relic_stats":{"Dream Catcher":5,"Inserter":[6],"counters":[20,91],"Prayer Wheel":10,"obtain_stats":[{"Inserter":36,"SacredBark":17,"reliquary:TatteredRug":2,"infinitespire:Beetle Shell":31,"EVO:Axolotl":0,"Odd Mushroom":14,"Dream Catcher":4,"Chameleon Ring":8,"Prayer Wheel":18,"infinitespire:EmpoweringShard":28,"Replay:Wax Seal":12,"Cracked Core":0,"ReplayTheSpireMod:Lightbulb":9},{"Inserter":17,"SacredBark":7,"reliquary:TatteredRug":1,"infinitespire:Beetle Shell":14,"EVO:Axolotl":0,"Odd Mushroom":6,"Dream Catcher":1,"Chameleon Ring":3,"Prayer Wheel":8,"infinitespire:EmpoweringShard":12,"Replay:Wax Seal":5,"Cracked Core":0,"ReplayTheSpireMod:Lightbulb":3},{"Inserter":79,"SacredBark":30,"reliquary:TatteredRug":3,"infinitespire:Beetle Shell":62,"EVO:Axolotl":0,"Odd Mushroom":22,"Dream Catcher":3,"Chameleon Ring":10,"Prayer Wheel":31,"infinitespire:EmpoweringShard":53,"Replay:Wax Seal":18,"Cracked Core":0,"ReplayTheSpireMod:Lightbulb":10}]},"card_choices":[{"not_picked":["Stack","Steam"],"picked":"Defragment","floor":1},{"not_picked":["Redo","Go for the Eyes"],"picked":"Gash","floor":2},{"not_picked":["Conserve Battery","Stack"],"picked":"FTL","floor":2},{"not_picked":["Beam Cell","Defragment"],"picked":"Gash","floor":7},{"not_picked":["Biased Cognition","Coolheaded"],"picked":"FTL","floor":8},{"not_picked":["Coolheaded","Streamline"],"picked":"Machine Learning","floor":11},{"not_picked":["BootSequence","Static Discharge"],"picked":"Consume","floor":12},{"not_picked":["Sweeping Beam","Conserve Battery"],"picked":"Glacier","floor":14},{"not_picked":["Fusion","Melter"],"picked":"Steam","floor":15},{"not_picked":["Rainbow","Reboot"],"picked":"ReplayTheSpireMod:Fabricate Wheel","floor":16},{"not_picked":["Beam Cell","Panic Button"],"picked":"Loop","floor":18},{"not_picked":["Steam","Conserve Battery"],"picked":"Gash+1","floor":18},{"not_picked":["Sweeping Beam","Compile Driver"],"picked":"Coolheaded+1","floor":20},{"not_picked":["ReplayTheSpireMod:Omega Cannon","Doom and Gloom","Stack+1"],"picked":"SKIP","floor":20},{"not_picked":["FTL","Cold Snap"],"picked":"Loop+1","floor":21},{"not_picked":["Stack","Hologram"],"picked":"Ball Lightning","floor":21},{"not_picked":["Reprogram","Rebound+1"],"picked":"Scrape+1","floor":24},{"not_picked":["Streamline+1","Auto Shields+1"],"picked":"Defragment","floor":24},{"not_picked":["Redo","Hello World+1"],"picked":"Turbo","floor":25},{"not_picked":["Hologram","Compile Driver"],"picked":"Electrodynamics","floor":26},{"not_picked":["Barrage","Compile Driver"],"picked":"Panic Button","floor":26},{"not_picked":["Consume+1","Stack"],"picked":"Capacitor+1","floor":29},{"not_picked":["Sweeping Beam","Consume"],"picked":"Gash+1","floor":29},{"not_picked":["Streamline","Auto Shields+1"],"picked":"Beam Cell","floor":30},{"not_picked":["Sunder+1","Thunder Strike"],"picked":"FIFO Queue","floor":31},{"not_picked":["Steam Power","Leap"],"picked":"Compile Driver","floor":32},{"not_picked":["Steam","Time Bomb"],"picked":"Loop","floor":32},{"not_picked":["Compile Driver+1","Leap","Ball Lightning+1"],"picked":"SKIP","floor":33},{"not_picked":["Panic Button","Compile Driver","Recycle+1"],"picked":"SKIP","floor":33},{"not_picked":["Compile Driver+1","Leap","Ball Lightning+1"],"picked":"SKIP","floor":33},{"not_picked":["Panic Button","Compile Driver","Recycle+1"],"picked":"SKIP","floor":33},{"not_picked":["Reprogram","Barrage"],"picked":"Redo+1","floor":34},{"not_picked":["Multi-Cast","Biased Cognition"],"picked":"All For One","floor":35},{"not_picked":["BootSequence","Ball Lightning"],"picked":"Gash","floor":37},{"not_picked":["Hologram","Steam","Coolheaded"],"picked":"SKIP","floor":37},{"not_picked":["Loop","ReplaySort"],"picked":"FTL","floor":38},{"not_picked":["Hello World","Hologram","Ball Lightning+1"],"picked":"SKIP","floor":38}],"player_experience":283947,"relics_obtained":[{"floor":2,"key":"reliquary:TatteredRug"},{"floor":8,"key":"Chameleon Ring"},{"floor":9,"key":"ReplayTheSpireMod:Lightbulb"},{"floor":12,"key":"Replay:Wax Seal"},{"floor":14,"key":"Odd Mushroom"},{"floor":28,"key":"infinitespire:EmpoweringShard"},{"floor":31,"key":"infinitespire:Beetle Shell"}],"event_choices":[{"cards_removed":["Dualcast"],"damage_healed":0,"gold_gain":0,"player_choice":"Forget","damage_taken":0,"max_hp_gain":0,"max_hp_loss":0,"event_name":"Living Wall","floor":3,"gold_loss":0},{"damage_healed":20,"gold_gain":0,"player_choice":"Healed","damage_taken":0,"max_hp_gain":0,"max_hp_loss":0,"event_name":"The Cleric","floor":5,"gold_loss":35},{"damage_healed":0,"gold_gain":0,"player_choice":"Fought Mushrooms","damage_taken":0,"max_hp_gain":0,"max_hp_loss":0,"event_name":"Mushrooms","floor":14,"gold_loss":0},{"damage_healed":0,"gold_gain":0,"player_choice":"Bet on Murderer","damage_taken":0,"max_hp_gain":0,"max_hp_loss":0,"event_name":"The Joust","floor":19,"gold_loss":50}],"is_beta":false,"boss_relics":[{"not_picked":["reliquary:RedPaperclip","Abe\u0027s Treasure"],"picked":"SacredBark"},{"not_picked":["ChewingGum","Astrolabe"],"picked":"Inserter"}],"items_purged_floors":[],"is_endless":false,"potions_floor_spawned":[1,8,16,20,24,32,33],"killed_by":"Jaw Worm Horde","ascension_level":4}}