{"host":"8u1cu4kisw6g21am","time":1612849649,"event":{"mods":["AchievementEnabler","BaseMod","Bestiary","BetterRewards","Minty Spire (QoL Compilation)","Quick Restart","Shop Mod","StSLib"],"gold_per_floor":[116,134,149,166,183,216,39,69,69,69,85,85,100,129,129,231,231,247,247,21,40,55,80,80,80,160,190,204,204,13,28,28,125,125,143,156,42,52,69,102,102,102,172,222,17,37,55,68,68,68],"floor_reached":51,"language":"ENG","playtime":6360,"items_purged":["Strike_R","Strike_R","Strike_R"],"score":968,"play_id":"0f158f43-f926-41e1-b634-41febc21973d","local_time":"20210209004729","is_ascension_mode":false,"campfire_choices":[{"data":"Sever Soul","floor":10.0,"key":"SMITH"},{"data":"Dual Wield","floor":12.0,"key":"SMITH"},{"data":"Panacea","floor":15.0,"key":"SMITH"},{"data":"True Grit","floor":25.0,"key":"SMITH"},{"data":"Pommel Strike","floor":29.0,"key":"SMITH"},{"data":"Wild Strike","floor":32.0,"key":"SMITH"},{"data":"Dramatic Entrance","floor":42.0,"key":"SMITH"},{"data":"1","floor":49.0,"key":"LIFT"}],"circlet_count":0,"master_deck":["Strike_R","Strike_R","Defend_R","Defend_R","Defend_R","Defend_R","Bash","Sever Soul+1","Seeing Red","Shrug It Off","Pummel","Second Wind","Disarm","Wild Strike+1","Warcry","Panacea+1","Reaper","Pommel Strike+1","Dual Wield+1","Reaper","Burning Pact","Decay","Disarm","True Grit+1","Power Through","Intimidate","Second Wind","True Grit+1","Corruption","Dark Embrace","Shockwave","Limit Break","Infernal Blade+1","Enlightenment","Enlightenment","Dramatic Entrance+1","Fire Breathing","Feel No Pain+1","Power Through"],"relics":["Black Blood","Charon\u0027s Ashes","MerchantsRug","Letter Opener","PreservedInsect","Question Card","Darkstone Periapt","Medical Kit","HornCleat","Gremlin Horn","Coffee Dripper","Shovel","Meat on the Bone","Girya"],"acts_visited":["Exordium","TheCity","TheBeyond"],"potions_floor_usage":[50,50],"damage_taken":[{"damage":6.0,"enemies":"Cultist","floor":1.0,"turns":3.0},{"damage":0.0,"enemies":"2 Louse","floor":2.0,"turns":2.0},{"damage":6.0,"enemies":"Jaw Worm","floor":3.0,"turns":2.0},{"damage":0.0,"enemies":"Exordium Thugs","floor":4.0,"turns":5.0},{"damage":2.0,"enemies":"Blue Slaver","floor":5.0,"turns":3.0},{"damage":26.0,"enemies":"Lagavulin","floor":6.0,"turns":5.0},{"damage":18.0,"enemies":"3 Sentries","floor":8.0,"turns":4.0},{"damage":0.0,"enemies":"3 Louse","floor":11.0,"turns":2.0},{"damage":11.0,"enemies":"Exordium Wildlife","floor":13.0,"turns":2.0},{"damage":8.0,"enemies":"Lagavulin","floor":14.0,"turns":3.0},{"damage":20.0,"enemies":"Slime Boss","floor":16.0,"turns":8.0},{"damage":20.0,"enemies":"3 Byrds","floor":18.0,"turns":4.0},{"damage":25.0,"enemies":"Spheric Guardian","floor":21.0,"turns":4.0},{"damage":16.0,"enemies":"Snecko","floor":22.0,"turns":5.0},{"damage":13.0,"enemies":"Book of Stabbing","floor":23.0,"turns":5.0},{"damage":24.0,"enemies":"Slavers","floor":27.0,"turns":4.0},{"damage":34.0,"enemies":"Snake Plant","floor":28.0,"turns":5.0},{"damage":27.0,"enemies":"Centurion and Healer","floor":31.0,"turns":6.0},{"damage":67.0,"enemies":"Collector","floor":33.0,"turns":10.0},{"damage":11.0,"enemies":"3 Shapes","floor":35.0,"turns":3.0},{"damage":40.0,"enemies":"3 Darklings","floor":36.0,"turns":5.0},{"damage":7.0,"enemies":"4 Shapes","floor":38.0,"turns":3.0},{"damage":14.0,"enemies":"Maw","floor":39.0,"turns":8.0},{"damage":8.0,"enemies":"Giant Head","floor":40.0,"turns":6.0},{"damage":33.0,"enemies":"Mind Bloom Boss Battle","floor":44.0,"turns":8.0},{"damage":30.0,"enemies":"Transient","floor":46.0,"turns":5.0},{"damage":0.0,"enemies":"Jaw Worm Horde","floor":47.0,"turns":3.0},{"damage":43.0,"enemies":"Spire Growth","floor":48.0,"turns":7.0},{"damage":72,"enemies":"Time Eater","floor":50,"turns":11}],"seed_played":"2207197344149779044","potions_obtained":[{"floor":2.0,"key":"SneckoOil"},{"floor":4.0,"key":"Strength Potion"},{"floor":5.0,"key":"BloodPotion"},{"floor":6.0,"key":"AttackPotion"},{"floor":11.0,"key":"Energy Potion"},{"floor":16.0,"key":"Energy Potion"},{"floor":22.0,"key":"Swift Potion"},{"floor":27.0,"key":"SkillPotion"},{"floor":36.0,"key":"PowerPotion"},{"floor":39.0,"key":"CultistPotion"},{"floor":47.0,"key":"Weak Potion"},{"floor":48.0,"key":"SpeedPotion"}],"is_trial":false,"path_per_floor":["M","M","M","M","M","E","$","E","T","R","M","R","M","E","R","B",null,"M","?","$","M","M","E","?","R","T","E","M","R","$","M","R","B",null,"M","M","$","M","M","E","?","R","T","?","$","M","M","M","R","B",null],"character_chosen":"IRONCLAD","items_purchased":["Charon\u0027s Ashes","Sever Soul","Seeing Red","MerchantsRug","Pear","Shrug It Off","Panacea","Reaper","Disarm","Medical Kit","DollysMirror","Dark Embrace","FairyPotion","Fire Breathing"],"campfire_rested":0,"item_purchase_floors":[0,0,0,0,0,0,7,7,20,20,30,37,37,45],"current_hp_per_floor":[55,61,61,67,71,69,69,65,65,65,71,71,74,76,76,71,90,88,94,94,85,89,96,96,96,96,93,79,79,79,76,76,37,103,103,75,75,87,94,98,88,88,88,79,79,67,79,66,66,54],"gold":68,"neow_bonus":"","is_daily":false,"chose_seed":false,"campfire_upgraded":7,"win_rate":0.0,"timestamp":1612849649,"path_taken":["M","?","M","M","M","E","?","E","T","R","M","R","?","E","R","BOSS","M","?","$","M","M","E","?","R","T","E","?","R","$","M","R","BOSS","M","M","$","M","M","E","?","R","T","?","?","M","M","M","R","BOSS"],"items_purchased_type":["Relic","Card","Card","Relic","Relic","Card","Card","Card","Card","Relic","Relic","Card","Potion","Card"],"build_version":"2020-12-22","purchased_purges":3,"victory":true,"max_hp_per_floor":[90,90,90,90,90,90,90,90,90,90,90,90,90,90,90,90,90,90,96,96,96,96,96,96,96,96,103,103,103,103,103,103,103,103,103,103,103,103,103,103,103,103,103,103,103,103,103,103,103,103],"card_choices":[{"not_picked":["Shrug It Off","Pommel Strike"],"picked":"Pummel","floor":1.0},{"not_picked":["Intimidate","Flex"],"picked":"Second Wind","floor":2.0},{"not_picked":["Heavy Blade","Twin Strike","Rage"],"picked":"SKIP","floor":3.0},{"not_picked":["Spot Weakness","Sword Boomerang"],"picked":"Disarm","floor":4.0},{"not_picked":["Infernal Blade","Entrench"],"picked":"Wild Strike","floor":5.0},{"not_picked":["Shrug It Off","Body Slam"],"picked":"Warcry","floor":6.0},{"not_picked":["Spot Weakness","Clothesline"],"picked":"Pommel Strike","floor":8.0},{"not_picked":["Clothesline","Blood for Blood","Infernal Blade"],"picked":"Dual Wield","floor":11.0},{"not_picked":["Clash","Twin Strike","Armaments","Clothesline"],"picked":"SKIP","floor":13.0},{"not_picked":["Rupture","Carnage","Clash","Clothesline"],"picked":"SKIP","floor":14.0},{"not_picked":["Bludgeon","Limit Break","Brutality"],"picked":"Reaper","floor":16.0},{"not_picked":["Feel No Pain+1","Rage","Fire Breathing"],"picked":"Burning Pact","floor":18.0},{"not_picked":["Thunderclap","Power Through","Disarm+1"],"picked":"True Grit","floor":21.0},{"not_picked":["Second Wind","Anger","Wild Strike+1"],"picked":"Power Through","floor":22.0},{"not_picked":["Demon Form","Body Slam","Iron Wave"],"picked":"Intimidate","floor":23.0},{"not_picked":["Thunderclap","Flex","Shrug It Off","Iron Wave+1"],"picked":"SKIP","floor":27.0},{"not_picked":["Entrench","Hemokinesis","Armaments"],"picked":"Second Wind","floor":28.0},{"not_picked":["Pommel Strike","Cleave+1","Clash","Iron Wave"],"picked":"SKIP","floor":31.0},{"not_picked":["Double Tap","Bludgeon","Juggernaut"],"picked":"Corruption","floor":33.0},{"not_picked":["Iron Wave+1","Infernal Blade+1","Clothesline+1","Body Slam+1"],"picked":"SKIP","floor":35.0},{"not_picked":["Sword Boomerang","Flame Barrier+1","Twin Strike","Entrench+1"],"picked":"SKIP","floor":36.0},{"not_picked":["Warcry","Thunderclap","Body Slam+1"],"picked":"Shockwave","floor":38.0},{"not_picked":["Thunderclap+1","Dark Embrace+1","Iron Wave+1"],"picked":"Limit Break","floor":39.0},{"not_picked":["Uppercut","Heavy Blade","Hemokinesis+1"],"picked":"Infernal Blade+1","floor":40.0},{"not_picked":["Good Instincts","Impatience","PanicButton"],"picked":"Enlightenment","floor":41.0},{"not_picked":["Mayhem","Deep Breath","PanicButton"],"picked":"Enlightenment","floor":41.0},{"not_picked":["Panacea","Bandage Up","PanicButton"],"picked":"Dramatic Entrance","floor":41.0},{"not_picked":["Sever Soul+1","Fire Breathing","Inflame"],"picked":"Feel No Pain+1","floor":46.0},{"not_picked":["Anger+1","Shrug It Off+1","Sword Boomerang+1","Body Slam+1"],"picked":"SKIP","floor":47.0},{"not_picked":["Dropkick","Wild Strike+1","Iron Wave+1"],"picked":"Power Through","floor":48.0}],"player_experience":34148,"relics_obtained":[{"floor":6.0,"key":"Letter Opener"},{"floor":8.0,"key":"PreservedInsect"},{"floor":9.0,"key":"Question Card"},{"floor":14.0,"key":"Darkstone Periapt"},{"floor":23.0,"key":"HornCleat"},{"floor":26.0,"key":"Gremlin Horn"},{"floor":27.0,"key":"Strawberry"},{"floor":40.0,"key":"Shovel"},{"floor":43.0,"key":"Meat on the Bone"},{"floor":44.0,"key":"Girya"}],"event_choices":[{"damage_healed":0.0,"max_hp_gain":0.0,"max_hp_loss":0.0,"gold_gain":0.0,"event_name":"Forgotten Altar","player_choice":"Smashed Altar","floor":19.0,"gold_loss":0.0,"damage_taken":0.0,"cards_obtained":["Decay"]},{"damage_healed":0.0,"max_hp_gain":0.0,"max_hp_loss":0.0,"gold_gain":0.0,"event_name":"Ghosts","player_choice":"Ignored","floor":24.0,"gold_loss":0.0,"damage_taken":0.0},{"damage_healed":0.0,"max_hp_gain":0.0,"max_hp_loss":0.0,"gold_gain":0.0,"event_name":"SensoryStone","player_choice":"Memory 3","floor":41.0,"gold_loss":0.0,"damage_taken":10.0},{"damage_healed":0.0,"max_hp_gain":0.0,"max_hp_loss":0.0,"gold_gain":0.0,"event_name":"MindBloom","player_choice":"Fight","floor":44.0,"gold_loss":0.0,"damage_taken":0.0}],"is_beta":false,"boss_relics":[{"not_picked":["Astrolabe","Philosopher\u0027s Stone"],"picked":"Black Blood"},{"not_picked":["Velvet Choker","Runic Cube"],"picked":"Coffee Dripper"}],"items_purged_floors":[30,37,45],"is_endless":false,"potions_floor_spawned":[2,4,5,6,11,16,22,27,36,39,47,48],"ascension_level":0}}