{"host":"1zjc08c6hob33401","time":1612831438,"event":{"mods":["AchievementEnabler","Act Like it!","Aspiration","BaseMod","Downfall","Elementarium","Energized Spire","Evolution","Friendly Minions","Gensokyo","GifTheSpireLib","Hubris","Infinite Spire","Jedi Mod","Menagerie","Minty Spire (QoL Compilation)","Pale of the Ancients","Quick Restart","Reliquary","Replay The Spire","Retaliation","Shop Mod","Spicy Shops","Spire Arcade","StS++","StSLib","Stuff the Spire","The Blue Laboratory","Wandering Minibosses","??????REMEMod"],"gold_per_floor":[116,127,127,66,86,86,104,118,118,118,43,43,53,68,68,141,141,151,168,168,168],"floor_reached":20,"language":"RUS","playtime":734,"items_purged":["Defend_B"],"score":376,"play_id":"35f35a87-741a-4c9d-b477-53076b6b9aee","local_time":"20210209024358","is_ascension_mode":true,"campfire_choices":[{"data":"Streamline","floor":6.0,"key":"SMITH"},{"data":"ReplayTheSpireMod:Omega Cannon","floor":10.0,"key":"SMITH"},{"data":"Zap","floor":12.0,"key":"SMITH"},{"data":"Dualcast","floor":15.0,"key":"SMITH"}],"circlet_count":0,"master_deck":["AscendersBane","Barrage","jedi:BurstLightning","Sweeping Beam","Ball Lightning","Defend_B","Defend_B","Defend_B","Zap+1","Dualcast+1","hexamod:TimeOfNeed+1","hubris:Insight","Consume","Barrage","Streamline+1","jedi:blockon","ReplayTheSpireMod:Omega Cannon+1","Cold Snap","FTL","StuffTheSpire:ForEach","Darkness+1","Steam"],"relics":["Cracked Core","EVO:Axolotl","REME_ComplimentaryCards","reliquary:IridiumChain","aspiration:Stellarator"],"acts_visited":["Exordium","Gensokyo:Gensokyoer"],"potions_floor_usage":[18],"damage_taken":[{"damage":0.0,"enemies":"Cultist","floor":1.0,"turns":2.0},{"damage":0.0,"enemies":"Small Slimes","floor":2.0,"turns":2.0},{"damage":7.0,"enemies":"Jaw Worm","floor":5.0,"turns":3.0},{"damage":9.0,"enemies":"Red Slaver","floor":7.0,"turns":2.0},{"damage":13.0,"enemies":"Blue Slaver","floor":8.0,"turns":2.0},{"damage":0.0,"enemies":"Lots of Slimes","floor":13.0,"turns":1.0},{"damage":0.0,"enemies":"Red Slaver","floor":14.0,"turns":1.0},{"damage":53.0,"enemies":"Hexaghost","floor":16.0,"turns":8.0},{"damage":12,"enemies":"Gensokyo:CosmicMonolith","floor":18,"turns":3},{"damage":34,"enemies":"Gensokyo:3_Dogs","floor":19,"turns":3},{"damage":9,"enemies":"Gensokyo:Chomper_and_Gloop","floor":20,"turns":2}],"seed_played":"3060923394036792370","potions_obtained":[{"floor":1.0,"key":"blueLaboratory:PyrophylliteBrew"},{"floor":13.0,"key":"blueLaboratory:ForbiddenFruitJuice"},{"floor":14.0,"key":"blueLaboratory:HorrorPotion"},{"floor":16.0,"key":"blueLaboratory:BiasPotion"},{"floor":18,"key":"Milkshake"}],"is_trial":false,"path_per_floor":["M","M","?","$","M","R","M","M","T","R","$","R","M","M","R","B",null,"M","M","M"],"character_chosen":"DEFECT","items_purchased":["Streamline"],"campfire_rested":0,"item_purchase_floors":[4],"current_hp_per_floor":[64,64,64,64,57,57,48,35,35,35,35,35,35,61,61,8,48,36,2,0,0],"gold":168,"neow_bonus":"RANDOM_COLORLESS","is_daily":false,"chose_seed":false,"campfire_upgraded":4,"win_rate":0.0,"timestamp":1612831438,"path_taken":["M","?","?","$","M","R","?","M","T","R","?","R","M","M","R","BOSS","M","M","M"],"items_purchased_type":["Card"],"build_version":"2020-12-22","purchased_purges":1,"victory":false,"max_hp_per_floor":[71,71,71,71,71,71,71,71,71,71,71,71,71,61,61,61,61,61,61,61,61],"card_choices":[{"not_picked":["Replay:BasicMightCard","Specialist"],"picked":"hubris:Insight","floor":0.0},{"not_picked":["StSpp:Fierceness","Rebound"],"picked":"Consume","floor":1.0},{"not_picked":["Redo","Hologram"],"picked":"Barrage","floor":2.0},{"not_picked":["Sunder","BasicCrystalCard"],"picked":"jedi:blockon","floor":5.0},{"not_picked":["Redo","Stack","BasicCrystalCard"],"picked":"SKIP","floor":7.0},{"not_picked":["Rebound","jedi:BurstFrost"],"picked":"ReplayTheSpireMod:Omega Cannon","floor":8.0},{"not_picked":["Gash","Beam Cell"],"picked":"Cold Snap","floor":13.0},{"not_picked":["Steam","jedi:blockon"],"picked":"FTL","floor":14.0},{"not_picked":["hubris:DoWhile","hubris:Prefetch"],"picked":"StuffTheSpire:ForEach","floor":16.0},{"not_picked":["Leap","Coolheaded"],"picked":"Darkness+1","floor":18},{"not_picked":["Coolheaded","Reprogram+1"],"picked":"Steam","floor":19}],"player_experience":732147,"relics_obtained":[{"floor":9.0,"key":"reliquary:IridiumChain"}],"event_choices":[],"is_beta":false,"boss_relics":[{"not_picked":["Philosopher\u0027s Stone","Replay:Ancient Bell"],"picked":"aspiration:Stellarator"}],"items_purged_floors":[11],"is_endless":false,"potions_floor_spawned":[1,13,14,16,18],"killed_by":"Gensokyo:Chomper_and_Gloop","ascension_level":19}}