{"host":"i4vlfbz13gs2xtdj","time":1612834891,"event":{"mods":["2.2 Compatiblity","AchievementEnabler","Act Like it!","Aspiration","Astrologer","BaseMod","Beaked The Cultist","Bestiary","Better Altar","Better Match","Better Note","Better Sensory Stone","Better Skull","Better Third Choice","BetterRewards","CatGirl Mod","Challenge The Spire","ChefMod","Clockwork Mod","Colored Map","Colored Powertips","Curses Come First","Defuse TimeMaze Blight","Elementarium","Energized Spire","Fox Events","Friendly Minions","GifTheSpireLib","Halation","Hermit","Hubris","Hunter ??","Infinite Spire","Jedi Mod","JesterMod","Jorbs\u0027s Wanderer Trilogy","KinomotoSakuraMod(????)","Marked Mod","Menagerie","Minty Spire (QoL Compilation)","Pale of the Ancients","Potionbrewer","Rare Cards Sparkle","Relic Sorter","Relic Stats","Reliquary","Replay The Spire","Shop Mod","Somnambulant","Spicy Shops","Spikes Relics","Spire Arcade","StSLib","Stuff the Spire","The Blue Laboratory","The Marked","The Sage","Trackpad","Useless Jewels Mod","Wandering Minibosses"],"gold_per_floor":[118,68,88,193,205,205,216,236,236,18,57,57,67,85,85,196,196,211,230,155,175,175,193,221,131,131,156,156,179,210,224,224,338,338,353,353,353,11,31,31,48,48,48,63,74,74,108,123,123,128,128,128,19,19,19],"floor_reached":54,"language":"ENG","playtime":13933,"items_purged":["beaked:Defend_Y","beaked:Strike_Y","Voices"],"score":1018,"play_id":"ce138928-b140-4ffd-958d-89d89608b16d","local_time":"20210208204131","is_ascension_mode":false,"campfire_choices":[{"data":"Dramatic Entrance","floor":6,"key":"SMITH"},{"data":"ReplayTheSpireMod:RavenHex","floor":12,"key":"SMITH"},{"data":"infinitespire:Punishment","floor":28,"key":"SMITH"},{"data":"Secret Technique","floor":32,"key":"SMITH"},{"data":"Violence","floor":40,"key":"SMITH"},{"data":"beaked:LiftOff","floor":42,"key":"SMITH"},{"floor":49,"key":"RECALL"},{"data":"beaked:KnowThyFoe","floor":52,"key":"SMITH"}],"circlet_count":0,"master_deck":["beaked:Strike_Y","beaked:Defend_Y+1","beaked:Defend_Y","beaked:Ceremony","beaked:Ceremony","beaked:Ceremony+1","Dramatic Entrance+1","beaked:Windmill+1","beaked:Flinch","beaked:MimicWarrior","beaked:WindBringer","beaked:Brace","StuffTheSpire:FreeRealEstate","ReplayTheSpireMod:RavenHex+1","beaked:MaddeningMurmurs","beaked:Daydream","beaked:Overpower+1","beaked:Insight","beaked:LiftOff+1","beaked:MachineEssence","beaked:MimicHuntress","beaked:Cower","Secret Technique+1","Violence+1","beaked:StickSmack","beaked:DarkTribute","beaked:Overpower","infinitespire:Punishment+1","beaked:BraceForImpact","beaked:CrazyRituals","beaked:Overpower","beaked:KnowThyFoe+1","beaked:Roost+1","ReplayTheSpireMod:Prepare the Ceremony+1","Madness","Madness","beaked:BloodRitual+1","beaked:Pecker"],"relics":["beaked:MendingPlumage","reliquary:RosewoodLute","MerchantsRug","infinitespire:Lucky Rock","Odd Mushroom","aspiration:FetidBarrel","Durian","Ring of Hypnosis","Ring of Fury","CosmicIsotope","TungstenRod","Pondfish Scales","beaked:MawFillet","halation:EternalFortune","Shuriken","ReplayTheSpireMod:Ninjato","halation:Toothbrush","aspiration:AnachronicSnailShell"],"acts_visited":["Exordium","TheCity","TheBeyond","TheEnding"],"potions_floor_usage":[35,47,47,47,50],"damage_taken":[{"damage":14,"enemies":"2 Louse","floor":1,"turns":3},{"damage":0,"enemies":"Jaw Worm","floor":3,"turns":2},{"damage":0,"enemies":"Cultist","floor":5,"turns":3},{"damage":2,"enemies":"Blue Slaver","floor":7,"turns":3},{"damage":0,"enemies":"The Mushroom Lair","floor":8,"turns":1},{"damage":23,"enemies":"Lagavulin","floor":11,"turns":7},{"damage":16,"enemies":"Exordium Wildlife","floor":13,"turns":2},{"damage":0,"enemies":"3 Louse","floor":14,"turns":2},{"damage":5,"enemies":"Slime Boss","floor":16,"turns":6},{"damage":39,"enemies":"2 Thieves","floor":18,"turns":4},{"damage":17,"enemies":"Shell Parasite","floor":19,"turns":3},{"damage":21,"enemies":"Chosen and Byrds","floor":21,"turns":5},{"damage":2,"enemies":"Shelled Parasite and Fungi","floor":23,"turns":2},{"damage":32,"enemies":"Snake Plant","floor":24,"turns":6},{"damage":2,"enemies":"Snecko","floor":29,"turns":4},{"damage":19,"enemies":"Replay:Snechameleon","floor":30,"turns":4},{"damage":53,"enemies":"Shelled Parasite and Fungi","floor":31,"turns":2},{"damage":11,"enemies":"Champ","floor":33,"turns":8},{"damage":0,"enemies":"3 Darklings","floor":35,"turns":5},{"damage":0,"enemies":"3 Shapes","floor":39,"turns":1},{"damage":3,"enemies":"3 Darklings","floor":41,"turns":3},{"damage":0,"enemies":"Jaw Worm Horde","floor":44,"turns":2},{"damage":7,"enemies":"Sphere and 2 Shapes","floor":45,"turns":3},{"damage":10,"enemies":"Reptomancer","floor":47,"turns":4},{"damage":0,"enemies":"Maw","floor":48,"turns":7},{"damage":46,"enemies":"Time Eater","floor":50,"turns":5},{"damage":60,"enemies":"Shield and Spear","floor":54,"turns":3}],"seed_played":"-8033838091470399033","potions_obtained":[{"floor":5,"key":"BlessingOfTheForge"},{"floor":7,"key":"jedi:tentaclejuice"},{"floor":8,"key":"potionbrewer:EndurancePotion"},{"floor":11,"key":"blueLaboratory:Moonshine"},{"floor":14,"key":"blueLaboratory:TrueEctoplasm"},{"floor":18,"key":"FearPotion"},{"floor":19,"key":"Weak Potion"},{"floor":31,"key":"potionbrewer:StunPotion"},{"floor":33,"key":"blueLaboratory:PhilterOfMotion"},{"floor":39,"key":"AttackPotion"},{"floor":44,"key":"Energy Potion"},{"floor":45,"key":"PowerPotion"},{"floor":48,"key":"blueLaboratory:AbyssPotion"}],"is_trial":false,"path_per_floor":["M","?","M","?","M","R","M","?","T","$","E","R","M","M","R_BF","B",null,"M","M","?","M","AVR","M","M","?","T","T","R","M","E","M","R","B",null,"M","?","?","$","M","R","M","R","T","M","M","?","E","M","R","B",null,"R","$","E"],"character_chosen":"BEAKED_THE_CULTIST","items_purchased":["reliquary:RosewoodLute","Dramatic Entrance","MerchantsRug","beaked:Windmill+1","BargainBundle","StuffTheSpire:FreeRealEstate","ReplayTheSpireMod:RavenHex","beaked:MaddeningMurmurs","beaked:Daydream","beaked:Overpower+1","Dexterity Potion","Energy Potion","DuplicationPotion","SneckoOil","Shuriken","ReplayTheSpireMod:Ninjato","aspiration:AnachronicSnailShell"],"campfire_rested":0,"item_purchase_floors":[0,0,0,0,10,10,10,10,10,10,10,10,10,10,38,38,53],"current_hp_per_floor":[36,36,44,17,26,26,35,39,39,39,43,43,35,43,43,55,55,36,35,35,52,52,55,55,55,55,55,55,55,55,55,55,55,55,55,55,58,58,58,58,58,58,58,58,58,52,58,58,58,42,58,58,58,0,0],"gold":19,"neow_bonus":"","is_daily":false,"chose_seed":false,"campfire_upgraded":7,"win_rate":0.0,"timestamp":1612834891,"path_taken":["M","?","M","?","M","R","?","?","T","?","E","R","M","M","R_BF","BOSS","M","?","?","?","AVR","M","M","?","T","?","R","M","E","?","R","BOSS","M","?","?","?","M","R","M","R","T","M","?","?","E","M","R","BOSS","R","$","E"],"items_purchased_type":["Relic","Card","Relic","Card","Relic","Card","Card","Card","Card","Card","Potion","Potion","Potion","Potion","Relic","Relic","Relic"],"build_version":"2020-12-22","purchased_purges":3,"victory":false,"max_hp_per_floor":[50,50,50,50,50,50,50,50,50,50,55,55,55,55,55,55,55,55,55,55,55,55,55,55,55,55,55,55,55,55,55,55,55,55,55,55,58,58,58,58,58,58,58,58,58,58,58,58,58,58,58,58,58,58,58],"relic_stats":{"counters":[87,358],"Shuriken":[9],"obtain_stats":[{"sagemod:Red_Beast_Statue":0,"Golden Egg":26,"Calipers":0,"jedi:bottledfury":7,"reliquary:RedCape":17,"Old Coin":6,"jedi:leech":9,"jedi:paperlyon":22,"MealTicket":0,"Philosopher\u0027s Stone":17,"halation:KoshaPiece":6,"trackpad:BiPhaseBiplane":0,"aspiration:DSix":0,"MerchantsRug":45,"Pear":37,"Ring of Hypnosis":4,"aspiration:Nostalgia":5,"StuffTheSpire:ForceGauntlet":0,"Pen Nib":21,"infinitespire:Beetle Shell":29,"energizedSpire:OgreHead":17,"reliquary:WeakTea":9,"potionbrewer:ToyAutogyro":10,"reliquary:PorcupineQuills":0,"Shuriken":38,"sagemod:Creepy_Carousel":10,"beaked:MawFillet":34,"CosmicIsotope":17,"halation:Convergence":48,"Grinning Jar":2,"infinitespire:Cupcake":37,"Darkstone Periapt":43,"Regal Pillow":23,"Lantern":54,"Replay:PocketPolymizer":22,"Mango":47,"Replay:Multitool":9,"Incense Burner":38,"jedi:archwizardhat":4,"hubris:EmptyBottle":0,"Smiling Mask":26,"aspiration:StickyExplosives_weak":20,"Nunchaku":24,"Ring of Fangs":4,"trackpad:RapidFire":5,"StuffTheSpire:HeavyRock":10,"aspiration:AnachronicSnailShell":53,"halation:Toothbrush":47,"Replay:Bottled Snecko":19,"aspiration:ChemicalBlood":4,"hubris:DisguiseKit":11,"BargainBundle":10,"Replay:M_StaffOfTheSnake":5,"ReplayTheSpireMod:Ninjato":38,"NeowsBlessing":0,"StuffTheSpire:RunicHypercube":17,"aspiration:FetidBarrel":6,"Guide Book":45,"StuffTheSpire:Saxophone":12,"hubris:MedicalManual":0,"infinitespire:Lucky Rock":4,"Orichalcum":14,"reliquary:RosewoodLute":0,"Odd Mushroom":8,"theMarked:ArtifactOfAir":0,"Pondfish Scales":30,"halation:EternalFortune":3,"Ring of Fury":15,"Durian":11,"Membership Card":10,"halation:TwoAmDonut":42,"potionbrewer:BottledElixir":24,"potionbrewer:Keyblade":0,"beaked:MendingPlumage":38,"TungstenRod":26},{"sagemod:Red_Beast_Statue":34,"Golden Egg":19,"Calipers":34,"jedi:bottledfury":38,"reliquary:RedCape":16,"Old Coin":3,"jedi:leech":51,"jedi:paperlyon":72,"MealTicket":34,"Philosopher\u0027s Stone":43,"halation:KoshaPiece":50,"trackpad:BiPhaseBiplane":34,"aspiration:DSix":48,"MerchantsRug":30,"Pear":24,"Ring of Hypnosis":36,"aspiration:Nostalgia":12,"StuffTheSpire:ForceGauntlet":48,"Pen Nib":18,"infinitespire:Beetle Shell":59,"energizedSpire:OgreHead":54,"reliquary:WeakTea":13,"potionbrewer:ToyAutogyro":4,"reliquary:PorcupineQuills":34,"Shuriken":79,"sagemod:Creepy_Carousel":39,"beaked:MawFillet":78,"CosmicIsotope":69,"halation:Convergence":31,"Grinning Jar":49,"infinitespire:Cupcake":24,"Darkstone Periapt":81,"Regal Pillow":19,"Lantern":33,"Replay:PocketPolymizer":72,"Mango":31,"Replay:Multitool":4,"Incense Burner":25,"jedi:archwizardhat":2,"hubris:EmptyBottle":34,"Smiling Mask":47,"aspiration:StickyExplosives_weak":55,"Nunchaku":58,"Ring of Fangs":36,"trackpad:RapidFire":12,"StuffTheSpire:HeavyRock":4,"aspiration:AnachronicSnailShell":86,"halation:Toothbrush":84,"Replay:Bottled Snecko":55,"aspiration:ChemicalBlood":12,"hubris:DisguiseKit":4,"BargainBundle":65,"Replay:M_StaffOfTheSnake":12,"ReplayTheSpireMod:Ninjato":79,"NeowsBlessing":0,"StuffTheSpire:RunicHypercube":7,"aspiration:FetidBarrel":13,"Guide Book":30,"StuffTheSpire:Saxophone":40,"hubris:MedicalManual":48,"infinitespire:Lucky Rock":62,"Orichalcum":15,"reliquary:RosewoodLute":60,"Odd Mushroom":65,"theMarked:ArtifactOfAir":0,"Pondfish Scales":76,"halation:EternalFortune":2,"Ring of Fury":68,"Durian":66,"Membership Card":4,"halation:TwoAmDonut":29,"potionbrewer:BottledElixir":47,"potionbrewer:Keyblade":48,"beaked:MendingPlumage":79,"TungstenRod":74},{"sagemod:Red_Beast_Statue":123,"Golden Egg":67,"Calipers":123,"jedi:bottledfury":143,"reliquary:RedCape":58,"Old Coin":3,"jedi:leech":211,"jedi:paperlyon":299,"MealTicket":123,"Philosopher\u0027s Stone":175,"halation:KoshaPiece":208,"trackpad:BiPhaseBiplane":123,"aspiration:DSix":199,"MerchantsRug":100,"Pear":85,"Ring of Hypnosis":131,"aspiration:Nostalgia":44,"StuffTheSpire:ForceGauntlet":199,"Pen Nib":64,"infinitespire:Beetle Shell":254,"energizedSpire:OgreHead":229,"reliquary:WeakTea":48,"potionbrewer:ToyAutogyro":6,"reliquary:PorcupineQuills":123,"Shuriken":330,"sagemod:Creepy_Carousel":147,"beaked:MawFillet":325,"CosmicIsotope":287,"halation:Convergence":104,"Grinning Jar":203,"infinitespire:Cupcake":85,"Darkstone Periapt":334,"Regal Pillow":67,"Lantern":117,"Replay:PocketPolymizer":299,"Mango":104,"Replay:Multitool":6,"Incense Burner":88,"jedi:archwizardhat":2,"hubris:EmptyBottle":123,"Smiling Mask":197,"aspiration:StickyExplosives_weak":234,"Nunchaku":249,"Ring of Fangs":131,"trackpad:RapidFire":44,"StuffTheSpire:HeavyRock":6,"aspiration:AnachronicSnailShell":355,"halation:Toothbrush":343,"Replay:Bottled Snecko":234,"aspiration:ChemicalBlood":44,"hubris:DisguiseKit":6,"BargainBundle":270,"Replay:M_StaffOfTheSnake":44,"ReplayTheSpireMod:Ninjato":330,"NeowsBlessing":0,"StuffTheSpire:RunicHypercube":27,"aspiration:FetidBarrel":48,"Guide Book":100,"StuffTheSpire:Saxophone":153,"hubris:MedicalManual":199,"infinitespire:Lucky Rock":263,"Orichalcum":51,"reliquary:RosewoodLute":258,"Odd Mushroom":270,"theMarked:ArtifactOfAir":0,"Pondfish Scales":315,"halation:EternalFortune":2,"Ring of Fury":281,"Durian":277,"Membership Card":6,"halation:TwoAmDonut":99,"potionbrewer:BottledElixir":197,"potionbrewer:Keyblade":199,"beaked:MendingPlumage":330,"TungstenRod":307}],"TungstenRod":51},"card_choices":[{"not_picked":["beaked:DigDeep","beaked:Daydream"],"picked":"beaked:Flinch","floor":1},{"not_picked":["beaked:Redirect","beaked:Poke"],"picked":"beaked:MimicWarrior","floor":3},{"not_picked":["beaked:Poke","beaked:Negation"],"picked":"beaked:WindBringer","floor":5},{"not_picked":["beaked:SurvivalInstinct","beaked:CursingBlood"],"picked":"beaked:Brace","floor":7},{"not_picked":["beaked:CursingBlood","beaked:WindBringer"],"picked":"beaked:Insight","floor":11},{"not_picked":["beaked:RitualOfBody","beaked:Flinch"],"picked":"beaked:LiftOff","floor":13},{"not_picked":["beaked:Windmill","beaked:DigDeep","beaked:Redirect"],"picked":"SKIP","floor":14},{"not_picked":["beaked:VolatileMisfortune","beaked:DarkPact"],"picked":"beaked:MachineEssence","floor":16},{"not_picked":["beaked:SurvivalInstinct","beaked:BounceBack"],"picked":"beaked:MimicHuntress","floor":18},{"not_picked":["beaked:BloodRitual+1","beaked:Struggle"],"picked":"beaked:Cower","floor":19},{"not_picked":["Poisoned Strike","Sadistic Nature"],"picked":"Secret Technique","floor":20},{"not_picked":["Panache","hubris:EnhanceAbility"],"picked":"Violence","floor":20},{"not_picked":["beaked:Mantra","beaked:RitualOfBody"],"picked":"beaked:StickSmack","floor":20},{"not_picked":["beaked:ShadowFade","beaked:CheekyTricks"],"picked":"beaked:DarkTribute","floor":20},{"not_picked":["beaked:Insight","beaked:BloodRitual+1"],"picked":"beaked:Overpower","floor":21},{"not_picked":["beaked:SurvivalInstinct","beaked:Daydream"],"picked":"beaked:BraceForImpact","floor":23},{"not_picked":["beaked:DarkPact","beaked:Brace","beaked:Insight"],"picked":"SKIP","floor":24},{"not_picked":["beaked:BloodRitual","beaked:CursingBlood","beaked:DigDeep+1"],"picked":"SKIP","floor":29},{"not_picked":["beaked:WindBringer","beaked:BounceBack","beaked:CrazyRituals"],"picked":"SKIP","floor":30},{"not_picked":["beaked:VigorBurst+1","beaked:Cower","beaked:CursingBlood"],"picked":"SKIP","floor":31},{"not_picked":["beaked:ShadowFade","beaked:Brainwash"],"picked":"beaked:KnowThyFoe","floor":33},{"not_picked":["beaked:Daydream","beaked:BounceBack+1","beaked:DigDeeper"],"picked":"SKIP","floor":35},{"not_picked":["beaked:DigDeep+1","beaked:DigDeeper","beaked:Tweet"],"picked":"SKIP","floor":39},{"not_picked":["beaked:Mantra","beaked:Brace"],"picked":"beaked:Roost+1","floor":41},{"not_picked":["beaked:Poke","beaked:StunningBlow+1","beaked:VigorBurst"],"picked":"SKIP","floor":44},{"not_picked":["beaked:Daydream+1","beaked:Evade+1"],"picked":"ReplayTheSpireMod:Prepare the Ceremony+1","floor":45},{"not_picked":["beaked:CheekyTricks","beaked:MimicMachine"],"picked":"beaked:BloodRitual+1","floor":47},{"not_picked":["beaked:Redirect","beaked:Brace"],"picked":"beaked:Pecker","floor":48}],"player_experience":399733,"relics_obtained":[{"floor":8,"key":"Odd Mushroom"},{"floor":9,"key":"aspiration:FetidBarrel"},{"floor":11,"key":"Durian"},{"floor":15,"key":"Ring of Hypnosis"},{"floor":15,"key":"Ring of Fury"},{"floor":26,"key":"TungstenRod"},{"floor":30,"key":"Pondfish Scales"},{"floor":43,"key":"Darkstone Periapt"},{"floor":47,"key":"halation:Toothbrush"}],"event_choices":[{"cards_removed":["beaked:Strike_Y"],"damage_healed":0,"gold_gain":0,"player_choice":"Card Removal","damage_taken":0,"max_hp_gain":0,"max_hp_loss":0,"event_name":"The Cleric","floor":2,"gold_loss":50},{"damage_healed":0,"gold_gain":105,"player_choice":"GO UP RE ","damage_taken":32,"relics_obtained":["infinitespire:Lucky Rock"],"max_hp_gain":0,"max_hp_loss":0,"event_name":"betterSkull:BetterSkull","floor":4,"gold_loss":0,"cards_upgraded":["beaked:Ceremony"]},{"damage_healed":0,"gold_gain":0,"player_choice":"Fought Mushrooms","damage_taken":0,"max_hp_gain":0,"max_hp_loss":0,"event_name":"Mushrooms","floor":8,"gold_loss":0},{"damage_healed":0,"gold_gain":0,"player_choice":"1","damage_taken":0,"max_hp_gain":0,"max_hp_loss":0,"event_name":"betterMatch:BetterMatch","floor":20,"gold_loss":0,"cards_obtained":["betterMatch:ColorlessRareCard","betterMatch:ColorlessRareCard","betterMatch:UncommonCard","betterMatch:RareCard"]},{"cards_removed":["beaked:Strike_Y"],"damage_healed":0,"gold_gain":0,"player_choice":"Upgrade and Remove","damage_taken":0,"max_hp_gain":0,"max_hp_loss":0,"event_name":"Designer","floor":25,"gold_loss":90,"cards_upgraded":["beaked:Defend_Y"]},{"cards_removed":["beaked:Strike_Y"],"damage_healed":0,"gold_gain":0,"player_choice":"Removed Attack","damage_taken":0,"max_hp_gain":0,"max_hp_loss":0,"event_name":"Falling","floor":36,"gold_loss":0},{"damage_healed":0,"gold_gain":0,"player_choice":"Embrace Madness","damage_taken":7,"max_hp_gain":0,"max_hp_loss":0,"event_name":"Winding Halls","floor":46,"gold_loss":0,"cards_obtained":["Madness","Madness"]}],"is_beta":false,"boss_relics":[{"not_picked":["Ring of Chaos","energizedSpire:MagnifyingGlass"],"picked":"CosmicIsotope"},{"not_picked":["hubris:BlackHole","trackpad:StolenKidneys"],"picked":"beaked:MawFillet"}],"items_purged_floors":[10,10,22],"is_endless":false,"potions_floor_spawned":[5,7,8,11,14,18,19,31,33,39,44,45,48],"killed_by":"Shield and Spear","ascension_level":0}}