{"host":"ox77rn1xcurm2t5a","time":1612904712,"event":{"mods":["2.2 Compatiblity","AchievementEnabler","Act Like it!","Aspiration","BaseMod","Best Route Mod","Better Match","Better Note","Better Sensory Stone","Block Reminder","Colored Map","Colored Powertips","Conjunction","Conspire","Custom Start","Energized Spire","GifTheSpireLib","Gold Saver","Gremlin Skip","Halation","Highlight Path","Hubris","Infinite Spire","Minty Spire (QoL Compilation)","Pale of the Ancients","Quick Restart","Replay The Spire","Reworked Bosses","ShortenTheSpire","Spire Exporter","StSLib","Stuff the Spire","Wandering Minibosses"],"gold_per_floor":[1240,1257,1257,1307,593,624,624,652,705,725,48,82,94,107,107,184,184,198,198,214,225,225,225,250,250,331,331,359,378,378,50,50,124,124,144,144,28,45,45,72,72,106,131,131,131,165,165,178,178,178,178],"floor_reached":50,"language":"ENG","playtime":1515,"items_purged":["Injury","Strike_B","Strike_B","Strike_B"],"score":1268,"play_id":"35db07d0-329f-4095-8ed9-c52375cc2da9","local_time":"20210209230512","is_ascension_mode":true,"campfire_choices":[{"floor":7.0,"key":"RECALL"},{"data":"Streamline","floor":15.0,"key":"SMITH"},{"data":"Zap","floor":23.0,"key":"SMITH"},{"floor":25.0,"key":"REST"},{"data":"StuffTheSpire:Harmony","floor":32.0,"key":"SMITH"},{"floor":41.0,"key":"REST"},{"floor":44.0,"key":"REST"},{"data":"Madness","floor":47,"key":"SMITH"},{"floor":49,"key":"REST"}],"circlet_count":0,"master_deck":["AscendersBane","Strike_B","Defend_B","Defend_B","Defend_B","Defend_B","Zap+1","Dualcast","FIFO Queue","Streamline+1","Loop+1","Ball Lightning","Glacier","Heatsinks+1","StuffTheSpire:Synthwave+1","Static Discharge+1","Ball Lightning","StuffTheSpire:Plugnplay","Barrage","Crystallizer+1","Defragment+1","StuffTheSpire:Harmony+1","Crystallizer+1","Echo Form+1","StuffTheSpire:Plugnplay+1","Madness+1","Madness","Storm+1","Buffer+1"],"relics":["Cracked Core","Frozen Egg 2","PreservedInsect","infinitespire:Lucky Rock","conspire:TreasureMap","ReplayTheSpireMod:Lightbulb","hubris:Spice","DataDisk","Boot","hubris:SlimyHat","conspire:RoyalGoblet","Membership Card","ReplayTheSpireMod:Shallot","aspiration:SeaSaltIceCream","NeowsBlessing","Replay:Towering Pillar of Hats","halation:Sosunser","Replay:Bottled Flurry","halation:PromiseList"],"acts_visited":["Exordium","TheCity","TheBeyond"],"potions_floor_usage":[48],"damage_taken":[{"damage":2.0,"enemies":"Jaw Worm","floor":1.0,"turns":4.0},{"damage":4.0,"enemies":"Small Slimes","floor":2.0,"turns":3.0},{"damage":15.0,"enemies":"3 Sentries","floor":6.0,"turns":6.0},{"damage":10.0,"enemies":"Replay:BlueRogue","floor":8.0,"turns":8.0},{"damage":12.0,"enemies":"infinitespire:Voidling","floor":10.0,"turns":5.0},{"damage":18.0,"enemies":"3 Sentries","floor":12.0,"turns":4.0},{"damage":0.0,"enemies":"Large Slime","floor":13.0,"turns":5.0},{"damage":0.0,"enemies":"2 Fungi Beasts","floor":14.0,"turns":2.0},{"damage":36.0,"enemies":"Fading Forest","floor":16.0,"turns":13.0},{"damage":7.0,"enemies":"2 Thieves","floor":18.0,"turns":3.0},{"damage":16.0,"enemies":"Spheric Guardian","floor":20.0,"turns":4.0},{"damage":7.0,"enemies":"Centurion and Healer","floor":21.0,"turns":7.0},{"damage":18.0,"enemies":"Replay:Snechameleon","floor":24.0,"turns":3.0},{"damage":12.0,"enemies":"Slavers","floor":28.0,"turns":5.0},{"damage":0.0,"enemies":"Snecko","floor":29.0,"turns":1.0},{"damage":0.0,"enemies":"conspire:MysteriousRune","floor":33.0,"turns":1.0},{"damage":0.0,"enemies":"Orb Walker","floor":35.0,"turns":1.0},{"damage":23.0,"enemies":"3 Darklings","floor":38.0,"turns":4.0},{"damage":22.0,"enemies":"R_Hoarder","floor":40.0,"turns":4.0},{"damage":19.0,"enemies":"Giant Head","floor":42.0,"turns":6.0},{"damage":11,"enemies":"R_Hoarder","floor":46,"turns":3},{"damage":13,"enemies":"Writhing Mass","floor":48,"turns":4},{"damage":1042,"enemies":"bossMod:newShapes","floor":50,"turns":6}],"seed_played":"-5893334027151149754","potions_obtained":[{"floor":2.0,"key":"EssenceOfDarkness"},{"floor":8.0,"key":"Flashbang"},{"floor":13.0,"key":"FearPotion"},{"floor":16.0,"key":"Adrenaline Potion"},{"floor":18.0,"key":"Swift Potion"},{"floor":29.0,"key":"Milkshake"},{"floor":33.0,"key":"EssenceOfSteel"},{"floor":38.0,"key":"LiquidMemories"},{"floor":46,"key":"FearPotion"}],"is_trial":false,"path_per_floor":["M","M","?","?","$","E","R","E","T","M","$","E","M","M","R","B",null,"M","?","M","M","AVR","R","E","R","T","?","E","M","?","$","R","B",null,"M","?","$","M","?","E","R","E","T","R","?","E","R","M","R","B"],"character_chosen":"DEFECT","items_purchased":["Loop+1","PreservedInsect","infinitespire:Lucky Rock","Ball Lightning","conspire:TreasureMap","Static Discharge+1","hubris:Spice","Boot","Replay:Towering Pillar of Hats","halation:Sosunser","Crystallizer+1","Storm+1"],"campfire_rested":4,"item_purchase_floors":[5,5,5,5,5,11,11,11,31,31,31,37],"current_hp_per_floor":[69,65,65,65,65,50,50,48,48,45,53,35,35,35,35,31,72,65,65,49,42,42,42,24,49,49,49,37,37,22,22,22,22,64,64,50,50,33,33,17,40,27,27,45,45,39,39,32,50,0,0],"gold":178,"neow_bonus":"TEN_PERCENT_HP_BONUS","is_daily":false,"chose_seed":false,"campfire_upgraded":4,"win_rate":0.0,"timestamp":1612904712,"path_taken":["M","M","?","?","$","E","R","E","T","M","$","E","?","M","R","BOSS","M","?","M","M","AVR","R","E","R","T","?","E","M","?","$","R","BOSS","M","?","$","M","?","E","R","E","T","R","?","E","R","M","R","BOSS"],"items_purchased_type":["Card","Relic","Relic","Card","Relic","Card","Relic","Relic","Relic","Relic","Card","Card"],"build_version":"2020-12-22","purchased_purges":4,"victory":false,"max_hp_per_floor":[78,78,78,78,78,78,78,86,86,86,94,94,94,94,94,94,86,86,86,86,86,86,86,86,86,86,86,86,86,86,86,86,86,78,78,78,78,78,78,78,78,70,62,62,62,62,62,62,62,62,62],"card_choices":[{"not_picked":["BootSequence","Conserve Battery"],"picked":"FIFO Queue","floor":1.0},{"not_picked":["Stack","Scrape"],"picked":"Streamline","floor":2.0},{"not_picked":["Beam Cell","StuffTheSpire:CleanHardDrive"],"picked":"Glacier","floor":6.0},{"not_picked":["ReplaySort","hubris:Ukulele"],"picked":"Heatsinks+1","floor":8.0},{"not_picked":["Beam Cell","Undo"],"picked":"StuffTheSpire:Synthwave+1","floor":10.0},{"not_picked":["Crystallizer+1","Genetic Algorithm"],"picked":"Ball Lightning","floor":12.0},{"not_picked":["Reinforced Body","Compile Driver","Turbo"],"picked":"SKIP","floor":13.0},{"not_picked":["BasicCrystalCard","Compile Driver","Darkness"],"picked":"SKIP","floor":14.0},{"not_picked":["Time Bomb","Turbo"],"picked":"StuffTheSpire:Plugnplay","floor":18.0},{"not_picked":["ReplayTheSpireMod:Repulse","conspire:SharedLibrary+1","Sweeping Beam"],"picked":"SKIP","floor":20.0},{"not_picked":["Redo","Turbo"],"picked":"Barrage","floor":21.0},{"not_picked":["Stack","StuffTheSpire:SnapShoot"],"picked":"Crystallizer+1","floor":24.0},{"not_picked":["Machine Learning+1","BasicCrystalCard"],"picked":"Defragment+1","floor":28.0},{"not_picked":["StuffTheSpire:LoadUp","Leap","conspire:Rain+1"],"picked":"SKIP","floor":29.0},{"not_picked":["Amplify","Reboot"],"picked":"Echo Form+1","floor":33.0},{"not_picked":["Sweeping Beam","Redo"],"picked":"StuffTheSpire:Plugnplay+1","floor":35.0},{"not_picked":["Panic Button","Leap","Heatsinks+1"],"picked":"SKIP","floor":38.0},{"not_picked":["Hologram","Steam","StuffTheSpire:Purify"],"picked":"SKIP","floor":40.0},{"not_picked":["Compile Driver","Genetic Algorithm+1"],"picked":"Buffer+1","floor":42.0},{"not_picked":["hubris:PowerSurge+1","Leap","All For One"],"picked":"SKIP","floor":46},{"not_picked":["StuffTheSpire:Plugnplay","hubris:SpiceAddiction","Hello World+1"],"picked":"SKIP","floor":48}],"player_experience":3071153,"relics_obtained":[{"floor":6.0,"key":"ReplayTheSpireMod:Lightbulb"},{"floor":8.0,"key":"hubris:Spice"},{"floor":9.0,"key":"DataDisk"},{"floor":12.0,"key":"hubris:SlimyHat"},{"floor":24.0,"key":"ReplayTheSpireMod:Shallot"},{"floor":28.0,"key":"aspiration:SeaSaltIceCream"},{"floor":40.0,"key":"Replay:Bottled Flurry"},{"floor":42.0,"key":"hubris:Spice"},{"floor":43.0,"key":"hubris:Spice"},{"floor":46,"key":"halation:PromiseList"}],"event_choices":[{"damage_healed":0.0,"max_hp_gain":0.0,"max_hp_loss":0.0,"gold_gain":50.0,"event_name":"Golden Shrine","player_choice":"Pray","floor":4.0,"gold_loss":0.0,"damage_taken":0.0},{"damage_healed":0.0,"max_hp_gain":0.0,"max_hp_loss":0.0,"gold_gain":0.0,"event_name":"Winding Halls","player_choice":"Embrace Madness","floor":36.0,"gold_loss":0.0,"damage_taken":14.0,"cards_obtained":["Madness","Madness"]}],"is_beta":false,"boss_relics":[{"not_picked":["hubris:Spice","Kintsugi"],"picked":"hubris:Spice"},{"not_picked":["aspiration:SilentSkillbook","energizedSpire:RedRose"],"picked":"hubris:Spice"}],"items_purged_floors":[5,11,31,37],"is_endless":false,"potions_floor_spawned":[2,8,13,14,16,18,29,33,38,46],"killed_by":"bossMod:newShapes","ascension_level":20}}