{"host":"yans4pr1zf0lm9bx","time":1612907741,"event":{"mods":["AchievementEnabler","Act Like it!","BaseMod","Hermit","Minty Spire (QoL Compilation)","Replay The Spire","StSLib","SuperFastMode"],"gold_per_floor":[112,112,128,303,303,303,11,23,23,23,34,61,73,84,84,182,232,218,34,34,66,66,66,66],"floor_reached":23,"language":"ENG","playtime":1639,"items_purged":[],"score":241,"play_id":"b51fe294-0519-4137-a4c1-1337d93fcf58","local_time":"20210209165541","is_ascension_mode":false,"campfire_choices":[{"data":"Pot Of Greed","floor":6,"key":"SMITH"},{"data":"hermit:LuckOfTheDraw","floor":10,"key":"SMITH"},{"data":"Pot Of Greed","floor":15,"key":"SMITH"}],"circlet_count":0,"master_deck":["hermit:Defend_Hermit","hermit:Defend_Hermit","hermit:Defend_Hermit","hermit:Defend_Hermit","hermit:Snapshot","hermit:Covet+1","hermit:HoleUp","hermit:LuckOfTheDraw+1","Doubt","Pot Of Greed+1","hermit:CalledShot+1","Pot Of Greed+1","hermit:TakeCover","hermit:Grudge","hermit:Reprieve+1","hermit:TakeAim","hermit:Manifest","hermit:DeadOrAlive+1","hermit:Misfire","hermit:CalledShot","hermit:LoneWolf+1","hermit:Desperado","hermit:HighCaliber"],"relics":["hermit:Momento","Grinning Jar","Golden Egg","Replay:Ringing Soul","Tiny House","Membership Card","Blood Vial"],"acts_visited":["Exordium","TheCity"],"potions_floor_usage":[14,18,21,23],"damage_taken":[{"damage":0,"enemies":"Small Slimes","floor":1,"turns":4},{"damage":2,"enemies":"Jaw Worm","floor":3,"turns":5},{"damage":0,"enemies":"Cultist","floor":8,"turns":4},{"damage":0,"enemies":"2 Fungi Beasts","floor":11,"turns":4},{"damage":17,"enemies":"3 Sentries","floor":12,"turns":10},{"damage":16,"enemies":"Large Slime","floor":13,"turns":5},{"damage":3,"enemies":"Exordium Thugs","floor":14,"turns":6},{"damage":13,"enemies":"The Guardian","floor":16,"turns":7},{"damage":13,"enemies":"2 Thieves","floor":18,"turns":5},{"damage":10,"enemies":"3 Byrds","floor":21,"turns":6},{"damage":106,"enemies":"Book of Stabbing","floor":23,"turns":9}],"seed_played":"1122359475194930412","potions_obtained":[{"floor":3,"key":"Fire Potion"},{"floor":8,"key":"Block Potion"},{"floor":13,"key":"AttackPotion"},{"floor":17,"key":"LiquidBronze"},{"floor":18,"key":"Dexterity Potion"}],"is_trial":false,"path_per_floor":["M","?","M","?","?","R","$","M","T","R","M","E","M","M","R","B",null,"M","$","T","M","?","E"],"character_chosen":"HERMIT","items_purchased":["hermit:CalledShot+1","Golden Egg","Membership Card","hermit:LoneWolf"],"campfire_rested":0,"item_purchase_floors":[7,7,19,19],"current_hp_per_floor":[75,75,73,73,66,66,66,66,66,66,66,52,43,43,43,37,95,88,91,91,91,94,0,0],"gold":66,"neow_bonus":"REMOVE_CARD","is_daily":false,"chose_seed":false,"campfire_upgraded":3,"win_rate":0.0,"timestamp":1612907741,"path_taken":["M","?","M","?","?","R","?","?","T","R","M","E","M","M","R","BOSS","M","$","?","M","?","E"],"items_purchased_type":["Card","Relic","Relic","Card"],"build_version":"2020-12-22","purchased_purges":0,"victory":false,"max_hp_per_floor":[75,75,75,75,75,75,75,75,75,75,75,78,81,84,84,87,95,98,101,101,101,104,104,104],"card_choices":[{"not_picked":["hermit:Enervate","hermit:LowProfile"],"picked":"hermit:HoleUp","floor":1},{"not_picked":["hermit:LowProfile","hermit:Ricochet"],"picked":"hermit:LuckOfTheDraw","floor":3},{"not_picked":["hermit:HighCaliber","hermit:SprayPray"],"picked":"hermit:TakeCover","floor":8},{"not_picked":["hermit:Coalescence","hermit:SprayPray"],"picked":"hermit:Grudge","floor":11},{"not_picked":["hermit:Shortfuse","hermit:Midnight"],"picked":"hermit:Reprieve","floor":12},{"not_picked":["hermit:HighCaliber","hermit:Feint"],"picked":"hermit:TakeAim","floor":13},{"not_picked":["hermit:WideOpen","hermit:Gestalt"],"picked":"hermit:Manifest","floor":14},{"not_picked":["hermit:FinalCanter","hermit:Roughhouse"],"picked":"hermit:DeadOrAlive","floor":16},{"not_picked":["hermit:LowProfile","hermit:Ricochet"],"picked":"hermit:Misfire","floor":17},{"not_picked":["hermit:Spite+1","hermit:NoHoldsBarred+1"],"picked":"hermit:CalledShot","floor":18},{"not_picked":["hermit:Ricochet","hermit:Brawl+1","hermit:Desperado"],"picked":"SKIP","floor":21}],"player_experience":257006,"relics_obtained":[{"floor":12,"key":"Replay:Ringing Soul"},{"floor":20,"key":"Blood Vial"}],"event_choices":[{"cards_removed":["hermit:Strike_Hermit"],"damage_healed":0,"gold_gain":0,"player_choice":"Forget","damage_taken":0,"max_hp_gain":0,"max_hp_loss":0,"event_name":"Living Wall","floor":2,"gold_loss":0},{"damage_healed":0,"gold_gain":175,"player_choice":"AGREE","damage_taken":0,"max_hp_gain":0,"max_hp_loss":0,"event_name":"Liars Game","floor":4,"gold_loss":0,"cards_obtained":["Doubt"]},{"damage_healed":0,"gold_gain":0,"player_choice":"Success","damage_taken":7,"relics_obtained":["Grinning Jar"],"max_hp_gain":0,"max_hp_loss":0,"event_name":"Scrap Ooze","floor":5,"gold_loss":0},{"damage_healed":0,"gold_gain":0,"cards_transformed":["hermit:Strike_Hermit","hermit:Strike_Hermit"],"player_choice":"Became Test Subject","damage_taken":0,"max_hp_gain":0,"max_hp_loss":0,"event_name":"Drug Dealer","floor":22,"gold_loss":0,"cards_obtained":["hermit:Desperado","hermit:HighCaliber"]}],"is_beta":false,"boss_relics":[{"not_picked":["Snecko Eye","Runic Pyramid"],"picked":"Tiny House"}],"items_purged_floors":[],"is_endless":false,"potions_floor_spawned":[3,8,13,18],"killed_by":"Book of Stabbing","ascension_level":0}}