{"host":"pk1y7bs2u9994osb","time":1612875685,"event":{"mods":["2.2 Compatiblity","AchievementEnabler","BaseMod","Colored Map","Highlight Path","Keyboard Shortcuts","Minty Spire (QoL Compilation)","Permanent Neow","Quick Restart","Rare Cards Sparkle","Spicy Shops","StSLib","SuperFastMode","everything is the same but u backflip on backflip"],"gold_per_floor":[13,13,29,41,41,41,58,58,58,78,94,94,112,137,137,137,137],"floor_reached":16,"language":"KOR","playtime":609,"items_purged":[],"score":208,"play_id":"b662ea16-dc10-423f-8fe0-91c1a1c83581","local_time":"20210209220125","is_ascension_mode":true,"campfire_choices":[{"data":"Bash","floor":6,"key":"SMITH"},{"data":"True Grit","floor":8,"key":"SMITH"},{"data":"Dual Wield","floor":12,"key":"SMITH"},{"data":"Dropkick","floor":15,"key":"SMITH"}],"circlet_count":0,"master_deck":["AscendersBane","Strike_R","Strike_R","Defend_R","Defend_R","Defend_R","Defend_R","Bash+1","Dropkick+1","Intimidate","Cleave","Shrug It Off","True Grit+1","Dual Wield+1","Thunderclap"],"relics":["Burning Blood","Gremlin Horn","Meat on the Bone"],"acts_visited":["Exordium"],"potions_floor_usage":[4,14,14,16],"damage_taken":[{"damage":3,"enemies":"2 Louse","floor":1,"turns":5},{"damage":1,"enemies":"Cultist","floor":3,"turns":4},{"damage":2,"enemies":"Jaw Worm","floor":4,"turns":3},{"damage":6,"enemies":"Looter","floor":7,"turns":3},{"damage":0,"enemies":"3 Louse","floor":10,"turns":4},{"damage":1,"enemies":"Blue Slaver","floor":11,"turns":6},{"damage":12,"enemies":"Looter","floor":13,"turns":5},{"damage":18,"enemies":"Lagavulin","floor":14,"turns":7},{"damage":54,"enemies":"Slime Boss","floor":16,"turns":9}],"seed_played":"-4681093356245185615","potions_obtained":[{"floor":1,"key":"Fire Potion"},{"floor":3,"key":"DuplicationPotion"},{"floor":7,"key":"GamblersBrew"},{"floor":10,"key":"PowerPotion"},{"floor":14,"key":"Fire Potion"}],"is_trial":false,"path_per_floor":["M","?","M","M","$","R","M","R","T","M","M","R","M","E","R","B"],"character_chosen":"IRONCLAD","items_purchased":[],"campfire_rested":0,"item_purchase_floors":[],"current_hp_per_floor":[71,71,75,75,75,75,75,75,75,75,75,75,69,57,57,3,3],"gold":137,"neow_bonus":"REMOVE_TWO","is_daily":false,"chose_seed":false,"campfire_upgraded":4,"win_rate":0.0,"timestamp":1612875685,"path_taken":["M","?","M","M","?","R","M","R","T","M","M","R","M","E","R","BOSS"],"items_purchased_type":[],"build_version":"2020-12-22","purchased_purges":0,"victory":false,"max_hp_per_floor":[75,75,75,75,75,75,75,75,75,75,75,75,75,75,75,75,75],"card_choices":[{"not_picked":["Infernal Blade","Spot Weakness"],"picked":"Dropkick","floor":1},{"not_picked":["Twin Strike","Wild Strike","Cleave"],"picked":"SKIP","floor":3},{"not_picked":["Twin Strike","Wild Strike"],"picked":"Cleave","floor":3},{"not_picked":["Blood for Blood","Clothesline"],"picked":"Shrug It Off","floor":4},{"not_picked":["Anger","Blood for Blood"],"picked":"True Grit","floor":7},{"not_picked":["Anger","Inflame"],"picked":"Dual Wield","floor":10},{"not_picked":["Rampage","Warcry"],"picked":"Thunderclap","floor":11},{"not_picked":["Iron Wave","Seeing Red","Anger"],"picked":"SKIP","floor":13},{"not_picked":["Body Slam","Warcry","Berserk"],"picked":"SKIP","floor":14}],"player_experience":1149062,"relics_obtained":[{"floor":9,"key":"Gremlin Horn"},{"floor":14,"key":"Meat on the Bone"}],"event_choices":[{"damage_healed":0,"gold_gain":0,"cards_transformed":["Strike_R"],"player_choice":"Transformed","damage_taken":0,"max_hp_gain":0,"max_hp_loss":0,"event_name":"Transmorgrifier","floor":2,"gold_loss":0,"cards_obtained":["Intimidate"]}],"is_beta":false,"boss_relics":[],"items_purged_floors":[],"is_endless":false,"potions_floor_spawned":[1,3,7,10,14],"killed_by":"Slime Boss","ascension_level":20}}