{"host":"dh4nu8nelr2izibb","time":1612898884,"event":{"mods":["BaseMod","Better Skull","Better Third Choice","Card Forge","Curses Come First","Displayed Cursed Tome","HololiveMod","Marisa????????","Minty Spire (QoL Compilation)","Poor People Problems","Quick Restart","Relic Filter","Reliquary","StSLib","WarShipGirlsR/????R mod","Yakumo Yukari mod"],"gold_per_floor":[137,147,159,170,183,183,258,258,258,286,286,44,64,98,98,177,177,193,193,193,209,2,2,36,36,59,59,84,96,96,114,114,186,186,197,197,197],"floor_reached":38,"language":"ENG","playtime":1732,"items_purged":["AT_purpleEX"],"score":1215,"play_id":"eb37731c-9254-470e-bac6-8a6bc18e9dac","local_time":"20210209142804","is_ascension_mode":true,"campfire_choices":[{"data":"Observe_purple_2","floor":6.0,"key":"SMITH"},{"floor":8.0,"key":"REST"},{"floor":11.0,"key":"REST"},{"data":"ExistenceContinue_purple","floor":15.0,"key":"SMITH"},{"data":"EighthInstrument_OneDividesIntoTwo_purple","floor":23.0,"key":"SMITH"},{"data":"WorldDissolvedintheRealm_purple","floor":27.0,"key":"SMITH"},{"floor":30.0,"key":"REST"},{"data":"Bait_HighSpeedFlying_purple","floor":32,"key":"SMITH"}],"circlet_count":0,"master_deck":["AscendersBane","AT_purpleEX","AT_purpleEX","Defend_purpleEX","Defend_purpleEX","Defend_purpleEX","Defend_purpleEX","Observe_purple_1","Observe_purple_2+1","Worldmountain_purple","DimensionStaggered_purple","Bait_Toxicbait_purple","Mirror_TwoAndThreeElementRealm_purple+1","SharpContractionReality_purple","WatchEChange_purple","StateErode_purple","ExistenceContinue_purple+1","DimensionStaggered_purple","WorldDissolvedintheRealm_purple+1","LoveAcrossDimensions_purple+1","StateErode_purple","ExternalForce_HighSpeedFlying_purple","Fantasy_PerpetualMotionMachine_purple+1","EighthInstrument_OneDividesIntoTwo_purple+1","StateErode_purple","LoveAcrossDimensions_purple+1","MeetDecomposer_purple","Bait_HighSpeedFlying_purple+1","MeetDecomposer_purple+1","WangLiang_OokamiKakushi_purple"],"relics":["Boundary_crack","Memoryfragments_purpleEX","Hammer of Thor","Seething Fire","Anvil of the Gods","InkBottle","Tiny Chest","Pantograph","Hololive_Finger","Orrery","reliquary:WeakTea","Matryoshka","Omamori","reliquary:Knoch","Bag of Marbles","Velvet Choker"],"acts_visited":["Exordium","TheCity","TheBeyond"],"potions_floor_usage":[33],"damage_taken":[{"damage":0.0,"enemies":"2 Louse","floor":1.0,"turns":3.0},{"damage":7.0,"enemies":"Small Slimes","floor":2.0,"turns":3.0},{"damage":4.0,"enemies":"Jaw Worm","floor":3.0,"turns":3.0},{"damage":16.0,"enemies":"Exordium Thugs","floor":4.0,"turns":5.0},{"damage":8.0,"enemies":"Blue Slaver","floor":5.0,"turns":5.0},{"damage":40.0,"enemies":"3 Sentries","floor":10.0,"turns":9.0},{"damage":4.0,"enemies":"2 Fungi Beasts","floor":13.0,"turns":3.0},{"damage":14.0,"enemies":"Lagavulin","floor":14.0,"turns":6.0},{"damage":6.0,"enemies":"The Guardian","floor":16.0,"turns":9.0},{"damage":0.0,"enemies":"Spheric Guardian","floor":18.0,"turns":2.0},{"damage":16.0,"enemies":"2 Thieves","floor":21.0,"turns":4.0},{"damage":29.0,"enemies":"Gremlin Leader","floor":24.0,"turns":4.0},{"damage":25.0,"enemies":"Slavers","floor":28.0,"turns":3.0},{"damage":0.0,"enemies":"Snecko","floor":29.0,"turns":2.0},{"damage":1,"enemies":"Shelled Parasite and Fungi","floor":31,"turns":3},{"damage":0,"enemies":"Automaton","floor":33,"turns":5},{"damage":0,"enemies":"3 Shapes","floor":35,"turns":4},{"damage":110,"enemies":"Awakened One","floor":37,"turns":7}],"seed_played":"-6824804997734739008","potions_obtained":[{"floor":2.0,"key":"LiquidMemories"},{"floor":10.0,"key":"FairyPotion"},{"floor":18.0,"key":"Fruit Juice"},{"floor":28.0,"key":"Explosive Potion"}],"is_trial":false,"path_per_floor":["M","M","M","M","M","R","?","R","T","E","R","$","M","E","R","B",null,"M","?","?","M","$","R","E","T","T","R","E","M","R","M","R","B",null,"M","?","B",null],"character_chosen":"Youkari","items_purchased":["StateErode_purple","ExistenceContinue_purple","Block Potion","ExternalForce_HighSpeedFlying_purple","Orrery"],"campfire_rested":3,"item_purchase_floors":[12,12,12,22,22],"current_hp_per_floor":[67,61,60,49,44,44,33,54,54,27,48,48,48,36,36,58,68,68,73,73,69,69,69,40,40,40,40,32,32,54,53,53,76,76,76,76,17],"gold":197,"neow_bonus":"TEN_PERCENT_HP_BONUS","is_daily":false,"chose_seed":false,"campfire_upgraded":5,"win_rate":0.0,"timestamp":1612898884,"path_taken":["M","M","M","M","M","R","?","R","T","E","R","$","M","E","R","BOSS","M","?","?","?","$","R","E","?","T","R","E","M","R","M","R","BOSS","M","?","BOSS"],"items_purchased_type":["Card","Card","Potion","Card","Relic"],"build_version":"2020-12-22","purchased_purges":1,"victory":true,"max_hp_per_floor":[71,71,71,71,71,71,71,71,71,71,71,71,71,71,71,71,71,71,76,76,76,76,76,76,76,76,76,76,76,76,76,76,76,76,76,76,76],"card_choices":[{"not_picked":["MeetDecomposer_purple","OmniscientAndOmnipotent_Monster_purple"],"picked":"Worldmountain_purple","floor":1.0},{"not_picked":["MeetDecomposer_purple","Umbrella_purple"],"picked":"DimensionStaggered_purple","floor":2.0},{"not_picked":["DarkRealmRedLine_purple","AdvanceAttack_purple"],"picked":"Bait_Toxicbait_purple","floor":3.0},{"not_picked":["SfantasyHide_purple","Mirror_FormAndEmptin_purple"],"picked":"Mirror_TwoAndThreeElementRealm_purple","floor":4.0},{"not_picked":["DimensionStaggered_purple","RuleDissolution_purple"],"picked":"SharpContractionReality_purple","floor":5.0},{"not_picked":["Shallow_ocean_purpleEX","Mirror_FormAndEmptin_purple"],"picked":"WatchEChange_purple","floor":10.0},{"not_picked":["Yakumo_Ran_purple","SharpContractionReality_purple"],"picked":"DimensionStaggered_purple","floor":13.0},{"not_picked":["SfantasyHide_purple","PurpleNeedle_purple","Mirror_Drifter_purple"],"picked":"SKIP","floor":14.0},{"not_picked":["AdvanceAttack_purple","Charmbait_purple"],"picked":"WorldDissolvedintheRealm_purple","floor":18.0},{"not_picked":[],"picked":"LoveAcrossDimensions_purple","floor":20.0},{"not_picked":["SfantasyHide_purple","Worldmountain_purple"],"picked":"StateErode_purple","floor":21.0},{"not_picked":["MeetDecomposer_purple","Boundary_DynamicStaticEquilibrium_purple"],"picked":"Fantasy_PerpetualMotionMachine_purple+1","floor":22.0},{"not_picked":["Shallow_ocean_purpleEX","ButterflyHabitatTemple_purple+1"],"picked":"EighthInstrument_OneDividesIntoTwo_purple","floor":22.0},{"not_picked":["SfantasyHide_purple+1","AdvanceAttack_purple"],"picked":"StateErode_purple","floor":22.0},{"not_picked":["WatchEChange_purple","Boundary_ObjectiveBoundary_purple"],"picked":"LoveAcrossDimensions_purple","floor":22.0},{"not_picked":["Mirror_FormAndEmptin_purple","Charmbait_purple"],"picked":"MeetDecomposer_purple","floor":24.0},{"not_picked":["PurpleNeedle_purple","RealityDreamConfluencek_purple"],"picked":"Bait_HighSpeedFlying_purple","floor":28.0},{"not_picked":["BarrageBoundary_PipeDream_purple","Boundary_DreamRealityDamnation_purple"],"picked":"MeetDecomposer_purple+1","floor":29.0},{"not_picked":["Realm_recovery_purpleEX","ExistenceContinue_purple","OmniscientAndOmnipotent_Monster_purple"],"picked":"SKIP","floor":31},{"not_picked":["ContainerChange_purple","Mirror_TwoAndThreeElementRealm_purple"],"picked":"WangLiang_OokamiKakushi_purple","floor":33},{"not_picked":["Fantasy_PerpetualMotionMachine_purple+1","Charmbait_purple","Mirror_WaveAndshot_purple"],"picked":"SKIP","floor":35}],"player_experience":1091186,"relics_obtained":[{"floor":9.0,"key":"InkBottle"},{"floor":10.0,"key":"Tiny Chest"},{"floor":14.0,"key":"Pantograph"},{"floor":24.0,"key":"reliquary:WeakTea"},{"floor":25.0,"key":"Matryoshka"},{"floor":26.0,"key":"Omamori"},{"floor":26.0,"key":"reliquary:Knoch"},{"floor":28.0,"key":"Bag of Marbles"}],"event_choices":[{"damage_healed":0.0,"max_hp_gain":0.0,"max_hp_loss":0.0,"gold_gain":75.0,"event_name":"betterThird:BetterGoop","player_choice":"Gold","floor":7.0,"gold_loss":0.0,"damage_taken":11.0},{"damage_healed":0.0,"max_hp_gain":0.0,"max_hp_loss":0.0,"gold_gain":0.0,"event_name":"Beggar","player_choice":"Ignored","floor":19.0,"gold_loss":0.0,"damage_taken":0.0},{"damage_healed":0,"gold_gain":0,"player_choice":"Portal","damage_taken":0,"max_hp_gain":0,"max_hp_loss":0,"event_name":"betterThird:BetterPortal","floor":36,"gold_loss":0}],"is_beta":false,"boss_relics":[{"not_picked":["reliquary:RedCape","reliquary:RedPaperclip"],"picked":"Hololive_Finger"},{"not_picked":["SacredBark","Pandora\u0027s Box"],"picked":"Velvet Choker"}],"items_purged_floors":[12],"is_endless":false,"potions_floor_spawned":[2,10,13,18,28,29],"ascension_level":16}}