{"host":"pqs17sqrgflf4eqa","time":1612907489,"event":{"mods":["AchievementEnabler","BaseMod","Bestiary","Better Altar","Colored Map","Colored Powertips","Emptier Cage","Googly Eyes","Highlight Path","Minty Spire (QoL Compilation)","Quick Restart","StSLib","SuperFastMode","Transform Curses","slay the spire mod where everything is the same but ironclad has a cowboy hat"],"gold_per_floor":[212,212,229,5,5,35,60,10,80,106,122,140,140,169,169,270,270,290,290,62,62,62,88,88,38,91,91,126,153,153,173,173,283,283,307,193,193,193,193,218,236,236,236,268,43,102,128,141,141,141],"floor_reached":51,"language":"ENG","playtime":1218,"items_purged":["JustLucky","PathToVictory"],"score":988,"play_id":"8c6dcf74-258c-4585-9a3b-f9bb4fe2dd0a","local_time":"20210209165129","is_ascension_mode":true,"campfire_choices":[{"floor":13.0,"key":"REST"},{"data":"CrushJoints","floor":15.0,"key":"SMITH"},{"data":"BattleHymn","floor":24.0,"key":"SMITH"},{"data":"Crescendo","floor":27.0,"key":"SMITH"},{"data":"Ragnarok","floor":30.0,"key":"SMITH"},{"data":"Adaptation","floor":32.0,"key":"SMITH"},{"data":"SpiritShield","floor":42,"key":"SMITH"},{"floor":49,"key":"REST"}],"circlet_count":0,"master_deck":["Strike_P","Strike_P","Strike_P+1","Strike_P","Defend_P","Defend_P","Defend_P","Defend_P","Eruption+1","Vigilance","Evaluate","BattleHymn+1","Consecrate","FlyingSleeves","CrushJoints+1","SandsOfTime+1","Protect","FollowUp","DeusExMachina","DeusExMachina","Crescendo+1","Necronomicurse","Ragnarok+1","WindmillStrike+1","Adaptation+1","SpiritShield+1","Scrawl","Protect+1"],"relics":["PureWater","Sling","Bag of Preparation","Odd Mushroom","InkBottle","Eternal Feather","Akabeko","SlaversCollar","Membership Card","Whetstone","Necronomicon","Bottled Lightning","Orichalcum","CeramicFish","Snecko Eye","Blood Vial","Prayer Wheel","Gremlin Horn","Vajra","MealTicket","Thread and Needle","Turnip"],"acts_visited":["Exordium","TheCity","TheBeyond"],"potions_floor_usage":[50,50,50],"damage_taken":[{"damage":2.0,"enemies":"Jaw Worm","floor":1.0,"turns":3.0},{"damage":0.0,"enemies":"Cultist","floor":3.0,"turns":2.0},{"damage":34.0,"enemies":"Lagavulin","floor":6.0,"turns":3.0},{"damage":25.0,"enemies":"The Mushroom Lair","floor":7.0,"turns":3.0},{"damage":0.0,"enemies":"Gremlin Nob","floor":10.0,"turns":2.0},{"damage":0.0,"enemies":"Small Slimes","floor":11.0,"turns":1.0},{"damage":0.0,"enemies":"Exordium Wildlife","floor":12.0,"turns":3.0},{"damage":0.0,"enemies":"Lagavulin","floor":14.0,"turns":4.0},{"damage":27.0,"enemies":"Hexaghost","floor":16.0,"turns":4.0},{"damage":12.0,"enemies":"2 Thieves","floor":18.0,"turns":2.0},{"damage":5.0,"enemies":"Slavers","floor":23.0,"turns":4.0},{"damage":23.0,"enemies":"Book of Stabbing","floor":28.0,"turns":2.0},{"damage":0.0,"enemies":"Spheric Guardian","floor":29.0,"turns":2.0},{"damage":0.0,"enemies":"Snake Plant","floor":31.0,"turns":1.0},{"damage":21,"enemies":"Champ","floor":33,"turns":5},{"damage":0,"enemies":"3 Darklings","floor":35,"turns":1},{"damage":0,"enemies":"Reptomancer","floor":40,"turns":3},{"damage":28,"enemies":"3 Shapes","floor":41,"turns":2},{"damage":22,"enemies":"Giant Head","floor":44,"turns":4},{"damage":12,"enemies":"Mind Bloom Boss Battle","floor":46,"turns":4},{"damage":25,"enemies":"Transient","floor":47,"turns":5},{"damage":0,"enemies":"Jaw Worm Horde","floor":48,"turns":2},{"damage":20,"enemies":"Donu and Deca","floor":50,"turns":6}],"seed_played":"6203078597941538529","potions_obtained":[{"floor":3.0,"key":"Block Potion"},{"floor":7.0,"key":"Swift Potion"},{"floor":11.0,"key":"EssenceOfSteel"},{"floor":12.0,"key":"EssenceOfSteel"},{"floor":28.0,"key":"BottledMiracle"},{"floor":29.0,"key":"Ancient Potion"},{"floor":33,"key":"SpeedPotion"},{"floor":47,"key":"CultistPotion"}],"is_trial":false,"path_per_floor":["M","?","M","$","?","E","?","$","T","E","M","M","R","E","R","B",null,"M","?","$","?","$","E","R","?","T","R","E","M","R","M","R","B",null,"M","$","?","?","T","E","M","R","T","E","$","?","M","M","R","B",null],"character_chosen":"WATCHER","items_purchased":["Consecrate","FlyingSleeves","Sling","PowerPotion","Membership Card","Whetstone","Blood Vial","Thread and Needle","SteroidPotion"],"campfire_rested":2,"item_purchase_floors":[4,4,4,8,20,20,36,45,45],"current_hp_per_floor":[70,70,70,70,70,36,11,11,11,11,11,11,41,41,53,26,72,60,60,60,44,44,39,51,51,51,63,40,40,55,55,70,49,72,72,72,68,68,68,68,40,55,55,35,50,40,17,19,54,36],"gold":141,"neow_bonus":"HUNDRED_GOLD","is_daily":false,"chose_seed":false,"campfire_upgraded":6,"win_rate":0.0,"timestamp":1612907489,"path_taken":["M","?","?","$","?","E","?","?","T","E","M","M","R","E","R","BOSS","M","?","$","?","$","E","R","?","T","R","E","M","R","?","R","BOSS","M","$","?","?","?","E","M","R","T","E","$","?","?","M","R","BOSS"],"items_purchased_type":["Card","Card","Relic","Potion","Relic","Relic","Relic","Relic","Potion"],"build_version":"2020-12-22","purchased_purges":2,"victory":true,"max_hp_per_floor":[72,72,72,72,72,72,72,72,72,72,72,72,72,72,72,72,72,72,72,72,72,72,72,72,72,72,72,72,72,72,72,72,72,72,72,72,68,68,68,68,68,68,68,68,68,68,68,68,68,68],"card_choices":[{"not_picked":["WheelKick","Worship"],"picked":"Evaluate","floor":1.0},{"not_picked":["Meditate","TalkToTheHand"],"picked":"BattleHymn","floor":3.0},{"not_picked":["Meditate","MasterReality"],"picked":"PathToVictory","floor":6.0},{"not_picked":["ForeignInfluence","SignatureMove"],"picked":"CrushJoints","floor":7.0},{"not_picked":["Wallop","ConjureBlade"],"picked":"SandsOfTime","floor":10.0},{"not_picked":["CutThroughFate","MentalFortress"],"picked":"Protect","floor":11.0},{"not_picked":["SignatureMove","EmptyFist"],"picked":"FollowUp","floor":12.0},{"not_picked":["DeceiveReality","Pray"],"picked":"DeusExMachina","floor":14.0},{"not_picked":["Wish","Omniscience"],"picked":"DeusExMachina","floor":16.0},{"not_picked":["InnerPeace","FlyingSleeves+1"],"picked":"Crescendo","floor":18.0},{"not_picked":["EmptyBody","CutThroughFate"],"picked":"Ragnarok","floor":23.0},{"not_picked":["FollowUp","Brilliance"],"picked":"JustLucky","floor":28.0},{"not_picked":["Crescendo+1","CutThroughFate+1"],"picked":"WindmillStrike+1","floor":29.0},{"not_picked":["FollowUp","BowlingBash"],"picked":"Adaptation","floor":31.0},{"not_picked":["DeusExMachina","Blasphemy"],"picked":"SpiritShield","floor":33},{"not_picked":["Wallop","Consecrate"],"picked":"PathToVictory+1","floor":35},{"not_picked":["Consecrate+1","Worship+1","Wallop"],"picked":"SKIP","floor":40},{"not_picked":["Consecrate+1","Worship+1","Wallop"],"picked":"SKIP","floor":40},{"not_picked":["CutThroughFate+1","Evaluate","TalkToTheHand+1"],"picked":"SKIP","floor":41},{"not_picked":["EmptyFist","BowlingBash","Crescendo+1"],"picked":"SKIP","floor":41},{"not_picked":["FlurryOfBlows+1","Crescendo","JustLucky"],"picked":"SKIP","floor":44},{"not_picked":["BowlingBash","MentalFortress+1"],"picked":"Scrawl","floor":46},{"not_picked":["FlyingSleeves","Evaluate+1"],"picked":"Protect+1","floor":47},{"not_picked":["SashWhip","ThirdEye","BowlingBash+1"],"picked":"SKIP","floor":47},{"not_picked":["Tantrum+1","FollowUp+1","FlurryOfBlows"],"picked":"SKIP","floor":48},{"not_picked":["CarveReality","ThirdEye","Protect+1"],"picked":"SKIP","floor":48}],"player_experience":155760,"relics_obtained":[{"floor":6.0,"key":"Bag of Preparation"},{"floor":7.0,"key":"Odd Mushroom"},{"floor":9.0,"key":"InkBottle"},{"floor":10.0,"key":"Eternal Feather"},{"floor":14.0,"key":"Akabeko"},{"floor":21.0,"key":"Necronomicon"},{"floor":23.0,"key":"Bottled Lightning"},{"floor":26.0,"key":"Orichalcum"},{"floor":28.0,"key":"CeramicFish"},{"floor":39,"key":"Prayer Wheel"},{"floor":40,"key":"Gremlin Horn"},{"floor":43,"key":"Vajra"},{"floor":44,"key":"MealTicket"},{"floor":46,"key":"Turnip"}],"event_choices":[{"damage_healed":0.0,"max_hp_gain":0.0,"max_hp_loss":0.0,"gold_gain":0.0,"event_name":"Upgrade Shrine","player_choice":"Upgraded","floor":2.0,"gold_loss":0.0,"damage_taken":0.0,"cards_upgraded":["Eruption"]},{"damage_healed":0.0,"max_hp_gain":0.0,"max_hp_loss":0.0,"gold_gain":0.0,"event_name":"Golden Wing","player_choice":"Ignored","floor":5.0,"gold_loss":0.0,"damage_taken":0.0},{"damage_healed":0.0,"max_hp_gain":0.0,"max_hp_loss":0.0,"gold_gain":0.0,"event_name":"Mushrooms","player_choice":"Fought Mushrooms","floor":7.0,"gold_loss":0.0,"damage_taken":0.0},{"damage_healed":0.0,"max_hp_gain":0.0,"max_hp_loss":0.0,"gold_gain":0.0,"event_name":"Ghosts","player_choice":"Ignored","floor":19.0,"gold_loss":0.0,"damage_taken":0.0},{"damage_healed":0.0,"max_hp_gain":0.0,"max_hp_loss":0.0,"gold_gain":0.0,"event_name":"Cursed Tome","player_choice":"Obtained Book","floor":21.0,"gold_loss":0.0,"damage_taken":16.0},{"damage_healed":0.0,"max_hp_gain":0.0,"max_hp_loss":0.0,"gold_gain":0.0,"event_name":"The Joust","player_choice":"Bet on Murderer","floor":25.0,"gold_loss":50.0,"damage_taken":0.0},{"damage_healed":0,"gold_gain":0,"player_choice":"Max HP","damage_taken":0,"max_hp_gain":0,"max_hp_loss":4,"event_name":"Winding Halls","floor":37,"gold_loss":0},{"cards_removed":["PathToVictory"],"damage_healed":0,"gold_gain":0,"player_choice":"Removed Skill","damage_taken":0,"max_hp_gain":0,"max_hp_loss":0,"event_name":"Falling","floor":38,"gold_loss":0},{"damage_healed":0,"gold_gain":0,"player_choice":"Fight","damage_taken":0,"max_hp_gain":0,"max_hp_loss":0,"event_name":"MindBloom","floor":46,"gold_loss":0}],"is_beta":false,"boss_relics":[{"not_picked":["Ectoplasm","HolyWater"],"picked":"SlaversCollar"},{"not_picked":["Cursed Key","Runic Dome"],"picked":"Snecko Eye"}],"items_purged_floors":[36,45],"is_endless":false,"potions_floor_spawned":[3,7,11,12,28,29,33,35,40,47,48],"ascension_level":4}}