{"host":"5dk97cf2ubw2v967","time":1612878138,"event":{"mods":["AlwaysNeverKeys","BaseMod","Better Altar","Better Vampires","Block Reminder","Card Filter","Colored Powertips","Downfall","Googly Eyes","Highlight Path","Minty Spire (QoL Compilation)","Permanent Neow","Potion Indicator Mod","Quick Restart","Relic Filter","Relic Stats","Say the Spire","Spicy Shops","StSLib","Waifu the Spire","everything is the same but u backflip on backflip"],"gold_per_floor":[364,378,388,408,7,40,40,74,124,44,44,77,90,90,90,165,165,180,180,230,68,84,119,133,58,58,58,58,58],"floor_reached":28,"language":"ENG","playtime":971,"items_purged":["Strike_R","Strike_R","Strike_R","Defend_R"],"score":612,"play_id":"d0d22d1d-d636-4f81-83ac-fe5269c41823","local_time":"20210209134218","is_ascension_mode":true,"campfire_choices":[{"floor":7.0,"key":"REST"},{"floor":15.0,"key":"REST"},{"floor":27.0,"key":"REST"}],"circlet_count":0,"master_deck":["AscendersBane","Strike_R","Defend_R","Defend_R","Defend_R","Bash","Whirlwind","Bloodletting","Spot Weakness","Berserk+1","Inflame+1","Headbutt","Disarm+1","Barricade","Battle Trance+1","Metallicize","Battle Trance+1","Inflame","Battle Trance+1"],"relics":["Burning Blood","Chemical X","Omamori","Toxic Egg 2","The Courier","MealTicket","Smiling Mask","Bag of Marbles","Fusion Hammer","Unceasing Top","Bottled Flame"],"acts_visited":["Exordium","TheCity"],"potions_floor_usage":[],"damage_taken":[{"damage":7.0,"enemies":"Cultist","floor":1.0,"turns":4.0},{"damage":7.0,"enemies":"Small Slimes","floor":2.0,"turns":4.0},{"damage":2.0,"enemies":"2 Louse","floor":3.0,"turns":2.0},{"damage":20.0,"enemies":"Exordium Wildlife","floor":4.0,"turns":4.0},{"damage":17.0,"enemies":"Gremlin Nob","floor":6.0,"turns":3.0},{"damage":8.0,"enemies":"3 Sentries","floor":8.0,"turns":2.0},{"damage":15.0,"enemies":"Lagavulin","floor":12.0,"turns":6.0},{"damage":11.0,"enemies":"2 Fungi Beasts","floor":13.0,"turns":3.0},{"damage":3.0,"enemies":"Slime Boss","floor":16.0,"turns":5.0},{"damage":29.0,"enemies":"2 Thieves","floor":18.0,"turns":3.0},{"damage":17.0,"enemies":"Shell Parasite","floor":22.0,"turns":3.0},{"damage":19.0,"enemies":"Book of Stabbing","floor":23.0,"turns":5.0},{"damage":32.0,"enemies":"Chosen and Byrds","floor":24.0,"turns":5.0},{"damage":43,"enemies":"Slavers","floor":28,"turns":4}],"seed_played":"2091530224132393136","potions_obtained":[{"floor":1.0,"key":"EssenceOfSteel"},{"floor":6.0,"key":"Energy Potion"},{"floor":8.0,"key":"Energy Potion"},{"floor":13.0,"key":"Swift Potion"},{"floor":22.0,"key":"CultistPotion"}],"is_trial":false,"path_per_floor":["M","M","M","M","$","E","R","E","T","$","?","E","M","?","R","B",null,"M","?","?","$","M","E","M","?","T","R","E"],"character_chosen":"IRONCLAD","items_purchased":["Chemical X","Omamori","Metallicize"],"campfire_rested":3,"item_purchase_floors":[5,5,21],"current_hp_per_floor":[49,48,52,38,38,27,49,47,47,62,39,30,25,25,47,50,69,46,61,61,75,64,51,25,25,25,47,4,4],"gold":58,"neow_bonus":"TWO_FIFTY_GOLD","is_daily":false,"chose_seed":false,"campfire_upgraded":0,"win_rate":0.0,"timestamp":1612878138,"path_taken":["M","?","M","M","$","E","R","E","T","$","?","E","M","?","R","BOSS","M","?","?","$","M","E","M","?","T","R","E"],"items_purchased_type":["Relic","Relic","Card"],"build_version":"2020-12-22","purchased_purges":4,"victory":false,"max_hp_per_floor":[75,75,75,75,75,75,75,75,75,75,75,75,75,75,75,75,75,75,75,75,75,75,75,75,75,75,75,75,75],"relic_stats":{"counters":[14,53],"MealTicket":29,"Chemical X":[17],"Smiling Mask":120,"obtain_stats":[{"Bottled Flame":26,"MealTicket":9,"The Courier":8,"Fusion Hammer":17,"Omamori":5,"Bag of Marbles":14,"Chemical X":5,"Toxic Egg 2":6,"Smiling Mask":12,"Burning Blood":0,"Unceasing Top":23},{"Bottled Flame":13,"MealTicket":6,"The Courier":6,"Fusion Hammer":9,"Omamori":4,"Bag of Marbles":8,"Chemical X":4,"Toxic Egg 2":5,"Smiling Mask":7,"Burning Blood":0,"Unceasing Top":12},{"Bottled Flame":49,"MealTicket":19,"The Courier":19,"Fusion Hammer":33,"Omamori":14,"Bag of Marbles":28,"Chemical X":14,"Toxic Egg 2":17,"Smiling Mask":25,"Burning Blood":0,"Unceasing Top":44}],"Burning Blood":78,"Unceasing Top":[1]},"card_choices":[{"not_picked":["Twin Strike","Flex"],"picked":"Whirlwind","floor":1.0},{"not_picked":["True Grit","Metallicize"],"picked":"Bloodletting","floor":2.0},{"not_picked":["Havoc","Pommel Strike"],"picked":"Spot Weakness","floor":3.0},{"not_picked":["Sword Boomerang","Anger"],"picked":"Berserk","floor":4.0},{"not_picked":["Clash","Clothesline","Fire Breathing"],"picked":"SKIP","floor":6.0},{"not_picked":["Armaments+1","Headbutt"],"picked":"Inflame","floor":8.0},{"not_picked":["Clothesline","Pommel Strike"],"picked":"Headbutt","floor":12.0},{"not_picked":["Twin Strike","Feed"],"picked":"Disarm+1","floor":13.0},{"not_picked":["Corruption","Demon Form"],"picked":"Barricade","floor":16.0},{"not_picked":["Power Through+1","Rampage"],"picked":"Battle Trance+1","floor":18.0},{"not_picked":["Intimidate+1","Havoc+1"],"picked":"Battle Trance+1","floor":22.0},{"not_picked":["Thunderclap","Iron Wave"],"picked":"Inflame","floor":23.0},{"not_picked":["Perfected Strike","Anger"],"picked":"Battle Trance+1","floor":24.0}],"player_experience":1302870,"relics_obtained":[{"floor":6.0,"key":"Toxic Egg 2"},{"floor":8.0,"key":"The Courier"},{"floor":9.0,"key":"MealTicket"},{"floor":12.0,"key":"Smiling Mask"},{"floor":23.0,"key":"Unceasing Top"},{"floor":26.0,"key":"Bottled Flame"}],"event_choices":[{"damage_healed":0.0,"max_hp_gain":0.0,"max_hp_loss":0.0,"gold_gain":0.0,"event_name":"Shining Light","player_choice":"Entered Light","floor":11.0,"gold_loss":0.0,"damage_taken":23.0,"cards_upgraded":["Inflame","Berserk"]},{"damage_healed":0.0,"max_hp_gain":0.0,"max_hp_loss":0.0,"gold_gain":0.0,"event_name":"Dead Adventurer","player_choice":"Searched \u00271\u0027 times","floor":14.0,"gold_loss":0.0,"damage_taken":0.0,"relics_obtained":["Bag of Marbles"]},{"damage_healed":15.0,"max_hp_gain":0.0,"max_hp_loss":0.0,"gold_gain":0.0,"event_name":"The Library","player_choice":"Heal","floor":19.0,"gold_loss":0.0,"damage_taken":0.0},{"damage_healed":0.0,"max_hp_gain":0.0,"max_hp_loss":0.0,"gold_gain":50.0,"event_name":"Nest","player_choice":"Stole From Cult","floor":20.0,"gold_loss":0.0,"damage_taken":0.0},{"cards_removed":["Strike_R"],"damage_healed":0.0,"max_hp_gain":0.0,"max_hp_loss":0.0,"gold_gain":0.0,"event_name":"Beggar","player_choice":"Gave Gold","floor":25.0,"gold_loss":75.0,"damage_taken":0.0}],"is_beta":false,"boss_relics":[{"not_picked":["Runic Cube","Ectoplasm"],"picked":"Fusion Hammer"}],"items_purged_floors":[5,10,21,21],"is_endless":false,"potions_floor_spawned":[1,6,8,13,22],"killed_by":"Slavers","ascension_level":20}}