{"host":"newqdrzxfhh2im9e","time":1612832331,"event":{"mods":["AchievementEnabler","BaseMod","Block Reminder","Colored Map","Minty Spire (QoL Compilation)","Rare Cards Sparkle","Shop Mod","StSLib"],"gold_per_floor":[110,127,142,160,177,177,147,178,178,190,190,210,210,18,18,122,122,134,134,153,153,153],"floor_reached":21,"language":"ENG","playtime":796,"items_purged":[],"score":183,"play_id":"ea5d2b34-39b1-457c-a42d-0e7dca908c67","local_time":"20210208165851","is_ascension_mode":false,"campfire_choices":[{"data":"Infinite Blades","floor":6,"key":"SMITH"},{"floor":11,"key":"RECALL"},{"data":"Noxious Fumes","floor":15,"key":"SMITH"}],"circlet_count":0,"master_deck":["Strike_G","Strike_G","Strike_G","Strike_G","Strike_G","Defend_G","Defend_G","Defend_G","Defend_G","Defend_G","Survivor","Neutralize","Footwork","Noxious Fumes+1","Infinite Blades+1","Dagger Spray","Bouncing Flask","Bouncing Flask","Deflect","Unload","Noxious Fumes"],"relics":["Ring of the Snake","NeowsBlessing","Happy Flower","Orichalcum","WristBlade"],"acts_visited":["Exordium","TheCity"],"potions_floor_usage":[5,5,8,10,12,16,16,20],"damage_taken":[{"damage":0,"enemies":"Cultist","floor":1,"turns":1},{"damage":0,"enemies":"Small Slimes","floor":2,"turns":1},{"damage":0,"enemies":"Jaw Worm","floor":3,"turns":1},{"damage":0,"enemies":"Blue Slaver","floor":4,"turns":7},{"damage":0,"enemies":"Gremlin Gang","floor":5,"turns":4},{"damage":12,"enemies":"Lagavulin","floor":8,"turns":9},{"damage":0,"enemies":"2 Fungi Beasts","floor":10,"turns":4},{"damage":0,"enemies":"Blue Slaver","floor":12,"turns":4},{"damage":44,"enemies":"Slime Boss","floor":16,"turns":8},{"damage":24,"enemies":"2 Thieves","floor":18,"turns":4},{"damage":6,"enemies":"Chosen","floor":20,"turns":5},{"damage":38,"enemies":"3 Cultists","floor":21,"turns":6}],"seed_played":"-7191918609824377424","potions_obtained":[{"floor":1,"key":"SkillPotion"},{"floor":2,"key":"SkillPotion"},{"floor":7,"key":"SneckoOil"},{"floor":7,"key":"Ancient Potion"},{"floor":10,"key":"Block Potion"},{"floor":12,"key":"PowerPotion"},{"floor":18,"key":"GhostInAJar"},{"floor":20,"key":"Ancient Potion"}],"is_trial":false,"path_per_floor":["M","M","M","M","M","R","?","E","T","M","R","M","?","$","R","B",null,"M","?","M","M"],"character_chosen":"THE_SILENT","items_purchased":["Orichalcum","AttackPotion"],"campfire_rested":0,"item_purchase_floors":[14,14],"current_hp_per_floor":[70,70,70,70,70,70,70,58,58,58,58,58,58,58,58,14,70,46,39,33,0,0],"gold":153,"neow_bonus":"THREE_ENEMY_KILL","is_daily":false,"chose_seed":false,"campfire_upgraded":2,"win_rate":0.0,"timestamp":1612832331,"path_taken":["M","M","?","?","M","R","?","E","T","M","R","?","?","?","R","BOSS","M","?","M","M"],"items_purchased_type":["Relic","Potion"],"build_version":"2020-12-22","purchased_purges":0,"victory":false,"max_hp_per_floor":[70,70,70,70,70,70,70,70,70,70,70,70,70,70,70,70,70,70,70,70,70,70],"card_choices":[{"not_picked":["Distraction","Accuracy"],"picked":"Footwork","floor":1},{"not_picked":["Prepared","Quick Slash"],"picked":"Noxious Fumes","floor":2},{"not_picked":["Tactician","Poisoned Stab"],"picked":"Infinite Blades","floor":3},{"not_picked":["Backflip","Dodge and Roll"],"picked":"Dagger Spray","floor":4},{"not_picked":["Finisher","Dagger Spray","Dodge and Roll"],"picked":"SKIP","floor":5},{"not_picked":["Quick Slash","Setup"],"picked":"Bouncing Flask","floor":8},{"not_picked":["Flying Knee","Blade Dance"],"picked":"Bouncing Flask","floor":10},{"not_picked":["Finisher","Underhanded Strike"],"picked":"Deflect","floor":12},{"not_picked":["Storm of Steel","Tools of the Trade"],"picked":"Unload","floor":16},{"not_picked":["Quick Slash","Underhanded Strike","Dagger Spray"],"picked":"SKIP","floor":18},{"not_picked":["Outmaneuver","Flying Knee"],"picked":"Noxious Fumes","floor":20}],"player_experience":762216,"relics_obtained":[{"floor":8,"key":"Happy Flower"}],"event_choices":[{"damage_healed":0,"gold_gain":0,"player_choice":"Bought 2 Potions","damage_taken":0,"max_hp_gain":0,"max_hp_loss":0,"event_name":"The Woman in Blue","floor":7,"gold_loss":0},{"damage_healed":0,"gold_gain":0,"player_choice":"Ignored","damage_taken":0,"max_hp_gain":0,"max_hp_loss":0,"event_name":"Liars Game","floor":13,"gold_loss":0},{"damage_healed":0,"gold_gain":0,"player_choice":"Damaged","damage_taken":7,"max_hp_gain":0,"max_hp_loss":0,"event_name":"Wheel of Change","floor":19,"gold_loss":0}],"is_beta":false,"boss_relics":[{"not_picked":["Philosopher\u0027s Stone","Empty Cage"],"picked":"WristBlade"}],"items_purged_floors":[],"is_endless":false,"potions_floor_spawned":[1,2,10,12,18,20],"killed_by":"3 Cultists","ascension_level":0}}