{"host":"76qcaerkv4ktjkdu","time":1612884574,"event":{"mods":["ATMod(°¢èªMod)","BaseMod","KomeijiMod","Lobotomy","Minty Spire (QoL Compilation)","MostiFishMod","StSLib","¡¾ÒÅÎï¿¨ÅÆ¡¿REMEMod"],"gold_per_floor":[114,114,114,114,39,39,39,126,208,168,199,199,55,68,68,172,172,488,588,588,588,588,617,628,628,651,679,696,708,708,728,728,728,728],"floor_reached":33,"language":"ZHS","playtime":1610,"items_purged":["Defend_Komeiji"],"score":358,"play_id":"4768a0a3-499c-4544-b86f-81c63e978c54","local_time":"20210209232934","is_ascension_mode":false,"campfire_choices":[{"data":"Searching","floor":6,"key":"SMITH"},{"data":"AT_FamilyPortrait","floor":12,"key":"SMITH"},{"data":"IceTornado","floor":15,"key":"SMITH"},{"floor":25,"key":"RECALL"},{"data":"MiraiBunraku","floor":30,"key":"SMITH"},{"data":"NingyouChiyari+1","floor":32,"key":"SWEEP"}],"circlet_count":0,"master_deck":["Apo_SoulSlash","Apo_Charge","Apo_Charge","Apo_Charge","Apo_Charge","Apo_Beam","Apo_Beam","Apo_Beam","Apo_Execute","Apo_Slash","Apo_Slash","Apo_SoulSlash","SpiderBud","Variant","MiraiBunraku+1","NingyouFukuhei+1","NingyouSP+1","LittleHelper","PunishingBird","BlueStar","NingyouChiyari+1"],"relics":["KomeijisEye","SpellCardsRule","MusicBox","AT_ATBox","DaveBox","REME_ComplimentaryCards","CogitoBucket","RhineSuit","SynthV:TestCard","Thread and Needle","Clue","Whetstone","CrystalOfMemory","Orrery","AT_TrinityForce","Old Coin","AspirationHeart","ApostleMask","Orichalcum","Potion Belt","Bottled Tornado","BackwardClock"],"acts_visited":["Exordium","TheCity"],"potions_floor_usage":[10,11,11,16,29,29],"damage_taken":[{"damage":0,"enemies":"2 Louse","floor":1,"turns":2},{"damage":0,"enemies":"Jaw Worm","floor":8,"turns":5},{"damage":0,"enemies":"Lagavulin","floor":11,"turns":8},{"damage":0,"enemies":"Small Slimes","floor":14,"turns":5},{"damage":12,"enemies":"The Guardian","floor":16,"turns":9},{"damage":14,"enemies":"3 Byrds","floor":18,"turns":4},{"damage":0,"enemies":"Spheric Guardian","floor":19,"turns":1},{"damage":14,"enemies":"Gremlin Leader","floor":23,"turns":3},{"damage":0,"enemies":"Snecko","floor":24,"turns":2},{"damage":0,"enemies":"Slavers","floor":27,"turns":1},{"damage":0,"enemies":"3 Cultists","floor":28,"turns":2},{"damage":0,"enemies":"Snake Plant","floor":29,"turns":1},{"damage":13,"enemies":"Centurion and Healer","floor":31,"turns":3},{"damage":100,"enemies":"Collector","floor":33,"turns":1}],"seed_played":"7394510988490447340","potions_obtained":[{"floor":10,"key":"Strength Potion"},{"floor":10,"key":"REME_GoldPotion"},{"floor":10,"key":"FearPotion"},{"floor":11,"key":"Fire Potion"},{"floor":16,"key":"BlessingOfTheForge"},{"floor":19,"key":"FearPotion"},{"floor":23,"key":"ColorlessPotion"},{"floor":29,"key":"SteroidPotion"}],"is_trial":false,"path_per_floor":["M","?","?","?","$","R","?","M","T","?","E","R","$","M","R","B",null,"M","M","?","?","M","E","M","R","T","E","M","M","R","M","R","B"],"character_chosen":"KomeijiSatori","items_purchased":["Orrery"],"campfire_rested":0,"item_purchase_floors":[13],"current_hp_per_floor":[50,50,47,47,47,47,47,47,47,47,50,50,50,50,50,38,50,53,53,53,53,54,40,40,40,40,40,40,40,40,60,60,0,0],"gold":728,"neow_bonus":"","is_daily":false,"chose_seed":false,"campfire_upgraded":4,"win_rate":0.0,"timestamp":1612884574,"path_taken":["M","?","?","?","?","R","?","?","T","?","E","R","?","M","R","BOSS","M","M","?","?","M","E","M","R","T","E","M","?","R","M","R","BOSS"],"items_purchased_type":["Relic"],"build_version":"2020-12-22","purchased_purges":1,"victory":false,"max_hp_per_floor":[50,50,50,50,50,50,50,50,50,50,50,50,50,50,50,50,50,60,60,60,60,60,60,60,60,60,60,60,60,60,60,60,60,60],"card_choices":[{"not_picked":["SpiderBud","Wellcheers"],"picked":"BigBadWolf","floor":1},{"not_picked":["SeekerDolls","NingyouShinki+1"],"picked":"SeekerWire+1","floor":1},{"not_picked":["HisouNoKen","NingyouOkisou+1","OoedoNingyou+1"],"picked":"SKIP","floor":1},{"not_picked":["HisouNoKen","NingyouOkisou+1","OoedoNingyou+1"],"picked":"SKIP","floor":1},{"not_picked":["OSAHOGD","Alriune"],"picked":"BeautyBeast","floor":8},{"not_picked":["KeiseiJin+1","KinbakuJin+1","NingyouSP+1","HisouTensoku"],"picked":"SenyouGoraku+1","floor":8},{"not_picked":["KimairaNoYoku","SelfTokamak","NingyouSP+1","GasuOrimono"],"picked":"NingyouFukuhei+1","floor":11},{"not_picked":["SatsujinDooru","NarrowSpark","ShanghaiNingyou","SeekerDolls"],"picked":"NingyouSousou+1","floor":13},{"not_picked":["NingyouSousou+1","KoKei+1","Melting","NingyouShinki+1"],"picked":"NingyouFukuhei+1","floor":13},{"not_picked":["KouPou+1","JyouchiJin+1","GasuOrimono","Agarareta+1"],"picked":"IceTornado","floor":13},{"not_picked":["HisouNoKen","NingyouMusou+1","HagoromoKu","ArtfulChanter"],"picked":"DochyakuKami+1","floor":13},{"not_picked":["ShyakuBuku","Agarareta+1","JyouchiJin+1","MakuraSeki"],"picked":"JigokuNoTaiyou","floor":13},{"not_picked":["Sabishigari+1","SeekerWire+1","DemonsDinnerFork","KinbakuJin+1","NingyouShinki+1"],"picked":"SKIP","floor":14},{"not_picked":["Sabishigari+1","SeekerWire+1","DemonsDinnerFork","KinbakuJin+1","NingyouShinki+1"],"picked":"SKIP","floor":14},{"not_picked":["MunenMusou","TenguhouSokujitsuken","EverywhereHibernate","LunaDial"],"picked":"ShanghaiNingyou","floor":16},{"not_picked":["Rudolta","FairyFestival"],"picked":"PlagueDoctor","floor":16},{"not_picked":["Agarareta+1","HagoromoMizu","SatsujinDooru","MusuNoYume+1"],"picked":"Sabishigari+1","floor":18},{"not_picked":["Mishyaguji+1","GasuOrimono","KeiseiJin+1","KouPou+1"],"picked":"MusouMyousyu","floor":18},{"not_picked":["RoshinSou+1","OoedoNingyou+1","SeekerWire+1","SeekerDolls+1"],"picked":"NingyouSP+1","floor":19},{"not_picked":["NingyouShinki+1","MusuNoYume","SeekerDolls+1","NarrowSpark+1"],"picked":"NingyouOkisou+1","floor":23},{"not_picked":["MHz","Bloodbath"],"picked":"SpiderBud","floor":23},{"not_picked":["Laetitia","Murderer"],"picked":"Variant","floor":24},{"not_picked":["Mishyaguji+1","KinbakuJin+1","Sabishigari+1","SeekerDolls"],"picked":"MiraiBunraku","floor":24},{"not_picked":["MusuNoYume","OoedoNingyou+1","KeiseiJin+1","Mishyaguji+1"],"picked":"NingyouFukuhei+1","floor":27},{"not_picked":["RoshinSou+1","NingyouFukuhei+1","KinbakuJin+1","ShyakuBuku+1"],"picked":"NingyouSP+1","floor":28},{"not_picked":["BeautyBeast","CherryBlossoms"],"picked":"LittleHelper","floor":28},{"not_picked":["HappyTeddy","HeroicMonk"],"picked":"PunishingBird","floor":29},{"not_picked":["KimairaNoYoku+1","Melting+1","NingyouFukuhei+1","MusuNoYume+1","NingyouMusou+1"],"picked":"SKIP","floor":29},{"not_picked":["CrumblingArmor","WallGazer"],"picked":"BlueStar","floor":31},{"not_picked":["NingyouKisou+1","HagoromoMizu","SeekerDolls","NingyouFukuhei+1","JyouchiJin+1"],"picked":"SKIP","floor":31},{"not_picked":["NingyouKisou+1","HagoromoMizu","SeekerDolls","NingyouFukuhei+1","JyouchiJin+1"],"picked":"SKIP","floor":31},{"not_picked":["NingyouKisou+1","HagoromoMizu","SeekerDolls","NingyouFukuhei+1","JyouchiJin+1"],"picked":"SKIP","floor":31}],"player_experience":98651,"relics_obtained":[{"floor":1,"key":"SynthV:TestCard"},{"floor":8,"key":"Clue"},{"floor":11,"key":"Whetstone"},{"floor":11,"key":"CrystalOfMemory"},{"floor":18,"key":"Old Coin"},{"floor":23,"key":"Orichalcum"},{"floor":26,"key":"Potion Belt"},{"floor":27,"key":"Bottled Tornado"}],"event_choices":[{"damage_healed":0,"gold_gain":0,"cards_transformed":["Strike_Komeiji"],"player_choice":"Change","damage_taken":0,"max_hp_gain":0,"max_hp_loss":0,"event_name":"Living Wall","floor":2,"gold_loss":0,"cards_obtained":["AbyssNova"]},{"damage_healed":0,"gold_gain":0,"player_choice":"Success","damage_taken":3,"relics_obtained":["Thread and Needle"],"max_hp_gain":0,"max_hp_loss":0,"event_name":"Scrap Ooze","floor":3,"gold_loss":0},{"cards_removed":["Strike_Komeiji"],"damage_healed":0,"gold_gain":0,"player_choice":"Card Removal","damage_taken":0,"max_hp_gain":0,"max_hp_loss":0,"event_name":"Wheel of Change","floor":7,"gold_loss":0},{"damage_healed":0,"gold_gain":0,"player_choice":"Bought 3 Potions","damage_taken":0,"max_hp_gain":0,"max_hp_loss":0,"event_name":"The Woman in Blue","floor":10,"gold_loss":0},{"damage_healed":0,"gold_gain":0,"player_choice":"Ignored","damage_taken":0,"max_hp_gain":0,"max_hp_loss":0,"event_name":"Ghosts","floor":20,"gold_loss":0},{"cards_removed":["Strike_Komeiji"],"damage_healed":0,"gold_gain":0,"player_choice":"Elegance","damage_taken":0,"max_hp_gain":0,"max_hp_loss":0,"event_name":"Back to Basics","floor":21,"gold_loss":0}],"is_beta":false,"boss_relics":[{"not_picked":["RhineCircuit","Sozu"],"picked":"AT_TrinityForce"}],"items_purged_floors":[5],"is_endless":false,"potions_floor_spawned":[11,16,19,23,29],"killed_by":"Collector","ascension_level":0}}