{"host":"9n6i2vl93jt4o42q","time":1612872217,"event":{"mods":["BaseMod","Minty Spire (QoL Compilation)","Relic Stats"],"gold_per_floor":[17,33,45,45,56,90,90,118,118,138,138,202,230,248,248,322,322,334,334,334,334,351,383,383,383,383],"floor_reached":25,"language":"ENG","playtime":1305,"items_purged":[],"score":582,"play_id":"dc0268fe-5034-4bd0-8589-c3e9f6d39f75","local_time":"20210209130337","is_ascension_mode":true,"campfire_choices":[{"floor":7.0,"key":"REST"},{"floor":11.0,"key":"REST"},{"floor":15.0,"key":"REST"},{"floor":24.0,"key":"REST"}],"circlet_count":0,"master_deck":["AscendersBane","Strike_R","Strike_R","Strike_R","Strike_R","Defend_R","Defend_R","Defend_R","Bash","Twin Strike","Shrug It Off","Pommel Strike","True Grit","Anger","Carnage","Infernal Blade","Spot Weakness","Thunderclap","Inflame","Impervious","Reckless Charge+1","Cleave","Immolate"],"relics":["Burning Blood","Lantern","Boot","Oddly Smooth Stone","Letter Opener","Ginger","Sozu","Nilry\u0027s Codex","Tiny Chest"],"acts_visited":["Exordium","TheCity"],"potions_floor_usage":[],"damage_taken":[{"damage":9.0,"enemies":"Jaw Worm","floor":1.0,"turns":5.0},{"damage":9.0,"enemies":"Small Slimes","floor":2.0,"turns":4.0},{"damage":1.0,"enemies":"2 Louse","floor":3.0,"turns":3.0},{"damage":15.0,"enemies":"Red Slaver","floor":5.0,"turns":3.0},{"damage":40.0,"enemies":"3 Sentries","floor":6.0,"turns":12.0},{"damage":33.0,"enemies":"Lagavulin","floor":8.0,"turns":5.0},{"damage":10.0,"enemies":"Exordium Thugs","floor":10.0,"turns":4.0},{"damage":8.0,"enemies":"Gremlin Nob","floor":12.0,"turns":3.0},{"damage":19.0,"enemies":"3 Sentries","floor":13.0,"turns":7.0},{"damage":1.0,"enemies":"2 Fungi Beasts","floor":14.0,"turns":3.0},{"damage":0.0,"enemies":"Slime Boss","floor":16.0,"turns":5.0},{"damage":12.0,"enemies":"3 Byrds","floor":18.0,"turns":5.0},{"damage":27.0,"enemies":"Spheric Guardian","floor":22.0,"turns":4.0},{"damage":21.0,"enemies":"Slavers","floor":23.0,"turns":5.0},{"damage":32,"enemies":"Gremlin Leader","floor":25,"turns":4}],"seed_played":"3073789080937962612","potions_obtained":[{"floor":1.0,"key":"ElixirPotion"},{"floor":3.0,"key":"SkillPotion"},{"floor":10.0,"key":"SpeedPotion"},{"floor":12.0,"key":"Energy Potion"},{"floor":13.0,"key":"EssenceOfSteel"}],"is_trial":false,"path_per_floor":["M","M","M","?","M","E","R","E","T","M","R","?","E","M","R","B",null,"M","?","?","?","M","E","R","E"],"character_chosen":"IRONCLAD","items_purchased":[],"campfire_rested":4,"item_purchase_floors":[],"current_hp_per_floor":[65,62,67,67,58,24,46,19,19,15,37,35,22,27,49,55,70,64,64,43,43,22,7,29,0,0],"gold":383,"neow_bonus":"REMOVE_TWO","is_daily":false,"chose_seed":false,"campfire_upgraded":0,"win_rate":0.0,"timestamp":1612872217,"path_taken":["M","M","M","?","M","E","R","E","T","M","R","?","E","M","R","BOSS","M","?","?","?","M","E","R","E"],"items_purchased_type":[],"build_version":"2020-12-22","purchased_purges":0,"victory":false,"max_hp_per_floor":[75,75,75,75,75,75,75,75,75,75,75,75,75,75,75,75,75,75,75,75,75,75,75,75,75,75],"relic_stats":{"Sozu":0,"counters":[15,72],"Tiny Chest":0,"Letter Opener":[0],"Ginger":[4],"Boot":[29],"obtain_stats":[{"Sozu":17,"Lantern":6,"Nilry\u0027s Codex":20,"Oddly Smooth Stone":9,"Tiny Chest":23,"Letter Opener":12,"Ginger":13,"Boot":8,"Burning Blood":0},{"Sozu":11,"Lantern":5,"Nilry\u0027s Codex":12,"Oddly Smooth Stone":6,"Tiny Chest":14,"Letter Opener":8,"Ginger":9,"Boot":6,"Burning Blood":0},{"Sozu":54,"Lantern":27,"Nilry\u0027s Codex":59,"Oddly Smooth Stone":32,"Tiny Chest":68,"Letter Opener":39,"Ginger":46,"Boot":32,"Burning Blood":0}],"Burning Blood":84},"card_choices":[{"not_picked":["Sword Boomerang","Flex"],"picked":"Twin Strike","floor":1.0},{"not_picked":["Perfected Strike","Armaments"],"picked":"Shrug It Off","floor":2.0},{"not_picked":["Iron Wave","Rage"],"picked":"Pommel Strike","floor":3.0},{"not_picked":["Pommel Strike","Dark Embrace"],"picked":"True Grit","floor":5.0},{"not_picked":["Perfected Strike","Sword Boomerang"],"picked":"Anger","floor":6.0},{"not_picked":["Iron Wave","Brutality"],"picked":"Carnage","floor":8.0},{"not_picked":["Twin Strike","Disarm"],"picked":"Infernal Blade","floor":10.0},{"not_picked":["Thunderclap","Reckless Charge"],"picked":"Spot Weakness","floor":12.0},{"not_picked":["Anger","Pommel Strike"],"picked":"Thunderclap","floor":13.0},{"not_picked":["Sword Boomerang","Rage"],"picked":"Inflame","floor":14.0},{"not_picked":["Barricade","Berserk"],"picked":"Impervious","floor":16.0},{"not_picked":["True Grit","Hemokinesis"],"picked":"Reckless Charge+1","floor":18.0},{"not_picked":["Clash","Clothesline"],"picked":"Cleave","floor":22.0},{"not_picked":["Combust","Warcry"],"picked":"Immolate","floor":23.0}],"player_experience":2541923,"relics_obtained":[{"floor":6.0,"key":"Lantern"},{"floor":8.0,"key":"Boot"},{"floor":9.0,"key":"Oddly Smooth Stone"},{"floor":12.0,"key":"Letter Opener"},{"floor":13.0,"key":"Ginger"},{"floor":20.0,"key":"Nilry\u0027s Codex"},{"floor":23.0,"key":"Tiny Chest"}],"event_choices":[{"damage_healed":0.0,"max_hp_gain":0.0,"max_hp_loss":0.0,"gold_gain":0.0,"event_name":"The Cleric","player_choice":"Leave","floor":4.0,"gold_loss":0.0,"damage_taken":0.0},{"damage_healed":0.0,"max_hp_gain":0.0,"max_hp_loss":0.0,"gold_gain":0.0,"event_name":"Dead Adventurer","player_choice":"Searched \u00271\u0027 times","floor":12.0,"gold_loss":0.0,"damage_taken":0.0},{"damage_healed":0.0,"max_hp_gain":0.0,"max_hp_loss":0.0,"gold_gain":0.0,"event_name":"Ghosts","player_choice":"Ignored","floor":19.0,"gold_loss":0.0,"damage_taken":0.0},{"damage_healed":0.0,"max_hp_gain":0.0,"max_hp_loss":0.0,"gold_gain":0.0,"event_name":"Cursed Tome","player_choice":"Obtained Book","floor":20.0,"gold_loss":0.0,"damage_taken":21.0},{"damage_healed":0.0,"max_hp_gain":0.0,"max_hp_loss":0.0,"gold_gain":0.0,"event_name":"The Mausoleum","player_choice":"Ignored","floor":21.0,"gold_loss":0.0,"damage_taken":0.0}],"is_beta":false,"boss_relics":[{"not_picked":["SacredBark","Black Star"],"picked":"Sozu"}],"items_purged_floors":[],"is_endless":false,"potions_floor_spawned":[1,3,10,12,13,16],"killed_by":"Gremlin Leader","ascension_level":20}}