{"host":"31srvgftwd43oumg","time":1612847387,"event":{"mods":["BaseMod","Better Third Choice","BetterRewards","Card Forge","Downfall","Hubris","Infinite Spire","Jorbs\u0027s Wanderer Trilogy","Koishi","Luminous","Marisa????????","Minty Spire (QoL Compilation)","Remilia??????","Replay The Spire","Shop Mod","StSLib","The Bug Knight","The Cursed","The Death Knight","The Disciple","The Exalted","The Hierophant","The Mystic","The Necromancer","The Senshi"],"gold_per_floor":[114,214,225,235,252,162,162,187,187,220,235,235,265,280,280,377,377,397,397,397,278,305,305,305,340,366,366,397,397,427,427,427,523,623,636,636,244,257,267,300,300,335,335,335,364,364,397,411,411,411],"floor_reached":51,"language":"ENG","playtime":2286,"items_purged":["ReplayTheSpireMod:System Scan"],"score":1037,"play_id":"27f19ee1-e1ca-41ae-8792-b2ecf17e9454","local_time":"20210208230947","daily_mods":["SealedDeck","Heirloom","Elite Swarm"],"is_ascension_mode":false,"campfire_choices":[{"data":"Defragment","floor":7,"key":"SMITH"},{"data":"Defragment","floor":12,"key":"SMITH"},{"data":"Defragment","floor":15,"key":"SMITH"},{"data":"Seek","floor":23,"key":"SMITH"},{"data":"White Noise","floor":27,"key":"SMITH"},{"data":"Glacier","floor":29,"key":"SMITH"},{"data":"Creative AI","floor":32,"key":"SMITH"},{"data":"Glacier","floor":41,"key":"SMITH"},{"floor":44,"key":"REST"},{"floor":46,"key":"REST"},{"floor":49,"key":"DIG"}],"circlet_count":0,"master_deck":["Rip and Tear+1","Cold Snap+1","Steam Power+1","Beam Cell+1","Barrage+1","Glacier+1","FIFO Queue+1","Glacier+1","Defragment+1","White Noise+1","Defragment+1","Finesse+1","Machine Learning+1","Defragment+1","Seek+1","Electrodynamics+1","Creative AI+1","Parasite","Hello World+1"],"relics":["Cracked Core","Hammer of Thor","Seething Fire","Anvil of the Gods","Replay:Multitool","Tiny Chest","Replay:Ringing Soul","Pet Ghost","Bromod:ArcaneAvenger","Busted Crown","ReplayTheSpireMod:TigerMarble","infinitespire:Bottled Soul","Bromod:ArcaneMomentum","Pen Nib","infinitespire:Joker Card","infinitespire:CursedDice","Replay:Wanted Poster","hubris:Towel","Quantum Egg","infinitespire:Broken Mirror","Guardian:PocketSentry","champ:DuelingGlove","Orichalcum","Bag of Preparation","hubris:RGBLights"],"acts_visited":["Exordium","TheCity","TheBeyond"],"potions_floor_usage":[45],"damage_taken":[{"damage":0,"enemies":"Jaw Worm","floor":1,"turns":2},{"damage":0,"enemies":"Cultist","floor":3,"turns":5},{"damage":0,"enemies":"2 Louse","floor":4,"turns":2},{"damage":4,"enemies":"Looter","floor":5,"turns":2},{"damage":7,"enemies":"3 Sentries","floor":8,"turns":6},{"damage":0,"enemies":"Lagavulin","floor":10,"turns":6},{"damage":14,"enemies":"Large Slime","floor":11,"turns":6},{"damage":0,"enemies":"Gremlin Nob","floor":13,"turns":4},{"damage":0,"enemies":"Exordium Wildlife","floor":14,"turns":3},{"damage":9,"enemies":"The Guardian","floor":16,"turns":11},{"damage":0,"enemies":"3 Byrds","floor":18,"turns":3},{"damage":7,"enemies":"Replay:Snechameleon","floor":25,"turns":5},{"damage":2,"enemies":"Gremlin Leader","floor":28,"turns":5},{"damage":13,"enemies":"Book of Stabbing","floor":30,"turns":4},{"damage":2,"enemies":"Automaton","floor":33,"turns":12},{"damage":4,"enemies":"Orb Walker","floor":35,"turns":4},{"damage":10,"enemies":"3 Darklings","floor":38,"turns":3},{"damage":12,"enemies":"Writhing Mass","floor":39,"turns":6},{"damage":0,"enemies":"Nemesis","floor":40,"turns":6},{"damage":0,"enemies":"Giant Head","floor":42,"turns":5},{"damage":4,"enemies":"Reptomancer","floor":45,"turns":4},{"damage":0,"enemies":"Nemesis","floor":47,"turns":5},{"damage":0,"enemies":"Maw","floor":48,"turns":4},{"damage":6,"enemies":"hubris:GrandSnecko","floor":50,"turns":8}],"seed_played":"188303876407919509","potions_obtained":[{"floor":1,"key":"Reflective Coating"},{"floor":8,"key":"SteroidPotion"},{"floor":11,"key":"ColorlessPotion"}],"is_trial":true,"path_per_floor":["M","?","M","M","M","$","R","E","T","E","M","R","E","M","R","B",null,"M","?","?","?","T","R","?","E","T","R","E","R","E","$","R","B",null,"M","?","$","M","M","E","R","E","T","R","E","R","E","M","R","B",null],"character_chosen":"DEFECT","items_purchased":["Finesse","Quantum Egg","DistilledChaos"],"campfire_rested":2,"item_purchase_floors":[6,37,37],"current_hp_per_floor":[75,75,75,75,71,71,71,64,64,67,56,56,59,59,59,53,87,87,87,87,87,87,87,87,80,80,80,78,78,68,68,68,66,90,86,86,86,76,67,67,67,67,67,93,89,93,93,96,96,90],"gold":411,"neow_bonus":"","is_daily":false,"chose_seed":false,"campfire_upgraded":8,"win_rate":0.0,"timestamp":1612847387,"path_taken":["M","?","M","M","?","$","R","E","T","E","M","R","E","M","R","BOSS","M","?","?","?","?","R","?","E","T","R","E","R","E","$","R","BOSS","M","?","?","M","M","E","R","E","T","R","E","R","E","M","R","BOSS"],"items_purchased_type":["Card","Relic","Potion"],"build_version":"2020-12-22","purchased_purges":1,"victory":true,"max_hp_per_floor":[75,75,75,75,75,75,75,75,75,78,81,81,84,84,84,87,87,87,87,87,87,87,87,87,87,87,87,87,87,90,90,90,90,90,90,90,90,90,93,93,93,93,93,93,93,93,93,96,96,96],"card_choices":[{"not_picked":["BasicCrystalCard","Stack","Redo"],"picked":"SKIP","floor":1},{"not_picked":["Streamline","Loop"],"picked":"White Noise","floor":3},{"not_picked":["Leap","Tempest","Gash"],"picked":"SKIP","floor":4},{"not_picked":["Rebound","Streamline"],"picked":"Defragment","floor":5},{"not_picked":["Rainbow","Buffer","hubris:DoWhile"],"picked":"SKIP","floor":8},{"not_picked":["Thunder Strike","Amplify"],"picked":"Machine Learning","floor":10},{"not_picked":["Redo","Beam Cell"],"picked":"Defragment","floor":11},{"not_picked":["Mirror Shield","ReplayTheSpireMod:Fabricate Wheel"],"picked":"Seek","floor":13},{"not_picked":["Streamline","BasicCrystalCard","Sunder"],"picked":"SKIP","floor":14},{"not_picked":["hubris:SpecializedCircuitry","Amplify"],"picked":"Electrodynamics","floor":16},{"not_picked":["Recycle+1"],"picked":"SKIP","floor":18},{"not_picked":["Fission"],"picked":"SKIP","floor":25},{"not_picked":["Hyperbeam"],"picked":"SKIP","floor":28},{"not_picked":[],"picked":"Creative AI","floor":30},{"not_picked":["Cold Snap+1"],"picked":"SKIP","floor":35},{"not_picked":["BasicCrystalCard"],"picked":"SKIP","floor":38},{"not_picked":["Turbo+1"],"picked":"SKIP","floor":39},{"not_picked":["Biased Cognition"],"picked":"SKIP","floor":40},{"not_picked":["Creative AI"],"picked":"SKIP","floor":42},{"not_picked":["Biased Cognition"],"picked":"SKIP","floor":45},{"not_picked":["Buffer"],"picked":"SKIP","floor":47},{"not_picked":[],"picked":"Hello World+1","floor":48}],"player_experience":1018644,"relics_obtained":[{"floor":8,"key":"Tiny Chest"},{"floor":9,"key":"Replay:Ringing Soul"},{"floor":10,"key":"Pet Ghost"},{"floor":13,"key":"Bromod:ArcaneAvenger"},{"floor":22,"key":"Bromod:ArcaneMomentum"},{"floor":26,"key":"Pen Nib"},{"floor":28,"key":"infinitespire:Joker Card"},{"floor":30,"key":"infinitespire:CursedDice"},{"floor":40,"key":"infinitespire:Broken Mirror"},{"floor":42,"key":"Guardian:PocketSentry"},{"floor":43,"key":"champ:DuelingGlove"},{"floor":45,"key":"Orichalcum"},{"floor":47,"key":"Bag of Preparation"},{"floor":49,"key":"hubris:RGBLights"}],"event_choices":[{"damage_healed":0,"gold_gain":100,"player_choice":"Pray","damage_taken":0,"max_hp_gain":0,"max_hp_loss":0,"event_name":"Golden Shrine","floor":2,"gold_loss":0},{"damage_healed":0,"gold_gain":0,"player_choice":"Paid Gold","damage_taken":0,"relics_obtained":["infinitespire:Bottled Soul"],"max_hp_gain":0,"max_hp_loss":0,"event_name":"WeMeetAgain","floor":21,"gold_loss":119},{"damage_healed":0,"gold_gain":0,"player_choice":"Adaptability","damage_taken":0,"max_hp_gain":0,"max_hp_loss":0,"event_name":"betterThird:BetterWriting","floor":24,"gold_loss":0}],"is_beta":false,"boss_relics":[{"not_picked":["Cursed Key","Painkiller Herb"],"picked":"Busted Crown"},{"not_picked":["Inserter","SlaversCollar"],"picked":"Replay:Wanted Poster"}],"items_purged_floors":[37],"is_endless":false,"potions_floor_spawned":[1,8,11,14,28,30,35,38,40,48],"ascension_level":0}}