{"host":"g907ck67u7c3hrs6","time":1612860902,"event":{"mods":["BaseMod","Colored Map","DeckTracker","Highlight Path","Keyboard Shortcuts","Minty Spire (QoL Compilation)","Permanent Neow","Say the Spire","SuperFastMode"],"gold_per_floor":[114,131,144,164,182,182,212,212,212,212,228,239,270,288,288,393,393,412,424,437,437,437],"floor_reached":21,"language":"KOR","playtime":605,"items_purged":[],"score":197,"play_id":"9303d54e-368f-4c4f-ad69-ca4846812595","local_time":"20210209175502","daily_mods":["Heirloom","Flight"],"is_ascension_mode":false,"campfire_choices":[{"data":"Whirlwind","floor":6,"key":"SMITH"},{"data":"Entrench","floor":8,"key":"SMITH"},{"data":"Dark Embrace","floor":10,"key":"SMITH"},{"data":"Berserk","floor":15,"key":"SMITH"}],"circlet_count":0,"master_deck":["Strike_R","Strike_R","Strike_R","Strike_R","Strike_R","Defend_R","Defend_R","Defend_R","Defend_R","Bash","True Grit","Sword Boomerang","Feel No Pain","Dark Embrace+1","Whirlwind+1","Entrench+1","True Grit","Feel No Pain","Thunderclap","Berserk+1","Fiend Fire","Wild Strike"],"relics":["Burning Blood","CaptainsWheel","Vajra","Pantograph","Paper Frog","Runic Dome"],"acts_visited":["Exordium","TheCity"],"potions_floor_usage":[],"damage_taken":[{"damage":1,"enemies":"2 Louse","floor":1,"turns":3},{"damage":5,"enemies":"Small Slimes","floor":2,"turns":4},{"damage":0,"enemies":"Jaw Worm","floor":3,"turns":4},{"damage":15,"enemies":"Exordium Thugs","floor":4,"turns":8},{"damage":8,"enemies":"Looter","floor":5,"turns":4},{"damage":15,"enemies":"3 Sentries","floor":7,"turns":4},{"damage":8,"enemies":"Large Slime","floor":11,"turns":5},{"damage":11,"enemies":"Exordium Thugs","floor":12,"turns":4},{"damage":34,"enemies":"Lagavulin","floor":13,"turns":10},{"damage":10,"enemies":"Gremlin Gang","floor":14,"turns":3},{"damage":11,"enemies":"Slime Boss","floor":16,"turns":11},{"damage":5,"enemies":"Shell Parasite","floor":18,"turns":5},{"damage":3,"enemies":"3 Byrds","floor":19,"turns":4},{"damage":2,"enemies":"3 Cultists","floor":20,"turns":3},{"damage":19,"enemies":"Centurion and Healer","floor":21,"turns":2}],"seed_played":"-4321660971869428630","potions_obtained":[{"floor":2,"key":"Strength Potion"},{"floor":3,"key":"Fire Potion"},{"floor":12,"key":"PowerPotion"},{"floor":14,"key":"EntropicBrew"}],"is_trial":true,"path_per_floor":["M","M","M","M","M","R","E","R","T","R","M","M","E","M","R","B",null,"M","M","M","M"],"character_chosen":"IRONCLAD","items_purchased":[],"campfire_rested":0,"item_purchase_floors":[],"current_hp_per_floor":[80,80,80,71,69,69,60,60,60,60,58,53,25,21,21,41,80,80,80,80,61,61],"gold":437,"neow_bonus":"","is_daily":false,"chose_seed":false,"campfire_upgraded":4,"win_rate":0.0,"timestamp":1612860902,"path_taken":["M","M","M","M","M","R","E","R","T","R","M","M","E","M","R","BOSS","M","M","M","M"],"items_purchased_type":[],"build_version":"2020-12-22","purchased_purges":0,"victory":false,"max_hp_per_floor":[80,80,80,80,80,80,80,80,80,80,80,80,80,80,80,80,80,80,80,80,80,80],"card_choices":[{"not_picked":["Perfected Strike","Twin Strike"],"picked":"True Grit","floor":1},{"not_picked":["Anger","Cleave"],"picked":"Sword Boomerang","floor":2},{"not_picked":["Heavy Blade","Cleave"],"picked":"Feel No Pain","floor":3},{"not_picked":["Ghostly Armor","Havoc"],"picked":"Dark Embrace","floor":4},{"not_picked":["Perfected Strike","Warcry"],"picked":"Whirlwind","floor":5},{"not_picked":["Pommel Strike","Inflame"],"picked":"Entrench","floor":7},{"not_picked":["Anger","Warcry","True Grit"],"picked":"SKIP","floor":11},{"not_picked":["Anger","Warcry"],"picked":"True Grit","floor":11},{"not_picked":["Warcry","Twin Strike"],"picked":"Feel No Pain","floor":12},{"not_picked":["Dark Embrace","Cleave"],"picked":"Thunderclap","floor":13},{"not_picked":["Body Slam","Thunderclap"],"picked":"Berserk","floor":14},{"not_picked":["Demon Form","Reaper"],"picked":"Fiend Fire","floor":16},{"not_picked":["Pommel Strike","Headbutt","Warcry"],"picked":"SKIP","floor":18},{"not_picked":["Wild Strike","Perfected Strike+1","Cleave"],"picked":"SKIP","floor":19},{"not_picked":["Perfected Strike+1","Cleave"],"picked":"Wild Strike","floor":19},{"not_picked":["Sword Boomerang","Blood for Blood","Dark Embrace"],"picked":"SKIP","floor":20}],"player_experience":271221,"relics_obtained":[{"floor":7,"key":"Vajra"},{"floor":9,"key":"Pantograph"},{"floor":13,"key":"Paper Frog"}],"event_choices":[],"is_beta":false,"boss_relics":[{"not_picked":["Empty Cage","Black Blood"],"picked":"Runic Dome"}],"items_purged_floors":[],"is_endless":false,"potions_floor_spawned":[2,3,12,14,19],"killed_by":"Centurion and Healer","ascension_level":0}}