{"host":"vflj39ie5n27t074","time":1612907694,"event":{"mods":["BaseMod","BetterRewards","Bossed Relics","Colored Map","Colored Powertips","Downfall","Hubris","Infinite Spire","Marisa????????","Minty Spire (QoL Compilation)","Replay The Spire","SIMod","StSLib","The Bug Knight","The Jungle","The Mystic","The Servant 0.9.4"],"gold_per_floor":[111,111,61,136,151,151,121,121,144,167,180,195,195,216,216,216,216],"floor_reached":16,"language":"ENG","playtime":893,"items_purged":[],"score":92,"play_id":"6454fd6b-566b-4d3c-8967-e66f610a7872","local_time":"20210209155454","is_ascension_mode":false,"campfire_choices":[{"data":"Boundary","floor":6,"key":"SMITH"},{"data":"ConcertedEfforts","floor":8,"key":"SMITH"},{"data":"HarmonyShield","floor":13,"key":"SMITH"},{"data":"BehindTheScene","floor":15,"key":"SMITH"}],"circlet_count":0,"master_deck":["Strike_AJ","Strike_TS","Strike_RR","Strike_RD","Defend_TS","Defend_PP","Defend_FS","ConcertedEfforts+1","HarmonyShield+1","AppleFeast","Anxiousness","Louder","Boundary+1","Louder","FollowTherRainbow","BehindTheScene+1"],"relics":["The_element_of_harmony","Golden Idol","PreservedInsect"],"acts_visited":["Exordium"],"potions_floor_usage":[],"damage_taken":[{"damage":5,"enemies":"Small Slimes","floor":1,"turns":4},{"damage":0,"enemies":"2 Louse","floor":5,"turns":3},{"damage":0,"enemies":"Cultist","floor":10,"turns":3},{"damage":1,"enemies":"Gremlin Gang","floor":11,"turns":4},{"damage":8,"enemies":"2 Fungi Beasts","floor":12,"turns":4},{"damage":7,"enemies":"Blue Slaver","floor":14,"turns":4},{"damage":72,"enemies":"Fading Forest","floor":16,"turns":8}],"seed_played":"6196366071237100514","potions_obtained":[{"floor":1,"key":"PowerPotion"},{"floor":7,"key":"DuplicationPotion"},{"floor":7,"key":"Venom Potion"},{"floor":11,"key":"Adrenaline Potion"}],"is_trial":false,"path_per_floor":["M","?","?","?","M","R","?","R","T","M","M","M","R","M","R","B"],"character_chosen":"TWI_CLASS","items_purchased":[],"campfire_rested":0,"item_purchase_floors":[],"current_hp_per_floor":[77,77,77,66,66,66,66,66,66,66,65,57,57,50,50,0,0],"gold":216,"neow_bonus":"TRANSFORM_CARD","is_daily":false,"chose_seed":false,"campfire_upgraded":4,"win_rate":0.0,"timestamp":1612907694,"path_taken":["M","?","?","?","M","R","?","R","T","M","M","M","R","?","R","BOSS"],"items_purchased_type":[],"build_version":"2020-12-22","purchased_purges":0,"victory":false,"max_hp_per_floor":[82,82,82,82,82,82,82,82,82,82,82,82,82,82,82,82,82],"card_choices":[{"not_picked":["ThunderCloud"],"picked":"Anxiousness","floor":1},{"not_picked":["Honesty"],"picked":"Louder","floor":1},{"not_picked":["ISayNo"],"picked":"Boundary","floor":5},{"not_picked":["FriendOfNature","Anxiousness"],"picked":"SKIP","floor":5},{"not_picked":["Magic_Beam","Smile"],"picked":"SKIP","floor":10},{"not_picked":["Anxiousness","TwentyPercentcooler"],"picked":"SKIP","floor":10},{"not_picked":["RashStunts"],"picked":"Louder","floor":11},{"not_picked":["FriendshipIsMagic","Return_To_Past"],"picked":"SKIP","floor":11},{"not_picked":["PartyAlone"],"picked":"FollowTherRainbow","floor":12},{"not_picked":["Winterwrapup","FriendOfNature"],"picked":"SKIP","floor":12},{"not_picked":["AppleFever"],"picked":"BehindTheScene","floor":14},{"not_picked":["ReinventMyself","Charge"],"picked":"SKIP","floor":14}],"player_experience":133365,"relics_obtained":[{"floor":9,"key":"PreservedInsect"}],"event_choices":[{"damage_healed":0,"gold_gain":0,"player_choice":"Take Wound","damage_taken":0,"relics_obtained":["Golden Idol"],"max_hp_gain":0,"max_hp_loss":0,"event_name":"Golden Idol","floor":2,"gold_loss":0,"cards_obtained":["Injury"]},{"cards_removed":["Injury"],"damage_healed":0,"gold_gain":0,"player_choice":"Card Removal","damage_taken":0,"max_hp_gain":0,"max_hp_loss":0,"event_name":"The Cleric","floor":3,"gold_loss":50},{"damage_healed":0,"gold_gain":75,"player_choice":"Gather Gold","damage_taken":11,"max_hp_gain":0,"max_hp_loss":0,"event_name":"World of Goop","floor":4,"gold_loss":0},{"damage_healed":0,"gold_gain":0,"player_choice":"Bought 2 Potions","damage_taken":0,"max_hp_gain":0,"max_hp_loss":0,"event_name":"The Woman in Blue","floor":7,"gold_loss":0}],"is_beta":false,"boss_relics":[],"items_purged_floors":[],"is_endless":false,"potions_floor_spawned":[1,11,12,14],"killed_by":"Fading Forest","ascension_level":0}}