{"host":"mi0eibewekhugwl1","time":1612858881,"event":{"mods":["AchievementEnabler","BaseMod","Colored Map","Colored Powertips","DeckTracker","Keyboard Shortcuts","Minty Spire (QoL Compilation)","Quick Restart","Rare Cards Sparkle","Relic Stats","StSLib","SuperFastMode","everything is the same but u backflip on backflip"],"gold_per_floor":[111,111,124,124,124,142,142,156,156,156,182,197,197,211,211,211,211],"floor_reached":16,"language":"KOR","playtime":230,"items_purged":[],"score":204,"play_id":"410a0a12-711c-458f-b67a-678c431b6742","local_time":"20210209172121","is_ascension_mode":true,"campfire_choices":[{"data":"Eruption","floor":7,"key":"SMITH"},{"data":"CrushJoints","floor":13,"key":"SMITH"},{"data":"Vengeance","floor":15,"key":"SMITH"}],"circlet_count":0,"master_deck":["AscendersBane","Strike_P","Strike_P","Strike_P","Defend_P","Defend_P","Defend_P","Eruption+1","Vigilance","FearNoEvil","CrushJoints+1","Swivel","Vengeance+1","EmptyFist"],"relics":["PureWater","NeowsBlessing","Singing Bowl","White Beast Statue","Letter Opener","Sundial"],"acts_visited":["Exordium"],"potions_floor_usage":[11,12,14,16],"damage_taken":[{"damage":0,"enemies":"Small Slimes","floor":1,"turns":2},{"damage":0,"enemies":"Cultist","floor":3,"turns":1},{"damage":0,"enemies":"Jaw Worm","floor":6,"turns":1},{"damage":4,"enemies":"2 Fungi Beasts","floor":8,"turns":3},{"damage":9,"enemies":"3 Sentries","floor":11,"turns":9},{"damage":5,"enemies":"Gremlin Gang","floor":12,"turns":4},{"damage":2,"enemies":"Lots of Slimes","floor":14,"turns":3},{"damage":30,"enemies":"Slime Boss","floor":16,"turns":4}],"seed_played":"8587266207179067595","potions_obtained":[{"floor":3,"key":"LiquidMemories"},{"floor":6,"key":"StancePotion"},{"floor":11,"key":"LiquidMemories"},{"floor":12,"key":"FearPotion"},{"floor":14,"key":"SpeedPotion"}],"is_trial":false,"path_per_floor":["M","?","M","?","?","M","R","M","T","T","E","M","R","M","R","B"],"character_chosen":"WATCHER","items_purchased":[],"campfire_rested":0,"item_purchase_floors":[],"current_hp_per_floor":[61,61,61,35,35,37,37,35,35,35,26,23,23,21,21,0,0],"gold":211,"neow_bonus":"THREE_ENEMY_KILL","is_daily":false,"chose_seed":false,"campfire_upgraded":3,"win_rate":0.0,"timestamp":1612858881,"path_taken":["M","?","?","?","?","?","R","?","T","?","E","M","R","M","R","BOSS"],"items_purchased_type":[],"build_version":"2020-12-22","purchased_purges":0,"victory":false,"max_hp_per_floor":[68,68,68,68,68,70,70,72,72,72,72,74,74,74,74,74,74],"relic_stats":{"Singing Bowl":6,"counters":[8,27],"Sundial":[2],"Letter Opener":[35],"obtain_stats":[{"NeowsBlessing":0,"Singing Bowl":4,"Sundial":11,"Letter Opener":10,"PureWater":0,"White Beast Statue":9},{"NeowsBlessing":0,"Singing Bowl":2,"Sundial":5,"Letter Opener":4,"PureWater":0,"White Beast Statue":4},{"NeowsBlessing":0,"Singing Bowl":3,"Sundial":16,"Letter Opener":7,"PureWater":0,"White Beast Statue":7}]},"card_choices":[{"not_picked":["Prostrate","FlurryOfBlows"],"picked":"FearNoEvil","floor":1},{"not_picked":["ThirdEye","Wish"],"picked":"CrushJoints","floor":3},{"not_picked":["Wireheading","Indignation","CrushJoints"],"picked":"Singing Bowl","floor":6},{"not_picked":["BowlingBash","Prostrate","FlyingSleeves"],"picked":"Singing Bowl","floor":8},{"not_picked":["SashWhip","Establishment"],"picked":"Vengeance","floor":11},{"not_picked":["JustLucky","ThirdEye","ForeignInfluence"],"picked":"Singing Bowl","floor":12},{"not_picked":["Evaluate","CutThroughFate"],"picked":"EmptyFist","floor":14}],"player_experience":1789596,"relics_obtained":[{"floor":9,"key":"White Beast Statue"},{"floor":10,"key":"Letter Opener"},{"floor":11,"key":"Sundial"}],"event_choices":[{"cards_removed":["Defend_P"],"damage_healed":0,"gold_gain":0,"player_choice":"Purged","damage_taken":0,"max_hp_gain":0,"max_hp_loss":0,"event_name":"Purifier","floor":2,"gold_loss":0},{"damage_healed":0,"gold_gain":0,"player_choice":"Success","damage_taken":26,"relics_obtained":["Singing Bowl"],"max_hp_gain":0,"max_hp_loss":0,"event_name":"Scrap Ooze","floor":4,"gold_loss":0},{"damage_healed":0,"gold_gain":0,"cards_transformed":["Strike_P"],"player_choice":"Transformed","damage_taken":0,"max_hp_gain":0,"max_hp_loss":0,"event_name":"Transmorgrifier","floor":5,"gold_loss":0,"cards_obtained":["Swivel"]}],"is_beta":false,"boss_relics":[],"items_purged_floors":[],"is_endless":false,"potions_floor_spawned":[3,6,11,12,14],"killed_by":"Slime Boss","ascension_level":20}}