{"host":"jbmvtpvel2a8rbg6","time":1612910264,"event":{"mods":["Aspiration","BaseMod","Better Match","Better Sensory Stone","Better Skull","Conspire","Downfall","Energized Spire","GungeonMod","Hubris","Infinite Spire","Minty Spire (QoL Compilation)","RRrroohrrRGHHhhh!!","Reliquary","Replay The Spire","StSLib","Wandering Minibosses"],"gold_per_floor":[113,128,148,164,180,209,209,239,288,348,348,385,399,132,132,234,234,246,186,186,197,215,245,245,257,257,277,300,300,313,346,346,451,451,463,463,477,295,310,310,340,358,383,383,396,396,271,287,287,287],"floor_reached":51,"language":"ENG","playtime":3536,"items_purged":["Strike_R","Burning Pact","hubris:Lust","conspire:Purge"],"score":781,"play_id":"9e141748-b273-402a-8d2c-91b4ab0585a7","local_time":"20210209143744","is_ascension_mode":false,"campfire_choices":[{"data":"Replay:Undeath\u0027s Touch","floor":7,"key":"SMITH"},{"floor":15,"key":"REST"},{"data":"Shrug It Off","floor":24,"key":"SMITH"},{"data":"Heavy Blade","floor":32,"key":"SMITH"},{"data":"Magnetism","floor":40,"key":"SMITH"},{"data":"Infernal Blade","floor":44,"key":"SMITH"},{"floor":49,"key":"DIG"}],"circlet_count":0,"master_deck":["Strike_R","Defend_R","Defend_R","Bash","Blood for Blood+1","Inflame+1","Cleave","Replay:Undeath\u0027s Touch+1","Thunderclap","Replay:Undeath\u0027s Touch","Shrug It Off+1","Heavy Blade+1","Clash+1","ReplayTheSpireMod:LeadingStrike+1","Clash","Iron Wave","Shrug It Off","Magnetism+1","Dropkick+1","Infernal Blade+1","Clash","Shrug It Off+1"],"relics":["Burning Blood","Counterbalance","reliquary:RoseTintedGlasses","Meat on the Bone","conspire:TopHat","infinitespire:EmpoweringShard","Guide Book","aspiration:SecretTechniqueScroll","Strawberry","DemoMod:OrangeGuonStone","wanderingMiniBosses:Blackblade","Potion Belt","hubris:CrystalStatue","rorgmod:Empty Cage","WarpedTongs","ReplayTheSpireMod:CursedCoin","Blue Doll","Red Skull","reliquary:PrincelyHelmet"],"acts_visited":["Exordium","TheCity","TheBeyond"],"potions_floor_usage":[4,5,8,23,33,33,41,41,48,50,50,50,50],"damage_taken":[{"damage":6,"enemies":"Cultist","floor":1,"turns":3},{"damage":16,"enemies":"infinitespire:Voidling","floor":2,"turns":5},{"damage":23,"enemies":"2 Louse","floor":3,"turns":6},{"damage":0,"enemies":"Large Slime","floor":4,"turns":4},{"damage":12,"enemies":"Blue Slaver","floor":5,"turns":2},{"damage":5,"enemies":"Replay:BlueRogue","floor":6,"turns":6},{"damage":25,"enemies":"Lagavulin","floor":8,"turns":5},{"damage":29,"enemies":"conspire:MimicChest","floor":12,"turns":7},{"damage":6,"enemies":"Exordium Thugs","floor":13,"turns":4},{"damage":13,"enemies":"The Guardian","floor":16,"turns":8},{"damage":17,"enemies":"2 Thieves","floor":18,"turns":3},{"damage":10,"enemies":"conspire:FuzzyDice","floor":21,"turns":4},{"damage":9,"enemies":"Shelled Parasite and Fungi","floor":22,"turns":3},{"damage":10,"enemies":"Gremlin Leader","floor":23,"turns":3},{"damage":15,"enemies":"Snake Plant","floor":25,"turns":2},{"damage":26,"enemies":"Chosen and Byrds","floor":27,"turns":6},{"damage":3,"enemies":"Cultist and Chosen","floor":30,"turns":3},{"damage":3,"enemies":"conspire:SneckoGhost","floor":31,"turns":2},{"damage":14,"enemies":"Automaton","floor":33,"turns":6},{"damage":0,"enemies":"3 Darklings","floor":35,"turns":3},{"damage":21,"enemies":"3 Shapes","floor":37,"turns":2},{"damage":0,"enemies":"Jaw Worm Horde","floor":39,"turns":2},{"damage":52,"enemies":"Nemesis","floor":41,"turns":4},{"damage":12,"enemies":"Sphere and 2 Shapes","floor":42,"turns":4},{"damage":6,"enemies":"3 Darklings","floor":45,"turns":3},{"damage":9,"enemies":"Spire Growth","floor":48,"turns":2},{"damage":2,"enemies":"Awakened One","floor":50,"turns":5}],"seed_played":"-1997629895896756368","potions_obtained":[{"floor":2,"key":"Adrenaline Potion"},{"floor":4,"key":"LiquidMemories"},{"floor":5,"key":"Languid Potion"},{"floor":21,"key":"Dexterity Potion"},{"floor":22,"key":"SkillPotion"},{"floor":27,"key":"LiquidMemories"},{"floor":30,"key":"champ:CounterPotion"},{"floor":33,"key":"Reflective Coating"},{"floor":39,"key":"champ:CounterPotion"},{"floor":42,"key":"Adrenaline Potion"},{"floor":45,"key":"Ancient Potion"},{"floor":46,"key":"Adrenaline Potion"},{"floor":46,"key":"DemoMod:LeadSkinPotion"},{"floor":48,"key":"Swift Potion"}],"is_trial":false,"path_per_floor":["M","M","M","M","M","E","R","E","T","?","?","?","M","$","R","B",null,"M","?","AVR","M","M","E","R","M","T","M","T","?","M","E","R","B",null,"M","?","M","$","M","R","E","M","T","R","M","?","$","M","R","B",null],"character_chosen":"IRONCLAD","items_purchased":["Clash+1","Guide Book","ReplayTheSpireMod:CursedCoin","BloodPotion","Magnetism"],"campfire_rested":1,"item_purchase_floors":[14,14,38,38,38],"current_hp_per_floor":[56,46,29,35,29,30,30,11,11,11,37,26,38,38,62,55,80,69,69,69,65,62,65,65,56,56,48,48,48,51,54,54,58,87,87,87,72,72,78,78,61,55,55,55,55,55,55,52,52,56],"gold":287,"neow_bonus":"ONE_RARE_RELIC","is_daily":false,"chose_seed":false,"campfire_upgraded":5,"win_rate":0.0,"timestamp":1612910264,"path_taken":["M","?","?","M","M","E","R","E","T","?","?","?","M","?","R","BOSS","M","?","AVR","M","M","E","R","M","T","?","?","?","M","E","R","BOSS","M","?","M","?","?","R","E","M","T","R","M","?","?","M","R","BOSS"],"items_purchased_type":["Card","Relic","Relic","Potion","Card"],"build_version":"2020-12-22","purchased_purges":4,"victory":true,"max_hp_per_floor":[80,80,80,80,80,80,80,80,80,80,80,80,80,80,80,80,80,80,80,80,80,80,87,87,87,87,87,87,87,87,87,87,87,87,87,87,87,87,87,87,87,87,87,87,87,87,87,87,87,87],"card_choices":[{"not_picked":["Body Slam","Armaments"],"picked":"Blood for Blood","floor":1},{"not_picked":["Clothesline","Thunderclap"],"picked":"Inflame","floor":2},{"not_picked":["ReplayTheSpireMod:Strike From Hell","Rupture"],"picked":"Cleave","floor":3},{"not_picked":["Fire Breathing","Perfected Strike"],"picked":"Replay:Undeath\u0027s Touch","floor":4},{"not_picked":["Bloodletting","Rage"],"picked":"Thunderclap","floor":5},{"not_picked":["Body Slam","Pommel Strike"],"picked":"Replay:Undeath\u0027s Touch","floor":6},{"not_picked":["Intimidate","Flex"],"picked":"Shrug It Off","floor":8},{"not_picked":["True Grit","Run Through"],"picked":"Heavy Blade","floor":12},{"not_picked":["hubris:ReadiedAction","Wild Strike","Body Slam"],"picked":"SKIP","floor":13},{"not_picked":["hubris:ReadiedAction+1","Seeing Red","Cleave"],"picked":"SKIP","floor":18},{"not_picked":["ReplayReversal","Second Wind","Inflame"],"picked":"SKIP","floor":21},{"not_picked":["Body Slam","Heavy Blade","Entrench+1"],"picked":"SKIP","floor":22},{"not_picked":["Carnage","Dual Wield+1","ReplayTheSpireMod:Strike From Hell+1"],"picked":"SKIP","floor":23},{"not_picked":["Headbutt","Body Slam","Hemokinesis"],"picked":"SKIP","floor":25},{"not_picked":[],"picked":"wanderingMiniBosses:FinaleOfPromise","floor":27},{"not_picked":["conspire:ExplosiveBarrier","Wild Strike+1"],"picked":"Clash","floor":27},{"not_picked":["ReplayTheSpireMod:Muscle Training","Evolve"],"picked":"Sword Boomerang","floor":30},{"not_picked":["Spot Weakness","hubris:ReadiedAction"],"picked":"conspire:Purge","floor":31},{"not_picked":["ReplayTheSpireMod:Corrosion Curse","Dark Embrace"],"picked":"Iron Wave","floor":35},{"not_picked":["Shockwave+1","Reckless Charge+1"],"picked":"Shrug It Off","floor":37},{"not_picked":["ReplayTheSpireMod:LeadingStrike","Run Through","Evolve+1"],"picked":"SKIP","floor":39},{"not_picked":["Entrench+1","Replay:Undeath\u0027s Touch+1"],"picked":"Dropkick+1","floor":41},{"not_picked":["Whirlwind+1","Body Slam+1"],"picked":"Infernal Blade","floor":42},{"not_picked":["Dropkick+1","Evolve+1"],"picked":"Clash","floor":45},{"not_picked":["Anger+1","Eclipse"],"picked":"Shrug It Off+1","floor":48}],"player_experience":844127,"relics_obtained":[{"floor":6,"key":"reliquary:RoseTintedGlasses"},{"floor":8,"key":"Meat on the Bone"},{"floor":9,"key":"conspire:TopHat"},{"floor":12,"key":"infinitespire:EmpoweringShard"},{"floor":23,"key":"Strawberry"},{"floor":26,"key":"DemoMod:OrangeGuonStone"},{"floor":27,"key":"wanderingMiniBosses:Blackblade"},{"floor":28,"key":"Potion Belt"},{"floor":31,"key":"hubris:CrystalStatue"},{"floor":41,"key":"Blue Doll"},{"floor":43,"key":"Red Skull"},{"floor":49,"key":"reliquary:PrincelyHelmet"}],"event_choices":[{"damage_healed":0,"gold_gain":60,"player_choice":"Gained Gold","damage_taken":0,"max_hp_gain":0,"max_hp_loss":0,"event_name":"Golden Wing","floor":10,"gold_loss":0},{"damage_healed":26,"gold_gain":0,"player_choice":"Banana","damage_taken":0,"max_hp_gain":0,"max_hp_loss":0,"event_name":"Big Fish","floor":11,"gold_loss":0},{"damage_healed":0,"gold_gain":0,"cards_transformed":["Strike_R","Strike_R"],"player_choice":"Transformed Cards","damage_taken":0,"max_hp_gain":0,"max_hp_loss":0,"event_name":"Designer","floor":19,"gold_loss":60,"cards_obtained":["Burning Pact","ReplayTheSpireMod:LeadingStrike"]},{"damage_healed":0,"gold_gain":0,"player_choice":"Rummage","damage_taken":0,"relics_obtained":["WarpedTongs"],"max_hp_gain":0,"max_hp_loss":0,"event_name":"Accursed Blacksmith","floor":36,"gold_loss":0,"cards_obtained":["Pain"]},{"damage_healed":0,"gold_gain":0,"player_choice":"Got Potions","damage_taken":0,"max_hp_gain":0,"max_hp_loss":0,"event_name":"Lab","floor":46,"gold_loss":0}],"is_beta":false,"boss_relics":[{"not_picked":["hubris:CrackedHourglass","Sozu"],"picked":"aspiration:SecretTechniqueScroll"},{"not_picked":["Coffee Dripper","conspire:RoyalGoblet"],"picked":"rorgmod:Empty Cage"}],"items_purged_floors":[14,20,38,47],"is_endless":false,"potions_floor_spawned":[2,4,5,21,22,27,30,33,39,42,45,48],"ascension_level":0}}