{"host":"mydft8i2zzydgggw","time":1612864928,"event":{"mods":["AchievementEnabler","BaseMod","Colored Map","Colored Powertips","DeckTracker","Keyboard Shortcuts","Minty Spire (QoL Compilation)","Rare Cards Sparkle","StSLib","SuperFastMode","everything is the same but u backflip on backflip"],"gold_per_floor":[109,109,184,194,194,227,227,242,242,273,288,310,310,326,326,400,400,416,416,4,4,17,17,27,27,50,50,50,50],"floor_reached":28,"language":"KOR","playtime":549,"items_purged":["Strike_B"],"score":452,"play_id":"75937af8-2ba8-4203-b4cf-5d68542bcffd","local_time":"20210209190208","is_ascension_mode":true,"campfire_choices":[{"data":"Dualcast","floor":7,"key":"SMITH"},{"floor":13,"key":"REST"},{"data":"Go for the Eyes","floor":15,"key":"SMITH"},{"floor":23,"key":"REST"},{"floor":25,"key":"REST"}],"circlet_count":0,"master_deck":["AscendersBane","Strike_B","Strike_B","Defend_B","Defend_B","Defend_B","Zap","Dualcast+1","Streamline","Heatsinks","Reinforced Body","Go for the Eyes+1","Machine Learning","Static Discharge","Conserve Battery","Creative AI","Sweeping Beam","Capacitor","Blizzard","Reboot","Coolheaded"],"relics":["Cracked Core","NeowsBlessing","Ornamental Fan","CultistMask","Emotion Chip","The Courier","Gambling Chip","Odd Mushroom","Empty Cage","Calipers","Centennial Puzzle"],"acts_visited":["Exordium","TheCity"],"potions_floor_usage":[10,16,28],"damage_taken":[{"damage":0,"enemies":"2 Louse","floor":1,"turns":1},{"damage":0,"enemies":"Jaw Worm","floor":4,"turns":1},{"damage":0,"enemies":"Lagavulin","floor":6,"turns":1},{"damage":0,"enemies":"Cultist","floor":8,"turns":2},{"damage":17,"enemies":"3 Sentries","floor":10,"turns":7},{"damage":1,"enemies":"3 Louse","floor":11,"turns":4},{"damage":10,"enemies":"The Mushroom Lair","floor":12,"turns":4},{"damage":8,"enemies":"Looter","floor":14,"turns":2},{"damage":17,"enemies":"Hexaghost","floor":16,"turns":10},{"damage":28,"enemies":"2 Thieves","floor":18,"turns":5},{"damage":16,"enemies":"Shell Parasite","floor":22,"turns":6},{"damage":45,"enemies":"3 Cultists","floor":24,"turns":5},{"damage":27,"enemies":"Sentry and Sphere","floor":28,"turns":5}],"seed_played":"-3187886211491074151","potions_obtained":[{"floor":1,"key":"Energy Potion"},{"floor":12,"key":"GamblersBrew"},{"floor":14,"key":"BlessingOfTheForge"},{"floor":18,"key":"SteroidPotion"}],"is_trial":false,"path_per_floor":["M","?","?","M","?","E","R","M","T","E","M","?","R","M","R","B",null,"M","?","$","?","M","R","M","R","T","?","M"],"character_chosen":"DEFECT","items_purchased":["Calipers","Capacitor","Blizzard"],"campfire_rested":3,"item_purchase_floors":[20,20,20],"current_hp_per_floor":[64,53,42,42,42,42,42,42,42,25,24,14,35,27,27,10,56,28,42,42,42,26,47,2,23,23,23,0,0],"gold":50,"neow_bonus":"THREE_ENEMY_KILL","is_daily":false,"chose_seed":false,"campfire_upgraded":2,"win_rate":0.0,"timestamp":1612864928,"path_taken":["M","?","?","M","?","E","R","?","T","E","M","?","R","M","R","BOSS","M","?","$","?","M","R","M","R","T","?","M"],"items_purchased_type":["Relic","Card","Card"],"build_version":"2020-12-22","purchased_purges":1,"victory":false,"max_hp_per_floor":[71,71,71,71,71,71,71,71,71,71,71,71,71,71,71,71,71,71,71,71,71,71,71,71,71,71,71,71,71],"card_choices":[{"not_picked":["Darkness","Stack"],"picked":"Streamline","floor":1},{"not_picked":["Double Energy","Leap"],"picked":"Heatsinks","floor":4},{"not_picked":["Hologram","Steam Power"],"picked":"Reinforced Body","floor":6},{"not_picked":["Beam Cell","Sweeping Beam"],"picked":"Go for the Eyes","floor":8},{"not_picked":["Cold Snap","Coolheaded"],"picked":"Machine Learning","floor":10},{"not_picked":["Tempest","Barrage","Compile Driver"],"picked":"SKIP","floor":11},{"not_picked":["Leap","BootSequence"],"picked":"Static Discharge","floor":12},{"not_picked":["White Noise","Redo"],"picked":"Conserve Battery","floor":14},{"not_picked":["Hyperbeam","Amplify"],"picked":"Creative AI","floor":16},{"not_picked":["Leap","Ball Lightning"],"picked":"Sweeping Beam","floor":18},{"not_picked":["Steam","Go for the Eyes"],"picked":"Reboot","floor":22},{"not_picked":["Doom and Gloom","Consume"],"picked":"Coolheaded","floor":24}],"player_experience":256859,"relics_obtained":[{"floor":6,"key":"Emotion Chip"},{"floor":9,"key":"The Courier"},{"floor":10,"key":"Gambling Chip"},{"floor":12,"key":"Odd Mushroom"},{"floor":26,"key":"Centennial Puzzle"}],"event_choices":[{"damage_healed":0,"gold_gain":0,"player_choice":"Success","damage_taken":11,"relics_obtained":["Ornamental Fan"],"max_hp_gain":0,"max_hp_loss":0,"event_name":"Scrap Ooze","floor":2,"gold_loss":0},{"damage_healed":0,"gold_gain":75,"player_choice":"Gather Gold","damage_taken":11,"max_hp_gain":0,"max_hp_loss":0,"event_name":"World of Goop","floor":3,"gold_loss":0},{"damage_healed":0,"gold_gain":0,"player_choice":"Trade","damage_taken":0,"relics_obtained":["CultistMask"],"max_hp_gain":0,"max_hp_loss":0,"event_name":"FaceTrader","floor":5,"gold_loss":0},{"damage_healed":0,"gold_gain":0,"player_choice":"Fought Mushrooms","damage_taken":0,"max_hp_gain":0,"max_hp_loss":0,"event_name":"Mushrooms","floor":12,"gold_loss":0},{"damage_healed":14,"gold_gain":0,"player_choice":"Heal","damage_taken":0,"max_hp_gain":0,"max_hp_loss":0,"event_name":"The Library","floor":19,"gold_loss":0},{"damage_healed":0,"gold_gain":0,"player_choice":"Ignored","damage_taken":0,"max_hp_gain":0,"max_hp_loss":0,"event_name":"The Mausoleum","floor":21,"gold_loss":0},{"damage_healed":0,"gold_gain":0,"player_choice":"Ignored","damage_taken":0,"max_hp_gain":0,"max_hp_loss":0,"event_name":"Cursed Tome","floor":27,"gold_loss":0}],"is_beta":false,"boss_relics":[{"not_picked":["SacredBark","Calling Bell"],"picked":"Empty Cage"}],"items_purged_floors":[20],"is_endless":false,"potions_floor_spawned":[1,12,14,18],"killed_by":"Sentry and Sphere","ascension_level":16}}