{"host":"mijx6czmnk03eucy","time":1612863677,"event":{"mods":["Aspiration","BaseMod","Better Altar","Better Skull","Better Third Choice","Better-Laid Plans","BetterRewards","Bossed Relics","Challenge The Spire","Colored Map","Colored Powertips","Conspire","Curses Come First","Debug Mod","Disable Question Mark Monsters","Displayed Cursed Tome","Energized Spire","Evolution","Force Act Four","Fox Events","GifTheSpireLib","Googly Eyes","Hermit","Highlight Path","Hubris","Infinite Spire","Jedi Mod","JesterMod","Mimic Mod","Minty Spire (QoL Compilation)","Quick Restart","Rare Cards Sparkle","Relic Filter","Relic Stats","Reliquary","Replay The Spire","SacredBarkPlus","Spicy Shops","Spire Arcade","StS++","StSLib","Stuff the Spire","The Blue Laboratory","The Jungle","Uncapped","Wandering Minibosses","Wide Potions"],"gold_per_floor":[117,117,42,60,60,80,106,106,106,121,21,21,141,174,174,276,276,291,291,291,63,63,63,89,103,103,103,117,136,136,156,156,255,255,274,274,567,567,567,612,612,612,646,646,675,701,63,63,63,63],"floor_reached":51,"language":"ENG","playtime":3995,"items_purged":["Wild Strike","StuffTheSpire:FinalStruggle","Bash","Pommel Strike","Strike_R"],"score":644,"play_id":"fa2ad11a-7daa-4b32-b093-b51455a6b63b","local_time":"20210209094117","is_ascension_mode":false,"campfire_choices":[{"data":"hubris:ReadiedAction","floor":8,"key":"SMITH"},{"data":"Fire Breathing","floor":12,"key":"SMITH"},{"data":"ReplayTheSpireMod:Muscle Training","floor":15,"key":"SMITH"},{"data":"Replay:Fractal Strike","floor":23,"key":"SMITH"},{"data":"ReplayTheSpireMod:Echoes of Time","floor":27,"key":"SMITH"},{"floor":32,"key":"REST"},{"data":"Limit Break","floor":41,"key":"SMITH"},{"data":"StSpp:Succumb","floor":41,"key":"SMITH"},{"data":"StSpp:Succumb","floor":44,"key":"SMITH"},{"data":"infinitespire:Collect","floor":44,"key":"SMITH"}],"circlet_count":0,"master_deck":["Shrug It Off+1","Shrug It Off","Impervious","hubris:ReadiedAction+1","StSpp:StrikeFirst","Blur","StSpp:Succumb+1","hubris:SharpeningStone","Fire Breathing+1","hubris:StunningStrike","StSpp:Succumb+1","Replay:Fractal Strike+1","ReplayTheSpireMod:Echoes of Time+1","infinitespire:Menacing","StSpp:MuscleMemory+1","infinitespire:Collect+1","Limit Break+1","Spot Weakness+1","StSpp:Succumb+1","hubris:Compulsion","Reckless Charge","Writhe","Evolve","Berserk","Bloodletting","hubris:ReadiedAction"],"relics":["Burning Blood","EVO:Axolotl","reliquary:WeakTea","hubris:MysteriousPyramids","Kunai","Replay:Fungal Core","hubris:Zylophone","reliquary:RoseTintedGlasses","Replay:Wax Seal","Shovel","reliquary:Boomerang","jedi:angrymask","Empty Cage","hubris:Icosahedron","Replay:Arrowhead","wanderingMiniBosses:LockLocket","Tiny Chest","Snack Pack","Ring of Chaos","ReplayTheSpireMod:Ring of Exchange","StuffTheSpire:Nightcore","reliquary:FerryPass","Replay:Mystery Machine","energizedSpire:HugeHouse","jedi:ominousloannote","reliquary:Firecrackers"],"acts_visited":["Exordium","theJungle:Jungle","TheBeyond"],"potions_floor_usage":[7,14,16,18],"damage_taken":[{"damage":9,"enemies":"Small Slimes","floor":1,"turns":3},{"damage":11,"enemies":"Jaw Worm","floor":4,"turns":3},{"damage":5,"enemies":"Cultist","floor":6,"turns":4},{"damage":6,"enemies":"3 Sentries","floor":7,"turns":7},{"damage":0,"enemies":"Large Slime","floor":10,"turns":5},{"damage":10,"enemies":"Looter","floor":13,"turns":5},{"damage":6,"enemies":"conspire:MimicChest","floor":14,"turns":5},{"damage":1,"enemies":"Fading Forest","floor":16,"turns":11},{"damage":2,"enemies":"theJungle:MUSHROOMGANG","floor":18,"turns":2},{"damage":11,"enemies":"theJungle:2_Phrogs","floor":24,"turns":4},{"damage":1,"enemies":"theJungle:GiantWrat","floor":25,"turns":4},{"damage":1,"enemies":"theJungle:SlimyTreeVines","floor":28,"turns":5},{"damage":12,"enemies":"theJungle:2_Flameangoes","floor":29,"turns":3},{"damage":1,"enemies":"theJungle:2_Snecko_Cultists","floor":31,"turns":3},{"damage":20,"enemies":"theJungle:FunGuy","floor":33,"turns":7},{"damage":0,"enemies":"3 Darklings","floor":35,"turns":3},{"damage":1,"enemies":"Mind Bloom Boss Battle","floor":37,"turns":4},{"damage":25,"enemies":"R_Hoarder","floor":40,"turns":9},{"damage":3,"enemies":"Orb Walker","floor":43,"turns":5},{"damage":1,"enemies":"Giant Head","floor":45,"turns":4},{"damage":3,"enemies":"Orb Walker","floor":48,"turns":2},{"damage":29,"enemies":"Replay:Hell Engine","floor":50,"turns":3}],"seed_played":"3126379124481130555","potions_obtained":[{"floor":1,"key":"Strength Potion"},{"floor":4,"key":"blueLaboratory:BottleOfVodka"},{"floor":7,"key":"blueLaboratory:HorrorPotion"},{"floor":16,"key":"PowerPotion"},{"floor":18,"key":"jedi:wingpotion"},{"floor":25,"key":"blueLaboratory:NullPotion"},{"floor":28,"key":"blueLaboratory:AbyssPotion"},{"floor":33,"key":"FairyPotion"},{"floor":37,"key":"blueLaboratory:EnragingPotion"}],"is_trial":false,"path_per_floor":["M","?","$","M","?","M","E","R","T","M","$","R","M","?","R","B",null,"M","AVR","?","$","?","R","E","M","T","R","M","M","?","M","R","B",null,"M","?","?","?","AVR","E","R","?","MIM","R","E","T","$","M","R_BF","B",null],"character_chosen":"IRONCLAD","items_purchased":["reliquary:RoseTintedGlasses","Replay:Wax Seal","energizedSpire:HugeHouse","jedi:ominousloannote","Berserk","Bloodletting","reliquary:Firecrackers"],"campfire_rested":1,"item_purchase_floors":[21,21,47,47,47,47,47],"current_hp_per_floor":[99,99,99,94,94,100,100,100,100,102,102,102,98,98,98,102,102,102,102,102,102,84,84,79,84,84,84,94,88,63,68,98,84,102,102,102,102,102,102,90,90,90,97,97,102,102,97,97,97,90],"gold":63,"neow_bonus":"TRANSFORM_TWO_CARDS","is_daily":false,"chose_seed":false,"campfire_upgraded":9,"win_rate":0.0,"timestamp":1612863677,"path_taken":["M","?","$","M","?","M","E","R","T","?","$","R","M","?","R","BOSS","M","AVR","?","$","?","R","E","M","T","R","M","?","?","M","R","BOSS","M","?","?","?","AVR","E","R","?","MIM","R","E","?","$","M","R_BF","BOSS"],"items_purchased_type":["Relic","Relic","Relic","Relic","Card","Card","Relic"],"build_version":"2020-12-22","purchased_purges":5,"victory":true,"max_hp_per_floor":[102,102,102,102,102,102,102,102,102,102,102,102,102,102,102,102,102,102,102,102,102,102,102,102,102,102,102,102,102,102,102,102,102,102,102,102,102,102,102,102,102,102,102,102,102,102,97,97,97,97],"relic_stats":{"Shovel":0,"counters":[22,101],"Tiny Chest":0,"Kunai":[50],"obtain_stats":[{"jedi:angrymask":26,"ReplayTheSpireMod:Ring of Exchange":42,"reliquary:Boomerang":24,"reliquary:Firecrackers":47,"EVO:Axolotl":0,"hubris:MysteriousPyramids":9,"Replay:Mystery Machine":46,"Empty Cage":34,"Burning Blood":0,"reliquary:FerryPass":45,"Shovel":22,"hubris:Icosahedron":36,"Tiny Chest":39,"reliquary:RoseTintedGlasses":21,"energizedSpire:HugeHouse":47,"Kunai":14,"StuffTheSpire:Nightcore":43,"Replay:Wax Seal":21,"wanderingMiniBosses:LockLocket":37,"Replay:Fungal Core":17,"Ring of Chaos":42,"reliquary:WeakTea":7,"Replay:Arrowhead":37,"hubris:Zylophone":19,"jedi:ominousloannote":47,"Snack Pack":40},{"jedi:angrymask":11,"ReplayTheSpireMod:Ring of Exchange":18,"reliquary:Boomerang":10,"reliquary:Firecrackers":20,"EVO:Axolotl":0,"hubris:MysteriousPyramids":4,"Replay:Mystery Machine":20,"Empty Cage":15,"Burning Blood":0,"reliquary:FerryPass":20,"Shovel":9,"hubris:Icosahedron":16,"Tiny Chest":17,"reliquary:RoseTintedGlasses":9,"energizedSpire:HugeHouse":20,"Kunai":7,"StuffTheSpire:Nightcore":19,"Replay:Wax Seal":9,"wanderingMiniBosses:LockLocket":17,"Replay:Fungal Core":8,"Ring of Chaos":18,"reliquary:WeakTea":4,"Replay:Arrowhead":17,"hubris:Zylophone":9,"jedi:ominousloannote":20,"Snack Pack":18},{"jedi:angrymask":53,"ReplayTheSpireMod:Ring of Exchange":87,"reliquary:Boomerang":49,"reliquary:Firecrackers":96,"EVO:Axolotl":0,"hubris:MysteriousPyramids":17,"Replay:Mystery Machine":96,"Empty Cage":71,"Burning Blood":0,"reliquary:FerryPass":96,"Shovel":45,"hubris:Icosahedron":74,"Tiny Chest":78,"reliquary:RoseTintedGlasses":45,"energizedSpire:HugeHouse":96,"Kunai":32,"StuffTheSpire:Nightcore":92,"Replay:Wax Seal":45,"wanderingMiniBosses:LockLocket":78,"Replay:Fungal Core":43,"Ring of Chaos":87,"reliquary:WeakTea":17,"Replay:Arrowhead":78,"hubris:Zylophone":45,"jedi:ominousloannote":96,"Snack Pack":87}],"Burning Blood":103},"card_choices":[{"not_picked":["ReplayTheSpireMod:Limb From Limb","Armaments"],"picked":"hubris:ReadiedAction","floor":1},{"not_picked":["Heavy Blade","jedi:fear","Power Through"],"picked":"SKIP","floor":4},{"not_picked":["jedi:collectorstrike","Perfected Strike"],"picked":"StSpp:Succumb","floor":6},{"not_picked":["Twin Strike","Havoc"],"picked":"hubris:SharpeningStone","floor":7},{"not_picked":["Eclipse","Flex"],"picked":"Fire Breathing","floor":10},{"not_picked":["jedi:fear","Heavy Blade"],"picked":"Replay:Undeath\u0027s Touch","floor":13},{"not_picked":["Pommel Strike","Havoc"],"picked":"ReplayTheSpireMod:Muscle Training","floor":14},{"not_picked":["Fiend Fire","jedi:unlimitedpower"],"picked":"hubris:StunningStrike","floor":16},{"not_picked":["Warcry","Heavy Blade+1"],"picked":"StSpp:Succumb","floor":18},{"not_picked":["Havoc+1","Shrug It Off","Sentinel"],"picked":"SKIP","floor":24},{"not_picked":["ReplayTheSpireMod:Strike From Hell+1","Anger","Sword Boomerang+1"],"picked":"SKIP","floor":25},{"not_picked":["Sword Boomerang+1","StSpp:TheBiggerTheyAre+1","Reaper"],"picked":"SKIP","floor":28},{"not_picked":["Burning Pact","Warcry"],"picked":"StSpp:MuscleMemory+1","floor":29},{"not_picked":["infinitespire:DeathsTouch","ReplayTheSpireMod:Haul"],"picked":"infinitespire:Collect","floor":30},{"not_picked":["Warcry","Cleave+1","StuffTheSpire:Resist"],"picked":"SKIP","floor":31},{"not_picked":["Demon Form","Reaper"],"picked":"Limit Break","floor":33},{"not_picked":["Perfected Strike","StuffTheSpire:Slingshot"],"picked":"Spot Weakness+1","floor":35},{"not_picked":["Pummel","Second Wind+1"],"picked":"StSpp:Succumb+1","floor":40},{"not_picked":["Heavy Blade","Thunderclap+1"],"picked":"Reckless Charge","floor":45},{"not_picked":["Whirlwind+1","Pummel"],"picked":"hubris:ReadiedAction","floor":48}],"player_experience":759214,"relics_obtained":[{"floor":7,"key":"reliquary:WeakTea"},{"floor":9,"key":"hubris:MysteriousPyramids"},{"floor":14,"key":"Kunai"},{"floor":24,"key":"reliquary:Boomerang"},{"floor":26,"key":"jedi:angrymask"},{"floor":37,"key":"Replay:Arrowhead"},{"floor":37,"key":"wanderingMiniBosses:LockLocket"},{"floor":40,"key":"Snack Pack"},{"floor":42,"key":"Ring of Chaos"},{"floor":42,"key":"ReplayTheSpireMod:Ring of Exchange"},{"floor":43,"key":"StuffTheSpire:Nightcore"},{"floor":45,"key":"reliquary:FerryPass"},{"floor":46,"key":"Replay:Mystery Machine"}],"event_choices":[{"damage_healed":0,"gold_gain":0,"player_choice":"Leave","damage_taken":0,"max_hp_gain":0,"max_hp_loss":0,"event_name":"conspire:Investor","floor":20,"gold_loss":0},{"damage_healed":0,"gold_gain":0,"player_choice":"Fight","damage_taken":0,"max_hp_gain":0,"max_hp_loss":0,"event_name":"MindBloom","floor":37,"gold_loss":0}],"is_beta":false,"boss_relics":[{"not_picked":["aspiration:RitualDagger","StSpp:Magatama"],"picked":"Replay:Fungal Core"},{"not_picked":["aspiration:RunicSpoon","jedi:hotpepper"],"picked":"Empty Cage"}],"items_purged_floors":[3,11,19,39,47],"is_endless":false,"potions_floor_spawned":[1,4,7,16,18,25,28,33,37,45],"ascension_level":0}}