{"host":"at0t1xvvdwuey7rt","time":1612850938,"event":{"mods":["BaseMod","Downfall","Minty Spire (QoL Compilation)","StSLib"],"gold_per_floor":[110,110,110,124,134,134,159,159,213,213,213,231,246,261,261,366,416,435,455,15,15,34,34,50,62,89,8,8,8],"floor_reached":28,"language":"ENG","playtime":1434,"items_purged":[],"score":222,"play_id":"5bf1f152-e929-415b-af8f-1a97f4f9eda9","local_time":"20210209000858","is_ascension_mode":false,"campfire_choices":[{"data":"Halt","floor":6,"key":"SMITH"},{"floor":10,"key":"REST"},{"floor":15,"key":"REST"},{"floor":23,"key":"REST"}],"circlet_count":0,"master_deck":["Strike_P","Strike_P","Strike_P","Strike_P","Defend_P","Defend_P","Defend_P","Defend_P","Eruption+1","Vigilance","Alpha+1","CutThroughFate","BattleHymn","Halt+1","EmptyMind","Parasite","Consecrate","BowlingBash","FlurryOfBlows","DevaForm","ForeignInfluence","Wireheading+1","Wallop","Metamorphosis","Nirvana","Sanctity","BowlingBash+1","Devotion"],"relics":["PureWater","Nunchaku","Smiling Mask","Tiny House","Molten Egg 2","Dream Catcher"],"acts_visited":["Exordium","TheCity"],"potions_floor_usage":[16,16,16,18,18,25,28],"damage_taken":[{"damage":0,"enemies":"Small Slimes","floor":1,"turns":4},{"damage":8,"enemies":"Cultist","floor":4,"turns":5},{"damage":6,"enemies":"Jaw Worm","floor":5,"turns":3},{"damage":38,"enemies":"Gremlin Nob","floor":7,"turns":5},{"damage":5,"enemies":"2 Fungi Beasts","floor":12,"turns":3},{"damage":6,"enemies":"Exordium Wildlife","floor":13,"turns":4},{"damage":0,"enemies":"Large Slime","floor":14,"turns":4},{"damage":24,"enemies":"Hexaghost","floor":16,"turns":5},{"damage":0,"enemies":"Shell Parasite","floor":18,"turns":5},{"damage":25,"enemies":"Spheric Guardian","floor":19,"turns":5},{"damage":28,"enemies":"3 Cultists","floor":22,"turns":4},{"damage":3,"enemies":"Snecko","floor":24,"turns":4},{"damage":39,"enemies":"Snake Plant","floor":25,"turns":5},{"damage":5,"enemies":"Shelled Parasite and Fungi","floor":28,"turns":2}],"seed_played":"-3670439744860573685","potions_obtained":[{"floor":12,"key":"hexamod:SoulburnPotion"},{"floor":13,"key":"SneckoOil"},{"floor":14,"key":"Block Potion"},{"floor":16,"key":"Weak Potion"},{"floor":17,"key":"EssenceOfSteel"},{"floor":24,"key":"SpeedPotion"},{"floor":25,"key":"Dexterity Potion"}],"is_trial":false,"path_per_floor":["M","?","?","M","M","R","E","?","T","R","?","M","M","M","R","B",null,"M","M","$","?","M","R","M","M","T","$","M"],"character_chosen":"WATCHER","items_purchased":["Molten Egg 2","Metamorphosis","Devotion"],"campfire_rested":3,"item_purchase_floors":[20,20,27],"current_hp_per_floor":[72,72,72,64,58,58,20,20,20,41,59,54,48,48,69,45,77,77,52,52,52,24,47,44,5,5,5,0,0],"gold":8,"neow_bonus":"ONE_RANDOM_RARE_CARD","is_daily":false,"chose_seed":false,"campfire_upgraded":1,"win_rate":0.0,"timestamp":1612850938,"path_taken":["M","?","?","?","M","R","E","?","T","R","?","M","M","M","R","BOSS","M","M","$","?","M","R","M","M","T","$","M"],"items_purchased_type":["Relic","Card","Card"],"build_version":"2020-12-22","purchased_purges":0,"victory":false,"max_hp_per_floor":[72,72,72,72,72,72,72,72,72,72,72,72,72,72,72,72,77,77,77,77,77,77,77,77,77,77,77,77,77],"card_choices":[{"not_picked":["FollowUp","BowlingBash"],"picked":"CutThroughFate","floor":1},{"not_picked":["Consecrate","ForeignInfluence"],"picked":"BattleHymn","floor":4},{"not_picked":["Protect","EmptyFist"],"picked":"Halt","floor":5},{"not_picked":["JustLucky","Sanctity"],"picked":"EmptyMind","floor":7},{"not_picked":["EmptyFist","FollowUp"],"picked":"Consecrate","floor":12},{"not_picked":["Evaluate","CutThroughFate"],"picked":"BowlingBash","floor":13},{"not_picked":["FlyingSleeves","Evaluate"],"picked":"FlurryOfBlows","floor":14},{"not_picked":["LessonLearned","MasterReality"],"picked":"DevaForm","floor":16},{"not_picked":["Indignation","EmptyFist"],"picked":"ForeignInfluence","floor":17},{"not_picked":["FlurryOfBlows","JustLucky"],"picked":"Wireheading+1","floor":18},{"not_picked":["CarveReality+1","CutThroughFate"],"picked":"Wallop","floor":19},{"not_picked":["Wireheading","ClearTheMind"],"picked":"Nirvana","floor":22},{"not_picked":["WreathOfFlame","PathToVictory"],"picked":"Sanctity","floor":24},{"not_picked":["Tantrum+1","PathToVictory"],"picked":"BowlingBash+1","floor":25}],"player_experience":138998,"relics_obtained":[{"floor":7,"key":"Nunchaku"},{"floor":9,"key":"Smiling Mask"},{"floor":26,"key":"Dream Catcher"}],"event_choices":[{"damage_healed":0,"gold_gain":0,"player_choice":"Ignored","damage_taken":0,"max_hp_gain":0,"max_hp_loss":0,"event_name":"Golden Wing","floor":2,"gold_loss":0},{"damage_healed":0,"gold_gain":0,"player_choice":"Forge","damage_taken":0,"max_hp_gain":0,"max_hp_loss":0,"event_name":"Accursed Blacksmith","floor":3,"gold_loss":0,"cards_upgraded":["Alpha"]},{"damage_healed":0,"gold_gain":0,"player_choice":"Ignored","damage_taken":0,"max_hp_gain":0,"max_hp_loss":0,"event_name":"Shining Light","floor":8,"gold_loss":0},{"damage_healed":18,"gold_gain":0,"player_choice":"Healed and dodged fight","damage_taken":0,"max_hp_gain":0,"max_hp_loss":0,"event_name":"Mushrooms","floor":11,"gold_loss":0,"cards_obtained":["Parasite"]},{"damage_healed":0,"gold_gain":0,"player_choice":"Ignored","damage_taken":0,"max_hp_gain":0,"max_hp_loss":0,"event_name":"Ghosts","floor":21,"gold_loss":0}],"is_beta":false,"boss_relics":[{"not_picked":["Astrolabe","VioletLotus"],"picked":"Tiny House"}],"items_purged_floors":[],"is_endless":false,"potions_floor_spawned":[12,13,14,16,24,25],"killed_by":"Shelled Parasite and Fungi","ascension_level":0}}