{"host":"u6v0z43xi4vbzvq3","time":1612898352,"event":{"mods":["BaseMod","Beaked The Cultist","BetterRewards","Colored Map","Downfall","Googly Eyes","Hermit","Highlight Path","Hubris","Infinite Spire","Minty Spire (QoL Compilation)","Quick Restart","Rare Cards Sparkle","Replay The Spire","Shop Mod","StSLib","SuperFastMode"],"gold_per_floor":[114,194,194,219,237,265,276,294,294,326,33,52,52,71,71,172,172,152,0,19,19,37,37,52,52,52,77,34,34,34,61,61,156,156,172,172,69,162,173,173,198,228,251,251,266,266,266,266,266,266,266],"floor_reached":50,"language":"ENG","playtime":2819,"items_purged":[],"score":545,"play_id":"6ad4af36-2919-450a-a014-67e634899921","local_time":"20210210061912","is_ascension_mode":false,"campfire_choices":[{"data":"hermit:Quickdraw","floor":13.0,"key":"SMITH"},{"floor":15.0,"key":"REST"},{"data":"hermit:Maintenance","floor":23.0,"key":"SMITH"},{"floor":25.0,"key":"REST"},{"floor":30.0,"key":"REST"},{"data":"hermit:Showdown","floor":32.0,"key":"SMITH"},{"data":"infinitespire:Punishment","floor":40.0,"key":"SMITH"},{"floor":46,"key":"REST"}],"circlet_count":0,"master_deck":["hermit:Strike_Hermit","hermit:Strike_Hermit","hermit:Strike_Hermit","hermit:Strike_Hermit","hermit:Defend_Hermit","hermit:Defend_Hermit","hermit:Defend_Hermit","hermit:Defend_Hermit","hermit:Snapshot","hermit:Covet","hermit:Scavenge+1","Delirium","hermit:Ricochet","hermit:Quickdraw","hermit:Desperado","hermit:Ricochet","hermit:FlashPowder","hermit:Feint","hermit:Reprieve","Demon Form","hermit:TakeAim","hermit:BigShot+1","hermit:Ricochet","hermit:Shortfuse","hermit:HighCaliber+1","hermit:Maintenance+1","hermit:Showdown+1","hermit:FullyLoaded+1","hermit:Grudge+1","hermit:ShadowCloak+1","downfall:Bewildered","Looming Evil","hermit:Grudge","hermit:DeadOrAlive","hermit:Misfire+1","hermit:PistolWhip","hermit:Brawl+1","hermit:Dive","hermit:GoldenBullet","hermit:Headshot","hermit:Horror","hermit:FlashPowder","hermit:Snipe+1","hubris:DuctTapeCard","hermit:Deadeye+1","hermit:GhostlyPresence+1","hermit:TrackingShot+1"],"relics":["hermit:Momento","NeowsBlessing","hubris:Zylophone","hubris:TinFlute","hubris:Metronome","Prayer Wheel","beaked:SacredDeck","Bottled Lightning","Blue Doll","Lantern","Black Star","Orichalcum","hubris:DuctTape","infinitespire:Beetle Shell","Pet Ghost"],"acts_visited":["Exordium","TheCity","TheBeyond"],"potions_floor_usage":[50,50],"damage_taken":[{"damage":0.0,"enemies":"Cultist","floor":1.0,"turns":1.0},{"damage":0.0,"enemies":"2 Louse","floor":4.0,"turns":1.0},{"damage":0.0,"enemies":"Small Slimes","floor":5.0,"turns":1.0},{"damage":29.0,"enemies":"Lagavulin","floor":6.0,"turns":4.0},{"damage":0.0,"enemies":"3 Louse","floor":7.0,"turns":5.0},{"damage":1.0,"enemies":"Lots of Slimes","floor":8.0,"turns":5.0},{"damage":9.0,"enemies":"3 Sentries","floor":10.0,"turns":8.0},{"damage":0.0,"enemies":"2 Fungi Beasts","floor":12.0,"turns":2.0},{"damage":0.0,"enemies":"Blue Slaver","floor":14.0,"turns":1.0},{"damage":13.0,"enemies":"Hexaghost","floor":16.0,"turns":9.0},{"damage":16.0,"enemies":"2 Thieves","floor":18.0,"turns":4.0},{"damage":35.0,"enemies":"Chosen","floor":20.0,"turns":7.0},{"damage":40.0,"enemies":"Shelled Parasite and Fungi","floor":22.0,"turns":6.0},{"damage":16.0,"enemies":"Centurion and Healer","floor":24.0,"turns":14.0},{"damage":13.0,"enemies":"Nightmare","floor":27.0,"turns":7.0},{"damage":3.0,"enemies":"Replay:Snechameleon","floor":31.0,"turns":5.0},{"damage":61.0,"enemies":"hubris:MusketHawk","floor":33.0,"turns":10.0},{"damage":0.0,"enemies":"Orb Walker","floor":35.0,"turns":5.0},{"damage":18.0,"enemies":"3 Shapes","floor":39.0,"turns":5.0},{"damage":53.0,"enemies":"Sphere and 2 Shapes","floor":41.0,"turns":8.0},{"damage":5.0,"enemies":"beaked:SuperParasite","floor":42.0,"turns":10.0},{"damage":18,"enemies":"Writhing Mass","floor":45,"turns":8},{"damage":50,"enemies":"Awakened One","floor":50,"turns":13}],"seed_played":"7267321899018905867","potions_obtained":[{"floor":1.0,"key":"Block Potion"},{"floor":4.0,"key":"Death Potion"},{"floor":8.0,"key":"champ:CounterPotion"},{"floor":14.0,"key":"Death Potion"},{"floor":16.0,"key":"hermit:Tonic"},{"floor":18.0,"key":"hermit:BlackBile"},{"floor":24.0,"key":"Explosive Potion"},{"floor":33.0,"key":"Weak Potion"},{"floor":39.0,"key":"Milkshake"},{"floor":49,"key":"CultistPotion"},{"floor":49,"key":"SneckoOil"}],"is_trial":false,"path_per_floor":["M","?","?","M","M","E","M","M","T","E","$","M","R","M","R","B",null,"M","?","M","?","M","R","M","R","T","NM","$","?","R","E","R_BF","B",null,"M","?","$","?","M","R","M","E","T","$","M","R","$","?","R_BF","B"],"character_chosen":"HERMIT","items_purchased":["Prayer Wheel","hermit:ShadowCloak+1","hermit:Brawl+1","hermit:Dive"],"campfire_rested":4,"item_purchase_floors":[11,28,37,37],"current_hp_per_floor":[75,75,75,75,75,46,46,45,45,36,36,36,36,36,58,45,75,59,59,24,85,49,49,33,58,58,45,45,45,70,67,67,6,85,85,85,85,85,67,67,30,33,33,33,15,40,40,40,40,0,0],"gold":266,"neow_bonus":"THREE_ENEMY_KILL","is_daily":false,"chose_seed":false,"campfire_upgraded":4,"win_rate":0.0,"timestamp":1612898352,"path_taken":["M","?","?","M","M","E","M","?","T","E","$","M","R","M","R","BOSS","M","?","M","?","?","R","M","R","T","NM","$","?","R","E","R_BF","BOSS","M","?","$","?","M","R","M","E","T","$","?","R","?","?","R_BF","BOSS"],"items_purchased_type":["Relic","Card","Card","Card"],"build_version":"2020-12-22","purchased_purges":0,"victory":false,"max_hp_per_floor":[75,75,75,75,75,75,75,75,75,75,75,75,75,75,75,75,75,75,75,75,85,85,85,85,85,85,85,85,85,85,85,85,85,85,85,85,85,85,85,85,85,85,85,85,85,85,85,85,85,85,85],"card_choices":[{"not_picked":["hermit:Desperado","hermit:Horror"],"picked":"hermit:Scavenge","floor":1.0},{"not_picked":["hermit:SprayPray","hermit:Roulette"],"picked":"hermit:Ricochet","floor":4.0},{"not_picked":["hermit:Grudge","hermit:TrackingShot"],"picked":"hermit:Quickdraw","floor":5.0},{"not_picked":["hermit:Roughhouse","hermit:Ricochet"],"picked":"hermit:Desperado","floor":6.0},{"not_picked":["hermit:ItchyTrigger","hermit:Ricochet","hermit:Roulette"],"picked":"SKIP","floor":7.0},{"not_picked":["hermit:Vantage","hermit:Ricochet"],"picked":"hermit:Quickdraw","floor":8.0},{"not_picked":["hermit:TakeCover","hermit:LuckOfTheDraw"],"picked":"hermit:SprayPray","floor":10.0},{"not_picked":["hermit:Feint","hermit:ItchyTrigger"],"picked":"hermit:Ricochet","floor":12.0},{"not_picked":["hermit:Desperado","hermit:Headshot"],"picked":"hermit:FlashPowder","floor":12.0},{"not_picked":["hermit:WideOpen","hermit:Vantage"],"picked":"hermit:Feint","floor":14.0},{"not_picked":["hermit:LowProfile","hermit:HoleUp"],"picked":"hermit:Dissolve","floor":14.0},{"not_picked":["hermit:OverwhelmingPower","hermit:HighNoon"],"picked":"hermit:Reprieve","floor":16.0},{"not_picked":["hermit:Desperado+1","hermit:Showdown"],"picked":"hermit:TakeAim","floor":18.0},{"not_picked":["hermit:LuckOfTheDraw","hermit:ItchyTrigger"],"picked":"hermit:BigShot+1","floor":18.0},{"not_picked":["hermit:HighCaliber","hermit:Manifest"],"picked":"hermit:Ricochet","floor":20.0},{"not_picked":["hermit:HeroicBravado","hermit:Enervate"],"picked":"hermit:Shortfuse","floor":20.0},{"not_picked":["hermit:HoleUp","hermit:LowProfile"],"picked":"hermit:HighCaliber+1","floor":22.0},{"not_picked":["hermit:BodyArmor","hermit:WideOpen+1"],"picked":"hermit:Maintenance","floor":22.0},{"not_picked":["hermit:LoneWolf","hermit:PistolWhip"],"picked":"hermit:Showdown","floor":24.0},{"not_picked":["hermit:Glare","hermit:Virtue+1"],"picked":"hermit:FullyLoaded+1","floor":24.0},{"not_picked":["hermit:Spite","hermit:RoundhouseKick"],"picked":"hermit:Grudge+1","floor":27.0},{"not_picked":["infinitespire:Execution","infinitespire:SevenWalls"],"picked":"infinitespire:Punishment","floor":29.0},{"not_picked":["hermit:Maintenance","hermit:NoHoldsBarred"],"picked":"hermit:Grudge","floor":31.0},{"not_picked":["hermit:FatalDesire","hermit:EternalForm"],"picked":"hermit:DeadOrAlive","floor":33.0},{"not_picked":["hermit:Manifest+1","hermit:Ricochet"],"picked":"hermit:Misfire+1","floor":35.0},{"not_picked":["hermit:Shortfuse+1","hermit:Midnight"],"picked":"hermit:PistolWhip","floor":35.0},{"not_picked":["hermit:Manifest+1","hermit:ShadowCloak"],"picked":"hermit:GoldenBullet","floor":38.0},{"not_picked":["hermit:Gestalt+1","hermit:ItchyTrigger"],"picked":"hermit:Headshot","floor":38.0},{"not_picked":["hermit:Shortfuse+1","hermit:Roulette"],"picked":"hermit:Horror","floor":39.0},{"not_picked":["hermit:Midnight","hermit:Grudge+1"],"picked":"hermit:FlashPowder","floor":39.0},{"not_picked":["hermit:Virtue+1","hermit:Magnum"],"picked":"hermit:Snipe+1","floor":41.0},{"not_picked":["hermit:Feint+1","hermit:CalledShot+1","hermit:Manifest"],"picked":"SKIP","floor":41.0},{"not_picked":["hermit:Coalescence","hermit:Shortfuse+1"],"picked":"hermit:Deadeye+1","floor":42},{"not_picked":["hermit:Dissolve","hermit:DeadMansHand"],"picked":"hermit:GhostlyPresence+1","floor":45},{"not_picked":["hermit:Virtue","hermit:Shortfuse+1"],"picked":"hermit:TrackingShot+1","floor":45}],"player_experience":131839,"relics_obtained":[{"floor":6.0,"key":"hubris:Zylophone"},{"floor":9.0,"key":"hubris:TinFlute"},{"floor":10.0,"key":"hubris:Metronome"},{"floor":26.0,"key":"Bottled Lightning"},{"floor":27.0,"key":"Blue Doll"},{"floor":31.0,"key":"Lantern"},{"floor":38.0,"key":"Orichalcum"},{"floor":42,"key":"hubris:DuctTape"},{"floor":42,"key":"infinitespire:Beetle Shell"},{"floor":43,"key":"Pet Ghost"}],"event_choices":[{"damage_healed":0.0,"max_hp_gain":0.0,"max_hp_loss":0.0,"gold_gain":0.0,"event_name":"Upgrade Shrine","player_choice":"Upgraded","floor":3.0,"gold_loss":0.0,"damage_taken":0.0,"cards_upgraded":["hermit:Scavenge"]},{"damage_healed":0.0,"max_hp_gain":0.0,"max_hp_loss":0.0,"gold_gain":0.0,"event_name":"Masked Bandits","player_choice":"Paid Fearfully","floor":19.0,"gold_loss":152.0,"damage_taken":0.0},{"cards_removed":["hermit:Dissolve"],"damage_healed":51.0,"max_hp_gain":10.0,"max_hp_loss":0.0,"gold_gain":0.0,"event_name":"Bonfire Elementals","player_choice":"Offered Rare","floor":21.0,"gold_loss":0.0,"damage_taken":0.0},{"cards_removed":["hermit:SprayPray"],"damage_healed":0.0,"max_hp_gain":0.0,"max_hp_loss":0.0,"gold_gain":0.0,"event_name":"Falling","player_choice":"Removed Attack","floor":36.0,"gold_loss":0.0,"damage_taken":0.0}],"is_beta":false,"boss_relics":[{"not_picked":["Cursed Key","Runic Pyramid"],"picked":"beaked:SacredDeck"},{"not_picked":["hubris:VirtuousBlindfold","Replay:Drink Me"],"picked":"Black Star"}],"items_purged_floors":[],"is_endless":true,"potions_floor_spawned":[1,4,8,14,16,18,24,33,39],"killed_by":"Awakened One","ascension_level":0}}