{"host":"iph0xvuia0glosgr","time":1612894015,"event":{"mods":["AchievementEnabler","BaseMod","Minty Spire (QoL Compilation)"],"gold_per_floor":[118,193,207,207,207,241,241,283,309,38,25,45,84,84,84,188,188,213,20,20,48,75,109,109,109],"floor_reached":24,"language":"ENG","playtime":2035,"items_purged":[],"score":233,"play_id":"0bc2edd6-1d47-434f-b8de-8995b9b87076","local_time":"20210209180655","is_ascension_mode":true,"campfire_choices":[{"floor":7,"key":"REST"},{"floor":15,"key":"REST"}],"circlet_count":0,"master_deck":["Strike_G","Strike_G+1","Strike_G","Strike_G+1","Strike_G","Defend_G","Defend_G","Defend_G","Defend_G","Defend_G","Survivor","Neutralize","Sucker Punch","Infinite Blades+1","Flying Knee","Caltrops","Cloak And Dagger","All Out Attack","Caltrops","PiercingWail","Infinite Blades","Poisoned Stab","Phantasmal Killer","PiercingWail","Poisoned Stab","Deflect","Slice+1","Envenom"],"relics":["Ring of the Snake","Whetstone","Tiny Chest","CeramicFish","Juzu Bracelet","PreservedInsect","Odd Mushroom","WristBlade","Snake Skull","Art of War","Orichalcum"],"acts_visited":["Exordium","TheCity"],"potions_floor_usage":[13,16,16,23,24],"damage_taken":[{"damage":2,"enemies":"2 Louse","floor":1,"turns":3},{"damage":0,"enemies":"Jaw Worm","floor":3,"turns":4},{"damage":28,"enemies":"3 Sentries","floor":6,"turns":8},{"damage":17,"enemies":"Gremlin Nob","floor":8,"turns":5},{"damage":2,"enemies":"Small Slimes","floor":12,"turns":2},{"damage":20,"enemies":"The Mushroom Lair","floor":13,"turns":5},{"damage":28,"enemies":"The Guardian","floor":16,"turns":12},{"damage":4,"enemies":"Chosen","floor":18,"turns":3},{"damage":21,"enemies":"Shell Parasite","floor":21,"turns":5},{"damage":29,"enemies":"Centurion and Healer","floor":22,"turns":8},{"damage":12,"enemies":"Slavers","floor":23,"turns":6},{"damage":4,"enemies":"Snecko","floor":24,"turns":3}],"seed_played":"-5899663054455654616","potions_obtained":[{"floor":3,"key":"Swift Potion"},{"floor":8,"key":"SkillPotion"},{"floor":13,"key":"FearPotion"},{"floor":22,"key":"Energy Potion"},{"floor":23,"key":"EssenceOfSteel"}],"is_trial":false,"path_per_floor":["M","?","M","T","?","E","R","E","T","$","$","M","?","?","R","B",null,"M","$","T","M","M","E","M"],"character_chosen":"THE_SILENT","items_purchased":["Cloak And Dagger","All Out Attack","PreservedInsect","Caltrops","PiercingWail","Snake Skull","Poisoned Stab"],"campfire_rested":2,"item_purchase_floors":[10,10,10,10,11,19,19],"current_hp_per_floor":[68,57,57,57,57,29,50,33,33,33,33,31,11,11,32,4,70,66,66,66,45,16,4,0,0],"gold":109,"neow_bonus":"RANDOM_COMMON_RELIC","is_daily":false,"chose_seed":false,"campfire_upgraded":0,"win_rate":0.0,"timestamp":1612894015,"path_taken":["M","?","M","?","?","E","R","E","T","?","$","M","?","?","R","BOSS","M","$","?","M","M","E","M"],"items_purchased_type":["Card","Card","Relic","Card","Card","Relic","Card"],"build_version":"2020-12-22","purchased_purges":0,"victory":false,"max_hp_per_floor":[70,70,70,70,70,70,70,70,70,70,70,70,70,70,70,70,70,70,70,70,70,70,70,70,70],"card_choices":[{"not_picked":["Quick Slash","Dodge and Roll"],"picked":"Sucker Punch","floor":1},{"not_picked":["Caltrops","Reflex"],"picked":"Infinite Blades","floor":3},{"not_picked":["Doppelganger","Quick Slash"],"picked":"Flying Knee","floor":6},{"not_picked":["Deadly Poison","Bane"],"picked":"Caltrops","floor":8},{"not_picked":["Backstab","PiercingWail"],"picked":"Infinite Blades","floor":12},{"not_picked":["Choke","Storm of Steel"],"picked":"Poisoned Stab","floor":13},{"not_picked":["Night Terror","Adrenaline"],"picked":"Phantasmal Killer","floor":16},{"not_picked":["Crippling Poison","Outmaneuver"],"picked":"PiercingWail","floor":18},{"not_picked":["Bane","Flying Knee"],"picked":"Deflect","floor":21},{"not_picked":["Backflip+1","Prepared+1"],"picked":"Slice+1","floor":22},{"not_picked":["Deflect+1","Endless Agony+1"],"picked":"Envenom","floor":23}],"player_experience":333539,"relics_obtained":[{"floor":6,"key":"Tiny Chest"},{"floor":8,"key":"CeramicFish"},{"floor":9,"key":"Juzu Bracelet"},{"floor":13,"key":"Odd Mushroom"},{"floor":20,"key":"Art of War"},{"floor":23,"key":"Orichalcum"}],"event_choices":[{"damage_healed":0,"gold_gain":75,"player_choice":"Gather Gold","damage_taken":11,"max_hp_gain":0,"max_hp_loss":0,"event_name":"World of Goop","floor":2,"gold_loss":0},{"damage_healed":0,"gold_gain":0,"player_choice":"Grow","damage_taken":0,"max_hp_gain":0,"max_hp_loss":0,"event_name":"Living Wall","floor":5,"gold_loss":0,"cards_upgraded":["Infinite Blades"]},{"damage_healed":0,"gold_gain":0,"player_choice":"Fought Mushrooms","damage_taken":0,"max_hp_gain":0,"max_hp_loss":0,"event_name":"Mushrooms","floor":13,"gold_loss":0},{"damage_healed":0,"gold_gain":0,"player_choice":"Ignored","damage_taken":0,"max_hp_gain":0,"max_hp_loss":0,"event_name":"Shining Light","floor":14,"gold_loss":0}],"is_beta":false,"boss_relics":[{"not_picked":["Calling Bell","Runic Dome"],"picked":"WristBlade"}],"items_purged_floors":[],"is_endless":false,"potions_floor_spawned":[3,8,13,22,23],"killed_by":"Snecko","ascension_level":1}}