{"host":"18ybagvpjbhxblmx","time":1612861109,"event":{"mods":["BaseMod","BetterRewards","Colored Map","Conspire","Friendly Minions","Hubris","Infinite Spire","Marisa????????","Minty Spire (QoL Compilation)","Quick Restart","Replay The Spire","StSLib","The Administrix","The Runesmith","The Servant 0.9.4"],"gold_per_floor":[112,132,151,167,180,210,210,237,263,279,279,307,319,394,394,495,495,510,526,537,547,561,561,588,357,383,416,442,542,568,587,587,689,689,689],"floor_reached":34,"language":"ENG","playtime":3630,"items_purged":["Strike_S"],"score":589,"play_id":"b6788db5-5196-4a63-8fa8-ba79bfb5fe12","local_time":"20210209095829","is_ascension_mode":true,"campfire_choices":[{"floor":7.0,"key":"REST"},{"data":"Solidify","floor":11.0,"key":"SMITH"},{"floor":15.0,"key":"REST"},{"data":"Embodiment","floor":23.0,"key":"SMITH"},{"data":"Solidify","floor":32.0,"key":"SMITH"}],"circlet_count":0,"master_deck":["Strike_S","Strike_S","Strike_S","Defend_S","Defend_S","Defend_S","Defend_S","KidneyShot","Exchange","Gouge","FanOfKnives","Solidify+1","InstantArmor","KillingDoll","BottledTime","BottledTime","Solidify+1","Embodiment+1","Rearm"],"relics":["Uniform","PocketWatch","Oddly Smooth Stone","conspire:TreasureMap","PreservedInsect","Vajra","infinitespire:Bottled Soul","Replay:Rubber Ducky","Prayer Wheel","infinitespire:Cupcake","infinitespire:CursedDice","Bag of Preparation","conspire:DecoderRing","Gremlin Horn","Red Mask","Pocketwatch"],"acts_visited":["Exordium","TheCity"],"potions_floor_usage":[],"damage_taken":[{"damage":2.0,"enemies":"Jaw Worm","floor":1.0,"turns":4.0},{"damage":0.0,"enemies":"2 Louse","floor":2.0,"turns":2.0},{"damage":0.0,"enemies":"Cultist","floor":3.0,"turns":3.0},{"damage":7.0,"enemies":"Lots of Slimes","floor":4.0,"turns":5.0},{"damage":0.0,"enemies":"Blue Slaver","floor":5.0,"turns":5.0},{"damage":0.0,"enemies":"Lagavulin","floor":6.0,"turns":3.0},{"damage":6.0,"enemies":"Gremlin Nob","floor":8.0,"turns":3.0},{"damage":0.0,"enemies":"Gremlin Gang","floor":10.0,"turns":2.0},{"damage":0.0,"enemies":"Lagavulin","floor":12.0,"turns":3.0},{"damage":0.0,"enemies":"Looter","floor":13.0,"turns":2.0},{"damage":41.0,"enemies":"Fading Forest","floor":16.0,"turns":11.0},{"damage":0.0,"enemies":"Shell Parasite","floor":18.0,"turns":3.0},{"damage":8.0,"enemies":"2 Thieves","floor":19.0,"turns":5.0},{"damage":1.0,"enemies":"Shelled Parasite and Fungi","floor":20.0,"turns":3.0},{"damage":0.0,"enemies":"Chosen and Byrds","floor":21.0,"turns":4.0},{"damage":0.0,"enemies":"Centurion and Healer","floor":22.0,"turns":9.0},{"damage":0.0,"enemies":"Book of Stabbing","floor":24.0,"turns":4.0},{"damage":0.0,"enemies":"Gremlin Leader","floor":27.0,"turns":3.0},{"damage":0.0,"enemies":"Masked Bandits","floor":28.0,"turns":4.0},{"damage":0.0,"enemies":"Nightmare","floor":30.0,"turns":4.0},{"damage":0.0,"enemies":"Snake Plant","floor":31.0,"turns":4.0},{"damage":36.0,"enemies":"hubris:MusketHawk","floor":33.0,"turns":7.0}],"seed_played":"-4708432355453489912","potions_obtained":[{"floor":4.0,"key":"FairyPotion"},{"floor":12.0,"key":"Explosive Potion"},{"floor":16.0,"key":"Elixir"},{"floor":20.0,"key":"Energy Potion"}],"is_trial":false,"path_per_floor":["M","M","M","M","M","E","R","E","T","M","R","E","M","?","R","B",null,"M","M","M","M","M","R","E","$","T","E","?","?","NM","M","R","B",null],"character_chosen":"THE_SERVANT","items_purchased":["Gouge","Oddly Smooth Stone","conspire:TreasureMap","PreservedInsect","FanOfKnives","Bag of Preparation"],"campfire_rested":2,"item_purchase_floors":[0,0,0,0,0,25],"current_hp_per_floor":[32,32,32,25,25,25,44,38,38,38,38,38,38,27,46,5,65,65,57,56,56,56,56,56,56,56,56,56,56,56,56,56,20,20,20],"gold":689,"neow_bonus":"","is_daily":false,"chose_seed":false,"campfire_upgraded":3,"win_rate":0.0,"timestamp":1612861109,"path_taken":["M","M","M","M","M","E","R","E","T","M","R","E","M","?","R","BOSS","M","M","M","M","M","R","E","$","T","E","?","?","NM","M","R","BOSS"],"items_purchased_type":["Card","Relic","Relic","Relic","Card","Relic"],"build_version":"2020-12-22","purchased_purges":1,"victory":false,"max_hp_per_floor":[65,65,65,65,65,65,65,65,65,65,65,65,65,65,65,65,65,65,65,65,65,65,65,65,65,65,65,65,65,65,65,65,65,65,65],"card_choices":[{"not_picked":["Potential","Revamp","Starlight"],"picked":"SKIP","floor":1.0},{"not_picked":["Defy","Ricochet"],"picked":"Solidify","floor":2.0},{"not_picked":["Manipulate","FastForward","Ricochet"],"picked":"SKIP","floor":3.0},{"not_picked":["Revamp","Rewind","Collapse"],"picked":"SKIP","floor":4.0},{"not_picked":["ShatteredReality","Rewind"],"picked":"InstantArmor","floor":5.0},{"not_picked":["Deadline","Orbit","Moondial"],"picked":"SKIP","floor":6.0},{"not_picked":["Shuttle","InstantArmor","ShiftingGears"],"picked":"SKIP","floor":8.0},{"not_picked":["DancingSilver","Orbit","Revamp"],"picked":"SKIP","floor":10.0},{"not_picked":["SpecialFormula","TimeWarp"],"picked":"KillingDoll","floor":12.0},{"not_picked":["Comet","InstantArmor"],"picked":"BottledTime","floor":13.0},{"not_picked":["DoubleEdge","Barrier"],"picked":"BottledTime","floor":13.0},{"not_picked":["Dilation","MurderousAura"],"picked":"Solidify","floor":16.0},{"not_picked":["TimeWarp","Gouge+1","Desolation+1"],"picked":"SKIP","floor":18.0},{"not_picked":["Spin","Hightail","FanOfKnives"],"picked":"SKIP","floor":18.0},{"not_picked":["Starlight","BottledTime","FastForward"],"picked":"SKIP","floor":19.0},{"not_picked":["Gouge","Ricochet","TimeWarp"],"picked":"SKIP","floor":19.0},{"not_picked":["Rearm","Luminosity+1"],"picked":"Embodiment","floor":20.0},{"not_picked":["Revamp","Potential+1","Desolation+1"],"picked":"SKIP","floor":20.0},{"not_picked":["WasteNot","Unruled","Potential"],"picked":"SKIP","floor":21.0},{"not_picked":["Luminosity","Revamp","Spin+1"],"picked":"SKIP","floor":21.0},{"not_picked":["Rewind","FastForward+1"],"picked":"Rearm","floor":22.0},{"not_picked":["FastForward","Defy+1","Read+1"],"picked":"SKIP","floor":22.0},{"not_picked":["Starlight","TimeWarp","Rearm"],"picked":"SKIP","floor":24.0},{"not_picked":["BestPractice","Ricochet","Solidify"],"picked":"SKIP","floor":27.0},{"not_picked":["BestPractice+1","Starlight","Ricochet+1"],"picked":"SKIP","floor":30.0},{"not_picked":["FastForward","Unruled","FanOfKnives+1"],"picked":"SKIP","floor":31.0},{"not_picked":["Alleviate","TimeWarp","Rearm"],"picked":"SKIP","floor":31.0}],"player_experience":293172,"relics_obtained":[{"floor":6.0,"key":"Vajra"},{"floor":8.0,"key":"infinitespire:Bottled Soul"},{"floor":9.0,"key":"Replay:Rubber Ducky"},{"floor":12.0,"key":"Prayer Wheel"},{"floor":24.0,"key":"infinitespire:CursedDice"},{"floor":26.0,"key":"conspire:DecoderRing"},{"floor":27.0,"key":"Gremlin Horn"},{"floor":28.0,"key":"Red Mask"},{"floor":30.0,"key":"Pocketwatch"}],"event_choices":[{"damage_healed":0.0,"max_hp_gain":0.0,"max_hp_loss":0.0,"gold_gain":75.0,"event_name":"World of Goop","player_choice":"Gather Gold","floor":14.0,"gold_loss":0.0,"damage_taken":11.0},{"damage_healed":0.0,"max_hp_gain":0.0,"max_hp_loss":0.0,"gold_gain":0.0,"event_name":"Masked Bandits","player_choice":"Fought Bandits","floor":28.0,"gold_loss":0.0,"damage_taken":0.0},{"damage_healed":0.0,"max_hp_gain":0.0,"max_hp_loss":0.0,"gold_gain":100.0,"event_name":"Golden Shrine","player_choice":"Pray","floor":29.0,"gold_loss":0.0,"damage_taken":0.0}],"is_beta":false,"boss_relics":[{"not_picked":["hubris:RunicObelisk","Replay:Bronze Core"],"picked":"infinitespire:Cupcake"}],"items_purged_floors":[25],"is_endless":false,"potions_floor_spawned":[4,10,12,16,18,19,20,27,30,33],"ascension_level":1}}