{"host":"awrw1gk2acwismlg","time":1612832899,"event":{"mods":["ATMod(阿瑾Mod)","Aspiration","BaseMod","Bestiary","Challenge The Spire","Conspire","Downfall","Energized Spire","Hermit","Jedi Mod","Marked Mod","Minty Spire (QoL Compilation)","Morshu Shopkeeper","Morshu Shopkeeper - ENHANCED","Quarter Circle Forward PUNCH!","Reliquary","Remilia_Scarlet Moed（蕾米莉亚・斯卡雷特）3.3.5","Replay The Spire","SIMod","Shop Mod","Small Relic Pack","StSLib","The Bug Knight","The Cursed","Warlord Emblem","Wide Potions","Yakumo Yukari mod","【遗物卡牌】REMEMod","篝火指南"],"gold_per_floor":[109,34,34,50,62,62,89,89,89,89,89,89],"floor_reached":11,"language":"ZHS","playtime":725,"items_purged":["Strike_B"],"score":78,"play_id":"0ebe4035-77f1-4c32-ac99-31ee2ca15749","local_time":"20210209090819","is_ascension_mode":true,"campfire_choices":[{"data":"AT_ThreeBodyProblem","floor":6,"key":"SMITH"},{"data":"Zap","floor":8,"key":"SMITH"}],"circlet_count":0,"master_deck":["Strike_B","Strike_B","Strike_B","Defend_B","Defend_B","Defend_B","Defend_B","Zap+1","Dualcast","AT_ThreeBodyProblem+1","Defend_B","jedi:BurstLightning","Redo+1"],"relics":["Cracked Core","REME_ComplimentaryCards","AT_ATBox","aspiration:Nostalgia","hermit:Momento","reliquary:Aerogel","Peace Pipe"],"acts_visited":["Exordium"],"potions_floor_usage":[7],"damage_taken":[{"damage":1,"enemies":"Cultist","floor":1,"turns":3},{"damage":1,"enemies":"2 Louse","floor":4,"turns":2},{"damage":6,"enemies":"Jaw Worm","floor":5,"turns":4},{"damage":31,"enemies":"HollowMod:MossKnight","floor":7,"turns":12},{"damage":45,"enemies":"Lagavulin","floor":11,"turns":6}],"seed_played":"-1357470677473807459","potions_obtained":[{"floor":1,"key":"SteroidPotion"}],"is_trial":false,"path_per_floor":["M","$","?","M","M","R","E","R","T","?","E"],"character_chosen":"DEFECT","items_purchased":[],"campfire_rested":0,"item_purchase_floors":[],"current_hp_per_floor":[74,74,74,73,67,67,36,36,36,36,0,0],"gold":89,"neow_bonus":"NOSTALGIA","is_daily":false,"chose_seed":false,"campfire_upgraded":2,"win_rate":0.0,"timestamp":1612832899,"path_taken":["M","?","?","?","M","R","E","R","T","?","E"],"items_purchased_type":[],"build_version":"2020-12-22","purchased_purges":1,"victory":false,"max_hp_per_floor":[75,75,75,75,75,75,75,75,75,75,75,75],"card_choices":[{"not_picked":["Compile Driver","Hello World","Barrage"],"picked":"SKIP","floor":1},{"not_picked":["Turbo","Sweeping Beam"],"picked":"jedi:BurstLightning","floor":4},{"not_picked":["Cold Snap","Stack"],"picked":"Redo","floor":5},{"not_picked":["Compile Driver","jedi:BurstFrost","AT_DarkMatter"],"picked":"SKIP","floor":7}],"player_experience":93290,"relics_obtained":[{"floor":7,"key":"reliquary:Aerogel"},{"floor":9,"key":"Peace Pipe"}],"event_choices":[{"damage_healed":0,"gold_gain":0,"player_choice":"Grow","damage_taken":0,"max_hp_gain":0,"max_hp_loss":0,"event_name":"Living Wall","floor":10,"gold_loss":0,"cards_upgraded":["Redo"]}],"is_beta":false,"boss_relics":[],"items_purged_floors":[2],"is_endless":false,"potions_floor_spawned":[1],"killed_by":"Lagavulin","ascension_level":2}}