{"host":"o98f72bjn8jxgroo","time":1612835431,"event":{"mods":["Act Like it!","BaseMod","GifTheSpireLib","Jedi Mod","Minty Spire (QoL Compilation)","Morshu Shopkeeper","Relic Stats","Smile Girya","Spicy Shops","StSLib","The Blackbeard","The Judge","The Saiyan","TheHero"],"gold_per_floor":[114,114,114,132,150,150,185,202,229,240,240,250,267,310,310,435,435,482,192,238,153,153,184,184,225,249,249,25,43,43,43,43,170,170,220,220,220,267,313,235,235,235,235,280,31,31,31,49,49,49],"floor_reached":51,"language":"PTB","playtime":4523,"items_purged":[],"score":819,"play_id":"ac03a8ce-5b5f-4088-92d3-c4c50b231cab","local_time":"20210208235031","is_ascension_mode":false,"campfire_choices":[{"data":"animeID:Momo","floor":6,"key":"SMITH"},{"data":"animeID:Uraraka","floor":11,"key":"SMITH"},{"data":"animeID:GentleCriminal","floor":15,"key":"SMITH"},{"data":"animeID:Kirishima","floor":24,"key":"SMITH"},{"data":"animeID:Hatsume","floor":27,"key":"SMITH"},{"floor":32,"key":"REST"},{"data":"animeID:Crystallize","floor":42,"key":"SMITH"},{"data":"animeID:Cementoss","floor":46,"key":"SMITH"},{"data":"animeID:Aoyama","floor":49,"key":"SMITH"}],"circlet_count":0,"master_deck":["animeID:Deku+1","animeID:Bakugo+1","animeID:Smash+1","animeID:Smash+1","animeID:Smash+1","animeID:Smash+1","animeID:DefendMH+1","animeID:DefendMH+1","animeID:DefendMH+1","animeID:DefendMH+1","animeID:PresentMic+1","animeID:Kirishima+1","animeID:Momo+1","animeID:TetsuTetsu+1","animeID:Uraraka+1","animeID:Stain+1","animeID:GentleCriminal+1","animeID:ShootStyle+1","animeID:Chisaki+1","animeID:Mina+1","animeID:GranTorino+1","animeID:Hatsume+1","animeID:Kendo+1","animeID:Kurono+1","Necronomicurse","animeID:Hawks+1","animeID:Dabi+1","animeID:Crystallize+1","animeID:Aoyama+1","animeID:Cementoss+1","Flash of Steel"],"relics":["animeID:HeroCostume","InkBottle","Toy Ornithopter","Tiny Chest","SlaversCollar","Incense Burner","Potion Belt","StoneCalendar","Akabeko","Nunchaku","PreservedInsect","Necronomicon","Coffee Dripper","Mark of the Bloom","jedi:gremlinknob","Frozen Eye","Singing Bowl","jedi:shrinkray","Lizard Tail"],"acts_visited":["Exordium","TheCity","TheBeyond"],"potions_floor_usage":[10,16,23,25,50,50],"damage_taken":[{"damage":11,"enemies":"Jaw Worm","floor":1,"turns":3},{"damage":0,"enemies":"Cultist","floor":4,"turns":2},{"damage":8,"enemies":"Small Slimes","floor":5,"turns":3},{"damage":24,"enemies":"Lagavulin","floor":7,"turns":7},{"damage":9,"enemies":"3 Louse","floor":8,"turns":3},{"damage":5,"enemies":"Looter","floor":10,"turns":4},{"damage":1,"enemies":"2 Fungi Beasts","floor":12,"turns":2},{"damage":0,"enemies":"3 Louse","floor":13,"turns":1},{"damage":19,"enemies":"Exordium Wildlife","floor":14,"turns":5},{"damage":2,"enemies":"The Guardian","floor":16,"turns":13},{"damage":12,"enemies":"Shell Parasite","floor":18,"turns":8},{"damage":34,"enemies":"Spheric Guardian","floor":20,"turns":6},{"damage":57,"enemies":"Slavers","floor":23,"turns":7},{"damage":10,"enemies":"Centurion and Healer","floor":25,"turns":8},{"damage":29,"enemies":"Shelled Parasite and Fungi","floor":29,"turns":5},{"damage":80,"enemies":"Champ","floor":33,"turns":13},{"damage":36,"enemies":"3 Shapes","floor":35,"turns":7},{"damage":23,"enemies":"Orb Walker","floor":38,"turns":5},{"damage":4,"enemies":"4 Shapes","floor":39,"turns":4},{"damage":10,"enemies":"3 Darklings","floor":44,"turns":4},{"damage":23,"enemies":"Maw","floor":48,"turns":5},{"damage":2,"enemies":"Donu and Deca","floor":50,"turns":6}],"seed_played":"-6124936374766103329","potions_obtained":[{"floor":7,"key":"BlessingOfTheForge"},{"floor":8,"key":"Dexterity Potion"},{"floor":13,"key":"PowerPotion"},{"floor":23,"key":"DuplicationPotion"},{"floor":35,"key":"SteroidPotion"},{"floor":39,"key":"DuplicationPotion"},{"floor":48,"key":"ColorlessPotion"}],"is_trial":false,"path_per_floor":["M","?","T","M","M","R","E","M","T","M","R","M","M","M","R","B",null,"M","$","M","?","T","E","R","M","T","R","$","M","$","?","R","B",null,"M","?","T","M","M","$","?","R","T","M","$","R","T","M","R","B",null],"character_chosen":"THE_HERO","items_purchased":["Incense Burner","PreservedInsect","animeID:Kendo","Frozen Eye","animeID:Aoyama","jedi:shrinkray","animeID:Cementoss","Flash of Steel"],"campfire_rested":1,"item_purchase_floors":[19,28,28,40,45,45,45,45],"current_hp_per_floor":[64,64,64,66,60,60,40,31,31,35,35,36,36,21,21,75,75,75,75,58,58,58,14,14,43,43,43,43,18,18,2,24,75,75,68,68,68,45,41,41,41,41,41,31,31,31,31,8,8,6],"gold":49,"neow_bonus":"ONE_RANDOM_RARE_CARD","is_daily":false,"chose_seed":false,"campfire_upgraded":8,"win_rate":0.0,"timestamp":1612835431,"path_taken":["M","?","?","?","M","R","E","M","T","M","R","M","M","M","R","BOSS","M","?","?","?","?","E","R","M","T","R","$","M","?","?","R","BOSS","M","?","?","M","?","?","?","R","T","M","$","R","?","M","R","BOSS"],"items_purchased_type":["Relic","Relic","Card","Relic","Card","Relic","Card","Card"],"build_version":"2020-12-22","purchased_purges":0,"victory":true,"max_hp_per_floor":[75,75,75,75,75,75,75,75,75,75,75,75,75,75,75,75,75,75,75,75,75,75,75,75,75,75,75,75,75,75,75,75,75,75,75,75,75,75,75,75,75,75,75,77,77,77,77,79,79,79],"relic_stats":{"Nunchaku":[9],"Mark of the Bloom":106,"Lizard Tail":0,"Singing Bowl":4,"counters":[22,121],"Tiny Chest":3,"StoneCalendar":[178],"PreservedInsect":0,"Necronomicon":[2],"obtain_stats":[{"Potion Belt":21,"Mark of the Bloom":36,"Singing Bowl":43,"jedi:gremlinknob":37,"StoneCalendar":22,"PreservedInsect":28,"Incense Burner":19,"Akabeko":23,"jedi:shrinkray":45,"SlaversCollar":17,"Frozen Eye":40,"Nunchaku":26,"Lizard Tail":47,"Tiny Chest":9,"Necronomicon":31,"Coffee Dripper":34,"animeID:HeroCostume":0,"InkBottle":3,"Toy Ornithopter":7},{"Potion Belt":12,"Mark of the Bloom":17,"Singing Bowl":19,"jedi:gremlinknob":17,"StoneCalendar":12,"PreservedInsect":14,"Incense Burner":11,"Akabeko":13,"jedi:shrinkray":20,"SlaversCollar":10,"Frozen Eye":19,"Nunchaku":14,"Lizard Tail":20,"Tiny Chest":5,"Necronomicon":15,"Coffee Dripper":16,"animeID:HeroCostume":0,"InkBottle":1,"Toy Ornithopter":4},{"Potion Belt":57,"Mark of the Bloom":97,"Singing Bowl":106,"jedi:gremlinknob":97,"StoneCalendar":57,"PreservedInsect":72,"Incense Burner":51,"Akabeko":64,"jedi:shrinkray":110,"SlaversCollar":43,"Frozen Eye":106,"Nunchaku":72,"Lizard Tail":110,"Tiny Chest":18,"Necronomicon":77,"Coffee Dripper":90,"animeID:HeroCostume":0,"InkBottle":3,"Toy Ornithopter":15}],"InkBottle":[48],"Toy Ornithopter":20},"card_choices":[{"not_picked":["animeID:Bakugo","animeID:DetroitSmash","animeID:Aoyama"],"picked":"SKIP","floor":1},{"not_picked":["animeID:TodorokiShoto","animeID:Tsuyu"],"picked":"animeID:Kirishima","floor":4},{"not_picked":["animeID:GentleCriminal","animeID:DetroitSmash"],"picked":"animeID:Momo","floor":5},{"not_picked":["animeID:Crystallize","animeID:Uraraka"],"picked":"animeID:TetsuTetsu","floor":7},{"not_picked":["animeID:Kirishima","animeID:TetsuTetsu"],"picked":"animeID:Uraraka","floor":8},{"not_picked":["animeID:Endeavor","animeID:Kirishima","animeID:TodorokiShoto"],"picked":"SKIP","floor":10},{"not_picked":["animeID:TodorokiShoto","animeID:Muscular"],"picked":"animeID:Stain","floor":12},{"not_picked":["animeID:Twice","animeID:Momo"],"picked":"animeID:GentleCriminal","floor":13},{"not_picked":["animeID:Tamaki","animeID:Rei"],"picked":"animeID:ShootStyle","floor":14},{"not_picked":["animeID:ProminenceBurn","animeID:Eri"],"picked":"animeID:Chisaki","floor":16},{"not_picked":["animeID:Uraraka+1","animeID:Iida+1"],"picked":"animeID:Mina+1","floor":18},{"not_picked":["animeID:Dabi","animeID:Bakugo"],"picked":"animeID:GranTorino","floor":20},{"not_picked":["animeID:Ojiro","animeID:Tomura","animeID:HighFive"],"picked":"SKIP","floor":23},{"not_picked":["animeID:TodorokiShoto","animeID:ToruHagakure+1"],"picked":"animeID:Hatsume","floor":25},{"not_picked":["animeID:Iida","animeID:Uraraka+1"],"picked":"animeID:Kurono","floor":29},{"not_picked":["animeID:PlusUltra","animeID:AllForOne"],"picked":"animeID:Hawks","floor":33},{"not_picked":["animeID:GranTorino+1","animeID:Thirteen"],"picked":"animeID:Dabi","floor":35},{"not_picked":["animeID:ToruHagakure+1","animeID:Bakugo","animeID:Kendo"],"picked":"SKIP","floor":38},{"not_picked":["animeID:Bakugo","animeID:TodorokiShoto"],"picked":"animeID:Crystallize","floor":39},{"not_picked":["animeID:Ojiro","animeID:Tomura+1","animeID:Kaminari"],"picked":"Singing Bowl","floor":44},{"not_picked":["animeID:Kaminari+1","animeID:Rappa","animeID:DelawareSmash"],"picked":"Singing Bowl","floor":48}],"player_experience":331526,"relics_obtained":[{"floor":3,"key":"InkBottle"},{"floor":7,"key":"Toy Ornithopter"},{"floor":9,"key":"Tiny Chest"},{"floor":22,"key":"StoneCalendar"},{"floor":23,"key":"Akabeko"},{"floor":26,"key":"Nunchaku"},{"floor":31,"key":"Necronomicon"},{"floor":37,"key":"jedi:gremlinknob"},{"floor":43,"key":"Singing Bowl"},{"floor":47,"key":"Lizard Tail"}],"event_choices":[{"damage_healed":0,"gold_gain":0,"player_choice":"Grow","damage_taken":0,"max_hp_gain":0,"max_hp_loss":0,"event_name":"Living Wall","floor":2,"gold_loss":0,"cards_upgraded":["animeID:PresentMic"]},{"damage_healed":0,"gold_gain":0,"player_choice":"Obtained Relic","damage_taken":0,"relics_obtained":["Potion Belt"],"max_hp_gain":0,"max_hp_loss":0,"event_name":"Addict","floor":21,"gold_loss":85},{"damage_healed":0,"gold_gain":0,"player_choice":"Obtained Book","damage_taken":16,"max_hp_gain":0,"max_hp_loss":0,"event_name":"Cursed Tome","floor":31,"gold_loss":0},{"damage_healed":0,"gold_gain":0,"player_choice":"Upgrade","damage_taken":0,"relics_obtained":["Mark of the Bloom"],"max_hp_gain":0,"max_hp_loss":0,"event_name":"MindBloom","floor":36,"gold_loss":0,"cards_upgraded":["animeID:Deku","animeID:Bakugo","animeID:Smash","animeID:Smash","animeID:Smash","animeID:Smash","animeID:DefendMH","animeID:DefendMH","animeID:DefendMH","animeID:DefendMH","animeID:TetsuTetsu","animeID:Stain","animeID:ShootStyle","animeID:Chisaki","animeID:GranTorino","animeID:Kendo","animeID:Kurono","animeID:Hawks","animeID:Dabi"]}],"is_beta":false,"boss_relics":[{"not_picked":["jedi:paperlyon","Velvet Choker"],"picked":"SlaversCollar"},{"not_picked":["Astrolabe","Empty Cage"],"picked":"Coffee Dripper"}],"items_purged_floors":[],"is_endless":false,"potions_floor_spawned":[7,8,13,23,35,39,48],"ascension_level":0}}