{"host":"2fcuechlb8c23yrb","time":1612901946,"event":{"mods":["2.2 Compatiblity","AchievementEnabler","BaseMod","Bestiary","Better Match","Block Reminder","Colored Map","Colored Powertips","DeckTracker","Displayed Cursed Tome","GifTheSpireLib","Highlight Path","Minty Spire (QoL Compilation)","Quick Restart","Rare Cards Sparkle","Relic Sorter","Relic Stats","StSLib"],"gold_per_floor":[115,115,40,60,22,22,57,57,57,11,11,11,11,23,23,122,122,140,140,140,140,152,152,165,165,188,188,201,218,218,218],"floor_reached":30,"language":"ENG","playtime":907,"items_purged":[],"score":251,"play_id":"eaf8a544-fb14-4b08-b84a-894227ed9700","local_time":"20210209151906","is_ascension_mode":false,"campfire_choices":[{"data":"Inflame","floor":6.0,"key":"SMITH"},{"floor":15.0,"key":"REST"},{"floor":23.0,"key":"REST"},{"floor":25.0,"key":"DIG"},{"floor":27.0,"key":"REST"}],"circlet_count":0,"master_deck":["Strike_R","Strike_R","Strike_R","Strike_R","Defend_R","Defend_R","Defend_R","Defend_R","Uppercut","Cleave","Flame Barrier","Headbutt+1","Inflame+1","Searing Blow+2","Flex","Flex","Limit Break","CurseOfTheBell","Dual Wield+1","Fire Breathing","Uppercut","Feel No Pain","Ghostly Armor","Heavy Blade","Thunderclap+1"],"relics":["Burning Blood","NeowsBlessing","Centennial Puzzle","PreservedInsect","Shuriken","Calling Bell","Potion Belt","Sundial","Shovel","The Courier","FossilizedHelix","Dream Catcher"],"acts_visited":["Exordium","TheCity"],"potions_floor_usage":[],"damage_taken":[{"damage":0.0,"enemies":"Small Slimes","floor":1.0,"turns":1.0},{"damage":0.0,"enemies":"2 Louse","floor":4.0,"turns":1.0},{"damage":0.0,"enemies":"Lagavulin","floor":7.0,"turns":1.0},{"damage":6.0,"enemies":"Cultist","floor":14.0,"turns":4.0},{"damage":57.0,"enemies":"Hexaghost","floor":16.0,"turns":9.0},{"damage":32.0,"enemies":"Spheric Guardian","floor":18.0,"turns":6.0},{"damage":20.0,"enemies":"Chosen","floor":22.0,"turns":5.0},{"damage":25.0,"enemies":"Snecko","floor":24.0,"turns":6.0},{"damage":19.0,"enemies":"Snake Plant","floor":28.0,"turns":5.0},{"damage":32.0,"enemies":"Cultist and Chosen","floor":29.0,"turns":6.0},{"damage":43,"enemies":"Shelled Parasite and Fungi","floor":30,"turns":5}],"seed_played":"2602235923893166836","potions_obtained":[{"floor":7.0,"key":"Fire Potion"},{"floor":14.0,"key":"Ancient Potion"},{"floor":18.0,"key":"Strength Potion"},{"floor":22.0,"key":"Ancient Potion"}],"is_trial":false,"path_per_floor":["M","?","?","M","$","R","E","?","T","$","?","?","?","M","R","B",null,"M","?","?","?","M","R","M","R","T","R","M","M","M"],"character_chosen":"IRONCLAD","items_purchased":["Inflame","Flex"],"campfire_rested":3,"item_purchase_floors":[5,10],"current_hp_per_floor":[80,73,73,79,79,79,80,64,64,64,64,64,69,69,85,34,85,59,59,59,59,45,70,51,51,51,76,63,37,0,0],"gold":218,"neow_bonus":"THREE_ENEMY_KILL","is_daily":false,"chose_seed":false,"campfire_upgraded":1,"win_rate":0.0,"timestamp":1612901946,"path_taken":["M","?","?","?","$","R","E","?","T","$","?","?","?","M","R","BOSS","M","?","?","?","M","R","M","R","T","R","M","?","M"],"items_purchased_type":["Card","Card"],"build_version":"2020-12-22","purchased_purges":0,"victory":false,"max_hp_per_floor":[80,80,80,80,80,80,80,80,80,80,80,80,85,85,85,85,85,85,85,85,85,85,85,85,85,85,85,85,85,85,85],"relic_stats":{"Centennial Puzzle":[24],"Dream Catcher":1,"Shovel":1,"counters":[11,49],"Shuriken":[3],"Sundial":[4],"PreservedInsect":0,"obtain_stats":[{"Calling Bell":17,"Potion Belt":17,"Centennial Puzzle":2,"Dream Catcher":26,"Shovel":17,"NeowsBlessing":0,"Shuriken":9,"Sundial":17,"PreservedInsect":7,"The Courier":21,"Burning Blood":0,"FossilizedHelix":25},{"Calling Bell":5,"Potion Belt":5,"Centennial Puzzle":1,"Dream Catcher":8,"Shovel":5,"NeowsBlessing":0,"Shuriken":3,"Sundial":5,"PreservedInsect":3,"The Courier":6,"Burning Blood":0,"FossilizedHelix":8},{"Calling Bell":16,"Potion Belt":16,"Centennial Puzzle":1,"Dream Catcher":33,"Shovel":16,"NeowsBlessing":0,"Shuriken":3,"Sundial":16,"PreservedInsect":3,"The Courier":22,"Burning Blood":0,"FossilizedHelix":33}],"Burning Blood":49},"card_choices":[{"not_picked":["Warcry","Thunderclap"],"picked":"Uppercut","floor":1.0},{"not_picked":["Warcry","Thunderclap"],"picked":"Cleave","floor":3.0},{"not_picked":["Rage","Rupture"],"picked":"Flame Barrier","floor":3.0},{"not_picked":["Metallicize","Armaments"],"picked":"Headbutt","floor":4.0},{"not_picked":["Pommel Strike","Shockwave"],"picked":"Searing Blow","floor":7.0},{"not_picked":["Rampage","Flame Barrier"],"picked":"Flex","floor":14.0},{"not_picked":["Juggernaut","Double Tap"],"picked":"Limit Break","floor":16.0},{"not_picked":["Dark Embrace","Combust"],"picked":"Dual Wield+1","floor":18.0},{"not_picked":["Feel No Pain","Headbutt","Reckless Charge"],"picked":"SKIP","floor":22.0},{"not_picked":["Perfected Strike","Headbutt"],"picked":"Ghostly Armor","floor":24.0},{"not_picked":["Cleave","Perfected Strike"],"picked":"Heavy Blade","floor":27.0},{"not_picked":["Twin Strike","Flex"],"picked":"Thunderclap+1","floor":28.0},{"not_picked":["Entrench","Thunderclap","Headbutt+1"],"picked":"SKIP","floor":29.0}],"player_experience":84464,"relics_obtained":[{"floor":7.0,"key":"PreservedInsect"},{"floor":9.0,"key":"Shuriken"},{"floor":17.0,"key":"Potion Belt"},{"floor":17.0,"key":"Sundial"},{"floor":17.0,"key":"Shovel"},{"floor":25.0,"key":"FossilizedHelix"},{"floor":26.0,"key":"Dream Catcher"}],"event_choices":[{"damage_healed":0.0,"max_hp_gain":0.0,"max_hp_loss":0.0,"gold_gain":0.0,"event_name":"Scrap Ooze","player_choice":"Success","floor":2.0,"gold_loss":0.0,"damage_taken":7.0,"relics_obtained":["Centennial Puzzle"]},{"damage_healed":0.0,"max_hp_gain":0.0,"max_hp_loss":0.0,"gold_gain":0.0,"event_name":"betterMatch:BetterMatch","player_choice":"1","floor":3.0,"gold_loss":0.0,"damage_taken":0.0,"cards_obtained":["betterMatch:CommonCard","betterMatch:UncommonCard","betterMatch:ColorlessUncommonCard"]},{"damage_healed":0.0,"max_hp_gain":0.0,"max_hp_loss":0.0,"gold_gain":0.0,"event_name":"Shining Light","player_choice":"Entered Light","floor":8.0,"gold_loss":0.0,"damage_taken":16.0,"cards_upgraded":["Headbutt","Searing Blow"]},{"damage_healed":0.0,"max_hp_gain":0.0,"max_hp_loss":0.0,"gold_gain":0.0,"event_name":"Living Wall","player_choice":"Grow","floor":11.0,"gold_loss":0.0,"damage_taken":0.0,"cards_upgraded":["Searing Blow"]},{"damage_healed":0.0,"max_hp_gain":0.0,"max_hp_loss":0.0,"gold_gain":0.0,"event_name":"Liars Game","player_choice":"Ignored","floor":12.0,"gold_loss":0.0,"damage_taken":0.0},{"damage_healed":0.0,"max_hp_gain":5.0,"max_hp_loss":0.0,"gold_gain":0.0,"event_name":"Big Fish","player_choice":"Donut","floor":13.0,"gold_loss":0.0,"damage_taken":0.0},{"damage_healed":0.0,"max_hp_gain":0.0,"max_hp_loss":0.0,"gold_gain":0.0,"event_name":"The Library","player_choice":"Read","floor":19.0,"gold_loss":0.0,"damage_taken":0.0,"cards_obtained":["Fire Breathing"]},{"damage_healed":0.0,"max_hp_gain":0.0,"max_hp_loss":0.0,"gold_gain":0.0,"cards_transformed":["Bash","Strike_R"],"event_name":"Drug Dealer","player_choice":"Became Test Subject","floor":20.0,"gold_loss":0.0,"damage_taken":0.0,"cards_obtained":["Uppercut","Feel No Pain"]},{"damage_healed":0.0,"max_hp_gain":0.0,"max_hp_loss":0.0,"gold_gain":0.0,"event_name":"WeMeetAgain","player_choice":"Gave Potion","floor":21.0,"gold_loss":0.0,"damage_taken":0.0,"relics_obtained":["The Courier"]}],"is_beta":false,"boss_relics":[{"not_picked":["Empty Cage","Fusion Hammer"],"picked":"Calling Bell"}],"items_purged_floors":[],"is_endless":false,"potions_floor_spawned":[7,14,18,22],"killed_by":"Shelled Parasite and Fungi","ascension_level":0}}