{"host":"8fl9fk3sx00hvnsh","time":1612829199,"event":{"mods":["BaseMod","Bestiary","Bossed Relics","Colored Powertips","Custom Start","Downfall","Minty Spire (QoL Compilation)","Reliquary","Replay The Spire","StSLib","The Blue Laboratory","The Dragon Tamer","The Gatherer","The Marked","The Wild Card"],"gold_per_floor":[112,122,122,122,142,142,170,170,170,170,184,198,217,231,231,332,332,346,346,366,219,179,179,212,232,232,249,282,282,282,282],"floor_reached":29,"language":"ENG","playtime":1227,"items_purged":["Decay"],"score":342,"play_id":"31eb3326-b624-4c11-826a-36f4849ef721","local_time":"20210208190639","is_ascension_mode":false,"metric_token":979,"campfire_choices":[{"data":"DTMod:FlameSlash","floor":6,"key":"SMITH"},{"floor":8,"key":"REST"},{"data":"DTMod:SwitchingTactic","floor":10,"key":"SMITH"},{"data":"DTMod:DragonDance","floor":15,"key":"SMITH"},{"data":"DTMod:DragonDance","floor":23,"key":"SMITH"}],"dtmod_dragon_data":[0,50,1,-1,12,0],"circlet_count":0,"master_deck":["DTMod:Strike","DTMod:Strike","DTMod:Strike","DTMod:Strike","DTMod:DoubleHit","DTMod:TargetDefense","DTMod:TargetDefense","DTMod:TargetDefense","DTMod:TargetDefense","DTMod:SwitchingTactic+1","DTMod:BurningEnergy","DTMod:FlameSlash+1","DTMod:BuildUp","DTMod:TagTeam","DTMod:ForkedFire","DTMod:HeadStart","DTMod:Training","DTMod:DragonDance+1","DTMod:FierySynthesis","DTMod:DragonDance+1","DTMod:Training+1","DTMod:ForkedFire","DTMod:ComboAttack+1","DTMod:DragonDance","Pot Of Greed","Pot Of Greed","Pot Of Greed"],"relics":["DTMod:PactStone","Pantograph","Black Star","White Beast Statue","Kunai","WingedGreaves","Grinning Jar","Iron Hammer"],"acts_visited":["Exordium","TheCity"],"potions_floor_usage":[18,18,20,24,25,28,28,28],"damage_taken":[{"damage":0,"enemies":"Jaw Worm","floor":1,"turns":3},{"damage":7,"enemies":"2 Louse","floor":2,"turns":4},{"damage":0,"enemies":"Cultist","floor":5,"turns":4},{"damage":24,"enemies":"3 Sentries","floor":7,"turns":8},{"damage":0,"enemies":"3 Louse","floor":11,"turns":2},{"damage":0,"enemies":"Blue Slaver","floor":12,"turns":2},{"damage":0,"enemies":"Gremlin Gang","floor":13,"turns":2},{"damage":0,"enemies":"Red Slaver","floor":14,"turns":4},{"damage":0,"enemies":"Slime Boss","floor":16,"turns":7},{"damage":0,"enemies":"2 Thieves","floor":18,"turns":1},{"damage":0,"enemies":"Shell Parasite","floor":20,"turns":2},{"damage":22,"enemies":"Slavers","floor":24,"turns":3},{"damage":0,"enemies":"Snake Plant","floor":25,"turns":1},{"damage":0,"enemies":"Centurion and Healer","floor":27,"turns":4},{"damage":7,"enemies":"Book of Stabbing","floor":28,"turns":1},{"damage":31,"enemies":"Colosseum Slavers","floor":29,"turns":3}],"seed_played":"-3821121001400333628","potions_obtained":[{"floor":7,"key":"AttackPotion"},{"floor":12,"key":"SkillPotion"},{"floor":16,"key":"blueLaboratory:ForbiddenFruitJuice"},{"floor":22,"key":"Death Potion"},{"floor":22,"key":"Slimebound:ThreeZeroPotion"},{"floor":22,"key":"Explosive Potion"},{"floor":24,"key":"FearPotion"},{"floor":25,"key":"Ancient Potion"},{"floor":28,"key":"SpeedPotion"}],"is_trial":false,"path_per_floor":["M","M","?","?","M","R","E","R","T","R","M","M","M","M","R","B",null,"M","?","M","$","?","R","E","M","T","M","E","?"],"character_chosen":"THE_DT","items_purchased":["DTMod:ForkedFire"],"campfire_rested":1,"item_purchase_floors":[21],"current_hp_per_floor":[49,42,42,42,42,42,18,32,32,32,32,32,32,32,32,49,49,49,49,49,49,49,49,27,27,27,27,20,0,0,0],"gold":282,"neow_bonus":"TEN_PERCENT_HP_BONUS","is_daily":false,"chose_seed":false,"campfire_upgraded":4,"win_rate":0.0,"timestamp":1612829199,"path_taken":["M","M","?","?","M","R","E","R","T","R","M","?","M","M","R","BOSS","M","?","M","$","?","R","E","?","T","M","E","?"],"items_purchased_type":["Card"],"build_version":"2020-12-22","purchased_purges":1,"victory":false,"max_hp_per_floor":[49,49,49,49,49,49,49,49,49,49,49,49,49,49,49,49,49,49,49,49,49,49,49,49,49,49,49,49,49,49,49],"card_choices":[{"not_picked":["DTMod:CleansingStrike","DTMod:BreakAttack"],"picked":"DTMod:BurningEnergy","floor":1},{"not_picked":["DTMod:MasterPlan","DTMod:Threaten"],"picked":"DTMod:FlameSlash","floor":2},{"not_picked":["DTMod:Weaken","DTMod:HeatWave"],"picked":"DTMod:BuildUp","floor":5},{"not_picked":["DTMod:Punisher","DTMod:StarRain"],"picked":"DTMod:TagTeam","floor":7},{"not_picked":["DTMod:HeatWave","DTMod:CleansingStrike"],"picked":"DTMod:ForkedFire","floor":11},{"not_picked":["DTMod:WarmUp","DTMod:Feint"],"picked":"DTMod:HeadStart","floor":12},{"not_picked":["DTMod:DarkBreath","DTMod:Cover"],"picked":"DTMod:Training","floor":13},{"not_picked":["DTMod:BurningEnergy","DTMod:Weaken"],"picked":"DTMod:DragonDance","floor":14},{"not_picked":["DTMod:StunTrap","DTMod:GearUp"],"picked":"DTMod:FierySynthesis","floor":16},{"not_picked":["DTMod:HeatWave+1","DTMod:MagicField"],"picked":"DTMod:DragonDance","floor":18},{"not_picked":["DTMod:CalculatedDefense","DTMod:BizarreTactic"],"picked":"DTMod:Training+1","floor":20},{"not_picked":["DTMod:Adaptation","DTMod:Feint"],"picked":"DTMod:ComboAttack+1","floor":24},{"not_picked":["DTMod:Punisher","DTMod:SneakAttack"],"picked":"DTMod:DragonDance","floor":25},{"not_picked":["DTMod:TagTeam","DTMod:Cover","DTMod:QuickFly+1"],"picked":"SKIP","floor":27},{"not_picked":["DTMod:BalancedStrike","DTMod:BreakAttack","DTMod:HeatWave"],"picked":"SKIP","floor":28}],"player_experience":245954,"relics_obtained":[{"floor":7,"key":"Pantograph"},{"floor":24,"key":"White Beast Statue"},{"floor":24,"key":"Kunai"},{"floor":26,"key":"WingedGreaves"},{"floor":28,"key":"Grinning Jar"},{"floor":28,"key":"Iron Hammer"}],"event_choices":[{"damage_healed":0,"gold_gain":0,"player_choice":"Leave","damage_taken":0,"max_hp_gain":0,"max_hp_loss":0,"event_name":"The Cleric","floor":3,"gold_loss":0},{"damage_healed":0,"gold_gain":0,"player_choice":"Smashed Altar","damage_taken":0,"max_hp_gain":0,"max_hp_loss":0,"event_name":"Forgotten Altar","floor":19,"gold_loss":0,"cards_obtained":["Decay"]},{"damage_healed":0,"gold_gain":0,"player_choice":"Bought 3 Potions","damage_taken":0,"max_hp_gain":0,"max_hp_loss":0,"event_name":"The Woman in Blue","floor":22,"gold_loss":0},{"damage_healed":0,"gold_gain":0,"player_choice":"Fight","damage_taken":0,"max_hp_gain":0,"max_hp_loss":0,"event_name":"Colosseum","floor":29,"gold_loss":0}],"is_beta":false,"boss_relics":[{"not_picked":["Snecko Eye","Cursed Key"],"picked":"Black Star"}],"items_purged_floors":[21],"is_endless":false,"potions_floor_spawned":[7,12,16,24,25,27,28],"killed_by":"Colosseum Slavers","ascension_level":0}}