{"host":"ydg0vn0pu4pubmdt","time":1612875614,"event":{"mods":["AchievementEnabler","BaseMod","Colored Map","Gold Saver","Minty Spire (QoL Compilation)","Quick Restart","SuperFastMode"],"gold_per_floor":[109,59,20,20,31,65,79,4,4,23,40,40,68,80,80,175,175,195,49,49,65,65,65,96,96,96,196,207,235,235,235,235,337,337,357,16,30,30,30,30,57,69,69,69,169,181,181,210,210,210],"floor_reached":51,"language":"KOR","playtime":1450,"items_purged":["Defend_P","Nirvana+1"],"score":1314,"play_id":"dc0a2dde-e16a-4a13-8539-fac0771dd276","local_time":"20210209220014","is_ascension_mode":true,"campfire_choices":[{"data":"Tantrum","floor":15.0,"key":"SMITH"},{"data":"MentalFortress","floor":23.0,"key":"SMITH"},{"data":"Study","floor":25.0,"key":"SMITH"},{"data":"FlurryOfBlows","floor":30.0,"key":"SMITH"},{"data":"EmptyMind","floor":32.0,"key":"SMITH"},{"data":"MasterReality","floor":40.0,"key":"SMITH"},{"floor":44,"key":"REST"},{"data":"EmptyBody","floor":49,"key":"SMITH"}],"circlet_count":0,"master_deck":["AscendersBane","Strike_P","Eruption+1","Vigilance","MentalFortress+1","EmptyBody+1","Tantrum+1","FlurryOfBlows+1","EmptyMind+1","Judgement+1","FearNoEvil+1","EmptyFist+1","Study+1","MasterReality+1","Adaptation+1"],"relics":["PureWater","NeowsBlessing","HornCleat","White Beast Statue","Centennial Puzzle","Astrolabe","TheAbacus","Juzu Bracelet","Bird Faced Urn","Ornamental Fan","Turnip","Question Card","Orichalcum","Cursed Key","Sundial","MealTicket","Lantern","Calipers"],"acts_visited":["Exordium","TheCity","TheBeyond"],"potions_floor_usage":[50,50],"damage_taken":[{"damage":0.0,"enemies":"Jaw Worm","floor":1.0,"turns":1.0},{"damage":0.0,"enemies":"2 Louse","floor":5.0,"turns":1.0},{"damage":0.0,"enemies":"Gremlin Nob","floor":6.0,"turns":1.0},{"damage":0.0,"enemies":"Cultist","floor":7.0,"turns":3.0},{"damage":1.0,"enemies":"Blue Slaver","floor":10.0,"turns":4.0},{"damage":0.0,"enemies":"Large Slime","floor":11.0,"turns":4.0},{"damage":13.0,"enemies":"3 Sentries","floor":13.0,"turns":5.0},{"damage":0.0,"enemies":"3 Louse","floor":14.0,"turns":3.0},{"damage":32.0,"enemies":"Slime Boss","floor":16.0,"turns":6.0},{"damage":2.0,"enemies":"Shell Parasite","floor":18.0,"turns":4.0},{"damage":0.0,"enemies":"2 Thieves","floor":21.0,"turns":2.0},{"damage":0.0,"enemies":"Slavers","floor":24.0,"turns":3.0},{"damage":15.0,"enemies":"Colosseum Slavers","floor":27.0,"turns":2.0},{"damage":1.0,"enemies":"Colosseum Nobs","floor":27.0,"turns":3.0},{"damage":4.0,"enemies":"Cultist and Chosen","floor":28.0,"turns":3.0},{"damage":9.0,"enemies":"Gremlin Leader","floor":29.0,"turns":4.0},{"damage":36.0,"enemies":"Collector","floor":33.0,"turns":10.0},{"damage":7.0,"enemies":"3 Darklings","floor":35.0,"turns":3.0},{"damage":0.0,"enemies":"3 Shapes","floor":37.0,"turns":3.0},{"damage":40.0,"enemies":"Reptomancer","floor":41.0,"turns":3.0},{"damage":1.0,"enemies":"Sphere and 2 Shapes","floor":42.0,"turns":3.0},{"damage":0,"enemies":"Jaw Worm Horde","floor":46,"turns":2},{"damage":1,"enemies":"Nemesis","floor":48,"turns":3},{"damage":2,"enemies":"Donu and Deca","floor":50,"turns":5}],"seed_played":"7224078850871360568","potions_obtained":[{"floor":1.0,"key":"Dexterity Potion"},{"floor":10.0,"key":"Explosive Potion"},{"floor":11.0,"key":"Dexterity Potion"},{"floor":13.0,"key":"SteroidPotion"},{"floor":14.0,"key":"EssenceOfSteel"},{"floor":16.0,"key":"Block Potion"},{"floor":18.0,"key":"Regen Potion"},{"floor":21.0,"key":"Explosive Potion"},{"floor":24.0,"key":"Dexterity Potion"},{"floor":27.0,"key":"SneckoOil"},{"floor":28.0,"key":"SpeedPotion"},{"floor":29.0,"key":"BottledMiracle"},{"floor":33.0,"key":"AttackPotion"},{"floor":41.0,"key":"BlessingOfTheForge"},{"floor":42.0,"key":"Block Potion"},{"floor":48,"key":"CultistPotion"}],"is_trial":false,"path_per_floor":["M","?","$","?","M","E","M","$","T","M","M","?","E","M","R","B",null,"M","$","?","M","?","R","E","R","T","?","M","E","R","?","R","B",null,"M","$","M","?","$","R","E","M","T","R","?","M","?","E","R","B",null],"character_chosen":"WATCHER","items_purchased":["MentalFortress","TheAbacus","Sundial"],"campfire_rested":1,"item_purchase_floors":[3,19,36],"current_hp_per_floor":[65,65,65,65,65,65,65,65,65,64,64,64,51,51,51,19,59,57,57,57,57,57,57,66,66,66,56,54,51,51,51,51,21,59,58,58,64,64,72,72,32,37,37,58,58,66,66,72,72,72],"gold":210,"neow_bonus":"THREE_ENEMY_KILL","is_daily":false,"chose_seed":false,"campfire_upgraded":7,"win_rate":0.0,"timestamp":1612875614,"path_taken":["M","?","$","?","?","E","M","$","T","M","M","?","E","M","R","BOSS","M","$","?","M","?","R","E","R","T","?","M","E","R","?","R","BOSS","M","$","M","?","?","R","E","M","T","R","?","M","?","E","R","BOSS"],"items_purchased_type":["Card","Relic","Relic"],"build_version":"2020-12-22","purchased_purges":2,"victory":true,"max_hp_per_floor":[72,72,72,72,72,72,72,72,72,72,72,72,72,72,72,72,72,72,72,72,72,72,72,72,72,72,72,72,72,72,72,72,72,72,72,72,72,72,72,72,72,72,72,72,72,72,72,72,72,72],"card_choices":[{"not_picked":["WaveOfTheHand","CutThroughFate","BowlingBash"],"picked":"SKIP","floor":1.0},{"not_picked":["Protect","ClearTheMind"],"picked":"EmptyBody","floor":5.0},{"not_picked":["Evaluate","Wallop","Protect"],"picked":"SKIP","floor":6.0},{"not_picked":["Study","Collect"],"picked":"Tantrum","floor":7.0},{"not_picked":["WindmillStrike","Evaluate","SashWhip"],"picked":"SKIP","floor":10.0},{"not_picked":["BattleHymn","EmptyBody","ClearTheMind"],"picked":"SKIP","floor":11.0},{"not_picked":["Crescendo","Brilliance"],"picked":"FlurryOfBlows","floor":13.0},{"not_picked":["EmptyFist","Halt"],"picked":"EmptyMind","floor":14.0},{"not_picked":["ForeignInfluence","FollowUp"],"picked":"EmptyFist+1","floor":18.0},{"not_picked":["Halt","ThirdEye","SashWhip"],"picked":"SKIP","floor":21.0},{"not_picked":["Pray","Study","FearNoEvil"],"picked":"SKIP","floor":24.0},{"not_picked":["Pray","FearNoEvil"],"picked":"Study","floor":24.0},{"not_picked":["Crescendo","FlyingSleeves","BattleHymn","Ragnarok"],"picked":"SKIP","floor":28.0},{"not_picked":["FlurryOfBlows+1","Prostrate","BowlingBash","JustLucky+1"],"picked":"SKIP","floor":29.0},{"not_picked":["SpiritShield","Devotion","Omniscience"],"picked":"MasterReality","floor":33.0},{"not_picked":["Perseverance+1","ThirdEye","PathToVictory","Protect"],"picked":"SKIP","floor":35.0},{"not_picked":["ClearTheMind+1","FearNoEvil+1","FlyingSleeves","FlurryOfBlows"],"picked":"SKIP","floor":37.0},{"not_picked":["Blasphemy","CutThroughFate","Pray+1","Prostrate+1"],"picked":"SKIP","floor":41.0},{"not_picked":["Halt+1","CarveReality","BowlingBash+1"],"picked":"Adaptation+1","floor":42.0},{"not_picked":["PathToVictory+1","FollowUp","ForeignInfluence","WaveOfTheHand+1"],"picked":"SKIP","floor":46},{"not_picked":["EmptyFist","Pray","EmptyBody","ClearTheMind"],"picked":"SKIP","floor":48}],"player_experience":517151,"relics_obtained":[{"floor":6.0,"key":"HornCleat"},{"floor":9.0,"key":"White Beast Statue"},{"floor":13.0,"key":"Centennial Puzzle"},{"floor":24.0,"key":"Bird Faced Urn"},{"floor":26.0,"key":"Ornamental Fan"},{"floor":27.0,"key":"Turnip"},{"floor":27.0,"key":"Question Card"},{"floor":29.0,"key":"Orichalcum"},{"floor":41.0,"key":"Lantern"},{"floor":48,"key":"Calipers"}],"event_choices":[{"cards_removed":["Strike_P"],"damage_healed":0.0,"max_hp_gain":0.0,"max_hp_loss":0.0,"gold_gain":0.0,"event_name":"The Cleric","player_choice":"Card Removal","floor":2.0,"gold_loss":50.0,"damage_taken":0.0},{"damage_healed":0.0,"max_hp_gain":0.0,"max_hp_loss":0.0,"gold_gain":0.0,"event_name":"Upgrade Shrine","player_choice":"Upgraded","floor":4.0,"gold_loss":0.0,"damage_taken":0.0,"cards_upgraded":["Eruption"]},{"cards_removed":["Strike_P"],"damage_healed":0.0,"max_hp_gain":0.0,"max_hp_loss":0.0,"gold_gain":0.0,"event_name":"Living Wall","player_choice":"Forget","floor":12.0,"gold_loss":0.0,"damage_taken":0.0},{"damage_healed":0.0,"max_hp_gain":0.0,"max_hp_loss":0.0,"gold_gain":0.0,"event_name":"The Mausoleum","player_choice":"Opened","floor":20.0,"gold_loss":0.0,"damage_taken":0.0,"relics_obtained":["Juzu Bracelet"]},{"damage_healed":0.0,"max_hp_gain":0.0,"max_hp_loss":0.0,"gold_gain":0.0,"event_name":"Vampires","player_choice":"Ignored","floor":22.0,"gold_loss":0.0,"damage_taken":0.0},{"damage_healed":0.0,"max_hp_gain":0.0,"max_hp_loss":0.0,"gold_gain":0.0,"event_name":"Colosseum","player_choice":"Fight","floor":27.0,"gold_loss":0.0,"damage_taken":0.0},{"damage_healed":0.0,"max_hp_gain":0.0,"max_hp_loss":0.0,"gold_gain":0.0,"event_name":"Colosseum","player_choice":"Fought Nobs","floor":27.0,"gold_loss":0.0,"damage_taken":0.0},{"damage_healed":0.0,"max_hp_gain":0.0,"max_hp_loss":0.0,"gold_gain":0.0,"event_name":"Ghosts","player_choice":"Ignored","floor":31.0,"gold_loss":0.0,"damage_taken":0.0},{"damage_healed":0.0,"max_hp_gain":0.0,"max_hp_loss":0.0,"gold_gain":0.0,"event_name":"WeMeetAgain","player_choice":"Gave Potion","floor":38.0,"gold_loss":0.0,"damage_taken":0.0,"relics_obtained":["MealTicket"]},{"damage_healed":0,"gold_gain":100,"player_choice":"Pray","damage_taken":0,"max_hp_gain":0,"max_hp_loss":0,"event_name":"Golden Shrine","floor":45,"gold_loss":0},{"cards_removed":["Defend_P"],"damage_healed":0,"gold_gain":0,"player_choice":"Removed Skill","damage_taken":0,"max_hp_gain":0,"max_hp_loss":0,"event_name":"Falling","floor":47,"gold_loss":0}],"is_beta":false,"boss_relics":[{"not_picked":["Calling Bell","Fusion Hammer"],"picked":"Astrolabe"},{"not_picked":["SlaversCollar","Pandora\u0027s Box"],"picked":"Cursed Key"}],"items_purged_floors":[8,36],"is_endless":false,"potions_floor_spawned":[1,10,11,13,14,16,18,21,24,27,27,28,29,33,35,37,41,42,46,48],"ascension_level":10}}