{"host":"i8x3uekhioq8aaet","time":1612884349,"event":{"mods":["AchievementEnabler","BaseMod","Colored Map","Colored Powertips","DeckTracker","Minty Spire (QoL Compilation)","Relic Sorter","StSLib"],"gold_per_floor":[12,12,0,0,10,38,38,49,74,74,88,88,104,124,124,224,224,241,241,241,241,268,268,294,316,339,339,379,379,379],"floor_reached":29,"language":"ZHT","playtime":1044,"items_purged":[],"score":348,"play_id":"b06b6572-2192-4c9f-94f4-eb276efdee63","local_time":"20210209232549","is_ascension_mode":true,"campfire_choices":[{"floor":7.0,"key":"REST"},{"floor":12.0,"key":"REST"},{"data":"All For One","floor":15.0,"key":"SMITH"},{"floor":23.0,"key":"REST"},{"floor":27,"key":"REST"}],"circlet_count":0,"master_deck":["Strike_B","Strike_B","Strike_B","Strike_B","Defend_B","Defend_B","Defend_B","Defend_B","Zap","Dualcast","All For One+1","BootSequence","Leap+1","Doom and Gloom","Cold Snap","Echo Form","Self Repair","Creative AI","Writhe","Leap+1","Double Energy+1","Leap"],"relics":["FrozenCore","Regal Pillow","Bag of Preparation","Blood Vial","CeramicFish","War Paint","Orichalcum"],"acts_visited":["Exordium","TheCity"],"potions_floor_usage":[25,28,28],"damage_taken":[{"damage":11.0,"enemies":"Jaw Worm","floor":1.0,"turns":4.0},{"damage":0.0,"enemies":"Small Slimes","floor":5.0,"turns":2.0},{"damage":52.0,"enemies":"Lagavulin","floor":6.0,"turns":7.0},{"damage":0.0,"enemies":"Cultist","floor":8.0,"turns":3.0},{"damage":0.0,"enemies":"Blue Slaver","floor":11.0,"turns":4.0},{"damage":0.0,"enemies":"2 Fungi Beasts","floor":13.0,"turns":3.0},{"damage":9.0,"enemies":"Looter","floor":14.0,"turns":3.0},{"damage":31.0,"enemies":"The Guardian","floor":16.0,"turns":11.0},{"damage":28.0,"enemies":"Chosen","floor":18.0,"turns":8.0},{"damage":48.0,"enemies":"Shell Parasite","floor":24.0,"turns":9.0},{"damage":24,"enemies":"Centurion and Healer","floor":25,"turns":7},{"damage":102,"enemies":"Gremlin Leader","floor":28,"turns":9},{"damage":37,"enemies":"Cultist and Chosen","floor":29,"turns":4}],"seed_played":"2657382517486604010","potions_obtained":[{"floor":5.0,"key":"BlessingOfTheForge"},{"floor":6.0,"key":"BlessingOfTheForge"},{"floor":11.0,"key":"AttackPotion"},{"floor":16.0,"key":"LiquidMemories"},{"floor":24.0,"key":"DistilledChaos"},{"floor":25,"key":"FairyPotion"},{"floor":28,"key":"Strength Potion"}],"is_trial":false,"path_per_floor":["M","?","?","$","M","E","R","M","T","?","M","R","M","M","R","B",null,"M","?","?","?","T","R","M","M","T","R","E","M"],"character_chosen":"DEFECT","items_purchased":[],"campfire_rested":4,"item_purchase_floors":[],"current_hp_per_floor":[57,57,57,57,57,5,42,42,42,42,42,75,75,66,66,35,65,51,51,51,37,37,76,37,29,29,68,16,0,0],"gold":379,"neow_bonus":"THREE_RARE_CARDS","is_daily":false,"chose_seed":false,"campfire_upgraded":1,"win_rate":0.0,"timestamp":1612884349,"path_taken":["M","?","?","$","M","E","R","M","T","?","?","R","?","M","R","BOSS","M","?","?","?","?","R","M","M","T","R","E","M"],"items_purchased_type":[],"build_version":"2020-12-22","purchased_purges":0,"victory":false,"max_hp_per_floor":[75,75,75,75,75,75,75,75,75,75,75,75,75,75,75,75,75,75,75,75,80,80,80,80,80,80,80,80,80,80],"card_choices":[{"not_picked":["Seek","Fission"],"picked":"All For One","floor":0.0},{"not_picked":["Hologram","Coolheaded"],"picked":"BootSequence","floor":1.0},{"not_picked":["Genetic Algorithm","Capacitor","Consume"],"picked":"SKIP","floor":5.0},{"not_picked":["Coolheaded","Conserve Battery"],"picked":"Leap","floor":6.0},{"not_picked":["Static Discharge","Go for the Eyes"],"picked":"Doom and Gloom","floor":8.0},{"not_picked":["Steam","Conserve Battery"],"picked":"Cold Snap","floor":11.0},{"not_picked":["Blizzard","Streamline"],"picked":"Echo Form","floor":13.0},{"not_picked":["Barrage","Cold Snap"],"picked":"Self Repair","floor":14.0},{"not_picked":["Electrodynamics","Core Surge"],"picked":"Creative AI","floor":16.0},{"not_picked":["Steam","Chill","Go for the Eyes"],"picked":"SKIP","floor":18.0},{"not_picked":["Cold Snap+1","Creative AI"],"picked":"Leap+1","floor":24.0},{"not_picked":["Chaos","Reinforced Body"],"picked":"Double Energy","floor":25},{"not_picked":["Hello World","Doom and Gloom+1"],"picked":"Leap","floor":28}],"player_experience":327305,"relics_obtained":[{"floor":6.0,"key":"Regal Pillow"},{"floor":9.0,"key":"Bag of Preparation"},{"floor":22.0,"key":"CeramicFish"},{"floor":26,"key":"War Paint"},{"floor":28,"key":"Orichalcum"}],"event_choices":[{"damage_healed":0.0,"max_hp_gain":0.0,"max_hp_loss":0.0,"gold_gain":0.0,"event_name":"Golden Idol","player_choice":"Ignored","floor":2.0,"gold_loss":0.0,"damage_taken":0.0},{"damage_healed":0.0,"max_hp_gain":0.0,"max_hp_loss":0.0,"gold_gain":0.0,"event_name":"World of Goop","player_choice":"Left Gold","floor":3.0,"gold_loss":12.0,"damage_taken":0.0},{"damage_healed":0.0,"max_hp_gain":0.0,"max_hp_loss":0.0,"gold_gain":0.0,"event_name":"Dead Adventurer","player_choice":"Searched \u00270\u0027 times","floor":10.0,"gold_loss":0.0,"damage_taken":0.0},{"damage_healed":0.0,"max_hp_gain":0.0,"max_hp_loss":0.0,"gold_gain":0.0,"event_name":"The Mausoleum","player_choice":"Opened","floor":19.0,"gold_loss":0.0,"damage_taken":0.0,"relics_obtained":["Blood Vial"],"cards_obtained":["Writhe"]},{"damage_healed":0.0,"max_hp_gain":0.0,"max_hp_loss":0.0,"gold_gain":0.0,"event_name":"Ghosts","player_choice":"Ignored","floor":20.0,"gold_loss":0.0,"damage_taken":0.0},{"damage_healed":0.0,"max_hp_gain":5.0,"max_hp_loss":0.0,"gold_gain":0.0,"event_name":"Forgotten Altar","player_choice":"Shed Blood","floor":21.0,"gold_loss":0.0,"damage_taken":19.0}],"is_beta":false,"boss_relics":[{"not_picked":["Velvet Choker","Coffee Dripper"],"picked":"FrozenCore"}],"items_purged_floors":[],"is_endless":false,"potions_floor_spawned":[5,6,11,16,24,25,28],"killed_by":"Cultist and Chosen","ascension_level":6}}