{"host":"at5b10nm0iti0w4x","time":1612908184,"event":{"mods":["2.2 Compatiblity","AchievementEnabler","BaseMod","Bestiary","Block Reminder","Colored Map","Colored Powertips","Highlight Path","Keyboard Shortcuts","Minty Spire (QoL Compilation)","Relic Stats","Slay the Relics Exporter","StSLib","SuperFastMode","Unknown Chances"],"gold_per_floor":[114,114,132,132,143,143,163,163,163,173,186,201,201,214,214,309,309,325,250,36,36,0,0],"floor_reached":22,"language":"ENG","playtime":890,"items_purged":[],"score":178,"play_id":"ee8c74ca-13f5-417c-bdae-dee3f57f3c89","local_time":"20210209170304","is_ascension_mode":false,"campfire_choices":[{"data":"Seeing Red","floor":6,"key":"SMITH"},{"data":"Armaments","floor":8,"key":"SMITH"},{"data":"Dual Wield","floor":15,"key":"SMITH"}],"circlet_count":0,"master_deck":["Strike_R","Strike_R","Defend_R","Defend_R","Defend_R","Defend_R","Bash","Sword Boomerang","Rupture","Seeing Red+1","Flame Barrier","Armaments+1","Metallicize","Shrug It Off","Dual Wield+1","Shockwave","Spot Weakness+1","Fire Breathing"],"relics":["Burning Blood","ClockworkSouvenir"],"acts_visited":["Exordium","TheCity"],"potions_floor_usage":[16,16,16],"damage_taken":[{"damage":4,"enemies":"2 Louse","floor":1,"turns":3},{"damage":1,"enemies":"Jaw Worm","floor":3,"turns":4},{"damage":4,"enemies":"Cultist","floor":5,"turns":4},{"damage":8,"enemies":"Exordium Wildlife","floor":7,"turns":6},{"damage":2,"enemies":"Blue Slaver","floor":10,"turns":4},{"damage":17,"enemies":"Exordium Thugs","floor":11,"turns":6},{"damage":0,"enemies":"3 Louse","floor":12,"turns":4},{"damage":3,"enemies":"Blue Slaver","floor":14,"turns":6},{"damage":66,"enemies":"Slime Boss","floor":16,"turns":15},{"damage":29,"enemies":"Spheric Guardian","floor":18,"turns":14},{"damage":20,"enemies":"2 Thieves","floor":22,"turns":5}],"seed_played":"1087406260804030770","potions_obtained":[{"floor":1,"key":"AttackPotion"},{"floor":7,"key":"PowerPotion"},{"floor":11,"key":"Swift Potion"},{"floor":12,"key":"ColorlessPotion"},{"floor":16,"key":"Explosive Potion"}],"is_trial":false,"path_per_floor":["M","?","M","?","M","R","M","R","T","M","M","M","$","M","R","B",null,"M","?","$","?","M"],"character_chosen":"IRONCLAD","items_purchased":["ClockworkSouvenir","Fire Breathing"],"campfire_rested":0,"item_purchase_floors":[20,20],"current_hp_per_floor":[80,73,78,83,85,85,83,83,83,85,74,80,80,83,83,23,85,62,62,62,62,48,48],"gold":0,"neow_bonus":"THREE_CARDS","is_daily":false,"chose_seed":false,"campfire_upgraded":3,"win_rate":0.0,"timestamp":1612908184,"path_taken":["M","?","M","?","M","R","M","R","T","M","M","M","$","M","R","BOSS","M","?","$","?","M"],"items_purchased_type":["Relic","Card"],"build_version":"2020-12-22","purchased_purges":0,"victory":false,"max_hp_per_floor":[80,80,80,85,85,85,85,85,85,85,85,85,85,85,85,85,85,85,85,85,85,85,85],"relic_stats":{"counters":[11,71],"obtain_stats":[{"Burning Blood":0,"ClockworkSouvenir":20},{"Burning Blood":0,"ClockworkSouvenir":10},{"Burning Blood":0,"ClockworkSouvenir":66}],"Burning Blood":62},"card_choices":[{"not_picked":["Warcry","Twin Strike"],"picked":"Sword Boomerang","floor":0},{"not_picked":["Metallicize","Cleave"],"picked":"Rupture","floor":1},{"not_picked":["Body Slam","Metallicize"],"picked":"Seeing Red","floor":3},{"not_picked":["Burning Pact","Heavy Blade"],"picked":"Flame Barrier","floor":5},{"not_picked":["Heavy Blade","Infernal Blade"],"picked":"Armaments","floor":7},{"not_picked":["Body Slam","Dual Wield"],"picked":"Metallicize","floor":10},{"not_picked":["Armaments","Battle Trance"],"picked":"Shrug It Off","floor":11},{"not_picked":["Inflame","Flame Barrier"],"picked":"Dual Wield","floor":12},{"not_picked":["Twin Strike","Wild Strike"],"picked":"Shockwave","floor":14},{"not_picked":["Blood for Blood","Thunderclap+1"],"picked":"Spot Weakness+1","floor":18}],"player_experience":82167,"relics_obtained":[],"event_choices":[{"cards_removed":["Strike_R"],"damage_healed":0,"gold_gain":0,"player_choice":"Card Removal","damage_taken":7,"max_hp_gain":0,"max_hp_loss":0,"event_name":"Golden Wing","floor":2,"gold_loss":0},{"damage_healed":0,"gold_gain":0,"player_choice":"Donut","damage_taken":0,"max_hp_gain":5,"max_hp_loss":0,"event_name":"Big Fish","floor":4,"gold_loss":0},{"cards_removed":["Strike_R"],"damage_healed":0,"gold_gain":0,"player_choice":"Gave Gold","damage_taken":0,"max_hp_gain":0,"max_hp_loss":0,"event_name":"Beggar","floor":19,"gold_loss":75},{"cards_removed":["Strike_R"],"damage_healed":0,"gold_gain":0,"player_choice":"Card Removal","damage_taken":0,"max_hp_gain":0,"max_hp_loss":0,"event_name":"Wheel of Change","floor":21,"gold_loss":0}],"is_beta":false,"boss_relics":[{"not_picked":[]}],"items_purged_floors":[],"is_endless":false,"potions_floor_spawned":[1,7,11,12,16],"killed_by":"2 Thieves","ascension_level":0}}