{"host":"k7m72kgq8xdir5ne","time":1612845426,"event":{"mods":["ATMod(阿瑾Mod)","AchievementEnabler","Act Like it!","BaseMod","Friendly Minions","Gensokyo","LagranYue(拉格朗・月)","Minty Spire (QoL Compilation)","Quick Restart","RumiaBox-露米娅的神秘盒子","Shop Mod","Spicy Shops","StSLib","SuperFastMode","TestMod","Yakumo Yukari mod","【功能Mod】Neow奖励","【功能Mod】混沌之环修复补丁","篝火指南"],"gold_per_floor":[109,120,120,120,120,155,11,24,72,88,107,120,120,151,5,127,127,197,322,322,366,430,480,59,216,216,216,252,322,202,202,93,244,294,334,177,177,271,310,615,615,666,666,666,736,853,891,891,450,475],"floor_reached":51,"language":"ZHS","playtime":1424,"items_purged":["Strike_P"],"score":1131,"play_id":"50f5f588-fe66-484f-a7a0-1756656d5877","local_time":"20210209123706","is_ascension_mode":true,"campfire_choices":[{"floor":13.0,"key":"REST"}],"circlet_count":0,"master_deck":["Defend_P","Defend_P","Eruption","Vigilance","AT_DivineConfetti+1","FollowUp","ForeignInfluence","Adaptation","AT_ChampionStep","Prostrate","Tantrum","MasterReality","AT_RealColorLess","FearNoEvil","ForeignInfluence","AT_ChampionStep","Devotion","InnerPeace+1","Alpha","Pain"],"relics":["testmod-TestBox","AT_ATBox","testmod-ObsoleteBoomerang","LagranYue:RandomDrawCardRelic","SoulBox","Toy Ornithopter","Mango","Question Card","MerchantsRug","testmod-TurbochargingSystem","GodSword4","AT_MibuBalloonWealth","testmod-SaigiyounoYou","testmod-Muramasa","TungstenRod","Bottled Flame","Yang","Bag of Preparation","Bronze Scales","AT_TimeSand","Gensokyo:MosesMiracle","Gensokyo:LionMask","AT_ArchangelStaff","Tiny House","Strawberry","GodSword6","AT_RedNoBalance","AT_RedTearstoneRing","testmod-CyclicPeriapt","Nunchaku","LagranYue:NewUniverseRelic","Strange Spoon","AT_SpeedBoots"],"acts_visited":["Gensokyo:Gensokyo","Gensokyo:Gensokyoer","Gensokyo:Gensokyoest"],"potions_floor_usage":[40],"damage_taken":[{"damage":0.0,"enemies":"Gensokyo:3_Fairies","floor":1.0,"turns":4.0},{"damage":0.0,"enemies":"Gensokyo:Python","floor":2.0,"turns":2.0},{"damage":0.0,"enemies":"Gensokyo:Aya","floor":6.0,"turns":2.0},{"damage":0.0,"enemies":"Gensokyo:Gryphon","floor":8.0,"turns":2.0},{"damage":12.0,"enemies":"Gensokyo:3_Kodama","floor":11.0,"turns":3.0},{"damage":5.0,"enemies":"Gensokyo:CorruptedTreant","floor":12.0,"turns":3.0},{"damage":17.0,"enemies":"Gensokyo:Cirno","floor":14.0,"turns":5.0},{"damage":0.0,"enemies":"Gensokyo:Reimu","floor":16.0,"turns":3.0},{"damage":0.0,"enemies":"Gensokyo:2_Gloops","floor":18.0,"turns":2.0},{"damage":0.0,"enemies":"Gensokyo:2_Gloops","floor":19.0,"turns":5.0},{"damage":0.0,"enemies":"Gensokyo:Chomper","floor":21.0,"turns":3.0},{"damage":19.0,"enemies":"Gensokyo:Mirror_and_Dog","floor":22.0,"turns":3.0},{"damage":13.0,"enemies":"Gensokyo:Koishi","floor":23.0,"turns":4.0},{"damage":31.0,"enemies":"Gensokyo:Reisen","floor":25.0,"turns":7.0},{"damage":0.0,"enemies":"Gensokyo:Wraith","floor":28.0,"turns":2.0},{"damage":28.0,"enemies":"Gensokyo:Slime_Group","floor":29.0,"turns":3.0},{"damage":82,"enemies":"Gensokyo:Eternal_Rivals","floor":33,"turns":4},{"damage":0,"enemies":"Gensokyo:AncientGuardian","floor":35,"turns":3},{"damage":10,"enemies":"Gensokyo:3_Boulders","floor":38,"turns":3},{"damage":34,"enemies":"Gensokyo:Sharpion","floor":39,"turns":3},{"damage":86,"enemies":"Gensokyo:Kasen","floor":40,"turns":4},{"damage":10,"enemies":"Gensokyo:Doremy","floor":42,"turns":4},{"damage":0,"enemies":"Gensokyo:Dusk_and_Dawn","floor":45,"turns":1},{"damage":22,"enemies":"Gensokyo:4_Bats","floor":46,"turns":3},{"damage":0,"enemies":"Gensokyo:SeedOfUnknown","floor":47,"turns":2},{"damage":1,"enemies":"Gensokyo:Scarlet_Devils","floor":50,"turns":2}],"seed_played":"-617870844368269218","potions_obtained":[{"floor":1.0,"key":"Strength Potion"},{"floor":12.0,"key":"PowerPotion"},{"floor":18.0,"key":"Swift Potion"},{"floor":22.0,"key":"ColorlessPotion"},{"floor":23.0,"key":"StancePotion"},{"floor":28.0,"key":"GamblersBrew"},{"floor":29.0,"key":"BlessingOfTheForge"},{"floor":34,"key":"AttackPotion"},{"floor":35,"key":"Energy Potion"},{"floor":40,"key":"PanachePotion"},{"floor":42,"key":"Fire Potion"}],"is_trial":false,"path_per_floor":["M","M","?","?","?","E","R","M","T","$","M","M","R","E","R","B",null,"M","?","$","M","M","E","R","E","T","?","M","M","?","?","R","B",null,"M","COS","?","M","M","E","?","E","T","?","M","M","M","?","R","B",null],"character_chosen":"WATCHER","items_purchased":["MerchantsRug","AT_MibuBalloonWealth","Yang","Bag of Preparation","AT_ArchangelStaff","Nunchaku","LagranYue:NewUniverseRelic","Strange Spoon","AT_SpeedBoots"],"campfire_rested":1,"item_purchase_floors":[7,15,24,24,32,49,49,49,49],"current_hp_per_floor":[72,72,72,65,31,31,31,31,31,31,19,14,39,22,22,27,86,86,86,86,86,78,86,86,66,66,66,80,73,73,73,73,27,91,91,91,91,82,81,49,49,79,79,79,71,52,70,57,57,86],"gold":475,"neow_bonus":"BOSS_RELIC","is_daily":false,"chose_seed":false,"campfire_upgraded":0,"win_rate":0.0,"timestamp":1612845426,"path_taken":["M","M","?","?","?","E","R","M","T","?","M","?","R","E","R","BOSS","M","?","?","M","?","E","R","E","T","?","M","M","?","?","R","BOSS","M","COS","?","?","M","E","?","E","T","?","M","M","?","?","R","BOSS"],"items_purchased_type":["Relic","Relic","Relic","Relic","Relic","Relic","Relic","Relic","Relic"],"build_version":"2020-12-22","purchased_purges":1,"victory":true,"max_hp_per_floor":[72,72,72,86,86,86,86,86,86,86,86,86,86,86,86,86,86,86,86,86,86,86,86,86,86,86,86,86,86,86,86,86,86,91,91,91,91,91,91,98,98,98,98,98,98,98,98,98,98,98],"card_choices":[{"not_picked":["JustLucky","ClearTheMind"],"picked":"FollowUp","floor":1.0},{"not_picked":["Meditate","Protect"],"picked":"ForeignInfluence","floor":2.0},{"not_picked":["Fasting2","EmptyBody"],"picked":"Adaptation","floor":6.0},{"not_picked":["PathToVictory","Consecrate","EmptyBody"],"picked":"AT_ChampionStep","floor":8.0},{"not_picked":["LikeWater","SashWhip","EmptyFist"],"picked":"Prostrate","floor":11.0},{"not_picked":["Alpha","FearNoEvil","Indignation"],"picked":"Tantrum","floor":12.0},{"not_picked":["Crescendo","PathToVictory","Evaluate"],"picked":"MasterReality","floor":14.0},{"not_picked":["MasterReality","AT_IrregularMenstruation","Wish"],"picked":"AT_RealColorLess","floor":16.0},{"not_picked":["SashWhip","Weave","CrushJoints+1","EmptyBody"],"picked":"SKIP","floor":18.0},{"not_picked":["FlyingSleeves","Halt+1","ThirdEye"],"picked":"FearNoEvil","floor":19.0},{"not_picked":["AT_OneInchPunch","JustLucky","Prostrate","ThirdEye"],"picked":"SKIP","floor":21.0},{"not_picked":["Crescendo","CrushJoints","SashWhip+1"],"picked":"ForeignInfluence","floor":22.0},{"not_picked":["EmptyMind","FlyingSleeves","PathToVictory","Wallop+1"],"picked":"SKIP","floor":23.0},{"not_picked":["Omniscience","CutThroughFate+1","EmptyBody"],"picked":"AT_ChampionStep","floor":25.0},{"not_picked":["FlyingSleeves","ClearTheMind","ThirdEye","Evaluate+1"],"picked":"SKIP","floor":28.0},{"not_picked":["EmptyFist+1","Meditate+1","Consecrate"],"picked":"AT_ChampionStep","floor":29.0},{"not_picked":["Wish","Omniscience","MasterReality"],"picked":"Devotion","floor":33},{"not_picked":["ClearTheMind+1","TalkToTheHand+1","Halt"],"picked":"InnerPeace+1","floor":34},{"not_picked":["Evaluate+1","BowlingBash+1","AT_OneInchPunch","MentalFortress+1"],"picked":"SKIP","floor":35},{"not_picked":["FollowUp+1","Indignation+1","JustLucky+1","SandsOfTime+1"],"picked":"SKIP","floor":38},{"not_picked":["Wish","Protect","Tantrum+1","PathToVictory+1"],"picked":"SKIP","floor":39},{"not_picked":["Nirvana+1","Vengeance","Protect","WheelKick"],"picked":"SKIP","floor":40},{"not_picked":["JustLucky","Prostrate+1","Consecrate","SashWhip+1"],"picked":"SKIP","floor":42},{"not_picked":["AT_DivineConfetti","Halt","CutThroughFate","MentalFortress+1"],"picked":"SKIP","floor":45},{"not_picked":["Crescendo+1","Weave","Consecrate","Vengeance"],"picked":"SKIP","floor":46},{"not_picked":["Establishment","Evaluate","ForeignInfluence+1","Tantrum+1"],"picked":"SKIP","floor":47}],"player_experience":70737,"relics_obtained":[{"floor":6.0,"key":"Question Card"},{"floor":9.0,"key":"testmod-TurbochargingSystem"},{"floor":14.0,"key":"GodSword4"},{"floor":19.0,"key":"testmod-Muramasa"},{"floor":19.0,"key":"TungstenRod"},{"floor":23.0,"key":"Bottled Flame"},{"floor":25.0,"key":"Bronze Scales"},{"floor":26.0,"key":"AT_TimeSand"},{"floor":33,"key":"Gensokyo:MosesMiracle"},{"floor":40,"key":"GodSword6"},{"floor":42,"key":"AT_SilverBalance"},{"floor":43,"key":"AT_RedTearstoneRing"}],"event_choices":[{"damage_healed":0,"gold_gain":0,"player_choice":"Swap Relic","damage_taken":0,"relics_obtained":["Velvet Choker"],"max_hp_gain":0,"max_hp_loss":0,"event_name":"给自己的盒子","floor":31,"relics_lost":["Velvet Choker"],"gold_loss":0}],"is_beta":false,"boss_relics":[{"not_picked":["Sozu","Astrolabe"],"picked":"testmod-SaigiyounoYou"},{"not_picked":["testmod-BatchProcessingSystem","SacredBark"],"picked":"Tiny House"}],"items_purged_floors":[24],"is_endless":false,"potions_floor_spawned":[1,12,18,22,23,28,29,35,40,42],"ascension_level":2}}