{"host":"7l2t4psy44vpcd9q","time":1612869213,"event":{"mods":["AchievementEnabler","BaseMod","DeckTracker","Minty Spire (QoL Compilation)","SuperFastMode"],"gold_per_floor":[12,27,40,54,104,104,130,130,130,163,175,190,202,229,229,308,308,308,233,233,133,133,133,133,133,133,133,133,133,133,133,133,133,133,133,133,0,0,0,0,0,0,0,0,0,0,0,0],"floor_reached":47,"language":"KOR","playtime":1969,"items_purged":["Strike_R","Strike_R"],"score":1094,"play_id":"6a64d922-9596-4878-a103-ef49c384668f","local_time":"20210209201333","is_ascension_mode":true,"campfire_choices":[{"data":"Apotheosis","floor":6.0,"key":"SMITH"},{"floor":8.0,"key":"REST"},{"data":"Spot Weakness","floor":15.0,"key":"SMITH"},{"floor":25.0,"key":"REST"},{"data":"Blood for Blood","floor":28.0,"key":"SMITH"},{"data":"Sword Boomerang","floor":30.0,"key":"SMITH"},{"data":"Offering","floor":32.0,"key":"SMITH"},{"floor":40.0,"key":"REST"}],"circlet_count":0,"master_deck":["AscendersBane","Strike_R+1","Strike_R+1","Strike_R+1","Defend_R+1","Defend_R+1","Defend_R+1","Defend_R+1","Bash","Apotheosis+1","Inflame","Hemokinesis","Power Through","Blood for Blood+1","Burning Pact","Impervious","Feel No Pain","Flame Barrier","Spot Weakness+1","Reaper","Headbutt","Bloodletting+1","Headbutt","Sword Boomerang+1","Offering+1","Exhume","Whirlwind","Parasite","Sword Boomerang"],"relics":["Burning Blood","Bag of Marbles","Darkstone Periapt","Pear","Pantograph","Ectoplasm","Boot","Kunai","Fusion Hammer","Girya","Red Mask","The Courier","Dream Catcher"],"acts_visited":["Exordium","TheCity","TheBeyond"],"potions_floor_usage":[47],"damage_taken":[{"damage":14.0,"enemies":"Jaw Worm","floor":1.0,"turns":4.0},{"damage":9.0,"enemies":"Cultist","floor":2.0,"turns":4.0},{"damage":2.0,"enemies":"2 Louse","floor":3.0,"turns":2.0},{"damage":16.0,"enemies":"Lots of Slimes","floor":4.0,"turns":6.0},{"damage":22.0,"enemies":"3 Sentries","floor":7.0,"turns":8.0},{"damage":10.0,"enemies":"Gremlin Nob","floor":10.0,"turns":3.0},{"damage":6.0,"enemies":"Looter","floor":11.0,"turns":3.0},{"damage":7.0,"enemies":"3 Louse","floor":12.0,"turns":4.0},{"damage":14.0,"enemies":"2 Fungi Beasts","floor":13.0,"turns":3.0},{"damage":14.0,"enemies":"3 Sentries","floor":14.0,"turns":8.0},{"damage":25.0,"enemies":"The Guardian","floor":16.0,"turns":11.0},{"damage":8.0,"enemies":"Spheric Guardian","floor":18.0,"turns":7.0},{"damage":5.0,"enemies":"3 Byrds","floor":20.0,"turns":4.0},{"damage":70.0,"enemies":"Gremlin Leader","floor":23.0,"turns":10.0},{"damage":5.0,"enemies":"Snake Plant","floor":27.0,"turns":4.0},{"damage":31.0,"enemies":"Shelled Parasite and Fungi","floor":29.0,"turns":5.0},{"damage":10.0,"enemies":"Cultist and Chosen","floor":31.0,"turns":7.0},{"damage":12.0,"enemies":"Champ","floor":33.0,"turns":6.0},{"damage":39.0,"enemies":"3 Shapes","floor":35.0,"turns":6.0},{"damage":38.0,"enemies":"2 Orb Walkers","floor":36.0,"turns":5.0},{"damage":6.0,"enemies":"Orb Walker","floor":39.0,"turns":3.0},{"damage":42.0,"enemies":"Writhing Mass","floor":41.0,"turns":8.0},{"damage":17.0,"enemies":"Jaw Worm Horde","floor":42.0,"turns":4.0},{"damage":42,"enemies":"Nemesis","floor":44,"turns":6},{"damage":27,"enemies":"Maw","floor":47,"turns":6}],"seed_played":"4893961696114411232","potions_obtained":[{"floor":1.0,"key":"ColorlessPotion"},{"floor":7.0,"key":"SteroidPotion"},{"floor":10.0,"key":"LiquidMemories"},{"floor":12.0,"key":"Block Potion"},{"floor":23.0,"key":"Fire Potion"},{"floor":29.0,"key":"Strength Potion"},{"floor":35.0,"key":"SteroidPotion"},{"floor":39.0,"key":"Regen Potion"},{"floor":42.0,"key":"Energy Potion"}],"is_trial":false,"path_per_floor":["M","M","M","M","?","R","E","R","T","E","M","M","M","E","R","B",null,"M","$","M","$","?","E","?","R","T","M","R","M","R","M","R","B",null,"M","?","?","?","M","R","M","M","T","E","$","$","M"],"character_chosen":"IRONCLAD","items_purchased":[],"campfire_rested":3,"item_purchase_floors":[],"current_hp_per_floor":[60,57,61,51,51,51,35,57,57,63,63,62,54,46,46,52,77,75,75,76,76,76,36,36,61,61,62,62,51,51,53,53,85,85,67,42,42,42,42,66,42,43,43,7,7,7,0,0],"gold":0,"neow_bonus":"RANDOM_COLORLESS_2","is_daily":false,"chose_seed":false,"campfire_upgraded":5,"win_rate":0.0,"timestamp":1612869213,"path_taken":["M","M","M","M","?","R","E","R","T","E","M","M","M","E","R","BOSS","M","?","M","$","?","E","?","R","T","?","R","M","R","M","R","BOSS","M","?","?","?","M","R","M","M","T","E","?","$","?"],"items_purchased_type":[],"build_version":"2020-12-22","purchased_purges":2,"victory":false,"max_hp_per_floor":[75,75,75,75,75,75,75,75,75,85,85,85,85,85,85,85,85,85,85,85,85,85,85,85,85,85,85,85,85,85,85,85,85,85,85,85,85,81,81,81,87,87,87,87,87,87,87,87],"card_choices":[{"not_picked":["Thinking Ahead","Transmutation"],"picked":"Apotheosis","floor":0.0},{"not_picked":["Sword Boomerang","Havoc"],"picked":"Inflame","floor":1.0},{"not_picked":["Entrench","Body Slam"],"picked":"Hemokinesis","floor":2.0},{"not_picked":["Armaments","Shrug It Off"],"picked":"Power Through","floor":3.0},{"not_picked":["True Grit","Sentinel"],"picked":"Blood for Blood","floor":4.0},{"not_picked":["Anger","Clothesline"],"picked":"Burning Pact","floor":7.0},{"not_picked":["Intimidate","Thunderclap","Perfected Strike"],"picked":"SKIP","floor":10.0},{"not_picked":["Heavy Blade","Bloodletting"],"picked":"Impervious","floor":11.0},{"not_picked":["Seeing Red","Clash"],"picked":"Feel No Pain","floor":12.0},{"not_picked":["Disarm","Clothesline"],"picked":"Flame Barrier","floor":13.0},{"not_picked":["Pommel Strike","Clothesline"],"picked":"Spot Weakness","floor":14.0},{"not_picked":["Brutality","Offering"],"picked":"Reaper","floor":16.0},{"not_picked":["Flame Barrier","Dark Embrace"],"picked":"Headbutt","floor":18.0},{"not_picked":["Burning Pact","Flex","Warcry"],"picked":"SKIP","floor":20.0},{"not_picked":["Flex","Perfected Strike"],"picked":"Bloodletting+1","floor":23.0},{"not_picked":["Body Slam","Carnage"],"picked":"Headbutt","floor":27.0},{"not_picked":["Thunderclap","Anger"],"picked":"Sword Boomerang","floor":29.0},{"not_picked":["Armaments","Dual Wield"],"picked":"Offering","floor":31.0},{"not_picked":["Demon Form","Feed"],"picked":"Exhume","floor":33.0},{"not_picked":["Rage","Sword Boomerang","Havoc+1"],"picked":"SKIP","floor":35.0},{"not_picked":["Headbutt","Warcry"],"picked":"Whirlwind","floor":39.0},{"not_picked":["Twin Strike","Perfected Strike","Clash+1"],"picked":"SKIP","floor":41.0},{"not_picked":["Pommel Strike","Clothesline","Berserk"],"picked":"SKIP","floor":42.0},{"not_picked":["Cleave","Ghostly Armor"],"picked":"Sword Boomerang","floor":44}],"player_experience":1288834,"relics_obtained":[{"floor":7.0,"key":"Bag of Marbles"},{"floor":9.0,"key":"Darkstone Periapt"},{"floor":10.0,"key":"Pear"},{"floor":14.0,"key":"Pantograph"},{"floor":23.0,"key":"Boot"},{"floor":26.0,"key":"Kunai"},{"floor":36.0,"key":"Girya"},{"floor":43.0,"key":"The Courier"},{"floor":44,"key":"Dream Catcher"}],"event_choices":[{"damage_healed":0.0,"max_hp_gain":0.0,"max_hp_loss":0.0,"gold_gain":50.0,"event_name":"Golden Shrine","player_choice":"Pray","floor":5.0,"gold_loss":0.0,"damage_taken":0.0},{"damage_healed":0.0,"max_hp_gain":0.0,"max_hp_loss":0.0,"gold_gain":0.0,"event_name":"Back to Basics","player_choice":"Simplicity","floor":22.0,"gold_loss":0.0,"damage_taken":0.0,"cards_upgraded":["Strike_R","Strike_R","Strike_R","Defend_R","Defend_R","Defend_R","Defend_R"]},{"damage_healed":0.0,"max_hp_gain":0.0,"max_hp_loss":0.0,"gold_gain":0.0,"event_name":"Match and Keep!","player_choice":"0 cards matched","floor":24.0,"gold_loss":0.0,"damage_taken":0.0,"cards_obtained":[]},{"damage_healed":0.0,"max_hp_gain":0.0,"max_hp_loss":0.0,"gold_gain":0.0,"event_name":"Mysterious Sphere","player_choice":"Fight","floor":36.0,"gold_loss":0.0,"damage_taken":0.0},{"damage_healed":0.0,"max_hp_gain":0.0,"max_hp_loss":0.0,"gold_gain":0.0,"event_name":"Tomb of Lord Red Mask","player_choice":"Paid","floor":37.0,"gold_loss":133.0,"damage_taken":0.0,"relics_obtained":["Red Mask"]},{"damage_healed":0.0,"max_hp_gain":0.0,"max_hp_loss":4.0,"gold_gain":0.0,"event_name":"Winding Halls","player_choice":"Max HP","floor":38.0,"gold_loss":0.0,"damage_taken":0.0}],"is_beta":false,"boss_relics":[{"not_picked":["Snecko Eye","Black Star"],"picked":"Ectoplasm"},{"not_picked":["SacredBark","Runic Pyramid"],"picked":"Fusion Hammer"}],"items_purged_floors":[19,21],"is_endless":false,"potions_floor_spawned":[1,7,10,12,13,23,29,31,35,39,42],"killed_by":"Maw","ascension_level":20}}