{"host":"d52brwsy6af8zvaq","time":1612838868,"event":{"mods":["AchievementEnabler","BaseMod","Bestiary","Highlight Path","Minty Spire (QoL Compilation)","Quick Restart","Relic Stats","ojb\u0027s Better Paths Mod"],"gold_per_floor":[119,131,131,147,167,167,167],"floor_reached":6,"language":"ENG","playtime":312,"items_purged":[],"score":76,"play_id":"8553f007-16e1-49d0-b433-237977f85f6e","local_time":"20210208194748","is_ascension_mode":true,"campfire_choices":[],"circlet_count":0,"master_deck":["AscendersBane","Strike_B","Strike_B","Strike_B","Strike_B","Defend_B","Defend_B","Defend_B","Defend_B","Zap","Dualcast","Gash","FTL","Darkness","Auto Shields"],"relics":["Cracked Core"],"acts_visited":[],"potions_floor_usage":[5,5],"damage_taken":[{"damage":2.0,"enemies":"2 Louse","floor":1.0,"turns":3.0},{"damage":3.0,"enemies":"Small Slimes","floor":2.0,"turns":4.0},{"damage":1.0,"enemies":"Cultist","floor":4.0,"turns":3.0},{"damage":21,"enemies":"Exordium Wildlife","floor":5,"turns":5},{"damage":40,"enemies":"Gremlin Nob","floor":6,"turns":3}],"seed_played":"-8554343252906941914","potions_obtained":[{"floor":0.0,"key":"EntropicBrew"},{"floor":0.0,"key":"SkillPotion"}],"is_trial":false,"path_per_floor":["M","M","?","M","M","E"],"character_chosen":"DEFECT","items_purchased":[],"campfire_rested":0,"item_purchase_floors":[],"current_hp_per_floor":[62,59,59,58,37,0,0],"gold":167,"neow_bonus":"THREE_SMALL_POTIONS","is_daily":false,"chose_seed":false,"campfire_upgraded":0,"win_rate":0.0,"timestamp":1612838868,"path_taken":["M","M","?","M","M","E"],"items_purchased_type":[],"build_version":"2020-12-22","purchased_purges":0,"victory":false,"max_hp_per_floor":[71,71,71,71,71,71,71],"relic_stats":{"counters":[5,18],"obtain_stats":[{"Cracked Core":0},{"Cracked Core":0},{"Cracked Core":0}]},"card_choices":[{"not_picked":["Rebound","Go for the Eyes"],"picked":"Gash","floor":1.0},{"not_picked":["Conserve Battery","Go for the Eyes"],"picked":"FTL","floor":2.0},{"not_picked":["Coolheaded","Chaos"],"picked":"Darkness","floor":4.0},{"not_picked":["Leap","Cold Snap"],"picked":"Auto Shields","floor":5}],"player_experience":2192397,"relics_obtained":[],"event_choices":[{"damage_healed":0.0,"max_hp_gain":0.0,"max_hp_loss":0.0,"gold_gain":0.0,"event_name":"Liars Game","player_choice":"Ignored","floor":3.0,"gold_loss":0.0,"damage_taken":0.0}],"is_beta":false,"boss_relics":[],"items_purged_floors":[],"is_endless":false,"potions_floor_spawned":[2,4],"killed_by":"Gremlin Nob","ascension_level":20}}