{"host":"zwezhz46a5cjkxff","time":1612848609,"event":{"mods":["AchievementEnabler","BaseMod","Colored Map","Colored Powertips","DeckTracker","Minty Spire (QoL Compilation)","Permanent Neow","Quick Restart","Rare Cards Sparkle","Relic Stats","StSLib","SuperFastMode"],"gold_per_floor":[361,105,122,133,145,145,178,178,224,236,236,247,247,197,197,300,300,312,71,71,91,101,129,129,140,140,154,164,39,39,51,51,152,152,152,152],"floor_reached":35,"language":"ENG","playtime":1197,"items_purged":["Defend_B","Strike_B","Strike_B"],"score":419,"play_id":"5dff3e41-5c09-4def-9dce-263bdfffd1af","local_time":"20210208233009","is_ascension_mode":true,"campfire_choices":[{"floor":6,"key":"RECALL"},{"data":"Zap","floor":8,"key":"SMITH"},{"data":"Blizzard","floor":11,"key":"SMITH"},{"data":"Streamline","floor":13,"key":"SMITH"},{"floor":15,"key":"REST"},{"floor":30,"key":"REST"},{"data":"Blizzard","floor":32,"key":"SMITH"}],"circlet_count":0,"master_deck":["Strike_B","Defend_B","Defend_B","Zap+1","Dualcast","Coolheaded","Coolheaded","Cold Snap","Streamline+1","FTL","Blizzard+1","Reboot","Blizzard+1","Defragment","BootSequence","Beam Cell","Self Repair+1"],"relics":["Cracked Core","Lantern","Bottled Flame","Runic Dome","Enchiridion","Toy Ornithopter","Regal Pillow","Nuclear Battery"],"acts_visited":["Exordium","TheCity","TheBeyond"],"potions_floor_usage":[5,7,16,16,25,25,33],"damage_taken":[{"damage":0,"enemies":"Small Slimes","floor":1,"turns":2},{"damage":3,"enemies":"2 Louse","floor":3,"turns":2},{"damage":2,"enemies":"Cultist","floor":4,"turns":3},{"damage":4,"enemies":"Exordium Wildlife","floor":5,"turns":3},{"damage":14,"enemies":"Gremlin Nob","floor":7,"turns":3},{"damage":7,"enemies":"3 Louse","floor":10,"turns":2},{"damage":14,"enemies":"Lots of Slimes","floor":12,"turns":3},{"damage":23,"enemies":"Hexaghost","floor":16,"turns":6},{"damage":4,"enemies":"Shell Parasite","floor":18,"turns":3},{"damage":9,"enemies":"Chosen","floor":21,"turns":5},{"damage":3,"enemies":"Snecko","floor":22,"turns":3},{"damage":18,"enemies":"Gremlin Leader","floor":23,"turns":7},{"damage":18,"enemies":"Snake Plant","floor":25,"turns":4},{"damage":22,"enemies":"Cultist and Chosen","floor":27,"turns":5},{"damage":14,"enemies":"Centurion and Healer","floor":28,"turns":5},{"damage":5,"enemies":"Sentry and Sphere","floor":31,"turns":4},{"damage":57,"enemies":"Champ","floor":33,"turns":8},{"damage":76,"enemies":"3 Darklings","floor":35,"turns":4}],"seed_played":"-2506522176446869674","potions_obtained":[{"floor":3,"key":"FearPotion"},{"floor":5,"key":"Fruit Juice"},{"floor":7,"key":"EssenceOfDarkness"},{"floor":12,"key":"Strength Potion"},{"floor":18,"key":"ColorlessPotion"},{"floor":21,"key":"Energy Potion"},{"floor":23,"key":"Ancient Potion"},{"floor":33,"key":"EssenceOfSteel"}],"is_trial":false,"path_per_floor":["M","$","M","M","M","R","E","R","T","M","R","M","R","?","R","B",null,"M","$","?","M","M","E","?","M","T","M","M","$","R","M","R","B",null,"M"],"character_chosen":"DEFECT","items_purchased":["Coolheaded","Lantern","Defragment","BootSequence"],"campfire_rested":2,"item_purchase_floors":[2,2,19,19],"current_hp_per_floor":[68,68,65,63,64,64,50,50,50,43,43,29,29,29,50,27,73,69,69,53,44,41,33,33,45,45,33,29,29,65,70,70,28,73,0,0],"gold":152,"neow_bonus":"TWO_FIFTY_GOLD","is_daily":false,"chose_seed":false,"campfire_upgraded":4,"win_rate":0.0,"timestamp":1612848609,"path_taken":["M","$","M","M","M","R","E","R","T","M","R","M","R","?","R","BOSS","M","$","?","M","M","E","?","?","T","M","M","$","R","M","R","BOSS","M"],"items_purchased_type":["Card","Relic","Card","Card"],"build_version":"2020-12-22","purchased_purges":3,"victory":false,"max_hp_per_floor":[68,68,68,68,73,73,73,73,73,73,73,73,73,73,73,73,73,73,73,73,73,73,73,73,73,73,73,73,73,73,73,73,73,73,73,73],"relic_stats":{"Regal Pillow":15,"counters":[18,72],"obtain_stats":[{"Runic Dome":17,"Lantern":2,"Bottled Flame":7,"Regal Pillow":26,"Enchiridion":20,"Cracked Core":0,"Toy Ornithopter":23,"Nuclear Battery":34},{"Runic Dome":8,"Lantern":1,"Bottled Flame":5,"Regal Pillow":13,"Enchiridion":9,"Cracked Core":0,"Toy Ornithopter":12,"Nuclear Battery":17},{"Runic Dome":24,"Lantern":2,"Bottled Flame":13,"Regal Pillow":46,"Enchiridion":27,"Cracked Core":0,"Toy Ornithopter":42,"Nuclear Battery":68}],"Toy Ornithopter":15},"card_choices":[{"not_picked":["Steam","Turbo"],"picked":"Coolheaded","floor":1},{"not_picked":["Sunder","Fusion"],"picked":"Cold Snap","floor":3},{"not_picked":["Recycle","Leap"],"picked":"Streamline","floor":4},{"not_picked":["Auto Shields","Rebound","Skim"],"picked":"SKIP","floor":5},{"not_picked":["Streamline","Storm"],"picked":"FTL","floor":7},{"not_picked":["Turbo","Steam Power"],"picked":"Blizzard","floor":10},{"not_picked":["Gash","Streamline","Coolheaded"],"picked":"SKIP","floor":12},{"not_picked":["Creative AI","Hyperbeam"],"picked":"Reboot","floor":16},{"not_picked":["Cold Snap+1","Hologram"],"picked":"Blizzard","floor":18},{"not_picked":["Barrage","White Noise"],"picked":"Beam Cell","floor":21},{"not_picked":["Undo+1","BootSequence+1"],"picked":"Self Repair+1","floor":22},{"not_picked":["Sweeping Beam+1","Sunder","Darkness"],"picked":"SKIP","floor":23},{"not_picked":["Genetic Algorithm+1","Beam Cell","Leap"],"picked":"SKIP","floor":25},{"not_picked":["Creative AI","Aggregate","Barrage"],"picked":"SKIP","floor":27},{"not_picked":["Coolheaded","Tempest+1","Leap+1"],"picked":"SKIP","floor":28},{"not_picked":["Chaos","Static Discharge","Storm"],"picked":"SKIP","floor":31}],"player_experience":91328,"relics_obtained":[{"floor":7,"key":"Bottled Flame"},{"floor":20,"key":"Enchiridion"},{"floor":23,"key":"Toy Ornithopter"},{"floor":26,"key":"Regal Pillow"}],"event_choices":[{"cards_removed":["Strike_B"],"damage_healed":0,"gold_gain":0,"player_choice":"Card Removal","damage_taken":0,"max_hp_gain":0,"max_hp_loss":0,"event_name":"The Cleric","floor":14,"gold_loss":50},{"damage_healed":0,"gold_gain":0,"player_choice":"Obtained Book","damage_taken":16,"max_hp_gain":0,"max_hp_loss":0,"event_name":"Cursed Tome","floor":20,"gold_loss":0},{"cards_removed":["Defend_B"],"damage_healed":0,"gold_gain":0,"player_choice":"Purged","damage_taken":0,"max_hp_gain":0,"max_hp_loss":0,"event_name":"Purifier","floor":24,"gold_loss":0}],"is_beta":false,"boss_relics":[{"not_picked":["Pandora\u0027s Box","Fusion Hammer"],"picked":"Runic Dome"},{"not_picked":["Empty Cage","Coffee Dripper"],"picked":"Nuclear Battery"}],"items_purged_floors":[2,19,29],"is_endless":false,"potions_floor_spawned":[3,5,7,12,18,21,23,33],"killed_by":"3 Darklings","ascension_level":2}}