{"host":"r91i8wii3z9p67t1","time":1612886645,"event":{"mods":["BaseMod","Minty Spire (QoL Compilation)","Relic Stats","StSLib"],"gold_per_floor":[111,122,1,1,1,34,54,79,79,79,79,94,114,131,131,233,233,233,148,148,148,148,148,148,148,148,148,148,148,148,148,148,148,148,148,148,148,148,148,148,148,148,148,148,148,148,148,148,148,148],"floor_reached":51,"language":"ENG","playtime":11856,"items_purged":["Strike_P"],"score":1123,"play_id":"bd1bdb97-d867-45b6-bdbf-1355ff146fac","local_time":"20210210000405","is_ascension_mode":true,"campfire_choices":[{"floor":10,"key":"REST"},{"data":"Wallop","floor":15,"key":"SMITH"},{"data":"Vault","floor":24,"key":"SMITH"},{"data":"Vigilance","floor":28,"key":"SMITH"},{"data":"Swivel","floor":30,"key":"SMITH"},{"data":"DeceiveReality","floor":32,"key":"SMITH"},{"data":"Eruption","floor":40,"key":"SMITH"},{"data":"Scrawl","floor":49,"key":"SMITH"}],"circlet_count":0,"master_deck":["AscendersBane","Strike_P+1","Strike_P+1","Strike_P","Defend_P","Defend_P","Defend_P+1","Defend_P","Eruption+1","Vigilance+1","WaveOfTheHand","DeceiveReality+1","EmptyFist","Halt","ThirdEye+1","Evaluate","ReachHeaven","Wallop+1","Wireheading","Vault+1","Swivel+1","Indignation+1","Evaluate","CutThroughFate","LessonLearned+1","Evaluate+1","FearNoEvil","Scrawl+1","CutThroughFate","CarveReality+1","Dark Shackles"],"relics":["PureWater","StrikeDummy","Letter Opener","Regal Pillow","Question Card","Pantograph","Ectoplasm","InkBottle","MawBank","Bottled Flame","Shuriken","Blue Candle","Lantern","Sozu","Bag of Preparation","MealTicket","Pear","Torii","Old Coin"],"acts_visited":["Exordium","TheCity","TheBeyond"],"potions_floor_usage":[8,16,23,23,33,46],"damage_taken":[{"damage":6,"enemies":"Cultist","floor":1,"turns":4},{"damage":4,"enemies":"Small Slimes","floor":2,"turns":5},{"damage":22,"enemies":"Gremlin Nob","floor":6,"turns":5},{"damage":8,"enemies":"Jaw Worm","floor":7,"turns":5},{"damage":8,"enemies":"3 Sentries","floor":8,"turns":6},{"damage":1,"enemies":"Exordium Wildlife","floor":12,"turns":5},{"damage":0,"enemies":"Large Slime","floor":13,"turns":2},{"damage":2,"enemies":"Exordium Thugs","floor":14,"turns":4},{"damage":27,"enemies":"Slime Boss","floor":16,"turns":16},{"damage":4,"enemies":"Shell Parasite","floor":18,"turns":5},{"damage":10,"enemies":"Gremlin Leader","floor":23,"turns":7},{"damage":5,"enemies":"Chosen","floor":25,"turns":8},{"damage":9,"enemies":"Slavers","floor":27,"turns":7},{"damage":0,"enemies":"3 Cultists","floor":29,"turns":6},{"damage":7,"enemies":"Sentry and Sphere","floor":31,"turns":6},{"damage":42,"enemies":"Champ","floor":33,"turns":14},{"damage":21,"enemies":"3 Darklings","floor":35,"turns":8},{"damage":5,"enemies":"3 Shapes","floor":37,"turns":5},{"damage":29,"enemies":"Writhing Mass","floor":38,"turns":11},{"damage":9,"enemies":"Nemesis","floor":41,"turns":8},{"damage":2,"enemies":"Jaw Worm Horde","floor":42,"turns":4},{"damage":0,"enemies":"4 Shapes","floor":44,"turns":4},{"damage":0,"enemies":"2 Orb Walkers","floor":45,"turns":4},{"damage":1,"enemies":"Maw","floor":46,"turns":7},{"damage":0,"enemies":"Giant Head","floor":47,"turns":5},{"damage":104,"enemies":"Time Eater","floor":50,"turns":13}],"seed_played":"-5534055902615552550","potions_obtained":[{"floor":1,"key":"Strength Potion"},{"floor":2,"key":"FearPotion"},{"floor":7,"key":"DistilledChaos"},{"floor":12,"key":"Block Potion"},{"floor":18,"key":"ColorlessPotion"},{"floor":27,"key":"LiquidMemories"},{"floor":29,"key":"FairyPotion"},{"floor":33,"key":"GamblersBrew"}],"is_trial":false,"path_per_floor":["M","M","$","$","?","E","M","E","T","R","T","M","M","M","R","B",null,"M","?","T","T","?","E","R","M","T","E","R","M","R","M","R","B",null,"M","?","M","M","T","R","E","M","T","M","?","M","E","?","R","B",null],"character_chosen":"WATCHER","items_purchased":["EmptyFist"],"campfire_rested":1,"item_purchase_floors":[3],"current_hp_per_floor":[55,51,51,51,48,26,18,10,10,50,50,49,49,47,47,45,76,72,72,72,72,72,62,62,57,57,48,48,48,48,41,41,24,71,50,86,81,52,52,52,43,41,51,51,51,50,50,50,50,1],"gold":148,"neow_bonus":"TWENTY_PERCENT_HP_BONUS","is_daily":false,"chose_seed":false,"campfire_upgraded":7,"win_rate":0.0,"timestamp":1612886645,"path_taken":["M","M","?","$","?","E","M","E","T","R","?","?","M","M","R","BOSS","M","?","?","?","?","E","R","M","T","E","R","M","R","M","R","BOSS","M","?","?","M","?","R","E","M","T","M","?","M","E","?","R","BOSS"],"items_purchased_type":["Card"],"build_version":"2020-12-22","purchased_purges":1,"victory":true,"max_hp_per_floor":[86,86,86,86,86,86,86,86,86,86,86,86,86,86,86,86,86,86,86,86,86,86,86,86,86,86,86,86,86,86,86,86,86,86,86,86,86,86,86,86,86,86,96,96,96,96,96,96,96,96],"relic_stats":{"Regal Pillow":15,"Torii":3,"counters":[26,174],"Blue Candle":[0],"Bag of Preparation":[14],"Letter Opener":[611],"Question Card":21,"MawBank":0,"Sozu":5,"Shuriken":[38],"Pantograph":75,"MealTicket":0,"Ectoplasm":1261,"obtain_stats":[{"Regal Pillow":8,"Lantern":27,"Pear":43,"Torii":45,"Blue Candle":26,"Bag of Preparation":39,"Letter Opener":6,"Question Card":9,"MawBank":20,"Old Coin":47,"Sozu":34,"Bottled Flame":21,"Shuriken":23,"Pantograph":11,"MealTicket":41,"Ectoplasm":17,"PureWater":0,"StrikeDummy":5,"InkBottle":19},{"Regal Pillow":5,"Lantern":13,"Pear":21,"Torii":23,"Blue Candle":12,"Bag of Preparation":19,"Letter Opener":3,"Question Card":5,"MawBank":10,"Old Coin":25,"Sozu":16,"Bottled Flame":10,"Shuriken":11,"Pantograph":5,"MealTicket":20,"Ectoplasm":9,"PureWater":0,"StrikeDummy":2,"InkBottle":10},{"Regal Pillow":25,"Lantern":79,"Pear":141,"Torii":149,"Blue Candle":72,"Bag of Preparation":129,"Letter Opener":14,"Question Card":25,"MawBank":57,"Old Coin":161,"Sozu":105,"Bottled Flame":57,"Shuriken":64,"Pantograph":25,"MealTicket":137,"Ectoplasm":52,"PureWater":0,"StrikeDummy":9,"InkBottle":57}],"InkBottle":[53]},"card_choices":[{"not_picked":["WreathOfFlame","CutThroughFate"],"picked":"WaveOfTheHand","floor":1},{"not_picked":["PathToVictory","CutThroughFate"],"picked":"DeceiveReality","floor":2},{"not_picked":["Consecrate","Protect"],"picked":"Halt","floor":6},{"not_picked":["PathToVictory","CrushJoints"],"picked":"ThirdEye","floor":7},{"not_picked":["EmptyBody","Perseverance"],"picked":"Evaluate","floor":8},{"not_picked":["Sanctity","Alpha","Consecrate"],"picked":"ReachHeaven","floor":12},{"not_picked":["FlyingSleeves","Crescendo","ClearTheMind"],"picked":"Wallop","floor":13},{"not_picked":["Halt","SashWhip","EmptyBody"],"picked":"Wireheading","floor":14},{"not_picked":["Blasphemy","SpiritShield","ConjureBlade"],"picked":"Vault","floor":16},{"not_picked":["PathToVictory","ClearTheMind","CarveReality"],"picked":"Swivel","floor":18},{"not_picked":["FlurryOfBlows","Halt","Prostrate"],"picked":"Indignation+1","floor":23},{"not_picked":["Prostrate","WheelKick","Consecrate"],"picked":"Weave","floor":25},{"not_picked":["Vengeance","ThirdEye","Meditate","Establishment"],"picked":"SKIP","floor":27},{"not_picked":["Adaptation","Halt","ThirdEye"],"picked":"Evaluate","floor":29},{"not_picked":["Crescendo+1","Perseverance","SandsOfTime"],"picked":"CutThroughFate","floor":31},{"not_picked":["Blasphemy","Brilliance","Wish"],"picked":"LessonLearned","floor":33},{"not_picked":["FlyingSleeves+1","PathToVictory","WreathOfFlame+1"],"picked":"Evaluate+1","floor":35},{"not_picked":["FlurryOfBlows","Swivel+1","Prostrate"],"picked":"FearNoEvil","floor":37},{"not_picked":["EmptyFist+1","Halt","Consecrate+1","Adaptation+1"],"picked":"SKIP","floor":38},{"not_picked":["DeceiveReality+1","EmptyFist","Wireheading","FollowUp+1"],"picked":"SKIP","floor":41},{"not_picked":["FlurryOfBlows","Protect","WheelKick"],"picked":"Scrawl","floor":42},{"not_picked":["JustLucky+1","SignatureMove","Indignation"],"picked":"CutThroughFate","floor":44},{"not_picked":["WaveOfTheHand+1","Halt+1","SashWhip+1","Crescendo+1"],"picked":"SKIP","floor":46},{"not_picked":["Halt+1","EmptyFist+1","WaveOfTheHand+1"],"picked":"CarveReality+1","floor":47},{"not_picked":["Swift Strike","Enlightenment","HandOfGreed"],"picked":"Dark Shackles","floor":48}],"player_experience":1028881,"relics_obtained":[{"floor":6,"key":"Letter Opener"},{"floor":8,"key":"Regal Pillow"},{"floor":9,"key":"Question Card"},{"floor":11,"key":"Pantograph"},{"floor":20,"key":"MawBank"},{"floor":21,"key":"Bottled Flame"},{"floor":23,"key":"Shuriken"},{"floor":26,"key":"Blue Candle"},{"floor":27,"key":"Lantern"},{"floor":39,"key":"Bag of Preparation"},{"floor":41,"key":"MealTicket"},{"floor":43,"key":"Pear"},{"floor":45,"key":"Torii"},{"floor":47,"key":"Old Coin"}],"event_choices":[{"damage_healed":0,"gold_gain":0,"player_choice":"Success","damage_taken":3,"relics_obtained":["StrikeDummy"],"max_hp_gain":0,"max_hp_loss":0,"event_name":"Scrap Ooze","floor":5,"gold_loss":0},{"damage_healed":0,"gold_gain":0,"player_choice":"Obtained Relic","damage_taken":0,"relics_obtained":["InkBottle"],"max_hp_gain":0,"max_hp_loss":0,"event_name":"Addict","floor":19,"gold_loss":85},{"damage_healed":0,"gold_gain":0,"player_choice":"Ignored","damage_taken":0,"max_hp_gain":0,"max_hp_loss":0,"event_name":"Ghosts","floor":22,"gold_loss":0},{"cards_removed":["Weave"],"damage_healed":36,"gold_gain":0,"player_choice":"Offered Uncommon","damage_taken":0,"max_hp_gain":0,"max_hp_loss":0,"event_name":"Bonfire Elementals","floor":36,"gold_loss":0},{"damage_healed":0,"gold_gain":0,"player_choice":"Fight","damage_taken":0,"max_hp_gain":0,"max_hp_loss":0,"event_name":"Mysterious Sphere","floor":45,"gold_loss":0},{"damage_healed":0,"gold_gain":0,"player_choice":"Memory 1","damage_taken":0,"max_hp_gain":0,"max_hp_loss":0,"event_name":"SensoryStone","floor":48,"gold_loss":0}],"is_beta":false,"boss_relics":[{"not_picked":["Fusion Hammer","Runic Pyramid"],"picked":"Ectoplasm"},{"not_picked":["Astrolabe","Cursed Key"],"picked":"Sozu"}],"items_purged_floors":[3],"is_endless":false,"potions_floor_spawned":[1,2,7,12,18,27,29,33,38,41,42,45,46],"ascension_level":10}}