{"host":"2pmmafybkq7zb6na","time":1612862922,"event":{"mods":["AchievementEnabler","BaseMod","Colored Map","Highlight Path","Keyboard Shortcuts","Minty Spire (QoL Compilation)","Quick Restart","StSLib","SuperFastMode"],"gold_per_floor":[365,105,105,119,51,51,77,93,93,93,109,109,144,159,159,264,264,279,293,293,307,322,322,348,348,348,367,367,367,383,114,114,212,212,222,272,292,292,292],"floor_reached":38,"language":"KOR","playtime":2195,"items_purged":["Strike_G","Strike_G"],"score":453,"play_id":"03e0b8cf-41ea-4e40-b229-298341ce3243","local_time":"20210209182842","is_ascension_mode":true,"campfire_choices":[{"data":"Accuracy","floor":6.0,"key":"SMITH"},{"data":"Strike_G","floor":10.0,"key":"PURGE"},{"floor":12.0,"key":"REST"},{"floor":15.0,"key":"REST"},{"floor":23.0,"key":"REST"},{"data":"Strike_G","floor":25.0,"key":"PURGE"},{"data":"Strike_G","floor":29.0,"key":"PURGE"},{"floor":32.0,"key":"RECALL"}],"circlet_count":0,"master_deck":["Defend_G","Defend_G","Survivor","Neutralize","Blade Dance+1","Well Laid Plans","PiercingWail","Accuracy+1","Finisher","Backflip","Accuracy","Cloak And Dagger","Envenom","Infinite Blades","Calculated Gamble+1","Cloak And Dagger+1","Escape Plan+1","Terror","Calculated Gamble","Blur+1","A Thousand Cuts+1","Riddle With Holes+1","Acrobatics+1","Footwork+1"],"relics":["Ring of the Snake","Regal Pillow","Peace Pipe","PreservedInsect","HoveringKite","Prayer Wheel","Shuriken","Astrolabe","Incense Burner"],"acts_visited":["Exordium","TheCity","TheBeyond"],"potions_floor_usage":[38],"damage_taken":[{"damage":6.0,"enemies":"Jaw Worm","floor":1.0,"turns":6.0},{"damage":1.0,"enemies":"Cultist","floor":4.0,"turns":4.0},{"damage":12.0,"enemies":"Lagavulin","floor":7.0,"turns":6.0},{"damage":2.0,"enemies":"Small Slimes","floor":8.0,"turns":3.0},{"damage":1.0,"enemies":"Blue Slaver","floor":11.0,"turns":2.0},{"damage":21.0,"enemies":"3 Sentries","floor":13.0,"turns":6.0},{"damage":7.0,"enemies":"Red Slaver","floor":14.0,"turns":2.0},{"damage":21.0,"enemies":"Slime Boss","floor":16.0,"turns":8.0},{"damage":0.0,"enemies":"Chosen","floor":18.0,"turns":4.0},{"damage":20.0,"enemies":"Spheric Guardian","floor":19.0,"turns":6.0},{"damage":3.0,"enemies":"Cultist and Chosen","floor":21.0,"turns":4.0},{"damage":25.0,"enemies":"3 Cultists","floor":22.0,"turns":6.0},{"damage":0.0,"enemies":"Gremlin Leader","floor":24.0,"turns":4.0},{"damage":4.0,"enemies":"Snake Plant","floor":27.0,"turns":3.0},{"damage":6.0,"enemies":"Centurion and Healer","floor":30.0,"turns":5.0},{"damage":4.0,"enemies":"Automaton","floor":33.0,"turns":6.0},{"damage":10.0,"enemies":"3 Darklings","floor":35.0,"turns":4.0},{"damage":18.0,"enemies":"Mind Bloom Boss Battle","floor":36.0,"turns":5.0},{"damage":7.0,"enemies":"3 Shapes","floor":37.0,"turns":4.0},{"damage":34,"enemies":"Sphere and 2 Shapes","floor":38,"turns":5}],"seed_played":"159229367153015857","potions_obtained":[{"floor":11.0,"key":"FearPotion"},{"floor":13.0,"key":"LiquidBronze"},{"floor":14.0,"key":"ColorlessPotion"},{"floor":19.0,"key":"PowerPotion"},{"floor":21.0,"key":"EssenceOfSteel"},{"floor":27.0,"key":"DistilledChaos"},{"floor":35.0,"key":"Explosive Potion"},{"floor":37.0,"key":"Poison Potion"}],"is_trial":false,"path_per_floor":["M","$","?","M","$","R","E","M","T","R","M","R","E","M","R","B",null,"M","M","?","M","M","R","E","R","T","M","?","R","M","$","R","B",null,"M","?","M","M"],"character_chosen":"THE_SILENT","items_purchased":["Well Laid Plans","Regal Pillow","Accuracy","Calculated Gamble","Fruit Juice"],"campfire_rested":3,"item_purchase_floors":[2,2,5,31,31],"current_hp_per_floor":[57,57,57,56,56,56,44,42,42,42,41,63,42,35,63,42,63,63,43,63,60,35,63,63,63,63,59,59,59,53,58,58,54,68,58,40,33,0,0],"gold":292,"neow_bonus":"TWO_FIFTY_GOLD","is_daily":false,"chose_seed":false,"campfire_upgraded":1,"win_rate":0.0,"timestamp":1612862922,"path_taken":["M","$","?","M","$","R","E","M","T","R","M","R","E","M","R","BOSS","M","?","?","?","M","R","E","R","T","M","?","R","M","$","R","BOSS","M","?","M","M"],"items_purchased_type":["Card","Relic","Card","Card","Potion"],"build_version":"2020-12-22","purchased_purges":2,"victory":false,"max_hp_per_floor":[63,63,63,63,63,63,63,63,63,63,63,63,63,63,63,63,63,63,63,63,63,63,63,63,63,63,63,63,63,63,68,68,68,68,68,68,68,68,68],"card_choices":[{"not_picked":["Deflect","Skewer"],"picked":"Blade Dance","floor":1.0},{"not_picked":["Skewer","Caltrops"],"picked":"PiercingWail","floor":4.0},{"not_picked":["Noxious Fumes","Poisoned Stab"],"picked":"Finisher","floor":7.0},{"not_picked":["Dodge and Roll","Acrobatics"],"picked":"Backflip","floor":8.0},{"not_picked":["Heel Hook","Cloak And Dagger"],"picked":"Accuracy","floor":11.0},{"not_picked":["Dash","Sucker Punch","Caltrops"],"picked":"SKIP","floor":13.0},{"not_picked":["Bane","Endless Agony"],"picked":"Cloak And Dagger","floor":14.0},{"not_picked":["Tools of the Trade","Night Terror"],"picked":"Envenom","floor":16.0},{"not_picked":["Dash+1","Poisoned Stab"],"picked":"Infinite Blades","floor":18.0},{"not_picked":["Heel Hook+1","Prepared"],"picked":"Calculated Gamble+1","floor":19.0},{"not_picked":["Dagger Throw","Prepared"],"picked":"Cloak And Dagger+1","floor":21.0},{"not_picked":["Skewer","Quick Slash","Leg Sweep+1"],"picked":"SKIP","floor":22.0},{"not_picked":["Cloak And Dagger","A Thousand Cuts"],"picked":"Escape Plan+1","floor":24.0},{"not_picked":["Eviscerate","Distraction+1"],"picked":"Terror","floor":27.0},{"not_picked":["Concentrate","Quick Slash","Poisoned Stab+1"],"picked":"SKIP","floor":27.0},{"not_picked":["Backstab","Poisoned Stab+1","Heel Hook"],"picked":"SKIP","floor":30.0},{"not_picked":["Concentrate+1","Flying Knee+1","Sucker Punch+1"],"picked":"SKIP","floor":30.0},{"not_picked":["Underhanded Strike","Skewer+1","Poisoned Stab+1"],"picked":"SKIP","floor":35.0},{"not_picked":["Dash","Prepared","Slice+1"],"picked":"SKIP","floor":35.0},{"not_picked":["Deadly Poison","Endless Agony"],"picked":"Acrobatics+1","floor":36.0},{"not_picked":["Outmaneuver+1","Eviscerate"],"picked":"Footwork+1","floor":37.0},{"not_picked":["Slice+1","Dagger Spray+1","Bane+1"],"picked":"SKIP","floor":37.0}],"player_experience":121597,"relics_obtained":[{"floor":7.0,"key":"Peace Pipe"},{"floor":13.0,"key":"PreservedInsect"},{"floor":24.0,"key":"Prayer Wheel"},{"floor":26.0,"key":"Shuriken"},{"floor":36.0,"key":"Incense Burner"}],"event_choices":[{"damage_healed":0.0,"max_hp_gain":0.0,"max_hp_loss":0.0,"gold_gain":0.0,"event_name":"Upgrade Shrine","player_choice":"Upgraded","floor":3.0,"gold_loss":0.0,"damage_taken":0.0,"cards_upgraded":["Blade Dance"]},{"damage_healed":20.0,"max_hp_gain":0.0,"max_hp_loss":0.0,"gold_gain":0.0,"event_name":"Wheel of Change","player_choice":"Full Heal","floor":20.0,"gold_loss":0.0,"damage_taken":0.0},{"damage_healed":0.0,"max_hp_gain":0.0,"max_hp_loss":0.0,"gold_gain":0.0,"event_name":"Vampires","player_choice":"Ignored","floor":28.0,"gold_loss":0.0,"damage_taken":0.0},{"damage_healed":0.0,"max_hp_gain":0.0,"max_hp_loss":0.0,"gold_gain":0.0,"event_name":"MindBloom","player_choice":"Fight","floor":36.0,"gold_loss":0.0,"damage_taken":0.0}],"is_beta":false,"boss_relics":[{"not_picked":["SlaversCollar","Calling Bell"],"picked":"HoveringKite"},{"not_picked":["Coffee Dripper","Pandora\u0027s Box"],"picked":"Astrolabe"}],"items_purged_floors":[2,31],"is_endless":false,"potions_floor_spawned":[11,13,14,19,21,27,30,35,37],"killed_by":"Sphere and 2 Shapes","ascension_level":1}}