{"host":"ia9e4s524g7bamk7","time":1612867600,"event":{"mods":["AchievementEnabler","BaseMod","Minty Spire (QoL Compilation)","Slay-I"],"gold_per_floor":[111,130,140,90,90,121,121,121,121,121,133,133,133],"floor_reached":12,"language":"ENG","playtime":944,"items_purged":[],"score":82,"play_id":"0d05a6df-29f1-43de-a33a-76b39f53b848","local_time":"20210209114640","is_ascension_mode":true,"campfire_choices":[{"data":"Establishment","floor":10.0,"key":"SMITH"}],"circlet_count":0,"master_deck":["Eruption+1","Vigilance","DeusExMachina","FlurryOfBlows","Establishment+1","EmptyFist+1","DevaForm","SashWhip","Pray","FearNoEvil","FollowUp","WindmillStrike","Evaluate"],"relics":["Pandora\u0027s Box","Turnip","Torii"],"acts_visited":["Exordium"],"potions_floor_usage":[12],"damage_taken":[{"damage":4.0,"enemies":"2 Louse","floor":1.0,"turns":2.0},{"damage":8.0,"enemies":"Jaw Worm","floor":2.0,"turns":3.0},{"damage":3.0,"enemies":"Small Slimes","floor":3.0,"turns":3.0},{"damage":15.0,"enemies":"Lagavulin","floor":6.0,"turns":5.0},{"damage":13.0,"enemies":"Red Slaver","floor":11.0,"turns":3.0},{"damage":0,"enemies":"3 Sentries","floor":12,"turns":1}],"seed_played":"11493498124161588","potions_obtained":[{"floor":2.0,"key":"Fire Potion"},{"floor":11.0,"key":"Weak Potion"}],"is_trial":false,"path_per_floor":["M","M","M","?","?","E","?","?","T","R","M","E"],"character_chosen":"WATCHER","items_purchased":[],"campfire_rested":0,"item_purchase_floors":[],"current_hp_per_floor":[68,60,57,57,50,35,35,21,21,21,8,8,8],"gold":133,"neow_bonus":"BOSS_RELIC","is_daily":false,"chose_seed":true,"campfire_upgraded":1,"win_rate":0.0,"timestamp":1612867600,"path_taken":["M","M","M","?","?","E","?","?","T","R","M","E"],"items_purchased_type":[],"build_version":"2020-12-22","purchased_purges":0,"victory":false,"max_hp_per_floor":[72,72,72,72,72,72,72,72,72,72,72,72,72],"card_choices":[{"not_picked":["CutThroughFate","ReachHeaven"],"picked":"FearNoEvil","floor":1.0},{"not_picked":["WaveOfTheHand","LikeWater"],"picked":"FollowUp","floor":2.0},{"not_picked":["ClearTheMind","Adaptation"],"picked":"FlyingSleeves","floor":3.0},{"not_picked":["Pray","Establishment"],"picked":"WindmillStrike","floor":6.0},{"not_picked":["Vengeance","Consecrate"],"picked":"Evaluate","floor":11.0}],"player_experience":289825,"relics_obtained":[{"floor":6.0,"key":"Turnip"}],"event_choices":[{"cards_removed":["Crescendo"],"damage_healed":0.0,"max_hp_gain":0.0,"max_hp_loss":0.0,"gold_gain":0.0,"event_name":"The Cleric","player_choice":"Card Removal","floor":4.0,"gold_loss":50.0,"damage_taken":0.0},{"cards_removed":["FlyingSleeves"],"damage_healed":0.0,"max_hp_gain":0.0,"max_hp_loss":0.0,"gold_gain":0.0,"event_name":"Golden Wing","player_choice":"Card Removal","floor":5.0,"gold_loss":0.0,"damage_taken":7.0},{"damage_healed":0.0,"max_hp_gain":0.0,"max_hp_loss":0.0,"gold_gain":0.0,"event_name":"Dead Adventurer","player_choice":"Searched \u00271\u0027 times","floor":7.0,"gold_loss":0.0,"damage_taken":0.0,"relics_obtained":["Torii"]},{"damage_healed":0.0,"max_hp_gain":0.0,"max_hp_loss":0.0,"gold_gain":0.0,"event_name":"Shining Light","player_choice":"Entered Light","floor":8.0,"gold_loss":0.0,"damage_taken":14.0,"cards_upgraded":["Eruption","EmptyFist"]}],"is_beta":false,"boss_relics":[],"items_purged_floors":[],"is_endless":false,"potions_floor_spawned":[2,11],"killed_by":"3 Sentries","ascension_level":1}}