{"host":"ewe4oe702q4ujr6i","time":1612882235,"event":{"mods":["BaseMod","Colored Map","Colored Powertips","DeckTracker","Minty Spire (QoL Compilation)","SuperFastMode"],"gold_per_floor":[112,112,112,131,131,131,160,8,8,8,8],"floor_reached":10,"language":"KOR","playtime":704,"items_purged":[],"score":114,"play_id":"fb25fa0c-94cd-431a-8837-a07c63287adb","local_time":"20210209235035","daily_mods":["Draft","Heirloom","DeadlyEvents","Elite Swarm"],"is_ascension_mode":false,"campfire_choices":[{"data":"Infernal Blade","floor":6.0,"key":"SMITH"}],"circlet_count":0,"master_deck":["Battle Trance","Searing Blow","Headbutt","True Grit","Feel No Pain","Sever Soul","Infernal Blade+1","Metallicize","Heavy Blade","Shrug It Off","Warcry","Dark Embrace","Heavy Blade","Armaments","Dark Embrace","Burning Pact","Barricade"],"relics":["Burning Blood","Dead Branch","Art of War","Ice Cream","Membership Card","CeramicFish"],"acts_visited":["Exordium"],"potions_floor_usage":[],"damage_taken":[{"damage":0.0,"enemies":"Small Slimes","floor":1.0,"turns":3.0},{"damage":2.0,"enemies":"2 Louse","floor":4.0,"turns":3.0},{"damage":14.0,"enemies":"Gremlin Nob","floor":7.0,"turns":5.0},{"damage":0,"enemies":"Lagavulin","floor":10,"turns":5}],"seed_played":"5580821097959242567","potions_obtained":[{"floor":1.0,"key":"FairyPotion"},{"floor":4.0,"key":"Ancient Potion"},{"floor":7.0,"key":"LiquidMemories"}],"is_trial":true,"path_per_floor":["M","?","?","M","?","R","E","$","T","E"],"character_chosen":"IRONCLAD","items_purchased":["Membership Card"],"campfire_rested":0,"item_purchase_floors":[8],"current_hp_per_floor":[80,80,73,77,77,77,69,69,69,69,69],"gold":8,"neow_bonus":"","is_daily":false,"chose_seed":false,"campfire_upgraded":1,"win_rate":0.0,"timestamp":1612882235,"path_taken":["M","?","?","M","?","R","E","$","T","E"],"items_purchased_type":["Relic"],"build_version":"2020-12-22","purchased_purges":0,"victory":false,"max_hp_per_floor":[80,80,80,80,80,80,80,80,80,80,80],"card_choices":[{"not_picked":["Cleave","Perfected Strike"],"picked":"Battle Trance","floor":0.0},{"not_picked":["Combust","Clothesline"],"picked":"Searing Blow","floor":0.0},{"not_picked":["Thunderclap","Rampage"],"picked":"Headbutt","floor":0.0},{"not_picked":["Thunderclap","Bloodletting"],"picked":"True Grit","floor":0.0},{"not_picked":["Iron Wave","Warcry"],"picked":"Feel No Pain","floor":0.0},{"not_picked":["Combust","Searing Blow"],"picked":"Sever Soul","floor":0.0},{"not_picked":["Anger","Sever Soul"],"picked":"Infernal Blade","floor":0.0},{"not_picked":["Seeing Red","Twin Strike"],"picked":"Metallicize","floor":0.0},{"not_picked":["Clothesline","Bloodletting"],"picked":"Heavy Blade","floor":0.0},{"not_picked":["Warcry","Intimidate"],"picked":"Shrug It Off","floor":0.0},{"not_picked":["Iron Wave","Havoc"],"picked":"Warcry","floor":0.0},{"not_picked":["Whirlwind","Battle Trance"],"picked":"Dark Embrace","floor":0.0},{"not_picked":["Ghostly Armor","Iron Wave"],"picked":"Heavy Blade","floor":0.0},{"not_picked":["Wild Strike","Dropkick"],"picked":"Armaments","floor":0.0},{"not_picked":["Iron Wave","Heavy Blade"],"picked":"Dark Embrace","floor":0.0},{"not_picked":["Clothesline","True Grit"],"picked":"Burning Pact","floor":1.0},{"not_picked":["Headbutt","Heavy Blade","Body Slam"],"picked":"SKIP","floor":4.0},{"not_picked":["Double Tap","Brutality"],"picked":"Barricade","floor":7.0}],"player_experience":220953,"relics_obtained":[{"floor":7.0,"key":"Ice Cream"},{"floor":9.0,"key":"CeramicFish"}],"event_choices":[{"damage_healed":0.0,"max_hp_gain":0.0,"max_hp_loss":0.0,"gold_gain":0.0,"event_name":"Big Fish","player_choice":"Box","floor":2.0,"gold_loss":0.0,"damage_taken":0.0,"relics_obtained":["Art of War"],"cards_obtained":["Regret"]},{"cards_removed":["Regret"],"damage_healed":0.0,"max_hp_gain":0.0,"max_hp_loss":0.0,"gold_gain":0.0,"event_name":"Golden Wing","player_choice":"Card Removal","floor":3.0,"gold_loss":0.0,"damage_taken":7.0},{"damage_healed":0.0,"max_hp_gain":0.0,"max_hp_loss":0.0,"gold_gain":0.0,"event_name":"Liars Game","player_choice":"Ignored","floor":5.0,"gold_loss":0.0,"damage_taken":0.0}],"is_beta":false,"boss_relics":[],"items_purged_floors":[],"is_endless":true,"potions_floor_spawned":[1,4,7],"killed_by":"Lagavulin","ascension_level":0}}