{"host":"okvf2hy7r209l3k2","time":1612828941,"event":{"mods":["BaseMod","Block Reminder","Colored Map","Colored Powertips","Downfall","Hermit","Highlight Path","Minty Spire (QoL Compilation)","Permanent Neow","Quick Restart","StSLib","The Cursed","The Disciple","The Hierophant","The Necromancer","The Runesmith","The Servant 0.9.4"],"gold_per_floor":[109,109,122,6,21,21,21,21,68,68,81,92,117,117,117,221,221,239,250,250,56,56,83,83,98,98,98,116,46,64,64,64,64,64],"floor_reached":33,"language":"ENG","playtime":3206,"items_purged":["Runesmith:Strike_RS"],"score":265,"play_id":"8ad35eea-ea0a-413d-a563-375d5d7130d8","local_time":"20210208150221","is_ascension_mode":false,"campfire_choices":[{"data":"Runesmith:CraftMagma","floor":6.0,"key":"SMITH"},{"data":"Runesmith:Firewall","floor":8.0,"key":"SMITH"},{"data":"Runesmith:CraftFirestone","floor":10.0,"key":"SMITH"},{"floor":15.0,"key":"REST"},{"data":"Runesmith:CreatorForm","floor":24,"key":"SMITH"},{"data":"Runesmith:Grindstone","floor":27,"key":"SMITH"},{"data":"Runesmith:LithiumIon","floor":32,"key":"SMITH"}],"circlet_count":0,"master_deck":["Runesmith:Strike_RS","Runesmith:Strike_RS","Runesmith:Strike_RS","Runesmith:Defend_RS","Runesmith:Defend_RS","Runesmith:Defend_RS","Runesmith:Defend_RS","Runesmith:CraftFirestone+1","Runesmith:Fortify","Runesmith:ReplicatingBarrier","Runesmith:WhiteBalance","Runesmith:HammerTime","Runesmith:Firewall+1","Runesmith:HeatedChisel","Runesmith:CraftMagma+1","Runesmith:RunicBlueprint+1","Runesmith:LithiumIon+1","Runesmith:Grindstone+1","Runesmith:CreatorForm+1","Runesmith:Grindstone","Runesmith:LithiumIon","Runesmith:HammerAndChisel","Runesmith:CraftMagma","Runesmith:Grindstone+1","Runesmith:Refine","Runesmith:CraftObretio","Runesmith:CraftMedicinae"],"relics":["Runesmith:BrokenRuby","Art of War","Smiling Mask","Bird Faced Urn","Coffee Dripper","Nloth\u0027s Gift","Gremlin Horn","Akabeko","MutagenicStrength"],"acts_visited":["Exordium","TheCity"],"potions_floor_usage":[33,33,33],"damage_taken":[{"damage":4.0,"enemies":"Jaw Worm","floor":1.0,"turns":4.0},{"damage":0.0,"enemies":"Small Slimes","floor":3.0,"turns":4.0},{"damage":0.0,"enemies":"Cultist","floor":5.0,"turns":4.0},{"damage":10.0,"enemies":"Looter","floor":11.0,"turns":2.0},{"damage":11.0,"enemies":"Lots of Slimes","floor":12.0,"turns":3.0},{"damage":22.0,"enemies":"Gremlin Nob","floor":13.0,"turns":5.0},{"damage":4.0,"enemies":"Hexaghost","floor":16.0,"turns":8.0},{"damage":0.0,"enemies":"Chosen","floor":18.0,"turns":5.0},{"damage":24,"enemies":"2 Thieves","floor":19,"turns":5},{"damage":25,"enemies":"Book of Stabbing","floor":23,"turns":8},{"damage":13,"enemies":"3 Cultists","floor":25,"turns":6},{"damage":16,"enemies":"Cultist and Chosen","floor":28,"turns":8},{"damage":1,"enemies":"Snecko","floor":30,"turns":6},{"damage":59,"enemies":"Automaton","floor":33,"turns":6}],"seed_played":"2741492210204403086","potions_obtained":[{"floor":1.0,"key":"Swift Potion"},{"floor":3.0,"key":"SkillPotion"},{"floor":18.0,"key":"LiquidBronze"},{"floor":23,"key":"AttackPotion"},{"floor":28,"key":"Explosive Potion"}],"is_trial":false,"path_per_floor":["M","?","M","$","M","R","$","R","T","R","M","M","E","?","R","B",null,"M","M","T","$","?","E","R","M","T","R","M","$","M","?","R","B"],"character_chosen":"RUNESMITH_CLASS","items_purchased":["Runesmith:Firewall","Runesmith:HeatedChisel","Runesmith:LithiumIon","Runesmith:HammerAndChisel","Runesmith:CraftObretio"],"campfire_rested":1,"item_purchase_floors":[4,4,21,21,29],"current_hp_per_floor":[66,48,48,48,48,48,48,48,48,48,38,27,5,5,26,26,70,70,50,50,50,50,33,33,28,28,28,24,24,31,31,31,0,0],"gold":64,"neow_bonus":"ONE_RANDOM_RARE_CARD","is_daily":false,"chose_seed":false,"campfire_upgraded":6,"win_rate":0.0,"timestamp":1612828941,"path_taken":["M","?","M","$","M","R","$","R","T","R","M","M","E","?","R","BOSS","M","M","?","$","?","E","R","M","T","R","?","?","M","?","R","BOSS"],"items_purchased_type":["Card","Card","Card","Card","Card"],"build_version":"2020-12-22","purchased_purges":1,"victory":false,"max_hp_per_floor":[70,70,70,70,70,70,70,70,70,70,70,70,70,70,70,70,70,70,70,70,70,70,70,70,70,70,70,70,70,70,70,70,70,70],"card_choices":[{"not_picked":["Runesmith:ChargedHammer","Runesmith:Superposition"],"picked":"Runesmith:WhiteBalance","floor":1.0},{"not_picked":["Runesmith:HeatExchange","Runesmith:Malloc"],"picked":"Runesmith:HammerTime","floor":3.0},{"not_picked":["Runesmith:HammerAndChisel","Runesmith:Repurpose"],"picked":"Runesmith:CraftMagma","floor":5.0},{"not_picked":["Runesmith:StaticCage","Runesmith:Accelerate"],"picked":"Runesmith:RunicBlueprint","floor":11.0},{"not_picked":["Runesmith:Firewall","Runesmith:Terraform"],"picked":"Runesmith:LithiumIon","floor":12.0},{"not_picked":["Runesmith:BackupBattery","Runesmith:HeatedChisel"],"picked":"Runesmith:Grindstone","floor":13.0},{"not_picked":["Runesmith:GrandSlam","Runesmith:GenerateForcefield"],"picked":"Runesmith:CreatorForm","floor":16.0},{"not_picked":["Runesmith:Malloc","Runesmith:NegativeSpace","Runesmith:Refine"],"picked":"SKIP","floor":18.0},{"not_picked":["Runesmith:MakeshiftArmor","Runesmith:RuneHurl"],"picked":"Runesmith:Grindstone","floor":19},{"not_picked":["Runesmith:CreatorForm","Runesmith:ChaoticBlast"],"picked":"Runesmith:CraftMagma","floor":23},{"not_picked":["Runesmith:PerfectChisel+1","Runesmith:StaticCage"],"picked":"Runesmith:Grindstone+1","floor":25},{"not_picked":["Runesmith:FieryHammer","Runesmith:MakeshiftArmor+1"],"picked":"Runesmith:Refine","floor":28},{"not_picked":["Runesmith:RuneHurl","Runesmith:Overpower"],"picked":"Runesmith:CraftMedicinae","floor":30}],"player_experience":215738,"relics_obtained":[{"floor":9.0,"key":"Smiling Mask"},{"floor":13.0,"key":"Bird Faced Urn"},{"floor":20,"key":"Regal Pillow"},{"floor":23,"key":"Gremlin Horn"},{"floor":26,"key":"Akabeko"}],"event_choices":[{"damage_healed":0.0,"max_hp_gain":0.0,"max_hp_loss":0.0,"gold_gain":0.0,"event_name":"Scrap Ooze","player_choice":"Success","floor":2.0,"gold_loss":0.0,"damage_taken":18.0,"relics_obtained":["Art of War"]},{"damage_healed":0.0,"max_hp_gain":0.0,"max_hp_loss":0.0,"gold_gain":0.0,"event_name":"Upgrade Shrine","player_choice":"Upgraded","floor":14.0,"gold_loss":0.0,"damage_taken":0.0,"cards_upgraded":["Runesmith:RunicBlueprint"]},{"damage_healed":0,"gold_gain":0,"player_choice":"Traded Relic","damage_taken":0,"relics_obtained":["Nloth\u0027s Gift"],"max_hp_gain":0,"max_hp_loss":0,"event_name":"N\u0027loth","floor":22,"relics_lost":["Regal Pillow"],"gold_loss":0},{"damage_healed":0,"gold_gain":0,"player_choice":"Inject Mutagens","damage_taken":0,"relics_obtained":["MutagenicStrength"],"max_hp_gain":0,"max_hp_loss":0,"event_name":"Drug Dealer","floor":31,"gold_loss":0}],"is_beta":false,"boss_relics":[{"not_picked":["Runesmith:PocketReactor","Runic Pyramid"],"picked":"Coffee Dripper"}],"items_purged_floors":[21],"is_endless":false,"potions_floor_spawned":[1,3,18,23,28,30],"killed_by":"Automaton","ascension_level":0}}