{"host":"8is2j71l4wmybkoi","time":1612879413,"event":{"mods":["AchievementEnabler","BaseMod","Colored Map","Minty Spire (QoL Compilation)","Rare Cards Sparkle","StSLib","SuperFastMode"],"gold_per_floor":[109,127,144,157,232,232,245,245,270,297,326,326,326],"floor_reached":12,"language":"KOR","playtime":330,"items_purged":[],"score":140,"play_id":"5b1e2f05-6984-456c-b038-47774b36e560","local_time":"20210209230333","is_ascension_mode":true,"campfire_choices":[{"data":"Blood for Blood","floor":6,"key":"SMITH"},{"floor":8,"key":"REST"}],"circlet_count":0,"master_deck":["AscendersBane","Strike_R","Strike_R","Strike_R","Strike_R","Strike_R","Defend_R","Defend_R","Defend_R","Defend_R","Bash","Blood for Blood+1","Headbutt","Bloodletting","Shrug It Off","Rampage","Warcry"],"relics":["Burning Blood","Smiling Mask","Bag of Preparation","Odd Mushroom"],"acts_visited":["Exordium"],"potions_floor_usage":[4,10],"damage_taken":[{"damage":16,"enemies":"Jaw Worm","floor":1,"turns":4},{"damage":3,"enemies":"2 Louse","floor":2,"turns":3},{"damage":6,"enemies":"Cultist","floor":3,"turns":3},{"damage":20,"enemies":"Lots of Slimes","floor":4,"turns":4},{"damage":14,"enemies":"3 Louse","floor":7,"turns":3},{"damage":29,"enemies":"Gremlin Nob","floor":10,"turns":4},{"damage":23,"enemies":"The Mushroom Lair","floor":11,"turns":5},{"damage":10,"enemies":"Lagavulin","floor":12,"turns":3}],"seed_played":"-2953518803230139563","potions_obtained":[{"floor":1,"key":"HeartOfIron"},{"floor":2,"key":"DistilledChaos"}],"is_trial":false,"path_per_floor":["M","M","M","M","?","R","M","R","T","E","?","E"],"character_chosen":"IRONCLAD","items_purchased":[],"campfire_rested":1,"item_purchase_floors":[],"current_hp_per_floor":[54,57,57,43,32,32,24,50,50,27,10,0,0],"gold":326,"neow_bonus":"TWENTY_PERCENT_HP_BONUS","is_daily":false,"chose_seed":false,"campfire_upgraded":1,"win_rate":0.0,"timestamp":1612879413,"path_taken":["M","M","M","M","?","R","M","R","T","E","?","E"],"items_purchased_type":[],"build_version":"2020-12-22","purchased_purges":0,"victory":false,"max_hp_per_floor":[89,89,89,89,89,89,89,89,89,89,89,89,89],"card_choices":[{"not_picked":["Burning Pact","Shrug It Off"],"picked":"Blood for Blood","floor":1},{"not_picked":["Pummel","Wild Strike"],"picked":"Headbutt","floor":2},{"not_picked":["Anger","Havoc","Thunderclap"],"picked":"SKIP","floor":3},{"not_picked":["Anger","Sentinel"],"picked":"Bloodletting","floor":4},{"not_picked":["Disarm","Cleave"],"picked":"Shrug It Off","floor":7},{"not_picked":["Twin Strike","Wild Strike"],"picked":"Rampage","floor":10},{"not_picked":["Feel No Pain","Infernal Blade"],"picked":"Warcry","floor":11}],"player_experience":1095124,"relics_obtained":[{"floor":9,"key":"Smiling Mask"},{"floor":10,"key":"Bag of Preparation"},{"floor":11,"key":"Odd Mushroom"}],"event_choices":[{"damage_healed":0,"gold_gain":75,"player_choice":"Gather Gold","damage_taken":11,"max_hp_gain":0,"max_hp_loss":0,"event_name":"World of Goop","floor":5,"gold_loss":0},{"damage_healed":0,"gold_gain":0,"player_choice":"Fought Mushrooms","damage_taken":0,"max_hp_gain":0,"max_hp_loss":0,"event_name":"Mushrooms","floor":11,"gold_loss":0}],"is_beta":false,"boss_relics":[],"items_purged_floors":[],"is_endless":false,"potions_floor_spawned":[1,2],"killed_by":"Lagavulin","ascension_level":15}}