{"host":"9e8t9l667fx7pth6","time":1612838652,"event":{"mods":["2.2 Compatiblity","AchievementEnabler","AlwaysNeverKeys","Aspiration","BaseMod","BetterRewards","Custom Start","Dark Map","Halation","Minty Spire (QoL Compilation)","Morshu Shopkeeper","Remove Card Discount Mod","StSLib","The Blue Laboratory"],"gold_per_floor":[109,27,47,67,85,116,126,166,193,227,227,27,69,95,95,176,176,189,216,241,20,20,20,46,46,46,100,117,117,117,148,148,229,256,284,28,48,46,110,148,167,205,205,231,258,283,318,336,336,336,336,336,5,39,39],"floor_reached":56,"language":"ENG","playtime":2828,"items_purged":["Strike_G","Strike_G","Strike_G","Strike_G","Defend_G","Defend_G","Defend_G","Strike_G","Defend_G","Defend_G","Caltrops+1","Catalyst","Crippling Poison+1"],"score":2487,"play_id":"9ee40d2c-3621-435a-a86f-77798338d021","local_time":"20210208214412","is_ascension_mode":true,"campfire_choices":[{"floor":11,"key":"REST"},{"floor":15,"key":"REST"},{"floor":23,"key":"REST"},{"data":"AscendersBane","floor":29,"key":"SMITH"},{"floor":32,"key":"REST"},{"floor":49,"key":"RECALL"},{"data":"Adrenaline","floor":52,"key":"SMITH"}],"circlet_count":0,"master_deck":["Survivor","Neutralize","Poisoned Stab","Noxious Fumes","Dagger Spray","Bane","Cloak And Dagger","Blade Dance","Sucker Punch","PiercingWail","Calculated Gamble","Poisoned Stab","Cloak And Dagger+1","Escape Plan","Adrenaline+1","Quick Slash","Adrenaline","Dagger Throw+1","Die Die Die+1","Backflip","Dramatic Entrance","Backflip","Slice+1","Cloak And Dagger+1","Flying Knee+1","PiercingWail+1","Finisher","PiercingWail"],"relics":["Ring of the Snake","NeowsBlessing","PreservedInsect","CeramicFish","aspiration:ChemicalBlood","HornCleat","halation:PrussianBluePaint","Black Star","HandDrill","halation:PinkSoulGem","halation:LettersToHer","Oddly Smooth Stone","halation:EternalFortune","aspiration:SeaSaltIceCream","Matryoshka","Snake Skull","aspiration:Stabinomicon","Paper Crane","Astrolabe","Pen Nib","Bird Faced Urn","CaptainsWheel","Toy Ornithopter","aspiration:VileToxins","Eternal Feather","Smiling Mask","halation:KoshaPiece","Turnip","halation:BottledLove","Ancient Tea Set","Kunai","Strawberry","Happy Flower","Vajra","aspiration:HatOfInfinitePower"],"acts_visited":["Exordium","TheCity","TheBeyond","TheEnding"],"potions_floor_usage":[8,10,13,14,18,18,20,24,24,28,31,33,39,41,47,50,54,55,55,55,55,55,55],"damage_taken":[{"damage":0,"enemies":"Cultist","floor":1,"turns":1},{"damage":0,"enemies":"Jaw Worm","floor":3,"turns":1},{"damage":0,"enemies":"2 Louse","floor":4,"turns":1},{"damage":7,"enemies":"Blue Slaver","floor":5,"turns":4},{"damage":25,"enemies":"Lagavulin","floor":6,"turns":7},{"damage":3,"enemies":"Looter","floor":7,"turns":3},{"damage":7,"enemies":"3 Sentries","floor":8,"turns":6},{"damage":9,"enemies":"Gremlin Nob","floor":10,"turns":3},{"damage":6,"enemies":"3 Sentries","floor":13,"turns":4},{"damage":8,"enemies":"Red Slaver","floor":14,"turns":2},{"damage":27,"enemies":"The Guardian","floor":16,"turns":11},{"damage":7,"enemies":"2 Thieves","floor":18,"turns":4},{"damage":0,"enemies":"3 Byrds","floor":19,"turns":6},{"damage":31,"enemies":"Snake Plant","floor":20,"turns":7},{"damage":33,"enemies":"Gremlin Leader","floor":24,"turns":7},{"damage":12,"enemies":"Centurion and Healer","floor":28,"turns":5},{"damage":0,"enemies":"Book of Stabbing","floor":31,"turns":4},{"damage":0,"enemies":"Champ","floor":33,"turns":5},{"damage":12,"enemies":"3 Shapes","floor":35,"turns":3},{"damage":0,"enemies":"Orb Walker","floor":37,"turns":2},{"damage":0,"enemies":"2 Orb Walkers","floor":39,"turns":3},{"damage":0,"enemies":"Reptomancer","floor":40,"turns":4},{"damage":0,"enemies":"3 Darklings","floor":41,"turns":1},{"damage":5,"enemies":"Nemesis","floor":42,"turns":3},{"damage":0,"enemies":"Transient","floor":44,"turns":5},{"damage":0,"enemies":"Giant Head","floor":45,"turns":3},{"damage":0,"enemies":"Sphere and 2 Shapes","floor":46,"turns":2},{"damage":0,"enemies":"Nemesis","floor":47,"turns":1},{"damage":0,"enemies":"3 Darklings","floor":48,"turns":2},{"damage":9,"enemies":"Donu and Deca","floor":50,"turns":5},{"damage":0,"enemies":"Shield and Spear","floor":54,"turns":2},{"damage":92,"enemies":"The Heart","floor":55,"turns":8}],"seed_played":"8988542662535051524","potions_obtained":[{"floor":3,"key":"blueLaboratory:BubblePotion"},{"floor":5,"key":"Strength Potion"},{"floor":10,"key":"blueLaboratory:BlinkPotion"},{"floor":16,"key":"CunningPotion"},{"floor":20,"key":"blueLaboratory:ForbiddenFruitJuice"},{"floor":24,"key":"SteroidPotion"},{"floor":28,"key":"Strength Potion"},{"floor":31,"key":"Energy Potion"},{"floor":40,"key":"BlessingOfTheForge"},{"floor":44,"key":"blueLaboratory:NinjaPotion"},{"floor":47,"key":"FearPotion"},{"floor":55,"key":"Fire Potion"},{"floor":55,"key":"PowerPotion"}],"is_trial":false,"path_per_floor":["M","$","M","M","M","E","M","E","T","E","R","$","E","M","R","B",null,"M","M","M","$","?","R","E","?","T","T","M","R","?","E","R","B",null,"M","$","M","$","?","E","M","E","T","M","E","M","E","M","R","B",null,"R","$","E","B",null],"character_chosen":"THE_SILENT","items_purchased":["Noxious Fumes","Calculated Gamble","Distraction","Poisoned Stab","HandDrill","Quick Slash","Pen Nib","Dramatic Entrance","Strawberry","Happy Flower"],"campfire_rested":4,"item_purchase_floors":[2,12,12,12,21,21,36,36,53,53],"current_hp_per_floor":[59,59,59,59,52,27,24,17,17,8,27,27,21,13,32,5,51,44,44,13,13,13,32,38,41,41,41,29,29,23,23,40,40,54,42,42,42,42,42,44,51,48,48,48,48,48,53,53,59,50,57,59,66,66,40],"gold":39,"neow_bonus":"THREE_ENEMY_KILL","is_daily":false,"chose_seed":false,"campfire_upgraded":2,"win_rate":0.0,"timestamp":1612838652,"path_taken":["M","$","M","M","?","E","?","E","T","E","R","$","E","M","R","BOSS","M","M","M","$","?","R","E","?","T","?","M","R","?","E","R","BOSS","M","$","M","$","?","E","M","E","T","M","E","M","E","M","R","BOSS","R","$","E","BOSS"],"items_purchased_type":["Card","Card","Card","Card","Relic","Card","Relic","Card","Relic","Relic"],"build_version":"2020-12-22","purchased_purges":13,"victory":true,"max_hp_per_floor":[66,66,66,66,66,66,66,66,66,66,66,66,66,66,66,66,66,66,66,66,66,66,66,56,59,59,59,59,59,59,59,59,59,59,59,59,59,59,59,59,59,59,59,59,59,59,59,59,59,59,59,59,66,66,66],"card_choices":[{"not_picked":["PiercingWail","Bane"],"picked":"Poisoned Stab","floor":1},{"not_picked":["Acrobatics","Sucker Punch"],"picked":"Dagger Spray","floor":3},{"not_picked":["Deadly Poison","Dodge and Roll"],"picked":"Bane","floor":4},{"not_picked":["Dagger Spray","Night Terror"],"picked":"Cloak And Dagger","floor":5},{"not_picked":["Cloak And Dagger","Bane"],"picked":"Blade Dance","floor":6},{"not_picked":["Slice","Accuracy"],"picked":"Dodge and Roll","floor":7},{"not_picked":["Flying Knee","Finisher"],"picked":"Sucker Punch","floor":8},{"not_picked":["Poisoned Stab","Leg Sweep"],"picked":"PiercingWail","floor":10},{"not_picked":["Burst","Dagger Spray"],"picked":"Cloak And Dagger","floor":13},{"not_picked":["Finisher","Dodge and Roll"],"picked":"Escape Plan","floor":14},{"not_picked":["Storm of Steel","Venomology"],"picked":"Adrenaline","floor":16},{"not_picked":["Dagger Throw","Deadly Poison","Concentrate"],"picked":"SKIP","floor":18},{"not_picked":["Cloak And Dagger","Masterful Stab"],"picked":"Reflex","floor":19},{"not_picked":["Deflect","Dagger Spray"],"picked":"Catalyst","floor":20},{"not_picked":["Predator+1","Heel Hook","Poisoned Stab"],"picked":"SKIP","floor":24},{"not_picked":["Underhanded Strike","Slice","Prepared"],"picked":"SKIP","floor":28},{"not_picked":["Night Terror","All Out Attack","Outmaneuver"],"picked":"SKIP","floor":31},{"not_picked":["aspiration:Lunge","After Image"],"picked":"Adrenaline","floor":33},{"not_picked":["Heel Hook+1","Bane"],"picked":"Backflip","floor":35},{"not_picked":["Dodge and Roll","Prepared"],"picked":"Backflip","floor":37},{"not_picked":["Flying Knee","Underhanded Strike"],"picked":"Slice+1","floor":39},{"not_picked":["Choke","Flying Knee"],"picked":"Cloak And Dagger+1","floor":40},{"not_picked":["Setup","Distraction","Underhanded Strike"],"picked":"SKIP","floor":41},{"not_picked":["Leg Sweep","Endless Agony"],"picked":"Crippling Poison+1","floor":42},{"not_picked":["Quick Slash","Outmaneuver"],"picked":"Flying Knee+1","floor":44},{"not_picked":["Dodge and Roll","Skewer+1","Flying Knee"],"picked":"SKIP","floor":45},{"not_picked":["Deadly Poison+1","All Out Attack"],"picked":"PiercingWail+1","floor":46},{"not_picked":["Glass Knife","Deadly Poison"],"picked":"Finisher","floor":47},{"not_picked":["Flying Knee+1","Bane","Poisoned Stab"],"picked":"SKIP","floor":48},{"not_picked":["Setup+1","Dagger Throw"],"picked":"PiercingWail","floor":54}],"player_experience":1014803,"relics_obtained":[{"floor":6,"key":"PreservedInsect"},{"floor":8,"key":"CeramicFish"},{"floor":9,"key":"aspiration:ChemicalBlood"},{"floor":10,"key":"HornCleat"},{"floor":13,"key":"halation:PrussianBluePaint"},{"floor":24,"key":"halation:LettersToHer"},{"floor":24,"key":"Oddly Smooth Stone"},{"floor":26,"key":"halation:LettersToHer"},{"floor":26,"key":"aspiration:SeaSaltIceCream"},{"floor":27,"key":"halation:LettersToHer"},{"floor":27,"key":"Snake Skull"},{"floor":31,"key":"aspiration:Stabinomicon"},{"floor":31,"key":"Paper Crane"},{"floor":39,"key":"Bird Faced Urn"},{"floor":40,"key":"CaptainsWheel"},{"floor":40,"key":"Toy Ornithopter"},{"floor":42,"key":"aspiration:VileToxins"},{"floor":42,"key":"Eternal Feather"},{"floor":43,"key":"halation:LettersToHer"},{"floor":43,"key":"Smiling Mask"},{"floor":43,"key":"halation:KoshaPiece"},{"floor":45,"key":"Turnip"},{"floor":45,"key":"halation:BottledLove"},{"floor":47,"key":"Ancient Tea Set"},{"floor":47,"key":"Kunai"},{"floor":54,"key":"Vajra"},{"floor":54,"key":"aspiration:HatOfInfinitePower"}],"event_choices":[{"damage_healed":0,"gold_gain":0,"player_choice":"","damage_taken":6,"max_hp_gain":0,"max_hp_loss":0,"event_name":"Knowing Skull","floor":30,"potions_obtained":[],"gold_loss":0,"cards_obtained":[]},{"damage_healed":0,"gold_gain":0,"player_choice":"Fight","damage_taken":0,"max_hp_gain":0,"max_hp_loss":0,"event_name":"Mysterious Sphere","floor":39,"gold_loss":0}],"is_beta":false,"boss_relics":[{"not_picked":["aspiration:WatcherSkillbook","aspiration:FutureDiary"],"picked":"Black Star"},{"not_picked":["aspiration:RitualDagger","aspiration:DefectSkillbook"],"picked":"Astrolabe"}],"items_purged_floors":[2,12,12,12,12,12,12,12,21,21,38,53,53],"is_endless":false,"potions_floor_spawned":[3,5,7,10,16,20,28,31,35,37,40,44,46,47],"ascension_level":16}}