{"host":"mu165mn6stovahle","time":1612835995,"event":{"mods":["Astrologer","Bard","BaseMod","Beaked The Cultist","Better Third Choice","CapriCore","Colored Powertips","Conspire","Downfall","Glutton Mod","Halation","Hermit","Hero for Fun","Infinite Spire","Mad Scientist","Marisa????????","Minty Spire (QoL Compilation)","Remilia??????","Replay The Spire","SOS???????","Shade Mod","StSLib","The Animator","The Blackbeard","The Bug Knight","The Construct","The Cursed","The Disciple","The Gatherer","The Hierophant","The Immortal","The Judge","The Juggle","The Marked","The Mystic","The Necromancer","The Problem Sleuth","The Servant 0.9.4","The Spell Scribe","The Wild Card","The Witch","Yuri Mod"],"gold_per_floor":[11,11,21,33,33,60,79,99,99,99,125,138,16,43,43,139,139,154,168,179,195,195,195,195,230,230,248,248,248,266,280,297,331,331,427,427,439,0,19,19,19,49,49,76,103,113,113,113,28,53,53,150,250,267,276,285,300,307,339,339,370,423,451,462,469,501,507,507,603,603,603],"floor_reached":70,"language":"ENG","playtime":1504,"items_purged":[],"score":1906,"play_id":"50d3a422-ef34-46fc-b0c7-b6073848f3d8","local_time":"20210208195955","is_ascension_mode":true,"campfire_choices":[{"floor":15,"key":"RECALL"},{"data":"Consecutive_Normal_Punch","floor":26,"key":"SMITH"},{"data":"Serious_Side_Hops","floor":34,"key":"SMITH"},{"data":"Consecutive_Normal_Punch","floor":43,"key":"SMITH"},{"data":"Strike_Y","floor":51,"key":"SMITH"},{"data":"Normal_Punch","floor":60,"key":"SMITH"},{"floor":68,"key":"REST"}],"circlet_count":0,"master_deck":["Strike_Y","Strike_Y","Strike_Y","Strike_Y","Strike_Y","Defend_Y","Defend_Y","Defend_Y","Defend_Y","Slap+1","Normal_Punch+1","Slap","Consecutive_Normal_Punch+1","Side_Hop","Normal_Punch","Toss_Stone","Do_Nothing","Slap","Consecutive_Normal_Punch+1","Serious_Side_Hops+1","Toss_Stone","Slap","Normal_Punch+1","Side_Hop+1","Normal_Punch","Hop","Slap+1","Normal_Punch","Toss_Stone+1","Slap","Hip_Strike","Serious_Punch","CurseOfTheBell","Toss_Stone+1","Slap+1","Do_Nothing","Toss_Stone+1","Ignore","Wear_Disguise","Slap","Normal_Punch+1","Terrifying_Presence","Wear_Disguise","Side_Hop","Do_Nothing","Normal_Punch","Normal_Punch","Yawn","Toss_Stone","Ignore","Slap","Normal_Punch","Consecutive_Normal_Punch","Slap","Terrifying_Presence","ReplayTheSpireMod:Echo Chamber"],"relics":["Cape","Simple Rune","Toy Ornithopter","infinitespire:CheckeredPen","Snack Pack","halation:Yufonium","Vajra","halation:SelfBoilingWater","Replay:PocketPolymizer","infinitespire:Bottled Soul","Calling Bell","halation:PromiseList","conspire:DeflatedDodgeball","construct:BoolHorns","Red Mask","Replay:Bottled Flurry","infinitespire:Lucky Rock","infinitespire:Beetle Shell","conspire:Flyswatter","halation:PinkSoulGem","Replay:Mystery Machine","Replay:Wanted Poster","ReplayFunnel","halation:IllGainedPizza","Nunchaku","Centennial Puzzle","Blood Vial","Ring of Chaos"],"acts_visited":["Exordium","TheCity","TheBeyond","Exordium","TheCity"],"potions_floor_usage":[67,67],"damage_taken":[{"damage":0,"enemies":"Small Slimes","floor":1,"turns":1},{"damage":0,"enemies":"Jaw Worm","floor":3,"turns":1},{"damage":0,"enemies":"Cultist","floor":4,"turns":1},{"damage":0,"enemies":"HollowMod:MossKnight","floor":6,"turns":1},{"damage":0,"enemies":"Large Slime","floor":7,"turns":1},{"damage":0,"enemies":"conspire:2 RoseBushes","floor":8,"turns":1},{"damage":0,"enemies":"3 Sentries","floor":11,"turns":1},{"damage":0,"enemies":"Blue Slaver","floor":12,"turns":1},{"damage":0,"enemies":"HollowMod:MossKnight","floor":14,"turns":1},{"damage":0,"enemies":"Slime Boss","floor":16,"turns":1},{"damage":0,"enemies":"Shell Parasite","floor":18,"turns":1},{"damage":0,"enemies":"3 Byrds","floor":19,"turns":1},{"damage":0,"enemies":"Centurion and Healer","floor":20,"turns":1},{"damage":0,"enemies":"3 Cultists","floor":21,"turns":2},{"damage":0,"enemies":"Nightmare","floor":25,"turns":1},{"damage":0,"enemies":"Chosen and Byrds","floor":27,"turns":1},{"damage":0,"enemies":"Snake Plant","floor":30,"turns":1},{"damage":0,"enemies":"Sentry and Sphere","floor":31,"turns":1},{"damage":0,"enemies":"Snecko","floor":32,"turns":1},{"damage":0,"enemies":"Replay:Snechameleon","floor":33,"turns":1},{"damage":0,"enemies":"conspire:MysteriousRune","floor":35,"turns":1},{"damage":0,"enemies":"3 Shapes","floor":37,"turns":1},{"damage":0,"enemies":"Orb Walker","floor":39,"turns":1},{"damage":0,"enemies":"Giant Head","floor":42,"turns":1},{"damage":0,"enemies":"HollowMod:StalkingDevout","floor":44,"turns":1},{"damage":0,"enemies":"Maw","floor":46,"turns":1},{"damage":0,"enemies":"Giant Head","floor":50,"turns":1},{"damage":0,"enemies":"Awakened One","floor":52,"turns":2},{"damage":0,"enemies":"Cultist","floor":54,"turns":1},{"damage":0,"enemies":"Small Slimes","floor":55,"turns":1},{"damage":0,"enemies":"Jaw Worm","floor":56,"turns":1},{"damage":0,"enemies":"2 Fungi Beasts","floor":57,"turns":1},{"damage":0,"enemies":"Gremlin Gang","floor":58,"turns":1},{"damage":0,"enemies":"Nightmare","floor":59,"turns":1},{"damage":0,"enemies":"3 Sentries","floor":61,"turns":1},{"damage":0,"enemies":"Gremlin Nob","floor":63,"turns":1},{"damage":0,"enemies":"Exordium Wildlife","floor":64,"turns":1},{"damage":0,"enemies":"3 Louse","floor":65,"turns":2},{"damage":0,"enemies":"Lagavulin","floor":66,"turns":1},{"damage":0,"enemies":"Gremlin Gang","floor":67,"turns":2},{"damage":0,"enemies":"Slime Boss","floor":69,"turns":1}],"seed_played":"-5593849821515700376","potions_obtained":[{"floor":4,"key":"Venom Potion"},{"floor":11,"key":"FearPotion"},{"floor":14,"key":"AttackPotion"},{"floor":16,"key":"Fire Potion"},{"floor":18,"key":"Explosive Potion"},{"floor":67,"key":"ColorlessPotion"},{"floor":69,"key":"Energy Potion"}],"is_trial":false,"path_per_floor":["M","?","M","M","$","E","M","M","T","?","E","M","$","E","R","B",null,"M","M","M","M","PTL","PTL","?","NM","R","M","T","?","M","M","M","E","R","B",null,"M","?","M","?","$","E","R","E","T","M","T","?","$","E","R","B",null,"M","M","M","M","M","NM","R","E","T","E","M","M","E","M","R","B",null],"character_chosen":"OPM","items_purchased":["Do_Nothing","Slap","Wear_Disguise","Slap"],"campfire_rested":1,"item_purchase_floors":[13,13,49,49],"current_hp_per_floor":[999,999,999,999,999,999,999,999,999,999,999,999,999,999,999,999,999,999,999,999,999,999,999,999,999,999,999,999,999,999,999,999,999,999,999,999,999,999,999,999,999,999,999,999,999,999,999,999,999,999,999,999,999,999,999,999,999,999,999,999,999,999,999,999,999,999,999,999,999,999,999],"gold":603,"neow_bonus":"RANDOM_COMMON_RELIC","is_daily":false,"chose_seed":false,"campfire_upgraded":5,"win_rate":0.0,"timestamp":1612835995,"path_taken":["M","?","M","M","$","E","M","M","T","?","E","M","$","E","R","BOSS","M","M","M","M","PTL","PTL","?","NM","R","M","T","?","M","?","M","E","R","BOSS","M","?","M","?","$","E","R","E","T","M","?","?","?","E","R","BOSS","M","?","M","M","M","NM","R","E","T","E","M","M","E","?","R","BOSS"],"items_purchased_type":["Card","Card","Card","Card"],"build_version":"2020-12-22","purchased_purges":0,"victory":false,"max_hp_per_floor":[999,999,999,999,999,999,999,999,999,999,999,999,999,999,999,999,999,999,999,999,999,999,999,999,999,999,999,999,999,999,999,999,999,999,999,999,999,999,999,999,999,999,999,999,999,999,999,999,999,999,999,999,999,999,999,999,999,999,999,999,999,999,999,999,999,999,999,999,999,999,999],"card_choices":[{"not_picked":["Ignore","Yawn"],"picked":"Slap","floor":1},{"not_picked":["Oh","Slap"],"picked":"Normal_Punch","floor":3},{"not_picked":["Side_Hop","Do_Nothing"],"picked":"Slap","floor":4},{"not_picked":["Ignore","Slap"],"picked":"Consecutive_Normal_Punch","floor":6},{"not_picked":["Oh","Do_Nothing"],"picked":"Side_Hop","floor":7},{"not_picked":["Side_Hop","Hop"],"picked":"Wear_Disguise","floor":8},{"not_picked":["Get_Hopes_Up","Ignore"],"picked":"Normal_Punch","floor":11},{"not_picked":["Consecutive_Normal_Punch","Slap"],"picked":"Toss_Stone","floor":12},{"not_picked":["Yawn","Normal_Punch"],"picked":"Consecutive_Normal_Punch","floor":14},{"not_picked":["Serious_Punch","Get_Hopes_Up"],"picked":"Serious_Side_Hops","floor":16},{"not_picked":["Ignore","Normal_Punch"],"picked":"Toss_Stone","floor":18},{"not_picked":["Yawn+1","Ignore+1"],"picked":"Slap","floor":19},{"not_picked":["Ignore","Hop"],"picked":"Normal_Punch+1","floor":20},{"not_picked":["Normal_Punch+1","Yawn+1"],"picked":"Side_Hop+1","floor":21},{"not_picked":["Yawn+1","Slap"],"picked":"Normal_Punch","floor":25},{"not_picked":["Ignore+1","Do_Nothing"],"picked":"Hop","floor":27},{"not_picked":["Yawn+1","Ignore"],"picked":"Slap+1","floor":30},{"not_picked":["Do_Nothing","Toss_Stone"],"picked":"Normal_Punch","floor":31},{"not_picked":["Do_Nothing","Hop"],"picked":"Toss_Stone+1","floor":32},{"not_picked":["Toss_Stone","Side_Hop"],"picked":"Slap","floor":33},{"not_picked":["Serious_Side_Hops","Get_Hopes_Up"],"picked":"Serious_Punch","floor":35},{"not_picked":["Ignore+1","Wear_Disguise"],"picked":"Toss_Stone+1","floor":37},{"not_picked":["Side_Hop+1","Ignore"],"picked":"Slap+1","floor":39},{"not_picked":["Yawn+1","Side_Hop"],"picked":"Do_Nothing","floor":42},{"not_picked":["Serious_Side_Hops","Hop"],"picked":"Toss_Stone+1","floor":44},{"not_picked":["Hop","Side_Hop"],"picked":"Ignore","floor":46},{"not_picked":["Hop","Yawn+1"],"picked":"Normal_Punch+1","floor":50},{"not_picked":["Serious_Punch","Hip_Strike"],"picked":"Terrifying_Presence","floor":52},{"not_picked":["Slap","Hop"],"picked":"Wear_Disguise","floor":54},{"not_picked":["Wear_Disguise","Hop"],"picked":"Side_Hop","floor":55},{"not_picked":["Yawn","Hop"],"picked":"Do_Nothing","floor":56},{"not_picked":["Ignore","Slap"],"picked":"Normal_Punch","floor":57},{"not_picked":["Side_Hop","Hop"],"picked":"Normal_Punch","floor":58},{"not_picked":["Hop","Slap"],"picked":"Yawn","floor":59},{"not_picked":["Normal_Punch","Do_Nothing"],"picked":"Toss_Stone","floor":61},{"not_picked":["Serious_Punch","Wear_Disguise"],"picked":"Ignore","floor":63},{"not_picked":["Yawn","Side_Hop"],"picked":"Slap","floor":64},{"not_picked":["Side_Hop","Ignore"],"picked":"Normal_Punch","floor":65},{"not_picked":["Yawn","Ignore"],"picked":"Consecutive_Normal_Punch","floor":66},{"not_picked":["Do_Nothing","Consecutive_Normal_Punch"],"picked":"Slap","floor":67},{"not_picked":["Serious_Punch","Hip_Strike"],"picked":"Terrifying_Presence","floor":69},{"not_picked":["infinitespire:NeuralNetwork","ReplayTheSpireMod:Haul"],"picked":"ReplayTheSpireMod:Echo Chamber","floor":69}],"player_experience":182868,"relics_obtained":[{"floor":6,"key":"Toy Ornithopter"},{"floor":11,"key":"infinitespire:CheckeredPen"},{"floor":14,"key":"Snack Pack"},{"floor":25,"key":"halation:SelfBoilingWater"},{"floor":28,"key":"Replay:PocketPolymizer"},{"floor":33,"key":"infinitespire:Bottled Soul"},{"floor":36,"key":"halation:PromiseList"},{"floor":36,"key":"conspire:DeflatedDodgeball"},{"floor":36,"key":"construct:BoolHorns"},{"floor":42,"key":"Replay:Bottled Flurry"},{"floor":44,"key":"infinitespire:Lucky Rock"},{"floor":45,"key":"infinitespire:Beetle Shell"},{"floor":47,"key":"conspire:Flyswatter"},{"floor":50,"key":"Replay:Mystery Machine"},{"floor":59,"key":"ReplayFunnel"},{"floor":61,"key":"halation:IllGainedPizza"},{"floor":62,"key":"Nunchaku"},{"floor":63,"key":"Centennial Puzzle"},{"floor":66,"key":"Blood Vial"}],"event_choices":[{"damage_healed":0,"gold_gain":0,"player_choice":"Grow","damage_taken":0,"max_hp_gain":0,"max_hp_loss":0,"event_name":"Living Wall","floor":10,"gold_loss":0,"cards_upgraded":["Slap"]},{"damage_healed":0,"gold_gain":0,"player_choice":"Bought 0 Potions","damage_taken":0,"max_hp_gain":0,"max_hp_loss":0,"event_name":"The Woman in Blue","floor":29,"gold_loss":0},{"damage_healed":0,"gold_gain":0,"player_choice":"Paid","damage_taken":0,"relics_obtained":["Red Mask"],"max_hp_gain":0,"max_hp_loss":0,"event_name":"Tomb of Lord Red Mask","floor":38,"gold_loss":439},{"cards_removed":["Wear_Disguise"],"damage_healed":0,"gold_gain":0,"player_choice":"Removed Power","damage_taken":0,"max_hp_gain":0,"max_hp_loss":0,"event_name":"Falling","floor":40,"gold_loss":0}],"is_beta":false,"boss_relics":[{"not_picked":["halation:HeavySnake","Ectoplasm"],"picked":"halation:Yufonium"},{"not_picked":["Honey Jar","infinitespire:Cupcake"],"picked":"Calling Bell"},{"not_picked":["SacredBark","Replay:Cursed D8"],"picked":"Replay:Wanted Poster"},{"not_picked":["conspire:RunicOctahedron","Runic Pyramid"],"picked":"Ring of Chaos"}],"items_purged_floors":[],"is_endless":true,"potions_floor_spawned":[4,11,14,16,18,21,25,32,33,35,37,46,50,52,55,58,61,64,65,67,69],"ascension_level":1}}