{"host":"uom2h1y0l20ikqvv","time":1612911741,"event":{"mods":["BaseMod","Bossed Relics","Colored Powertips","Minty Spire (QoL Compilation)","Replay The Spire","StSLib"],"gold_per_floor":[211,230,52,71,0,26,26,26,96,96,96,61,61,24,24,149,149,168,181,5,5,19,19,52,73,73,98,0,0,0,0,0,131,131,150,150,164,184,20,20,115,138,138,157,172,193,193,11,11,11],"floor_reached":51,"language":"ENG","playtime":2600,"items_purged":[],"score":688,"play_id":"1bd956e0-2c6b-4dbc-9534-bae94bb0b7db","local_time":"20210209230221","is_ascension_mode":false,"campfire_choices":[{"floor":7.0,"key":"REST"},{"data":"Consecrate","floor":15.0,"key":"SMITH"},{"floor":23.0,"key":"REST"},{"floor":29.0,"key":"REST"},{"floor":32.0,"key":"REST"},{"floor":40,"key":"REST"},{"floor":47,"key":"REST"},{"floor":49,"key":"REST"}],"circlet_count":0,"master_deck":["Strike_B","Strike_B","Strike_B","Strike_B","Defend_B","Defend_B","Defend_B","Defend_B","Zap","Dualcast","Go for the Eyes","Ball Lightning","Coolheaded","Flying Knee","Chaos","Consecrate+1","Injury","Sunder","After Image","Shockwave+1","Armaments","Defragment","Melter","Conserve Battery","Distraction","Conclude+1","Sadistic Nature","Deflect+1","Limit Break","FlyingSleeves","Flame Barrier","Rainbow","Apotheosis","Acrobatics","Dash+1","Inflame","Armaments+1","FIFO Queue"],"relics":["Cracked Core","PrismaticShard","Oddly Smooth Stone","Ginger","Meat on the Bone","Golden Idol","HornCleat","Runic Pyramid","Mummified Hand","Du-Vu Doll","Tiny House","FossilizedHelix","Smiling Mask","Pen Nib","Torii","Happy Flower"],"acts_visited":["TheBeyond"],"potions_floor_usage":[46,50],"damage_taken":[{"damage":2.0,"enemies":"Small Slimes","floor":1.0,"turns":4.0},{"damage":3.0,"enemies":"2 Louse","floor":2.0,"turns":4.0},{"damage":3.0,"enemies":"Cultist","floor":4.0,"turns":4.0},{"damage":18.0,"enemies":"Gremlin Nob","floor":6.0,"turns":4.0},{"damage":24.0,"enemies":"Hexaghost","floor":16.0,"turns":10.0},{"damage":28.0,"enemies":"2 Thieves","floor":18.0,"turns":5.0},{"damage":0.0,"enemies":"3 Byrds","floor":19.0,"turns":5.0},{"damage":15.0,"enemies":"Snake Plant","floor":22.0,"turns":4.0},{"damage":55.0,"enemies":"Slavers","floor":24.0,"turns":7.0},{"damage":3.0,"enemies":"Snecko","floor":25.0,"turns":5.0},{"damage":23.0,"enemies":"Shelled Parasite and Fungi","floor":27.0,"turns":5.0},{"damage":42.0,"enemies":"Collector","floor":33.0,"turns":14.0},{"damage":8,"enemies":"Orb Walker","floor":35,"turns":4},{"damage":11,"enemies":"3 Shapes","floor":37,"turns":4},{"damage":29,"enemies":"3 Darklings","floor":38,"turns":11},{"damage":1,"enemies":"Sphere and 2 Shapes","floor":44,"turns":7},{"damage":30,"enemies":"Spire Growth","floor":45,"turns":6},{"damage":6,"enemies":"3 Darklings","floor":46,"turns":5},{"damage":70,"enemies":"Awakened One","floor":50,"turns":14}],"seed_played":"-8003024331957259768","potions_obtained":[{"floor":2.0,"key":"AttackPotion"},{"floor":4.0,"key":"Weak Potion"},{"floor":6.0,"key":"Block Potion"},{"floor":22.0,"key":"Fire Potion"},{"floor":33.0,"key":"Energy Potion"},{"floor":45,"key":"Venom Potion"}],"is_trial":false,"path_per_floor":["M","M","$","M","$","E","R","?","T","?","?","?","?","$","R","B",null,"M","M","$","?","M","R","E","M","T","M","?","R","$","$","R","B",null,"M","?","M","M","$","R","?","T","T","M","M","M","R","$","R","B",null],"character_chosen":"DEFECT","items_purchased":["PrismaticShard","Coolheaded","Chaos","Sunder","Defragment","Melter","Conserve Battery","Apotheosis","FIFO Queue","Happy Flower"],"campfire_rested":7,"item_purchase_floors":[3,3,5,14,20,20,20,39,48,48],"current_hp_per_floor":[73,70,70,67,67,49,71,71,71,71,64,75,75,75,75,51,75,47,47,47,47,44,66,23,32,32,21,21,43,43,43,65,35,75,67,67,56,39,39,61,43,43,43,42,24,30,52,52,74,16],"gold":11,"neow_bonus":"HUNDRED_GOLD","is_daily":false,"chose_seed":false,"campfire_upgraded":1,"win_rate":0.0,"timestamp":1612911741,"path_taken":["M","M","$","M","$","E","R","?","T","?","?","?","?","$","R","BOSS","M","M","$","?","?","R","E","M","T","M","?","R","?","$","R","BOSS","M","?","M","?","$","R","?","?","T","M","?","M","R","$","R","BOSS"],"items_purchased_type":["Relic","Card","Card","Card","Card","Card","Card","Card","Card","Relic"],"build_version":"2020-12-22","purchased_purges":0,"victory":true,"max_hp_per_floor":[75,75,75,75,75,75,75,75,75,75,75,75,75,75,75,75,75,75,75,75,75,75,75,75,75,75,75,75,75,75,75,75,75,75,75,75,75,75,75,75,75,75,75,75,75,75,75,75,75,75],"card_choices":[{"not_picked":["Steam","Rebound"],"picked":"Go for the Eyes","floor":1.0},{"not_picked":["Turbo","Barrage"],"picked":"Ball Lightning","floor":2.0},{"not_picked":["FlyingSleeves","Bandage Up"],"picked":"Flying Knee","floor":4.0},{"not_picked":["FlyingSleeves","True Grit"],"picked":"Consecrate","floor":6.0},{"not_picked":["Biased Cognition","All For One"],"picked":"After Image","floor":16.0},{"not_picked":["Pommel Strike","Ball Lightning"],"picked":"Shockwave+1","floor":18.0},{"not_picked":["Trip","Rupture"],"picked":"Armaments","floor":19.0},{"not_picked":["FollowUp","EmptyBody"],"picked":"Distraction","floor":22.0},{"not_picked":["Clash","Gash"],"picked":"Conclude+1","floor":24.0},{"not_picked":["ReplayTheSpireMod:Corrosion Curse+1","Sanctity"],"picked":"Sadistic Nature","floor":25.0},{"not_picked":["CutThroughFate","Halt+1"],"picked":"Deflect+1","floor":27.0},{"not_picked":["ReplayTheSpireMod:Brewmster","Mayhem"],"picked":"Limit Break","floor":33.0},{"not_picked":["CrushJoints+1","ReplayTheSpireMod:GoodbyeWorld+1"],"picked":"FlyingSleeves","floor":35},{"not_picked":["Warcry+1","Shrug It Off"],"picked":"Flame Barrier","floor":37},{"not_picked":["Dagger Throw+1","BowlingBash"],"picked":"Rainbow","floor":38},{"not_picked":["CutThroughFate+1","Turbo"],"picked":"Acrobatics","floor":41},{"not_picked":["Gash","FlyingSleeves"],"picked":"Dash+1","floor":41},{"not_picked":["ReplayTheSpireMod:Limb From Limb+1","Pummel","Vengeance+1"],"picked":"SKIP","floor":44},{"not_picked":["Disarm","Conserve Battery"],"picked":"Inflame","floor":45},{"not_picked":["Madness","Quick Slash"],"picked":"Armaments+1","floor":46}],"player_experience":68761,"relics_obtained":[{"floor":6.0,"key":"Oddly Smooth Stone"},{"floor":9.0,"key":"Meat on the Bone"},{"floor":24.0,"key":"Mummified Hand"},{"floor":26.0,"key":"Du-Vu Doll"},{"floor":41,"key":"Smiling Mask"},{"floor":42,"key":"Pen Nib"},{"floor":43,"key":"Torii"}],"event_choices":[{"damage_healed":0.0,"max_hp_gain":0.0,"max_hp_loss":0.0,"gold_gain":0.0,"event_name":"Dead Adventurer","player_choice":"Searched \u00271\u0027 times","floor":8.0,"gold_loss":0.0,"damage_taken":0.0,"relics_obtained":["Ginger"]},{"damage_healed":0.0,"max_hp_gain":0.0,"max_hp_loss":0.0,"gold_gain":0.0,"event_name":"Golden Idol","player_choice":"Take Wound","floor":10.0,"gold_loss":0.0,"damage_taken":0.0,"relics_obtained":["Golden Idol"],"cards_obtained":["Injury"]},{"damage_healed":0.0,"max_hp_gain":0.0,"max_hp_loss":0.0,"gold_gain":0.0,"event_name":"Scrap Ooze","player_choice":"Success","floor":11.0,"gold_loss":0.0,"damage_taken":7.0,"relics_obtained":["HornCleat"]},{"damage_healed":18.0,"max_hp_gain":0.0,"max_hp_loss":0.0,"gold_gain":0.0,"event_name":"The Cleric","player_choice":"Healed","floor":12.0,"gold_loss":35.0,"damage_taken":0.0},{"damage_healed":0.0,"max_hp_gain":0.0,"max_hp_loss":0.0,"gold_gain":0.0,"event_name":"Golden Wing","player_choice":"Ignored","floor":13.0,"gold_loss":0.0,"damage_taken":0.0},{"damage_healed":0.0,"max_hp_gain":0.0,"max_hp_loss":0.0,"gold_gain":0.0,"event_name":"Purifier","player_choice":"Ignored","floor":21.0,"gold_loss":0.0,"damage_taken":0.0},{"damage_healed":0.0,"max_hp_gain":0.0,"max_hp_loss":0.0,"gold_gain":0.0,"event_name":"Masked Bandits","player_choice":"Paid Fearfully","floor":28.0,"gold_loss":98.0,"damage_taken":0.0},{"damage_healed":0,"gold_gain":0,"player_choice":"Gave Potion","damage_taken":0,"relics_obtained":["FossilizedHelix"],"max_hp_gain":0,"max_hp_loss":0,"event_name":"WeMeetAgain","floor":36,"gold_loss":0}],"is_beta":false,"boss_relics":[{"not_picked":["Velvet Choker","Empty Cage"],"picked":"Runic Pyramid"},{"not_picked":["Black Star","Snecko Eye"],"picked":"Tiny House"}],"items_purged_floors":[],"is_endless":false,"potions_floor_spawned":[2,4,6,22,33,35,45],"ascension_level":0}}