{"host":"45elk2x1nmxetvky","time":1612870840,"event":{"mods":["BaseMod","Downfall","Minty Spire (QoL Compilation)","StSLib"],"gold_per_floor":[99,99,99,99,199,99,148,186,210,210,235,85,109,143,169,281,290,290,326,344,360,380,195,195,195,195,195,195],"floor_reached":26,"language":"ENG","playtime":893,"items_purged":["Regret"],"score":407,"play_id":"072023b1-2ac8-4749-ae3e-45f4b1e3e6cd","local_time":"20210209114040","is_ascension_mode":true,"campfire_choices":[{"floor":1,"key":"RECALL"},{"data":"champ:Shatter","floor":6,"key":"SMITH"},{"data":"champ:StanceDance","floor":10,"key":"SMITH"},{"data":"champ:StrikeOfGenius","floor":18,"key":"SMITH"},{"data":"champ:RecklessLeap","floor":25,"key":"SMITH"}],"circlet_count":0,"master_deck":["champ:Strike","champ:Strike","champ:Strike","champ:Strike","champ:Defend","champ:Defend","champ:Defend","champ:Defend","champ:Execute","champ:Taunt","champ:FocusedBerserking","champ:Shatter+1","downfall:Haunted","downfall:Haunted","Decay","champ:MurderStrike","downfall:Bewildered","Decay","champ:EndlessRage","champ:StanceDance+1","champ:Haymaker","champ:FanOfKnives","champ:StrikeOfGenius+1","CurseOfTheBell","champ:CrookedStrike+1","Slimebound:CheckThePlaybook","downfall:Icky","champ:CrownThrow","champ:FancyFootwork","champ:BerserkersShout","champ:RecklessLeap+1"],"relics":["champ:ChampionCrown","downfall:HeartsMalice","Nunchaku","Du-Vu Doll","downfall:HeartBlessingRed","CeramicFish","Juzu Bracelet","Bag of Preparation","InkBottle","Calling Bell","Ancient Tea Set","Sundial","Peace Pipe","Red Mask","Frozen Egg 2"],"acts_visited":["Exordium","TheCity"],"potions_floor_usage":[14,22,22,26],"damage_taken":[{"damage":0,"enemies":"2 Louse","floor":2,"turns":1},{"damage":0,"enemies":"Jaw Worm","floor":3,"turns":1},{"damage":0,"enemies":"Gremlin Nob","floor":8,"turns":1},{"damage":2,"enemies":"Small Slimes","floor":9,"turns":3},{"damage":20,"enemies":"Exordium Thugs","floor":13,"turns":2},{"damage":42,"enemies":"Lagavulin","floor":14,"turns":4},{"damage":0,"enemies":"3 Louse","floor":15,"turns":2},{"damage":44,"enemies":"IC_STATUS_ARCHETYPE","floor":16,"turns":3},{"damage":12,"enemies":"Masked Bandits","floor":19,"turns":2},{"damage":35,"enemies":"3 Byrds","floor":21,"turns":3},{"damage":48,"enemies":"Shelled Parasite and Fungi","floor":22,"turns":5},{"damage":27,"enemies":"downfall:FleeingMerchant","floor":23,"turns":4},{"damage":50,"enemies":"Book of Stabbing","floor":26,"turns":2}],"seed_played":"1742400768380136966","potions_obtained":[{"floor":8,"key":"PowerPotion"},{"floor":13,"key":"sneckomod:MuddlingPotion"},{"floor":15,"key":"Weak Potion"},{"floor":16,"key":"Block Potion"},{"floor":21,"key":"SkillPotion"}],"is_trial":false,"path_per_floor":["R","M","M","?","?","R","T","E","M","R","T","?","M","E","M","B",null,"R","?","?","M","M","$","T","R","E"],"character_chosen":"THE_CHAMP","items_purchased":["champ:BerserkersShout","champ:RecklessLeap"],"campfire_rested":0,"item_purchase_floors":[23,23],"current_hp_per_floor":[90,90,90,90,95,95,95,95,93,93,93,105,95,58,58,29,105,105,103,103,78,60,48,48,48,0,0,0],"gold":195,"neow_bonus":"THREE_ENEMY_KILL","is_daily":false,"chose_seed":false,"campfire_upgraded":4,"win_rate":0.0,"timestamp":1612870840,"path_taken":["R","M","M","?","?","R","T","E","M","R","?","?","M","E","M","BOSS","R","?","?","M","M","$","T","R","E"],"items_purchased_type":["Card","Card"],"build_version":"2020-12-22","purchased_purges":1,"victory":false,"max_hp_per_floor":[90,90,90,90,95,95,95,95,95,95,95,105,105,105,105,105,105,105,105,105,105,105,105,105,105,105,105,105],"card_choices":[{"not_picked":["champ:FanOfKnives","champ:Endure"],"picked":"champ:FocusedBerserking","floor":2},{"not_picked":["champ:PreemptiveStrike","champ:GutPunch"],"picked":"champ:Shatter","floor":3},{"not_picked":["champ:ShieldSigil","champ:HoldFirm"],"picked":"champ:EndlessRage","floor":8},{"not_picked":["champ:FlashCut","champ:Circumvent"],"picked":"champ:StanceDance","floor":9},{"not_picked":["champ:FalseCounter","champ:RapidStrikes"],"picked":"champ:Haymaker","floor":13},{"not_picked":["champ:FlashCut","champ:SkillfulDodge","champ:GladiatorStyle"],"picked":"SKIP","floor":14},{"not_picked":["champ:ViciousMockery","champ:GladiatorStyle"],"picked":"champ:FanOfKnives","floor":15},{"not_picked":["champ:IgnorePain","champ:ShieldThrow"],"picked":"champ:StrikeOfGenius","floor":16},{"not_picked":["champ:TornadoPunch","champ:FalseCounter"],"picked":"champ:CrookedStrike+1","floor":19},{"not_picked":["champ:CrookedStrike","champ:GladiatorStyle+1","champ:BringItOn"],"picked":"SKIP","floor":21},{"not_picked":["champ:FaceSlap","champ:RisingSlash+1"],"picked":"champ:CrownThrow","floor":22},{"not_picked":["champ:CrownThrow","champ:FanOfKnives"],"picked":"champ:FancyFootwork","floor":23}],"player_experience":412488,"relics_obtained":[{"floor":7,"key":"CeramicFish"},{"floor":8,"key":"Juzu Bracelet"},{"floor":11,"key":"Bag of Preparation"},{"floor":14,"key":"InkBottle"},{"floor":17,"key":"Ancient Tea Set"},{"floor":17,"key":"Sundial"},{"floor":17,"key":"Peace Pipe"},{"floor":19,"key":"Red Mask"},{"floor":24,"key":"Frozen Egg 2"}],"event_choices":[{"damage_healed":0,"gold_gain":0,"player_choice":"Box","damage_taken":0,"relics_obtained":["Nunchaku"],"max_hp_gain":0,"max_hp_loss":0,"event_name":"Big Fish","floor":4,"gold_loss":0,"cards_obtained":["Regret"]},{"damage_healed":0,"gold_gain":0,"player_choice":"Fought Bandits","damage_taken":0,"max_hp_gain":0,"max_hp_loss":0,"event_name":"Masked Bandits","floor":19,"gold_loss":0}],"is_beta":false,"boss_relics":[{"not_picked":["Philosopher\u0027s Stone","Snecko Eye"],"picked":"Calling Bell"}],"items_purged_floors":[23],"is_endless":false,"potions_floor_spawned":[8,13,15,16,21],"killed_by":"Book of Stabbing","ascension_level":4}}