{"host":"e3zuhorjxi9w14q4","time":1612879762,"event":{"mods":["AchievementEnabler","Aspiration","BaseMod","Defuse TimeMaze Blight","Downfall","Energized Spire","GifTheSpireLib","Hubris","Infinite Spire","Jorbs\u0027s Wanderer Trilogy","Minty Spire (QoL Compilation)","Reliquary","Spicy Shops","Spikes Relics","StSLib","Stuff the Spire","The Marked","The Servant 0.9.4"],"gold_per_floor":[99,99,111,130,146,176,224,241,257,257,283,283,300,330,347,448,448,348,366,382,117,117,117,117,117,152,166,66,6,31,46,64,162,162,162,174,187,187,202,202,202,217,217,117,137,62,62,97,112,112,112,112,112,112],"floor_reached":52,"language":"ENG","playtime":3682,"items_purged":["Slimebound:Strike_Slimebound","Slimebound:Strike_Slimebound","Slimebound:SlimeBrawl","Slimebound:LeechEnergy"],"score":821,"play_id":"c7032e59-bcc4-46ef-b8ed-10a8aee2575f","local_time":"20210209150922","is_ascension_mode":false,"campfire_choices":[{"data":"Slimebound:Split","floor":1.0,"key":"SMITH"},{"floor":10.0,"key":"REST"},{"floor":18.0,"key":"RECALL"},{"floor":28.0,"key":"REST"},{"data":"Slimebound:ViciousTackle","floor":28.0,"key":"SMITH"},{"data":"Slimebound:MassFeed","floor":35.0,"key":"SMITH"},{"data":"Slimebound:LivingWall","floor":40.0,"key":"SMITH"},{"data":"Slimebound:LevelUp","floor":44.0,"key":"SMITH"}],"circlet_count":0,"master_deck":["Slimebound:Tackle","Slimebound:Defend_Slimebound","Slimebound:Defend_Slimebound","Slimebound:Defend_Slimebound","Slimebound:Defend_Slimebound","Slimebound:Split+1","Slimebound:CorrosiveSpit","Slimebound:LeadByExample","Slimebound:SplitAcid","Slimebound:SplitMire","Slimebound:RejuvenatingLick","Slimebound:GoopSpray","Slimebound:Schlurp","Slimebound:LivingWall+1","Slimebound:MegaLick","Slimebound:MassFeed+1","Slimebound:GrowthPunch","Slimebound:OozeBath","Slimebound:ViciousTackle+1","Slimebound:Overexert","Slimebound:ComboTackle","Slimebound:GoopTackle+1","Slimebound:LevelUp+1","Slimebound:FirmFortitude","Slimebound:ForwardTackle","infinitespire:Collect","Slimebound:ComboTackle"],"relics":["Slimebound:AbsorbEndCombat","Juzu Bracelet","StuffTheSpire:Gunfinga","TungstenRod","Art of War","bronze:MakeshiftBattery","downfall:HeartBlessingGreen","Potion Belt","Slimebound:SelfDamagePreventRelic","Enchiridion","BlackRope","reliquary:QuartzCube","reliquary:RoseTintedGlasses","Black Star","infinitespire:Magic Flask","reliquary:BoilingFlask","downfall:HeartBlessingRed","Gremlin Horn","reliquary:TuningFork","SacredBark","Toolbox","reliquary:KinkedSpring","downfall:HeartBlessingBlue","SpikesRelics:DaevaFist","ExplosiveVial","Frozen Egg 2","Pantograph","Slimebound:MaxSlimesRelic"],"acts_visited":["TheEnding"],"potions_floor_usage":[],"damage_taken":[{"damage":9.0,"enemies":"Small Slimes","floor":3.0,"turns":3.0},{"damage":1.0,"enemies":"Cultist","floor":4.0,"turns":3.0},{"damage":8.0,"enemies":"2 Louse","floor":5.0,"turns":3.0},{"damage":44.0,"enemies":"Gremlin Nob","floor":6.0,"turns":4.0},{"damage":12.0,"enemies":"Exordium Wildlife","floor":8.0,"turns":3.0},{"damage":16.0,"enemies":"Exordium Thugs","floor":9.0,"turns":3.0},{"damage":14.0,"enemies":"3 Sentries","floor":11.0,"turns":5.0},{"damage":14.0,"enemies":"Large Slime","floor":13.0,"turns":6.0},{"damage":4.0,"enemies":"Lagavulin","floor":14.0,"turns":6.0},{"damage":0.0,"enemies":"2 Fungi Beasts","floor":15.0,"turns":3.0},{"damage":6.0,"enemies":"SI_SHIV_ARCHETYPE","floor":16.0,"turns":9.0},{"damage":0.0,"enemies":"3 Byrds","floor":19.0,"turns":3.0},{"damage":20.0,"enemies":"Spheric Guardian","floor":20.0,"turns":5.0},{"damage":0.0,"enemies":"downfall:FleeingMerchant","floor":21.0,"turns":4.0},{"damage":31.0,"enemies":"Gremlin Leader","floor":26.0,"turns":6.0},{"damage":0.0,"enemies":"Snake Plant","floor":27.0,"turns":4.0},{"damage":0.0,"enemies":"downfall:FleeingMerchant","floor":29.0,"turns":4.0},{"damage":6.0,"enemies":"Slavers","floor":30.0,"turns":4.0},{"damage":0.0,"enemies":"Cultist and Chosen","floor":31.0,"turns":4.0},{"damage":22.0,"enemies":"Centurion and Healer","floor":32.0,"turns":5.0},{"damage":27.0,"enemies":"WA_ARCHETYPE_CALM","floor":33.0,"turns":7.0},{"damage":4.0,"enemies":"3 Darklings","floor":36.0,"turns":3.0},{"damage":8.0,"enemies":"Orb Walker","floor":37.0,"turns":4.0},{"damage":30.0,"enemies":"Writhing Mass","floor":39.0,"turns":3.0},{"damage":24.0,"enemies":"Maw","floor":42.0,"turns":6.0},{"damage":6.0,"enemies":"4 Shapes","floor":45.0,"turns":4.0},{"damage":14.0,"enemies":"downfall:FleeingMerchant","floor":46.0,"turns":4.0},{"damage":13.0,"enemies":"Nemesis","floor":48.0,"turns":5.0},{"damage":0.0,"enemies":"Sphere and 2 Shapes","floor":49.0,"turns":3.0},{"damage":8.0,"enemies":"DF_ARCHETYPE_ORBS","floor":50.0,"turns":4.0},{"damage":28,"enemies":"downfall:CharBossMerchant","floor":52,"turns":5}],"seed_played":"-1170475432442790608","potions_obtained":[{"floor":4.0,"key":"Fire Potion"},{"floor":5.0,"key":"Slimebound:ThreeZeroPotion"},{"floor":8.0,"key":"SkillPotion"},{"floor":14.0,"key":"Slimebound:SlimedPotion"},{"floor":26.0,"key":"Slimebound:SlimyTonguePotion"},{"floor":30.0,"key":"DuplicationPotion"},{"floor":33.0,"key":"DistilledChaos"}],"is_trial":false,"path_per_floor":["R","?","M","M","M","E","T","M","M","R","E","?","M","E","M","B",null,"R","M","M","$","?","?","T","AVR","E","M","R","$","E","M","M","B",null,"R","M","M","AVR","M","R","T","M","?","R","M","$","?","E","M","B",null,"E"],"character_chosen":"SLIMEBOUND","items_purchased":["Potion Belt","Slimebound:SelfDamagePreventRelic","Slimebound:LeechEnergy","Slimebound:ComboTackle","SpikesRelics:DaevaFist","ExplosiveVial"],"campfire_rested":2,"item_purchase_floors":[21,21,21,29,46,46],"current_hp_per_floor":[71,71,68,71,65,27,27,19,5,26,18,18,10,10,20,22,77,77,83,67,73,58,58,58,58,35,41,65,73,76,80,65,46,86,86,90,82,82,88,88,88,72,72,82,84,91,91,84,86,98,100,76,76,76],"gold":112,"neow_bonus":"TEN_PERCENT_HP_BONUS","is_daily":false,"chose_seed":false,"campfire_upgraded":5,"win_rate":0.0,"timestamp":1612879762,"path_taken":["R","?","M","M","?","E","T","M","M","R","E","?","M","E","M","BOSS","R","M","M","$","?","?","T","AVR","E","M","R","?","E","M","M","BOSS","R","M","M","AVR","M","R","T","M","?","R","M","$","?","E","M","BOSS","E"],"items_purchased_type":["Relic","Relic","Card","Card","Relic","Relic"],"build_version":"2020-12-22","purchased_purges":4,"victory":false,"max_hp_per_floor":[71,71,71,71,71,71,71,71,71,71,71,71,71,71,77,77,77,77,83,83,83,83,83,83,83,83,83,83,83,86,86,86,86,86,86,90,90,90,90,90,90,90,90,100,100,100,100,100,100,100,100,100,100,100],"card_choices":[{"not_picked":["Slimebound:MegaLick","Slimebound:PressTheAttack"],"picked":"Slimebound:LeadByExample","floor":3.0},{"not_picked":["Slimebound:SlimeSpikes","Slimebound:LivingWall"],"picked":"Slimebound:SplitAcid","floor":4.0},{"not_picked":["Slimebound:BestDefense","Slimebound:GoopTackle"],"picked":"Slimebound:SplitMire","floor":5.0},{"not_picked":["Slimebound:PrepareCrush","Slimebound:SplitAcid"],"picked":"Slimebound:RejuvenatingLick","floor":6.0},{"not_picked":["Slimebound:SplitAcid","Slimebound:Replication"],"picked":"Slimebound:GoopSpray","floor":8.0},{"not_picked":["Slimebound:SamplingLick","Slimebound:SplitBruiser"],"picked":"Slimebound:Schlurp","floor":9.0},{"not_picked":["Slimebound:SplitLeeching","Slimebound:GoopTackle"],"picked":"Slimebound:LivingWall","floor":11.0},{"not_picked":["Slimebound:SlimeSpikes","Slimebound:RollThrough"],"picked":"Slimebound:MegaLick","floor":13.0},{"not_picked":["Slimebound:Repurpose","Slimebound:OozeBath"],"picked":"Slimebound:MassFeed","floor":14.0},{"not_picked":["Slimebound:DisruptingSlam","Slimebound:RejuvenatingLick"],"picked":"Slimebound:GrowthPunch","floor":15.0},{"not_picked":["Slimebound:DouseInSlime","Slimebound:DuplicatedForm"],"picked":"Slimebound:OozeBath","floor":16.0},{"not_picked":["Slimebound:HauntingLick","Slimebound:Dissolve","Slimebound:Chomp"],"picked":"SKIP","floor":19.0},{"not_picked":["Slimebound:HauntingLick","Slimebound:Dissolve","Slimebound:Chomp"],"picked":"SKIP","floor":19.0},{"not_picked":["Slimebound:FinishingTackle+1","Slimebound:FlameTackle+1","Slimebound:SplitAcid"],"picked":"SKIP","floor":20.0},{"not_picked":["Slimebound:Schlurp","Slimebound:SplitBruiser+1","Slimebound:HauntingLick+1"],"picked":"SKIP","floor":21.0},{"not_picked":["Slimebound:BestDefense+1","Slimebound:ItLooksTasty"],"picked":"Slimebound:SlimeBrawl","floor":26.0},{"not_picked":["Slimebound:LivingWall","Slimebound:FormOfPuddle"],"picked":"Slimebound:ViciousTackle","floor":27.0},{"not_picked":["Slimebound:Chomp","Slimebound:Gluttony+1"],"picked":"Slimebound:Overexert","floor":29.0},{"not_picked":["Slimebound:LeechEnergy","Slimebound:SplitAcid"],"picked":"Slimebound:GoopTackle+1","floor":30.0},{"not_picked":["Slimebound:GrowthPunch","Slimebound:SlimeSpikes"],"picked":"Slimebound:LevelUp","floor":31.0},{"not_picked":["Slimebound:Chomp+1","Slimebound:BestDefense+1","Slimebound:RollThrough"],"picked":"SKIP","floor":32.0},{"not_picked":["Slimebound:PrepareCrush","Slimebound:WasteNot"],"picked":"Slimebound:FirmFortitude","floor":33.0},{"not_picked":["Slimebound:Replication+1","Slimebound:SpikyOuterGoop"],"picked":"Slimebound:ForwardTackle","floor":36.0},{"not_picked":["Slimebound:HauntingLick","Slimebound:Chomp","Slimebound:SlimeSpikes"],"picked":"SKIP","floor":37.0},{"not_picked":["Slimebound:FinishingTackle+1","Slimebound:SplitAcid+1","Slimebound:ItLooksTasty"],"picked":"SKIP","floor":39.0},{"not_picked":["Slimebound:Prepare+1","Slimebound:LeechingTouch+1","Slimebound:LivingWall"],"picked":"SKIP","floor":42.0},{"not_picked":["Slimebound:SplitLeeching+1","Slimebound:Grow+1","Slimebound:HauntingLick+1"],"picked":"SKIP","floor":45.0},{"not_picked":["Slimebound:ItLooksTasty","Slimebound:FirmFortitude"],"picked":"Slimebound:ComboTackle","floor":46.0},{"not_picked":["Slimebound:LivingWall+1","Slimebound:WasteNot","Slimebound:BestDefense+1"],"picked":"SKIP","floor":48.0},{"not_picked":["Slimebound:LeechingTouch+1","Slimebound:SplitMire","Slimebound:ItLooksTasty+1"],"picked":"SKIP","floor":49.0}],"player_experience":257672,"relics_obtained":[{"floor":6.0,"key":"Juzu Bracelet"},{"floor":7.0,"key":"StuffTheSpire:Gunfinga"},{"floor":11.0,"key":"TungstenRod"},{"floor":14.0,"key":"Art of War"},{"floor":22.0,"key":"Enchiridion"},{"floor":24.0,"key":"reliquary:QuartzCube"},{"floor":26.0,"key":"infinitespire:Magic Flask"},{"floor":26.0,"key":"reliquary:BoilingFlask"},{"floor":30.0,"key":"Gremlin Horn"},{"floor":30.0,"key":"reliquary:TuningFork"},{"floor":47.0,"key":"Frozen Egg 2"},{"floor":48.0,"key":"Pantograph"},{"floor":48.0,"key":"Slimebound:MaxSlimesRelic"}],"event_choices":[],"is_beta":false,"boss_relics":[{"not_picked":["Runic Dome","Runic Pyramid"],"picked":"bronze:MakeshiftBattery"},{"not_picked":["reliquary:RedCape","Sozu"],"picked":"SacredBark"}],"items_purged_floors":[25,38,46,46],"is_endless":false,"potions_floor_spawned":[4,5,8,14,26,30,31,32,33,36,37,48],"killed_by":"downfall:CharBossMerchant","ascension_level":0}}