{"host":"06e3yyzgn8o619wl","time":1612879904,"event":{"mods":["BaseMod","Block Reminder","Colored Map","Colored Powertips","DeckTracker","Minty Spire (QoL Compilation)","Permanent Neow","Relic Stats","StSLib"],"gold_per_floor":[99,99,99,99,99,99,99],"floor_reached":6,"language":"JPN","playtime":354,"items_purged":[],"score":61,"play_id":"5921de12-d0c3-46b7-a16a-2471108981fa","local_time":"20210209231144","is_ascension_mode":true,"campfire_choices":[],"circlet_count":0,"master_deck":["AscendersBane","Strike_P","Strike_P","Strike_P","Strike_P","Defend_P","Defend_P","Defend_P","Defend_P","Eruption","Vigilance","CrushJoints","Wireheading","BowlingBash","DeceiveReality","WaveOfTheHand"],"relics":["Ectoplasm"],"acts_visited":["Exordium"],"potions_floor_usage":[],"damage_taken":[{"damage":0.0,"enemies":"2 Louse","floor":1.0,"turns":4.0},{"damage":0,"enemies":"Cultist","floor":2,"turns":3},{"damage":0,"enemies":"Small Slimes","floor":3,"turns":4},{"damage":15,"enemies":"Exordium Wildlife","floor":4,"turns":5},{"damage":50,"enemies":"Gremlin Nob","floor":6,"turns":4}],"seed_played":"-6653758657832929655","potions_obtained":[],"is_trial":false,"path_per_floor":["M","M","M","M","?","E"],"character_chosen":"WATCHER","items_purchased":[],"campfire_rested":0,"item_purchase_floors":[],"current_hp_per_floor":[65,65,65,50,50,0,0],"gold":99,"neow_bonus":"BOSS_RELIC","is_daily":false,"chose_seed":false,"campfire_upgraded":0,"win_rate":0.0,"timestamp":1612879904,"path_taken":["M","M","M","M","?","E"],"items_purchased_type":[],"build_version":"2020-12-22","purchased_purges":0,"victory":false,"max_hp_per_floor":[72,72,72,72,72,72,72],"relic_stats":{"counters":[5,20],"Ectoplasm":56,"obtain_stats":[{"Ectoplasm":0,"PureWater":0},{"Ectoplasm":0,"PureWater":0},{"Ectoplasm":0,"PureWater":0}]},"card_choices":[{"not_picked":["EmptyBody","PathToVictory"],"picked":"CrushJoints","floor":1},{"not_picked":["CutThroughFate","FlyingSleeves"],"picked":"Wireheading","floor":2},{"not_picked":["ThirdEye","EmptyBody"],"picked":"BowlingBash","floor":3},{"not_picked":["ClearTheMind","ReachHeaven"],"picked":"DeceiveReality","floor":4}],"player_experience":179042,"relics_obtained":[],"event_choices":[{"damage_healed":0,"gold_gain":0,"player_choice":"1 cards matched","damage_taken":0,"max_hp_gain":0,"max_hp_loss":0,"event_name":"Match and Keep!","floor":5,"gold_loss":0,"cards_obtained":["WaveOfTheHand"]}],"is_beta":false,"boss_relics":[],"items_purged_floors":[],"is_endless":false,"potions_floor_spawned":[],"killed_by":"Gremlin Nob","ascension_level":12}}