{"host":"oehe2dxjvdgux73m","time":1612877042,"event":{"mods":["AchievementEnabler","BaseMod","Colored Map","Colored Powertips","DeckTracker","Keyboard Shortcuts","Minty Spire (QoL Compilation)","Permanent Neow","Quick Restart","StSLib","SuperFastMode"],"gold_per_floor":[112,129,146,40,51,51,51,62,86,106,106,28,28,44,44,119,119,135,60,76,93,93,93,111,111,111],"floor_reached":25,"language":"KOR","playtime":876,"items_purged":[],"score":394,"play_id":"fc0b52f1-6bec-4326-a12a-6d0805a7dcbc","local_time":"20210209222402","is_ascension_mode":true,"campfire_choices":[{"data":"Blade Dance","floor":6.0,"key":"SMITH"},{"data":"Well Laid Plans","floor":11.0,"key":"SMITH"},{"data":"Crippling Poison","floor":13.0,"key":"SMITH"},{"data":"Footwork","floor":15.0,"key":"SMITH"},{"data":"Finisher","floor":23,"key":"SMITH"}],"circlet_count":0,"master_deck":["AscendersBane","Strike_G","Strike_G","Strike_G","Strike_G","Defend_G","Defend_G","Defend_G","Defend_G","Defend_G","Survivor","Neutralize","Blade Dance+1","Leg Sweep","Backflip","Crippling Poison+1","Dagger Throw","Flechettes","Neutralize","Well Laid Plans+1","Footwork+1","Escape Plan","Corpse Explosion","CurseOfTheBell","Blade Dance","Eviscerate","Terror","Finisher+1"],"relics":["Ring of the Snake","Thread and Needle","Potion Belt","Calling Bell","Omamori","Mummified Hand","Lizard Tail"],"acts_visited":["Exordium","TheCity"],"potions_floor_usage":[21,24],"damage_taken":[{"damage":0.0,"enemies":"Small Slimes","floor":1.0,"turns":5.0},{"damage":2.0,"enemies":"Cultist","floor":2.0,"turns":4.0},{"damage":0.0,"enemies":"2 Louse","floor":3.0,"turns":3.0},{"damage":6.0,"enemies":"Exordium Thugs","floor":5.0,"turns":8.0},{"damage":1.0,"enemies":"Red Slaver","floor":8.0,"turns":4.0},{"damage":0.0,"enemies":"Exordium Wildlife","floor":10.0,"turns":7.0},{"damage":5.0,"enemies":"Exordium Thugs","floor":14.0,"turns":6.0},{"damage":30.0,"enemies":"Hexaghost","floor":16.0,"turns":14.0},{"damage":6.0,"enemies":"Spheric Guardian","floor":18.0,"turns":7.0},{"damage":3.0,"enemies":"Chosen","floor":20.0,"turns":5.0},{"damage":8,"enemies":"Snake Plant","floor":21,"turns":5},{"damage":18,"enemies":"Centurion and Healer","floor":24,"turns":5},{"damage":73,"enemies":"Slavers","floor":25,"turns":3}],"seed_played":"-5851000007129058003","potions_obtained":[{"floor":2.0,"key":"EntropicBrew"},{"floor":3.0,"key":"SpeedPotion"},{"floor":5.0,"key":"Block Potion"},{"floor":18.0,"key":"SkillPotion"},{"floor":20.0,"key":"SteroidPotion"}],"is_trial":false,"path_per_floor":["M","M","M","$","M","R","?","M","T","M","R","$","R","M","R","B",null,"M","?","M","M","?","R","M","E"],"character_chosen":"THE_SILENT","items_purchased":["Backflip","Crippling Poison","Footwork"],"campfire_rested":0,"item_purchase_floors":[4,4,12],"current_hp_per_floor":[59,57,57,57,51,51,51,50,50,50,50,50,50,45,45,15,49,43,43,40,32,32,32,14,0,0],"gold":111,"neow_bonus":"ONE_RARE_RELIC","is_daily":false,"chose_seed":false,"campfire_upgraded":5,"win_rate":0.0,"timestamp":1612877042,"path_taken":["M","M","M","$","M","R","?","?","T","M","R","?","R","M","R","BOSS","M","?","M","M","?","R","M","E"],"items_purchased_type":["Card","Card","Card"],"build_version":"2020-12-22","purchased_purges":0,"victory":false,"max_hp_per_floor":[60,60,60,60,60,60,60,60,60,60,60,60,60,60,60,60,60,60,60,60,60,60,60,60,60,60],"card_choices":[{"not_picked":["Quick Slash","Setup"],"picked":"Blade Dance","floor":1.0},{"not_picked":["Heel Hook","Deflect","Expertise"],"picked":"SKIP","floor":2.0},{"not_picked":["Outmaneuver","Underhanded Strike"],"picked":"Leg Sweep","floor":3.0},{"not_picked":["Backflip","Sucker Punch"],"picked":"Dagger Throw","floor":5.0},{"not_picked":["Sucker Punch","Flechettes","Slice"],"picked":"SKIP","floor":8.0},{"not_picked":["Expertise","PiercingWail"],"picked":"Well Laid Plans","floor":10.0},{"not_picked":["Slice","Flechettes"],"picked":"Escape Plan","floor":14.0},{"not_picked":["Die Die Die","Phantasmal Killer"],"picked":"Corpse Explosion","floor":16.0},{"not_picked":["Endless Agony+1","Flying Knee"],"picked":"Blade Dance","floor":18.0},{"not_picked":["Deadly Poison","PiercingWail"],"picked":"Eviscerate","floor":20.0},{"not_picked":["Cloak And Dagger","Phantasmal Killer"],"picked":"Terror","floor":21},{"not_picked":["Dodge and Roll","Quick Slash","Deadly Poison"],"picked":"SKIP","floor":24}],"player_experience":431483,"relics_obtained":[{"floor":9.0,"key":"Potion Belt"},{"floor":17.0,"key":"Omamori"},{"floor":17.0,"key":"Mummified Hand"},{"floor":17.0,"key":"Lizard Tail"}],"event_choices":[{"damage_healed":0.0,"max_hp_gain":0.0,"max_hp_loss":0.0,"gold_gain":0.0,"event_name":"Match and Keep!","player_choice":"2 cards matched","floor":7.0,"gold_loss":0.0,"damage_taken":0.0,"cards_obtained":["Flechettes","Neutralize"]},{"cards_removed":["Strike_G"],"damage_healed":0.0,"max_hp_gain":0.0,"max_hp_loss":0.0,"gold_gain":0.0,"event_name":"Beggar","player_choice":"Gave Gold","floor":19.0,"gold_loss":75.0,"damage_taken":0.0},{"damage_healed":0,"gold_gain":0,"player_choice":"1 cards matched","damage_taken":0,"max_hp_gain":0,"max_hp_loss":0,"event_name":"Match and Keep!","floor":22,"gold_loss":0,"cards_obtained":["Finisher"]}],"is_beta":false,"boss_relics":[{"not_picked":["Busted Crown","Ring of the Serpent"],"picked":"Calling Bell"}],"items_purged_floors":[],"is_endless":false,"potions_floor_spawned":[2,3,5,18,20],"killed_by":"Slavers","ascension_level":20}}