{"host":"Doisman","time":1612899902,"event":{"mods":["AchievementEnabler","BaseMod","Better Note","Curses Come First","Minty Spire (QoL Compilation)","Permanent Neow","Relic Stats","Replay The Spire","StSLib"],"gold_per_floor":[111,192,212,60,60,90,90,119,146,160,176,3,78,138,138,238,238,238,238,238,238,38,38,38,38,38,38,38,38,38,38,38,38,38,38,38,38,0,0,0,0,0,0,0,0,0,0,0,0,0],"floor_reached":51,"language":"ENG","playtime":2337,"items_purged":["Strike_B"],"score":745,"play_id":"fbced79d-51fe-4231-b396-6e4e4e4119a4","local_time":"20210209134502","is_ascension_mode":true,"campfire_choices":[{"data":"ReplayUltimateDefense","floor":15,"key":"SMITH"},{"data":"Conserve Battery","floor":23,"key":"SMITH"},{"data":"FTL","floor":25,"key":"SMITH"},{"floor":32,"key":"REST"},{"floor":40,"key":"REST"},{"data":"Mirror Shield","floor":49,"key":"SMITH"}],"circlet_count":0,"master_deck":["Strike_B","Defend_B","Defend_B+1","Defend_B+1","Defend_B","Zap","Dualcast+1","Reinforced Body+1","ReplayGash","FTL+1","Machine Learning+1","Gash","Cold Snap","ReplayUltimateDefense+1","Gash","Echo Form+1","Conserve Battery+1","Gash","ReplayTheSpireMod:Calculation Training+1","Echo Form","Skim+1","Mirror Shield+1","Coolheaded+1","ReplayGash","Hologram+1","Cold Snap+1","Conserve Battery+1","Bandage Up","Panacea","Bandage Up","ReplayTheSpireMod:Calculation Training+1"],"relics":["SlaversCollar","War Paint","Vajra","Lizard Tail","Simple Rune","Boot","Ectoplasm","Darkstone Periapt","Guide Book","Replay:Bottled Flurry","DataDisk","Ring of Chaos","Red Mask","CeramicFish","Juzu Bracelet","Prayer Wheel","Pantograph","Kunai"],"acts_visited":["Exordium","TheCity","TheBeyond"],"potions_floor_usage":[16,16,28,30,35,50,50,50],"damage_taken":[{"damage":0,"enemies":"Cultist","floor":1,"turns":4},{"damage":0,"enemies":"2 Louse","floor":3,"turns":2},{"damage":10,"enemies":"Gremlin Nob","floor":6,"turns":5},{"damage":0,"enemies":"Lagavulin","floor":8,"turns":6},{"damage":0,"enemies":"Small Slimes","floor":10,"turns":3},{"damage":8,"enemies":"Exordium Wildlife","floor":11,"turns":6},{"damage":0,"enemies":"Lagavulin Event","floor":14,"turns":6},{"damage":1,"enemies":"Fading Forest","floor":16,"turns":11},{"damage":7,"enemies":"3 Byrds","floor":18,"turns":6},{"damage":0,"enemies":"Spheric Guardian","floor":20,"turns":6},{"damage":28,"enemies":"Gremlin Leader","floor":27,"turns":8},{"damage":4,"enemies":"Snake Plant","floor":28,"turns":6},{"damage":3,"enemies":"3 Cultists","floor":29,"turns":6},{"damage":7,"enemies":"Cultist and Chosen","floor":30,"turns":6},{"damage":0,"enemies":"Snake Plant","floor":31,"turns":5},{"damage":3,"enemies":"Automaton","floor":33,"turns":8},{"damage":22,"enemies":"3 Darklings","floor":35,"turns":5},{"damage":0,"enemies":"Orb Walker","floor":37,"turns":5},{"damage":16,"enemies":"Spire Growth","floor":39,"turns":6},{"damage":3,"enemies":"Giant Head","floor":41,"turns":6},{"damage":0,"enemies":"Maw","floor":44,"turns":8},{"damage":0,"enemies":"Nemesis","floor":45,"turns":8},{"damage":0,"enemies":"Reptomancer","floor":47,"turns":9},{"damage":17,"enemies":"Replay:Hell Engine","floor":50,"turns":12}],"seed_played":"5739126373806835953","potions_obtained":[{"floor":2,"key":"Strength Potion"},{"floor":2,"key":"Dexterity Potion"},{"floor":8,"key":"Adrenaline Potion"},{"floor":11,"key":"FocusPotion"},{"floor":14,"key":"Adrenaline Potion"},{"floor":20,"key":"Explosive Potion"},{"floor":24,"key":"DuplicationPotion"},{"floor":24,"key":"Cursed Concoction"},{"floor":28,"key":"Regen Potion"},{"floor":31,"key":"Reflective Coating"},{"floor":33,"key":"AttackPotion"},{"floor":37,"key":"Explosive Potion"},{"floor":45,"key":"Swift Potion"}],"is_trial":false,"path_per_floor":["M","?","M","$","?","E","?","E","T","M","M","$","?","?","R","B",null,"M","?","M","?","$","R","?","R","T","E","M","M","M","M","R","B",null,"M","?","M","?","M","R","E","?","T","M","E","?","E","?","R","B",null],"character_chosen":"DEFECT","items_purchased":["FTL","ReplayUltimateDefense","Gash","Guide Book"],"campfire_rested":2,"item_purchase_floors":[4,12,22,22],"current_hp_per_floor":[75,57,57,57,62,52,52,52,52,52,44,44,33,33,33,42,80,73,73,73,73,73,73,73,73,73,45,41,38,46,46,70,67,80,58,58,58,58,42,66,63,63,63,63,63,53,65,80,80,75],"gold":0,"neow_bonus":"BOSS_RELIC","is_daily":false,"chose_seed":false,"campfire_upgraded":4,"win_rate":0.0,"timestamp":1612899902,"path_taken":["M","?","M","$","?","E","?","E","T","?","M","$","?","?","R","BOSS","M","?","M","?","$","R","?","R","T","E","M","?","M","M","R","BOSS","M","?","M","?","M","R","E","?","T","M","E","?","E","?","R","BOSS"],"items_purchased_type":["Card","Card","Card","Relic"],"build_version":"2020-12-18","purchased_purges":1,"victory":true,"max_hp_per_floor":[75,75,75,75,80,80,80,80,80,80,80,80,80,80,80,80,80,80,80,80,80,80,80,80,80,80,80,80,80,80,80,80,80,80,80,80,80,80,80,80,80,80,80,80,80,80,80,80,80,80],"relic_stats":{"Darkstone Periapt":0,"Lizard Tail":0,"counters":[24,153],"CeramicFish":0,"Pantograph":0,"Prayer Wheel":1,"Ectoplasm":429,"Juzu Bracelet":1,"Kunai":[6],"War Paint":["Reinforced Body","Dualcast"],"Boot":[156],"obtain_stats":[{"Darkstone Periapt":21,"Guide Book":22,"CeramicFish":41,"Vajra":6,"Ring of Chaos":34,"Juzu Bracelet":43,"War Paint":2,"Boot":14,"SlaversCollar":0,"Lizard Tail":8,"DataDisk":27,"Pantograph":45,"Simple Rune":9,"Prayer Wheel":44,"Ectoplasm":17,"Replay:Bottled Flurry":26,"Red Mask":38,"Kunai":47,"Cracked Core":0},{"Darkstone Periapt":10,"Guide Book":10,"CeramicFish":20,"Vajra":3,"Ring of Chaos":16,"Juzu Bracelet":20,"War Paint":1,"Boot":6,"SlaversCollar":0,"Lizard Tail":4,"DataDisk":11,"Pantograph":22,"Simple Rune":4,"Prayer Wheel":21,"Ectoplasm":8,"Replay:Bottled Flurry":10,"Red Mask":18,"Kunai":23,"Cracked Core":0},{"Darkstone Periapt":55,"Guide Book":55,"CeramicFish":116,"Vajra":11,"Ring of Chaos":94,"Juzu Bracelet":116,"War Paint":4,"Boot":26,"SlaversCollar":0,"Lizard Tail":17,"DataDisk":63,"Pantograph":132,"Simple Rune":17,"Prayer Wheel":117,"Ectoplasm":43,"Replay:Bottled Flurry":55,"Red Mask":104,"Kunai":141,"Cracked Core":0}]},"card_choices":[{"not_picked":["Steam","BasicCrystalCard"],"picked":"Reinforced Body","floor":1},{"not_picked":["Streamline","Ball Lightning"],"picked":"ReplayGash","floor":2},{"not_picked":["Go for the Eyes","Turbo","Streamline"],"picked":"SKIP","floor":3},{"not_picked":["Meteor Strike","Steam Power","Time Bomb"],"picked":"SKIP","floor":6},{"not_picked":["Streamline","Steam"],"picked":"Gash","floor":8},{"not_picked":["Redo","Leap"],"picked":"Cold Snap","floor":10},{"not_picked":["Reinforced Body","Stack"],"picked":"Cold Snap","floor":11},{"not_picked":["Consume","Ball Lightning"],"picked":"Gash","floor":14},{"not_picked":["Fission","Machine Learning"],"picked":"Echo Form","floor":16},{"not_picked":["BasicCrystalCard+1","Undo"],"picked":"Conserve Battery","floor":18},{"not_picked":["Redo","Sweeping Beam","BasicCrystalCard"],"picked":"SKIP","floor":20},{"not_picked":["Double Energy","Compile Driver"],"picked":"ReplayTheSpireMod:Calculation Training+1","floor":27},{"not_picked":["Beam Cell+1","Leap","Go for the Eyes"],"picked":"SKIP","floor":28},{"not_picked":["Storm","Beam Cell"],"picked":"Echo Form","floor":29},{"not_picked":["Steam+1","Leap"],"picked":"Skim+1","floor":30},{"not_picked":["Cold Snap","Tempest","Leap+1"],"picked":"SKIP","floor":31},{"not_picked":["Electrodynamics","ReplayTheSpireMod:Omega Cannon"],"picked":"Mirror Shield","floor":33},{"not_picked":["Skim+1","Blizzard"],"picked":"Coolheaded+1","floor":35},{"not_picked":["Beam Cell+1","Rebound"],"picked":"ReplayGash","floor":37},{"not_picked":["Ball Lightning+1","BasicCrystalCard"],"picked":"Hologram+1","floor":39},{"not_picked":["Loop","Rebound+1"],"picked":"ReplayTheSpireMod:Fabricate Wheel","floor":41},{"not_picked":["Beam Cell+1","Panic Button"],"picked":"Cold Snap+1","floor":44},{"not_picked":["Leap","Doom and Gloom+1","Ball Lightning"],"picked":"SKIP","floor":44},{"not_picked":["Ball Lightning","Leap"],"picked":"Conserve Battery+1","floor":45},{"not_picked":["Swift Strike","ReplayTheSpireMod:Uncanny Aura"],"picked":"Bandage Up","floor":46},{"not_picked":["Trip","Transmutation"],"picked":"Panacea","floor":46},{"not_picked":["Trip","ReplayTheSpireMod:Necrogeddon"],"picked":"Bandage Up","floor":46},{"not_picked":["Melter+1","Coolheaded"],"picked":"ReplayTheSpireMod:Calculation Training+1","floor":47}],"player_experience":1099685,"relics_obtained":[{"floor":2,"key":"War Paint"},{"floor":6,"key":"Vajra"},{"floor":8,"key":"Lizard Tail"},{"floor":9,"key":"Simple Rune"},{"floor":26,"key":"Replay:Bottled Flurry"},{"floor":27,"key":"DataDisk"},{"floor":41,"key":"CeramicFish"},{"floor":43,"key":"Juzu Bracelet"},{"floor":45,"key":"Pantograph"},{"floor":47,"key":"Kunai"}],"event_choices":[{"damage_healed":0,"gold_gain":0,"player_choice":"Donut","damage_taken":0,"max_hp_gain":5,"max_hp_loss":0,"event_name":"Big Fish","floor":5,"gold_loss":0},{"damage_healed":0,"gold_gain":0,"cards_transformed":["Strike_B"],"player_choice":"Transformed","damage_taken":0,"max_hp_gain":0,"max_hp_loss":0,"event_name":"Transmorgrifier","floor":7,"gold_loss":0,"cards_obtained":["Machine Learning"]},{"damage_healed":0,"gold_gain":75,"player_choice":"Gather Gold","damage_taken":11,"max_hp_gain":0,"max_hp_loss":0,"event_name":"World of Goop","floor":13,"gold_loss":0},{"damage_healed":0,"gold_gain":0,"player_choice":"Searched \u00273\u0027 times","damage_taken":0,"relics_obtained":["Boot"],"max_hp_gain":0,"max_hp_loss":0,"event_name":"Dead Adventurer","floor":14,"gold_loss":0},{"cards_removed":["Strike_B"],"damage_healed":0,"gold_gain":0,"player_choice":"Card Removal","damage_taken":0,"max_hp_gain":0,"max_hp_loss":0,"event_name":"Wheel of Change","floor":19,"gold_loss":0},{"damage_healed":0,"gold_gain":0,"player_choice":"Gave Potion","damage_taken":0,"relics_obtained":["Darkstone Periapt"],"max_hp_gain":0,"max_hp_loss":0,"event_name":"WeMeetAgain","floor":21,"gold_loss":0},{"damage_healed":0,"gold_gain":0,"player_choice":"Got Potions","damage_taken":0,"max_hp_gain":0,"max_hp_loss":0,"event_name":"Lab","floor":24,"gold_loss":0},{"cards_removed":["Cold Snap"],"damage_healed":0,"gold_gain":0,"player_choice":"Removed Attack","damage_taken":0,"max_hp_gain":0,"max_hp_loss":0,"event_name":"Falling","floor":36,"gold_loss":0},{"damage_healed":0,"gold_gain":0,"player_choice":"Paid","damage_taken":0,"relics_obtained":["Red Mask"],"max_hp_gain":0,"max_hp_loss":0,"event_name":"Tomb of Lord Red Mask","floor":38,"gold_loss":38},{"damage_healed":0,"gold_gain":0,"player_choice":"Memory 3","damage_taken":10,"max_hp_gain":0,"max_hp_loss":0,"event_name":"SensoryStone","floor":46,"gold_loss":0},{"damage_healed":15,"gold_gain":0,"player_choice":"Full Heal","damage_taken":0,"max_hp_gain":0,"max_hp_loss":0,"event_name":"Wheel of Change","floor":48,"gold_loss":0}],"is_beta":true,"boss_relics":[{"not_picked":["Calling Bell","Cursed Key"],"picked":"Ectoplasm"},{"not_picked":["SacredBark","Painkiller Herb"],"picked":"Ring of Chaos"}],"items_purged_floors":[4],"is_endless":false,"potions_floor_spawned":[8,11,14,20,28,31,33,37,45],"ascension_level":1}}