{"host":"rantoq7h0pygex6x","time":1612886626,"event":{"mods":["AchievementEnabler","BaseMod","BetterRewards","Minty Spire (QoL Compilation)"],"gold_per_floor":[117,82,96,121,121,121,137,137,162,162,177,191,191,204,204,279,279,290,340,358,131,142,142,142],"floor_reached":23,"language":"ENG","playtime":595,"items_purged":["Strike_B","Strike_B"],"score":566,"play_id":"ed311655-1e91-4683-9ea6-652031cf5d4a","local_time":"20210210000346","is_ascension_mode":true,"campfire_choices":[{"data":"Ball Lightning","floor":6.0,"key":"SMITH"},{"data":"Zap","floor":8.0,"key":"SMITH"},{"floor":10.0,"key":"REST"},{"data":"Melter","floor":15.0,"key":"SMITH"}],"circlet_count":0,"master_deck":["AscendersBane","Strike_B","Strike_B","Defend_B","Defend_B","Defend_B","Defend_B","Zap+1","Dualcast","Storm","Beam Cell","Sweeping Beam","Ball Lightning+1","Regret","Melter+1","Gash","Cold Snap","Electrodynamics","Hologram","Thunder Strike","Capacitor","Leap","Heatsinks"],"relics":["Cracked Core","MealTicket","Tiny Chest","Dream Catcher","Pear","Nuclear Battery"],"acts_visited":["Exordium","TheCity"],"potions_floor_usage":[23],"damage_taken":[{"damage":16.0,"enemies":"Small Slimes","floor":1.0,"turns":3.0},{"damage":4.0,"enemies":"Jaw Worm","floor":3.0,"turns":4.0},{"damage":8.0,"enemies":"2 Louse","floor":7.0,"turns":2.0},{"damage":10.0,"enemies":"Looter","floor":11.0,"turns":3.0},{"damage":13.0,"enemies":"Blue Slaver","floor":12.0,"turns":3.0},{"damage":2.0,"enemies":"2 Fungi Beasts","floor":14.0,"turns":2.0},{"damage":58.0,"enemies":"Slime Boss","floor":16.0,"turns":10.0},{"damage":18.0,"enemies":"2 Thieves","floor":18.0,"turns":3.0},{"damage":2.0,"enemies":"3 Byrds","floor":20.0,"turns":2.0},{"damage":22,"enemies":"Centurion and Healer","floor":22,"turns":6},{"damage":38,"enemies":"Slavers","floor":23,"turns":3}],"seed_played":"2662953116426825334","potions_obtained":[{"floor":1.0,"key":"EssenceOfSteel"},{"floor":3.0,"key":"ColorlessPotion"},{"floor":14.0,"key":"FairyPotion"},{"floor":22,"key":"Block Potion"}],"is_trial":false,"path_per_floor":["M","?","M","T","?","R","M","R","T","R","M","M","T","M","R","B",null,"M","?","M","$","M","E"],"character_chosen":"DEFECT","items_purchased":["Storm","Beam Cell","Capacitor","Leap"],"campfire_rested":1,"item_purchase_floors":[0,0,21,21],"current_hp_per_floor":[39,55,51,51,51,51,43,43,43,62,52,39,49,47,47,22,63,45,45,43,58,36,0,0],"gold":142,"neow_bonus":"","is_daily":false,"chose_seed":false,"campfire_upgraded":3,"win_rate":0.0,"timestamp":1612886626,"path_taken":["M","?","M","?","?","R","M","R","T","R","M","M","?","M","R","BOSS","M","?","M","$","M","E"],"items_purchased_type":["Card","Card","Card","Card"],"build_version":"2020-12-22","purchased_purges":2,"victory":false,"max_hp_per_floor":[66,66,66,66,66,66,66,66,66,66,66,66,76,76,76,76,76,76,76,76,76,76,76,76],"card_choices":[{"not_picked":["Go for the Eyes","Consume"],"picked":"Sweeping Beam","floor":1.0},{"not_picked":["Darkness","Turbo"],"picked":"Ball Lightning","floor":3.0},{"not_picked":["Doom and Gloom","Beam Cell"],"picked":"Melter","floor":7.0},{"not_picked":["Hologram","Double Energy"],"picked":"Gash","floor":10.0},{"not_picked":["Sweeping Beam","Leap"],"picked":"Cold Snap","floor":11.0},{"not_picked":["Cold Snap","Rip and Tear","Lockon"],"picked":"SKIP","floor":12.0},{"not_picked":["Blizzard","Biased Cognition","Ball Lightning"],"picked":"SKIP","floor":14.0},{"not_picked":["Amplify","Seek"],"picked":"Electrodynamics","floor":16.0},{"not_picked":["Streamline","Beam Cell"],"picked":"Hologram","floor":18.0},{"not_picked":["Streamline","Leap"],"picked":"Thunder Strike","floor":20.0},{"not_picked":["Genetic Algorithm","Steam Power"],"picked":"Heatsinks","floor":22}],"player_experience":988608,"relics_obtained":[{"floor":4.0,"key":"MealTicket"},{"floor":9.0,"key":"Dream Catcher"},{"floor":13.0,"key":"Pear"}],"event_choices":[{"damage_healed":16.0,"max_hp_gain":0.0,"max_hp_loss":0.0,"gold_gain":0.0,"event_name":"The Cleric","player_choice":"Healed","floor":2.0,"gold_loss":35.0,"damage_taken":0.0},{"damage_healed":0.0,"max_hp_gain":0.0,"max_hp_loss":0.0,"gold_gain":0.0,"event_name":"Big Fish","player_choice":"Box","floor":5.0,"gold_loss":0.0,"damage_taken":0.0,"relics_obtained":["Tiny Chest"],"cards_obtained":["Regret"]},{"damage_healed":0.0,"max_hp_gain":0.0,"max_hp_loss":0.0,"gold_gain":50.0,"event_name":"Nest","player_choice":"Stole From Cult","floor":19.0,"gold_loss":0.0,"damage_taken":0.0}],"is_beta":false,"boss_relics":[{"not_picked":["Snecko Eye","Coffee Dripper"],"picked":"Nuclear Battery"}],"items_purged_floors":[0,21],"is_endless":false,"potions_floor_spawned":[1,3,11,14,22],"killed_by":"Slavers","ascension_level":20}}