{"host":"5iwo0e8xrppiapi7","time":1612891759,"event":{"mods":["BaseMod","Decade(王小明)","Highlight Path","KinomotoSakuraMod(木之本樱)","Marisa（F雨　魔理沙）","Minty Spire (QoL Compilation)","Quick Restart","Remilia（蕾米莉亚）","Shop Mod","The Servant 0.9.4","UnlockEverythingMod","WarShipGirlsR/战舰少女R mod","Yakumo Yukari mod","Youmu（魂魄妖梦）","Yuyuko"],"gold_per_floor":[109,120,140,140,90,120,134,59,59,73,73,102,102,12,12,111,161,173,189,18,93,105,135,147,1,27,27,38,56,74,92,92,190,190,210,210,110,110,120,149,167,11,11,23,23,23],"floor_reached":45,"language":"ZHS","playtime":4242,"items_purged":["TimeTheft","StarChef+1"],"score":754,"play_id":"a88a7fdc-125b-4072-9642-9bbb5ee64fe4","local_time":"20210210012919","daily_mods":["Draft"],"is_ascension_mode":false,"campfire_choices":[{"data":"DualDimension","floor":15,"key":"SMITH"},{"data":"DualDimension","floor":27,"key":"SMITH"},{"data":"Collapse","floor":32,"key":"SMITH"}],"circlet_count":0,"master_deck":["DualDimension+1","InstantArmor+1","GearUp","SpecialFormula","Revamp","Revamp","FastForward","Defy","InstantArmor","BottledTime","TimeWarp","MoonPhase","Collapse","BottledTime","Potential","TimeWarp","Solidify+1","Manipulate","BottledTime","Collapse+1","Dilation","BottledTime","Panache","DualDimension+1","SpecialFormula+1","ShatteredReality+1","Advance+1","Revamp+1","Deep Breath","InstantArmor+1","Solidify","BottledTime+1"],"relics":["Uniform","Bag of Preparation","Matryoshka","Regal Pillow","Ancient Tea Set","Blue Candle","Tiny House","Anchor","Chemical X","Dream Catcher","Juzu Bracelet","Astrolabe","Blood Vial","Pan","Mercury Hourglass"],"acts_visited":["Exordium","TheCity","TheBeyond"],"potions_floor_usage":[16,45,45,45],"damage_taken":[{"damage":0,"enemies":"Jaw Worm","floor":1,"turns":10},{"damage":0,"enemies":"Small Slimes","floor":2,"turns":4},{"damage":0,"enemies":"2 Louse","floor":3,"turns":3},{"damage":0,"enemies":"Gremlin Nob","floor":6,"turns":4},{"damage":0,"enemies":"Gremlin Gang","floor":7,"turns":2},{"damage":0,"enemies":"Blue Slaver","floor":10,"turns":2},{"damage":0,"enemies":"3 Sentries","floor":12,"turns":3},{"damage":0,"enemies":"Slime Boss","floor":16,"turns":8},{"damage":0,"enemies":"Spheric Guardian","floor":18,"turns":3},{"damage":0,"enemies":"Chosen","floor":19,"turns":4},{"damage":6,"enemies":"Snake Plant","floor":22,"turns":4},{"damage":0,"enemies":"Gremlin Leader","floor":23,"turns":5},{"damage":0,"enemies":"3 Cultists","floor":24,"turns":3},{"damage":0,"enemies":"Chosen and Byrds","floor":28,"turns":2},{"damage":0,"enemies":"Sentry and Sphere","floor":29,"turns":3},{"damage":0,"enemies":"Centurion and Healer","floor":30,"turns":4},{"damage":0,"enemies":"3 Cultists","floor":31,"turns":2},{"damage":0,"enemies":"Automaton","floor":33,"turns":7},{"damage":0,"enemies":"Orb Walker","floor":35,"turns":2},{"damage":0,"enemies":"3 Darklings","floor":39,"turns":3},{"damage":0,"enemies":"Reptomancer","floor":40,"turns":4},{"damage":0,"enemies":"Transient","floor":41,"turns":5},{"damage":0,"enemies":"4 Shapes","floor":44,"turns":1},{"damage":90,"enemies":"4 Shapes","floor":45,"turns":16}],"seed_played":"-2476185851797825755","potions_obtained":[{"floor":2,"key":"Fire Potion"},{"floor":7,"key":"Dexterity Potion"},{"floor":16,"key":"CultistPotion"},{"floor":17,"key":"LiquidMemories"},{"floor":23,"key":"Swift Potion"},{"floor":44,"key":"SneckoOil"}],"is_trial":true,"path_per_floor":["M","M","M","?","?","E","M","$","T","M","?","E","?","$","R","B",null,"M","M","$","?","M","E","M","$","T","R","M","M","M","M","R","B",null,"M","?","$","?","M","E","M","$","T","M","?"],"character_chosen":"THE_SERVANT","items_purchased":["BottledTime","Collapse","Panache","Chemical X","Pan"],"campfire_rested":0,"item_purchase_floors":[14,14,20,25,42],"current_hp_per_floor":[65,65,65,53,53,58,63,63,63,65,65,65,70,70,70,70,75,75,75,75,68,67,72,75,75,75,75,75,75,75,75,75,75,75,75,75,75,75,75,75,75,75,75,75,0,0],"gold":23,"neow_bonus":"","is_daily":false,"chose_seed":false,"campfire_upgraded":3,"win_rate":0.0,"timestamp":1612891759,"path_taken":["M","M","M","?","?","E","M","$","T","M","?","E","?","$","R","BOSS","M","M","$","?","M","E","?","$","T","R","M","M","M","M","R","BOSS","M","?","$","?","M","E","M","$","T","M","?"],"items_purchased_type":["Card","Card","Card","Relic","Relic"],"build_version":"2020-12-22","purchased_purges":2,"victory":false,"max_hp_per_floor":[65,65,65,65,65,65,65,65,65,65,65,65,70,70,70,70,75,75,75,75,75,75,75,75,75,75,75,75,75,75,75,75,75,75,75,75,75,75,75,75,75,75,75,75,75,75],"card_choices":[{"not_picked":["Potential","Gouge"],"picked":"DualDimension","floor":0},{"not_picked":["Defy","Replace"],"picked":"Rearm","floor":0},{"not_picked":["DoubleEdge","Potential"],"picked":"InstantArmor","floor":0},{"not_picked":["Hightail","Gouge"],"picked":"Rearm","floor":0},{"not_picked":["Potential","Manipulate"],"picked":"GearUp","floor":0},{"not_picked":["TimeWarp","GearUp"],"picked":"SpecialFormula","floor":0},{"not_picked":["Spin","Alleviate"],"picked":"Deadline","floor":0},{"not_picked":["Replace","ShatteredReality"],"picked":"Revamp","floor":0},{"not_picked":["Spin","DoubleEdge"],"picked":"Revamp","floor":0},{"not_picked":["Unruled","Desolation"],"picked":"FastForward","floor":0},{"not_picked":["StarChef","MoonPhase"],"picked":"Defy","floor":0},{"not_picked":["ShatteredReality","Defy"],"picked":"TimeTheft","floor":0},{"not_picked":["Sabotage","SpecialFormula"],"picked":"InstantArmor","floor":0},{"not_picked":["Potential","Rewind"],"picked":"BottledTime","floor":0},{"not_picked":["Unruled","Replace"],"picked":"TimeWarp","floor":0},{"not_picked":["Defy","FastForward"],"picked":"MoonPhase","floor":1},{"not_picked":["DoubleEdge","Rewind"],"picked":"Collapse","floor":2},{"not_picked":["TimeWarp","Defy"],"picked":"BottledTime","floor":3},{"not_picked":["ShatteredReality","Rearm"],"picked":"Potential","floor":6},{"not_picked":["Comet","TimeTheft"],"picked":"TimeWarp","floor":7},{"not_picked":["DoubleEdge","SurpressingFire"],"picked":"Solidify","floor":10},{"not_picked":["SilverBlades","Starlight"],"picked":"Manipulate","floor":12},{"not_picked":["TrueSight","SoulSculpture"],"picked":"Dilation","floor":16},{"not_picked":["Advance+1","TimeWarp"],"picked":"BottledTime","floor":18},{"not_picked":["Alleviate","Replace","Spin"],"picked":"SKIP","floor":19},{"not_picked":["Rearm+1","Starlight","FastForward"],"picked":"SKIP","floor":22},{"not_picked":["TimeWarp","DoubleEdge"],"picked":"DualDimension","floor":23},{"not_picked":["RealityMarble+1","Misdirection","Sabotage+1"],"picked":"SKIP","floor":24},{"not_picked":["Read","Replace","TimeWarp"],"picked":"SKIP","floor":28},{"not_picked":["TimeWarp+1","Moonlight"],"picked":"SpecialFormula+1","floor":29},{"not_picked":["Desolation","Moonlight"],"picked":"ShatteredReality+1","floor":30},{"not_picked":["Rewind","DualDimension","Potential+1"],"picked":"SKIP","floor":31},{"not_picked":["SoulSculpture","Duplication"],"picked":"Embodiment","floor":33},{"not_picked":["FastForward+1","Defy+1","SilverBlades"],"picked":"SKIP","floor":35},{"not_picked":["Madness","HandOfGreed"],"picked":"Deep Breath","floor":36},{"not_picked":["Unruled+1","ShatteredReality"],"picked":"InstantArmor+1","floor":39},{"not_picked":["DoubleEdge+1","SilverBlades+1"],"picked":"Solidify","floor":40},{"not_picked":["Revamp","Reset+1"],"picked":"BottledTime+1","floor":41},{"not_picked":["Spin+1","Replace","Potential"],"picked":"SKIP","floor":44}],"player_experience":21394,"relics_obtained":[{"floor":6,"key":"Matryoshka"},{"floor":9,"key":"Regal Pillow"},{"floor":9,"key":"Ancient Tea Set"},{"floor":12,"key":"Blue Candle"},{"floor":23,"key":"Anchor"},{"floor":26,"key":"Dream Catcher"},{"floor":26,"key":"Juzu Bracelet"},{"floor":40,"key":"Blood Vial"},{"floor":43,"key":"Mercury Hourglass"}],"event_choices":[{"damage_healed":0,"gold_gain":0,"player_choice":"Success","damage_taken":12,"relics_obtained":["Bag of Preparation"],"max_hp_gain":0,"max_hp_loss":0,"event_name":"Scrap Ooze","floor":4,"gold_loss":0},{"cards_removed":["Deadline"],"damage_healed":0,"gold_gain":0,"player_choice":"Card Removal","damage_taken":0,"max_hp_gain":0,"max_hp_loss":0,"event_name":"The Cleric","floor":5,"gold_loss":50},{"damage_healed":0,"gold_gain":0,"player_choice":"Grow","damage_taken":0,"max_hp_gain":0,"max_hp_loss":0,"event_name":"Living Wall","floor":11,"gold_loss":0,"cards_upgraded":["Solidify"]},{"damage_healed":0,"gold_gain":0,"player_choice":"Donut","damage_taken":0,"max_hp_gain":5,"max_hp_loss":0,"event_name":"Big Fish","floor":13,"gold_loss":0},{"damage_healed":0,"gold_gain":75,"player_choice":"Touch","damage_taken":7,"max_hp_gain":0,"max_hp_loss":0,"event_name":"FaceTrader","floor":21,"gold_loss":0},{"damage_healed":0,"gold_gain":0,"player_choice":"Memory 1","damage_taken":0,"max_hp_gain":0,"max_hp_loss":0,"event_name":"SensoryStone","floor":36,"gold_loss":0}],"is_beta":false,"boss_relics":[{"not_picked":["Runic Dome","SacredBark"],"picked":"Tiny House"},{"not_picked":["Fusion Hammer","MysterySword"],"picked":"Astrolabe"}],"items_purged_floors":[8,37],"is_endless":false,"potions_floor_spawned":[2,7,16,19,23,24,30,40,44],"killed_by":"4 Shapes","ascension_level":0}}