{"host":"lnfs5t5iydkm2lft","time":1612845589,"event":{"mods":["AchievementEnabler","BaseMod","BetterRewards","Colored Powertips","Downfall","Hubris","Marisa????????","Minty Spire (QoL Compilation)","Quick Restart","Replay The Spire","StSLib","The Runesmith"],"gold_per_floor":[112,130,141,141,157,157,42,98,122,147,167,167,187,200,200,304,304,322,322,333,345,15,15,31,49,49,84,39,56,67,78,78,78,78],"floor_reached":33,"language":"ENG","playtime":3082,"items_purged":["Defend_G","Defend_G"],"score":450,"play_id":"6ac2ca5e-f5fe-4dce-83ae-abf2101455b4","local_time":"20210208223949","is_ascension_mode":true,"campfire_choices":[{"floor":6,"key":"REST"},{"floor":12,"key":"REST"},{"data":"Footwork","floor":15,"key":"SMITH"},{"floor":23,"key":"REST"},{"floor":32,"key":"REST"}],"circlet_count":0,"master_deck":["Strike_G","Strike_G","Strike_G","Strike_G","Strike_G+1","Defend_G","Defend_G+1","Defend_G","Survivor","Neutralize","Blade Dance","Footwork+1","PiercingWail","PiercingWail","Replay:Poison Smokescreen","PiercingWail","Replay:Bag of Tricks","Hidden Blade","Backstab+1","Footwork+1","Catalyst","hubris:DuctTapeCard","Cloak And Dagger"],"relics":["Ring of the Snake","Oddly Smooth Stone","Unceasing Top","Kunai","InkBottle","Simple Rune","hubris:TinFlute","Painkiller Herb","DollysMirror","hubris:DuctTape","Anchor"],"acts_visited":["Exordium","TheCity"],"potions_floor_usage":[8,14,14,16,25,27,29,31],"damage_taken":[{"damage":0,"enemies":"Cultist","floor":1,"turns":4},{"damage":0,"enemies":"Jaw Worm","floor":2,"turns":5},{"damage":0,"enemies":"Small Slimes","floor":3,"turns":3},{"damage":0,"enemies":"2 Fungi Beasts","floor":5,"turns":3},{"damage":11,"enemies":"Lagavulin Event","floor":8,"turns":6},{"damage":3,"enemies":"Replay:BlueRogue","floor":10,"turns":6},{"damage":0,"enemies":"Looter","floor":11,"turns":3},{"damage":0,"enemies":"Exordium Thugs","floor":13,"turns":4},{"damage":11,"enemies":"Gremlin Gang","floor":14,"turns":4},{"damage":31,"enemies":"Slime Boss","floor":16,"turns":12},{"damage":8,"enemies":"2 Thieves","floor":18,"turns":5},{"damage":0,"enemies":"3 Byrds","floor":20,"turns":5},{"damage":15,"enemies":"Shelled Parasite and Fungi","floor":21,"turns":5},{"damage":1,"enemies":"Sentry and Sphere","floor":24,"turns":4},{"damage":12,"enemies":"Centurion and Healer","floor":25,"turns":6},{"damage":3,"enemies":"Slavers","floor":27,"turns":6},{"damage":0,"enemies":"Snake Plant","floor":29,"turns":4},{"damage":6,"enemies":"3 Cultists","floor":30,"turns":6},{"damage":0,"enemies":"Centurion and Healer","floor":31,"turns":5},{"damage":68,"enemies":"Collector","floor":33,"turns":11}],"seed_played":"6304882254907908213","potions_obtained":[{"floor":5,"key":"SkillPotion"},{"floor":10,"key":"champ:CounterPotion"},{"floor":13,"key":"ColorlessPotion"},{"floor":14,"key":"SkillPotion"},{"floor":24,"key":"Languid Potion"},{"floor":25,"key":"Adrenaline Potion"},{"floor":27,"key":"Swift Potion"},{"floor":29,"key":"GamblersBrew"}],"is_trial":false,"path_per_floor":["M","M","M","?","M","R","$","?","T","E","M","R","M","M","R","B",null,"?","?","?","?","T","T","?","?","T","E","T","?","?","?","T","B"],"character_chosen":"THE_SILENT","items_purchased":["Oddly Smooth Stone","Kunai","Blade Dance","Footwork","PiercingWail","DollysMirror","Catalyst","Cloak And Dagger"],"campfire_rested":4,"item_purchase_floors":[0,0,0,0,7,22,22,28],"current_hp_per_floor":[38,38,38,38,38,59,59,48,48,45,45,66,66,55,55,24,70,62,49,49,34,34,56,55,43,43,40,40,40,34,34,56,0,0],"gold":78,"neow_bonus":"","is_daily":false,"chose_seed":false,"campfire_upgraded":1,"win_rate":0.0,"timestamp":1612845589,"path_taken":["M","?","M","?","M","R","$","?","T","E","M","R","M","M","R","BOSS","?","?","?","?","T","T","?","?","T","E","T","?","?","?","T","BOSS"],"items_purchased_type":["Relic","Relic","Card","Card","Card","Relic","Card","Card"],"build_version":"2020-12-22","purchased_purges":2,"victory":false,"max_hp_per_floor":[70,70,70,70,70,70,70,70,70,70,70,70,70,70,70,70,70,70,75,75,75,75,75,75,75,75,75,75,75,75,75,75,75,75],"card_choices":[{"not_picked":["Sucker Punch","Draining Mist","Dodge and Roll"],"picked":"SKIP","floor":1},{"not_picked":["hubris:SlightOfHand","Outmaneuver"],"picked":"Replay:Poison Smokescreen","floor":2},{"not_picked":["Caltrops","Prepared","Predator"],"picked":"SKIP","floor":3},{"not_picked":["Deadly Poison","Escape Plan"],"picked":"Replay:Poison Smokescreen","floor":5},{"not_picked":["Grand Finale","PiercingWail"],"picked":"Replay:Poison Smokescreen","floor":10},{"not_picked":["Flying Knee","Bane","Eviscerate"],"picked":"SKIP","floor":11},{"not_picked":["Acrobatics","Terror"],"picked":"PiercingWail","floor":13},{"not_picked":["hubris:SlightOfHand","Skewer","Slice"],"picked":"SKIP","floor":14},{"not_picked":["Bullet Time","ReplayTheSpireMod:From All Sides"],"picked":"Replay:Bag of Tricks","floor":16},{"not_picked":["hubris:SlightOfHand+1","Deadly Poison"],"picked":"Hidden Blade","floor":18},{"not_picked":["Heel Hook","Choke"],"picked":"Backstab+1","floor":20},{"not_picked":["Backflip","Deadly Poison","Prepared+1"],"picked":"SKIP","floor":21},{"not_picked":["Well Laid Plans","Outmaneuver+1","Hidden Blade"],"picked":"SKIP","floor":24},{"not_picked":["Outmaneuver+1","Crippling Poison","Bane"],"picked":"SKIP","floor":25},{"not_picked":["Concentrate+1","hubris:SlightOfHand+1","Sneak Up"],"picked":"SKIP","floor":27},{"not_picked":["Atom Bomb","Prepared+1","Poisoned Stab"],"picked":"SKIP","floor":29},{"not_picked":["Dagger Spray","Riddle With Holes+1","Prepared"],"picked":"SKIP","floor":30},{"not_picked":["Dagger Spray+1","Choke+1","Underhanded Strike+1"],"picked":"SKIP","floor":31}],"player_experience":329236,"relics_obtained":[{"floor":8,"key":"InkBottle"},{"floor":9,"key":"Simple Rune"},{"floor":10,"key":"hubris:TinFlute"},{"floor":26,"key":"hubris:DuctTape"},{"floor":27,"key":"Anchor"}],"event_choices":[{"damage_healed":0,"gold_gain":0,"player_choice":"Ignored","damage_taken":0,"max_hp_gain":0,"max_hp_loss":0,"event_name":"Golden Wing","floor":4,"gold_loss":0},{"damage_healed":0,"gold_gain":0,"player_choice":"Searched \u00271\u0027 times","damage_taken":0,"max_hp_gain":0,"max_hp_loss":0,"event_name":"Dead Adventurer","floor":8,"gold_loss":0},{"damage_healed":0,"gold_gain":0,"player_choice":"Shed Blood","damage_taken":18,"max_hp_gain":5,"max_hp_loss":0,"event_name":"Forgotten Altar","floor":19,"gold_loss":0}],"is_beta":false,"boss_relics":[{"not_picked":["Fusion Hammer","bronze:MakeshiftBattery"],"picked":"Painkiller Herb"}],"items_purged_floors":[7,22],"is_endless":false,"potions_floor_spawned":[5,10,13,14,24,25,27,29],"killed_by":"Collector","ascension_level":4}}