{"host":"2zu58scgr3ekv4lr","time":1612907736,"event":{"mods":["AchievementEnabler","BaseMod","Minty Spire (QoL Compilation)","Quick Restart","StSLib","The Cursed"],"gold_per_floor":[113,5,5,5,15,49,49,69,69,69,79,143,143,155,155,257,257,276,276,147,162,177,177,0,0,0,19,19,19],"floor_reached":28,"language":"ENG","playtime":1714,"items_purged":[],"score":243,"play_id":"307faca0-b7de-44ed-8cb9-0bed4b63bb7d","local_time":"20210209225536","is_ascension_mode":false,"campfire_choices":[{"floor":7.0,"key":"REST"},{"data":"Vault","floor":13.0,"key":"SMITH"},{"floor":15.0,"key":"REST"},{"floor":23.0,"key":"REST"},{"data":"TalkToTheHand","floor":25.0,"key":"SMITH"}],"circlet_count":0,"master_deck":["Strike_P","Strike_P","Strike_P","Defend_P","Defend_P","Defend_P","Defend_P","Eruption","Vigilance","EmptyFist","LikeWater","Collect","Crescendo","TalkToTheHand+1","TalkToTheHand","Vault+1","Consecrate+1","Adaptation","Dramatic Entrance"],"relics":["PureWater","NeowsBlessing","Incense Burner","Mercury Hourglass","Boot","SlaversCollar","Sundial"],"acts_visited":["Exordium","TheCity"],"potions_floor_usage":[28,28],"damage_taken":[{"damage":0.0,"enemies":"2 Louse","floor":1.0,"turns":1.0},{"damage":0.0,"enemies":"Small Slimes","floor":5.0,"turns":1.0},{"damage":0.0,"enemies":"Gremlin Nob","floor":6.0,"turns":1.0},{"damage":1.0,"enemies":"Cultist","floor":8.0,"turns":3.0},{"damage":1.0,"enemies":"Red Slaver","floor":11.0,"turns":4.0},{"damage":10.0,"enemies":"3 Sentries","floor":12.0,"turns":8.0},{"damage":11.0,"enemies":"2 Fungi Beasts","floor":14.0,"turns":3.0},{"damage":1.0,"enemies":"The Guardian","floor":16.0,"turns":16.0},{"damage":1.0,"enemies":"Spheric Guardian","floor":18.0,"turns":4.0},{"damage":27.0,"enemies":"2 Thieves","floor":21.0,"turns":4.0},{"damage":17.0,"enemies":"Snecko","floor":22.0,"turns":7.0},{"damage":33,"enemies":"Shelled Parasite and Fungi","floor":27,"turns":9},{"damage":24,"enemies":"Cultist and Chosen","floor":28,"turns":7}],"seed_played":"1532798496250087467","potions_obtained":[{"floor":5.0,"key":"GamblersBrew"},{"floor":8.0,"key":"Explosive Potion"},{"floor":12.0,"key":"SkillPotion"},{"floor":16.0,"key":"BottledMiracle"},{"floor":22.0,"key":"SkillPotion"}],"is_trial":false,"path_per_floor":["M","$","?","?","M","E","R","M","T","$","M","?","R","M","R","B",null,"M","?","$","M","M","R","?","R","T","M","M"],"character_chosen":"WATCHER","items_purchased":["LikeWater","Collect","Adaptation","Dramatic Entrance"],"campfire_rested":3,"item_purchase_floors":[2,2,20,20],"current_hp_per_floor":[72,72,72,72,72,72,72,71,71,71,70,60,60,49,70,69,72,71,71,71,44,27,48,48,48,48,15,0,0],"gold":19,"neow_bonus":"THREE_ENEMY_KILL","is_daily":false,"chose_seed":false,"campfire_upgraded":2,"win_rate":0.0,"timestamp":1612907736,"path_taken":["M","$","?","?","M","E","R","?","T","?","M","?","R","M","R","BOSS","M","?","?","?","M","R","?","R","T","M","M"],"items_purchased_type":["Card","Card","Card","Card"],"build_version":"2020-12-22","purchased_purges":0,"victory":false,"max_hp_per_floor":[72,72,72,72,72,72,72,72,72,72,72,72,72,72,72,72,72,72,72,72,72,72,72,72,72,72,72,72,72],"card_choices":[{"not_picked":["PathToVictory","CarveReality"],"picked":"EmptyFist","floor":1.0},{"not_picked":["FlyingSleeves","SandsOfTime"],"picked":"Crescendo","floor":5.0},{"not_picked":["ClearTheMind","Halt"],"picked":"TalkToTheHand","floor":6.0},{"not_picked":["ClearTheMind","ThirdEye"],"picked":"TalkToTheHand","floor":8.0},{"not_picked":["ThirdEye","Weave"],"picked":"Vault","floor":11.0},{"not_picked":["Protect","EmptyFist","WindmillStrike"],"picked":"SKIP","floor":14.0},{"not_picked":["Fasting2","ClearTheMind"],"picked":"Consecrate+1","floor":18.0},{"not_picked":["FlyingSleeves+1","BowlingBash","DeceiveReality"],"picked":"SKIP","floor":21.0},{"not_picked":["EmptyBody","Sanctity","CrushJoints"],"picked":"SKIP","floor":22.0},{"not_picked":["EmptyBody","ThirdEye","WaveOfTheHand"],"picked":"SKIP","floor":27}],"player_experience":32408,"relics_obtained":[{"floor":6.0,"key":"Incense Burner"},{"floor":9.0,"key":"Mercury Hourglass"},{"floor":12.0,"key":"Boot"},{"floor":26.0,"key":"Sundial"}],"event_choices":[{"damage_healed":0.0,"max_hp_gain":0.0,"max_hp_loss":0.0,"gold_gain":0.0,"event_name":"Golden Idol","player_choice":"Ignored","floor":3.0,"gold_loss":0.0,"damage_taken":0.0},{"cards_removed":["Strike_P"],"damage_healed":0.0,"max_hp_gain":0.0,"max_hp_loss":0.0,"gold_gain":0.0,"event_name":"Wheel of Change","player_choice":"Card Removal","floor":4.0,"gold_loss":0.0,"damage_taken":0.0},{"damage_healed":0.0,"max_hp_gain":0.0,"max_hp_loss":0.0,"gold_gain":0.0,"event_name":"Dead Adventurer","player_choice":"Searched \u00271\u0027 times","floor":12.0,"gold_loss":0.0,"damage_taken":0.0},{"damage_healed":0.0,"max_hp_gain":0.0,"max_hp_loss":0.0,"gold_gain":0.0,"event_name":"NoteForYourself","player_choice":"Ignored","floor":19.0,"gold_loss":0.0,"damage_taken":0.0},{"damage_healed":0.0,"max_hp_gain":0.0,"max_hp_loss":0.0,"gold_gain":0.0,"event_name":"Masked Bandits","player_choice":"Paid Fearfully","floor":24.0,"gold_loss":177.0,"damage_taken":0.0}],"is_beta":false,"boss_relics":[{"not_picked":["Empty Cage","Pandora\u0027s Box"],"picked":"SlaversCollar"}],"items_purged_floors":[],"is_endless":false,"potions_floor_spawned":[5,8,12,16,22,27],"killed_by":"Cultist and Chosen","ascension_level":0}}