{"host":"50uxab2we00pv8w9","time":1612888478,"event":{"mods":["BaseMod","Better Third Choice","BetterRewards","Conspire","Curses Come First","Defuse TimeMaze Blight","Downfall","Energized Spire","Hubris","Infinite Spire","Minty Spire (QoL Compilation)","Quick Restart","Random Character Button","Relic Sorter","Replay The Spire","StSLib","The Blue Laboratory","Uncapped"],"gold_per_floor":[114,114,145,164,164,164,193,193,193,209,209,236,8,25,25,126,126,138,105,134,34,72,77,77],"floor_reached":23,"language":"ENG","playtime":1848,"items_purged":[],"score":363,"play_id":"c50a6e9f-44bb-4817-923b-c017026f5c43","local_time":"20210209113438","is_ascension_mode":true,"campfire_choices":[{"data":"Flex","floor":6,"key":"SMITH"},{"data":"Bash","floor":8,"key":"SMITH"},{"data":"Flex","floor":11,"key":"SMITH"},{"data":"Pot Of Greed","floor":15,"key":"SMITH"}],"circlet_count":0,"master_deck":["Strike_R","Strike_R","Strike_R","Strike_R","Defend_R","Defend_R","Defend_R","Bash+1","Flex+1","Flex","Flex+1","Thunderclap","Wild Strike","Inflame","Cleave+1","Iron Wave","Massacre","Pot Of Greed+1","Pot Of Greed","Burning Pact","Searing Blow","Shrug It Off","conspire:Purge","Flex+1","Pot Of Greed","Exhume","conspire:SpireCoStock","conspire:SpireCoStock","infinitespire:OneForAll"],"relics":["Burning Blood","Replay:Accelerometer","Dream Catcher","Chemical X","infinitespire:Joker Card","StoneCalendar","Thread and Needle","Calipers","conspire:Boomerang","Grinning Jar","hubris:EmptyBottle","energizedSpire:TabascoSauce","Red Mask"],"acts_visited":["Exordium","TheCity"],"potions_floor_usage":[7,7,14,16,18,23,23,23,23],"damage_taken":[{"damage":6,"enemies":"conspire:RoseBush","floor":1,"turns":2},{"damage":7,"enemies":"conspire:MimicChest","floor":3,"turns":4},{"damage":0,"enemies":"Small Slimes","floor":4,"turns":2},{"damage":0,"enemies":"3 Sentries","floor":7,"turns":3},{"damage":2,"enemies":"Jaw Worm","floor":10,"turns":3},{"damage":24,"enemies":"Lagavulin","floor":12,"turns":4},{"damage":0,"enemies":"Lots of Slimes","floor":14,"turns":2},{"damage":10,"enemies":"Fading Forest","floor":16,"turns":12},{"damage":13,"enemies":"3 Byrds","floor":18,"turns":4},{"damage":20,"enemies":"Masked Bandits","floor":20,"turns":3},{"damage":0,"enemies":"Spheric Guardian","floor":22,"turns":3},{"damage":67,"enemies":"Nightmare","floor":23,"turns":7}],"seed_played":"-6375657770738603800","potions_obtained":[{"floor":3,"key":"Energy Potion"},{"floor":4,"key":"Swift Potion"},{"floor":7,"key":"blueLaboratory:TrueEctoplasm"},{"floor":12,"key":"EssenceOfSteel"},{"floor":16,"key":"Reflective Coating"},{"floor":22,"key":"Fire Potion"}],"is_trial":false,"path_per_floor":["M","?","?","M","?","R","E","R","T","M","R","E","$","M","R","B",null,"M","$","?","?","M","NM"],"character_chosen":"IRONCLAD","items_purchased":["Dream Catcher","Chemical X","Flex","Thread and Needle","Flex","Flex","Thunderclap","hubris:EmptyBottle","Searing Blow","Flex+1"],"campfire_rested":0,"item_purchase_floors":[0,0,0,0,0,0,0,13,13,19],"current_hp_per_floor":[80,80,79,80,80,80,80,80,80,80,80,62,62,68,68,77,80,70,70,53,53,56,0,0],"gold":77,"neow_bonus":"","is_daily":false,"chose_seed":false,"campfire_upgraded":4,"win_rate":0.0,"timestamp":1612888478,"path_taken":["M","?","?","?","?","R","E","R","T","M","R","E","$","M","R","BOSS","M","$","?","?","M","NM"],"items_purchased_type":["Relic","Relic","Card","Relic","Card","Card","Card","Relic","Card","Card"],"build_version":"2020-12-22","purchased_purges":0,"victory":false,"max_hp_per_floor":[80,80,80,80,80,80,80,80,80,80,80,80,80,80,80,80,80,80,80,80,80,80,80,80],"card_choices":[{"not_picked":["Second Wind","ReplayTheSpireMod:LeadingStrike"],"picked":"Wild Strike","floor":1},{"not_picked":["Power Through","Anger"],"picked":"Inflame","floor":3},{"not_picked":["Sword Boomerang","Rage"],"picked":"Cleave","floor":4},{"not_picked":["hubris:ReadiedAction","Body Slam"],"picked":"Iron Wave","floor":7},{"not_picked":["Havoc","Blood for Blood"],"picked":"Massacre","floor":10},{"not_picked":["Hemokinesis","Spot Weakness"],"picked":"Burning Pact","floor":12},{"not_picked":["Blood for Blood","Heavy Blade"],"picked":"Shrug It Off","floor":14},{"not_picked":["Berserk","Replay:Many Hands"],"picked":"conspire:Purge","floor":16},{"not_picked":["Clash+1","Perfected Strike+1","Havoc+1"],"picked":"SKIP","floor":18},{"not_picked":["Twin Strike","Spot Weakness"],"picked":"Exhume","floor":20},{"not_picked":["Dropkick","Pommel Strike"],"picked":"infinitespire:OneForAll","floor":22}],"player_experience":160262,"relics_obtained":[{"floor":3,"key":"Calipers"},{"floor":7,"key":"conspire:Boomerang"},{"floor":9,"key":"Replay:Accelerometer"},{"floor":12,"key":"Grinning Jar"},{"floor":20,"key":"Red Mask"}],"event_choices":[{"damage_healed":0,"gold_gain":0,"player_choice":"Disagree","damage_taken":0,"max_hp_gain":0,"max_hp_loss":0,"event_name":"conspire:LoneGhost","floor":2,"gold_loss":0},{"damage_healed":0,"gold_gain":0,"player_choice":"Grow","damage_taken":0,"max_hp_gain":0,"max_hp_loss":0,"event_name":"Living Wall","floor":5,"gold_loss":0,"cards_upgraded":["Cleave"]},{"damage_healed":0,"gold_gain":0,"player_choice":"Fought Bandits","damage_taken":0,"max_hp_gain":0,"max_hp_loss":0,"event_name":"Masked Bandits","floor":20,"gold_loss":0},{"damage_healed":0,"gold_gain":0,"player_choice":"Invest 2","damage_taken":0,"max_hp_gain":0,"max_hp_loss":0,"event_name":"conspire:Investor","floor":21,"gold_loss":0}],"is_beta":false,"boss_relics":[{"not_picked":["ReplayTheSpireMod:SealedPack","Replay:Bronze Core"],"picked":"energizedSpire:TabascoSauce"}],"items_purged_floors":[],"is_endless":false,"potions_floor_spawned":[3,4,7,12,16,22],"killed_by":"Nightmare","ascension_level":1}}