{"host":"4oozkyb2rmpv0j2l","time":1612871647,"event":{"mods":["ATMod(∞¢Ë™Mod)","Act Like it!","Aspiration","BaseMod","Conspire","FutureSeer","Gensokyo","Hubris","KinomotoSakuraMod(ƒæ÷Æ±æ”£)","Koishi","KomeijiMod","Marisa£®ÏF”Í°°ƒß¿Ì…≥£©","Minty Spire (QoL Compilation)","Prisma Mod","Quick Restart","Rare Cards Sparkle","Reimu£®≤©¿ˆ¡È√Œ£©","Remilia£®¿Ÿ√◊¿Ú—«£©","Robot Space Explorer","Shop Mod","Spicy Shops","StSLib","TestMod","The Bladedancer","The Cursed","The Disciple","The Hierophant","The Mystic","The Necromancer","The Runesmith","The Servant 0.9.4","Yakumo Yukari mod","Youmu£®ªÍ∆«—˝√Œ£©","Yuyuko","yUi","°æ“≈ŒÔø®≈∆°øREMEMod"],"gold_per_floor":[366,393,393,143,143,143,0,100,124,160,160,178,519,537,537,659,659,673,673,395,395,411,425,497,526,526,540,540,94,94,104,104,203,203,218,218,95,113,147,178,30,53,53,72,19,51,51,51,51,51,51,51,51,82,82],"floor_reached":56,"language":"ZHS","playtime":3018,"items_purged":["Pain","Defend_P","Crippling Poison","Vigilance","Blasphemy+1"],"score":1477,"play_id":"3f5abf7b-387c-4aa7-b5a2-61c04bc25c92","local_time":"20210209195407","is_ascension_mode":false,"campfire_choices":[{"data":"AT_FamilyPortrait","floor":6.0,"key":"SMITH"},{"data":"Eruption","floor":11.0,"key":"SMITH"},{"floor":15.0,"key":"RECALL"},{"data":"AT_FamilyPortrait","floor":28.0,"key":"SMITH"},{"data":"testmod-ShutDown","floor":32.0,"key":"SMITH"},{"data":"AT_LightSaberMaster","floor":49,"key":"SMITH"},{"data":"DevaForm","floor":52,"key":"SMITH"}],"circlet_count":0,"master_deck":["Strike_P","Strike_P","Strike_P","Defend_P","Eruption+1","MajikuruSanhai+1","AT_FamilyPortrait+1","REME_Repentance+1","Escape Plan+1","testmod-ShutDown+1","AT_FamilyPortrait+1","DevaForm+1","testmod-Mystery","AT_LightSaberMaster+1","AT_ChampionStep"],"relics":["PureWater","testmod-TestBox","REME_ComplimentaryCards","AT_ATBox","testmod-HeartOfStrike","testmod-Acrobat","Gensokyo:LunaticRedEyes","hubris:EmptyBottle","AT_ArcaneBoots","AT_SunfireAegis","hubris:TinFlute","Anchor","testmod-ObsoleteBoomerang","REME_LowDesire","RuthlessExorcism:ReiMu","AT_EbonyIvory","testmod-Charity","AT_BellowingDragoncrestRing","Calipers","Membership Card","StoneCalendar","Lee\u0027s Waffle","hubris:RunicObelisk","Gensokyo:EmptyGrave","GoodDreamPillow","Runesmith:Nanobots","Juzu Bracelet","CrazyTorch:ReiMu","hubris:ToyBattleship","Blue Candle","REME_HandOfSuture","hubris:Towel","hubris:Spice","AntiCross"],"acts_visited":["Gensokyo:Gensokyo","Gensokyo:Gensokyoer","Gensokyo:Gensokyoest","TheEnding"],"potions_floor_usage":[50,50,54],"damage_taken":[{"damage":0.0,"enemies":"Gensokyo:3_Fairies","floor":1.0,"turns":4.0},{"damage":0.0,"enemies":"Gensokyo:Cirno","floor":10.0,"turns":5.0},{"damage":0.0,"enemies":"Gensokyo:Gryphon","floor":12.0,"turns":3.0},{"damage":18.0,"enemies":"Gensokyo:Mamizou","floor":13.0,"turns":6.0},{"damage":0.0,"enemies":"Gensokyo:2_Kodama","floor":14.0,"turns":1.0},{"damage":20.0,"enemies":"Gensokyo:Reimu","floor":16.0,"turns":6.0},{"damage":0.0,"enemies":"Gensokyo:3_Dogs","floor":18.0,"turns":1.0},{"damage":0.0,"enemies":"Gensokyo:CosmicMonolith","floor":22.0,"turns":1.0},{"damage":0.0,"enemies":"Gensokyo:Slime_Group","floor":23.0,"turns":2.0},{"damage":27.0,"enemies":"Gensokyo:Koishi","floor":25.0,"turns":4.0},{"damage":44.0,"enemies":"Gensokyo:Wraith","floor":27.0,"turns":3.0},{"damage":0.0,"enemies":"Gensokyo:3_Gloops","floor":31.0,"turns":2.0},{"damage":71.0,"enemies":"Gensokyo:Eternal_Rivals","floor":33.0,"turns":4.0},{"damage":0.0,"enemies":"Gensokyo:3_Bats","floor":35.0,"turns":2.0},{"damage":0.0,"enemies":"Gensokyo:3_Boulders","floor":38.0,"turns":2.0},{"damage":69.0,"enemies":"conspire:MimicChest","floor":39.0,"turns":3.0},{"damage":0.0,"enemies":"Gensokyo:Marisa","floor":40.0,"turns":3.0},{"damage":0.0,"enemies":"Gensokyo:AtlasGolem","floor":44.0,"turns":1.0},{"damage":16.0,"enemies":"Gensokyo:Doremy","floor":46.0,"turns":3.0},{"damage":0,"enemies":"Gensokyo:Yuyuko","floor":50,"turns":2},{"damage":0,"enemies":"Shield and Spear","floor":54,"turns":2},{"damage":113,"enemies":"The Heart","floor":55,"turns":5}],"seed_played":"5984830696493857487","potions_obtained":[{"floor":1.0,"key":"CalmPotion"},{"floor":16.0,"key":"SteroidPotion"},{"floor":22.0,"key":"EntropicBrew"},{"floor":31.0,"key":"SmokeBomb"},{"floor":33.0,"key":"FearPotion"},{"floor":40.0,"key":"PowerPotion"},{"floor":54,"key":"Swift Potion"}],"is_trial":false,"path_per_floor":["M","T","?","$","?","R","COS","?","T","E","R","M","E","M","R","B",null,"M","?","$","?","M","M","T","E","T","M","R","$","?","M","R","B",null,"M","?","?","M","?","E","$","T","T","M","COS","E","?","?","R","B",null,"R","$","E","B",null],"character_chosen":"WATCHER","items_purchased":["hubris:EmptyBottle","testmod-Charity","Membership Card","StoneCalendar","Lee\u0027s Waffle","CrazyTorch:ReiMu"],"campfire_rested":0,"item_purchase_floors":[4,20,29,29,29,41],"current_hp_per_floor":[51,51,51,51,72,72,72,72,72,72,72,72,54,54,54,34,72,72,72,72,72,76,80,81,71,71,33,33,102,102,112,112,64,135,141,130,130,140,82,94,94,95,95,101,101,96,96,96,96,96,203,203,203,219,129],"gold":82,"neow_bonus":"TWO_FIFTY_GOLD","is_daily":false,"chose_seed":false,"campfire_upgraded":6,"win_rate":0.0,"timestamp":1612871647,"path_taken":["M","?","?","?","?","R","COS","?","T","E","R","M","E","M","R","BOSS","M","?","?","?","M","M","?","E","T","?","R","$","?","M","R","BOSS","M","?","?","M","?","E","$","?","T","M","COS","E","?","?","R","BOSS","R","$","E","BOSS"],"items_purchased_type":["Relic","Relic","Relic","Relic","Relic","Relic"],"build_version":"2020-12-22","purchased_purges":5,"victory":true,"max_hp_per_floor":[72,72,72,72,72,72,72,72,72,72,72,72,72,72,72,72,72,72,72,72,72,76,80,81,89,89,95,95,102,102,112,112,135,135,141,130,130,140,151,163,163,164,164,170,170,181,181,181,181,203,203,203,203,219,242],"card_choices":[{"not_picked":["REME_MusicOfDeath","Protect","Consecrate"],"picked":"SKIP","floor":1.0},{"not_picked":["EmptyBody","DeceiveReality","Crescendo"],"picked":"SKIP","floor":10.0},{"not_picked":["JustLucky","BowlingBash","CrushJoints"],"picked":"SKIP","floor":12.0},{"not_picked":["BowlingBash","CrushJoints","ClearTheMind"],"picked":"SKIP","floor":13.0},{"not_picked":["CutThroughFate","Perseverance","JustLucky"],"picked":"SKIP","floor":14.0},{"not_picked":["Vault","Judgement"],"picked":"Blasphemy","floor":16.0},{"not_picked":["CutThroughFate","BattleHymn+1","Swift Strike"],"picked":"REME_Repentance+1","floor":18.0},{"not_picked":["Crescendo+1","AT_RealFormLess","CutThroughFate+1","Panache"],"picked":"SKIP","floor":22.0},{"not_picked":["Prostrate+1","Halt","Weave","REME_TheoryOfElimination"],"picked":"SKIP","floor":23.0},{"not_picked":["EmptyBody","Meditate","Wallop"],"picked":"testmod-ShutDown","floor":25.0},{"not_picked":["Halt","Consecrate","REME_Repentance+1"],"picked":"AT_FamilyPortrait","floor":27.0},{"not_picked":["Judgement","Prostrate","PathToVictory","The Bomb"],"picked":"SKIP","floor":31.0},{"not_picked":["REME_CRH","AT_ChampionKick","testmod-SubstituteBySubterfuge"],"picked":"DevaForm","floor":33.0},{"not_picked":["Pray","LikeWater+1","Consecrate","Deep Breath+1"],"picked":"SKIP","floor":35.0},{"not_picked":["FlyingSleeves","Vengeance+1","Prostrate"],"picked":"testmod-Mystery","floor":38.0},{"not_picked":["Protect","DeceiveReality","TalkToTheHand"],"picked":"AT_LightSaberMaster","floor":39.0},{"not_picked":["Protect+1","PathToVictory+1","WreathOfFlame","testmod-ShutDown"],"picked":"SKIP","floor":40.0},{"not_picked":["Evaluate+1","ThirdEye+1","BattleHymn+1","testmod-AutoReboundSystem"],"picked":"SKIP","floor":44.0},{"not_picked":["EmptyFist","LikeWater+1","Conclude+1","testmod-PowerStrike"],"picked":"SKIP","floor":46.0},{"not_picked":["BowlingBash","CutThroughFate","testmod-VirtualReality"],"picked":"AT_ChampionStep","floor":54}],"player_experience":494050,"relics_obtained":[{"floor":2.0,"key":"testmod-Acrobat"},{"floor":9.0,"key":"AT_SpeedBoots"},{"floor":10.0,"key":"AT_SunfireAegis"},{"floor":13.0,"key":"Anchor"},{"floor":17.0,"key":"RuthlessExorcism:ReiMu"},{"floor":17.0,"key":"AT_EbonyIvory"},{"floor":25.0,"key":"AT_BellowingDragoncrestRing"},{"floor":26.0,"key":"Calipers"},{"floor":39.0,"key":"Runesmith:Nanobots"},{"floor":40.0,"key":"Juzu Bracelet"},{"floor":42.0,"key":"hubris:ToyBattleship"},{"floor":43.0,"key":"Blue Candle"},{"floor":46.0,"key":"REME_HandOfSuture"},{"floor":54,"key":"hubris:Spice"}],"event_choices":[],"is_beta":false,"boss_relics":[{"not_picked":["hubris:ScarierMask","Snecko Eye"],"picked":"REME_LowDesire"},{"not_picked":["Runesmith:UraniumAnvil","aspiration:ServantSkillbook"],"picked":"hubris:RunicObelisk"}],"items_purged_floors":[4,4,20,29,41],"is_endless":false,"potions_floor_spawned":[1,16,22,31,33,40,54],"ascension_level":0}}