{"host":"iy54rgx5egu9t31x","time":1612877142,"event":{"mods":["2.2 Compatiblity","Act Like it!","Always Whale","BaseMod","Downfall","Gensokyo","Minty Spire (QoL Compilation)","Quick Restart","StSLib","SuperFastMode"],"gold_per_floor":[99,118,128,25,17,37,37,63,80,123,445,462,302,320,334,431,431,231,258,276,299,299,326,326,104,104,131,159,159,171,171,392,790,790,790,812,838,838,858,892,918,953,973,546,579,50,67,87,411,411],"floor_reached":51,"language":"ZHS","playtime":3690,"items_purged":["downfall:Aged"],"score":972,"play_id":"1aaf1ca7-b8ed-4e01-973d-21afda7c416c","local_time":"20210209212542","is_ascension_mode":true,"campfire_choices":[{"floor":1,"key":"RECALL"},{"data":"hexamod:GiftsFromTheDead","floor":18,"key":"SMITH"},{"data":"Gensokyo:ManorOfTheDishes","floor":29,"key":"SMITH"},{"data":"hexamod:Rewind","floor":35,"key":"SMITH"}],"circlet_count":0,"master_deck":["hexamod:Strike+1","hexamod:Strike+1","hexamod:Defend+1","hexamod:Defend+1","hexamod:Defend+1","hexamod:Defend+1","hexamod:Sear+1","hexamod:Float+1","hexamod:StepThrough+1","hexamod:FirstSeal","hexamod:SecondSeal","hexamod:ThirdSeal","hexamod:FourthSeal","hexamod:NightmareGuise","hexamod:InspiringFlames+1","hexamod:SpectralAdrenaline","hexamod:EtherealExpedition+1","hexamod:Rewind+1","hexamod:ForkedFlame+1","hexamod:ParanormalForm+1","hexamod:VolcanoVisage+1","hexamod:SpectersWail+1","hexamod:GiftsFromTheDead+1","hexamod:Incineration+1","hexamod:EmpoweredFlame+1","hexamod:BurningTouch+1","hexamod:Toasty+1","hexamod:SixthSeal","hexamod:FlamesFromBeyond+1","hexamod:AdvancingGuard+1","hexamod:RecurringNightmare+1","hexamod:BacktrackSmack+1","hexamod:PhantomFireball+1","Gensokyo:AllTheWorldsEvil","hexamod:Incineration+1","hexamod:RecurringNightmare+1","Gensokyo:ManorOfTheDishes+1","hexamod:StepThrough+1","hexamod:SpectersWail+1","hexamod:FlameSwitch+1","hexamod:Incineration+1","hexamod:DynamicBlow+1","Gensokyo:ShootingStar+1","hexamod:SixthSeal","hexamod:GhostShield+1","hexamod:NightmareStrike+1","hexamod:SpectersWail+1","hexamod:GhostflameBarrier+1","hexamod:GhostLash+1","hexamod:RetreatToShadows+1","hexamod:TurnItUp+1","hexamod:Hexaguard+1","hexamod:DynamicBlow+1","hexamod:SpectralAdrenaline+1","hexamod:FlamesFromBeyond+1","expansioncontent:QuickStudy+1","hexamod:CatchUp+1","Gensokyo:ScrapIron","Gensokyo:Shovel","Gensokyo:TarnishedGold","Gensokyo:Taser","hexamod:HeatCrush+1","hexamod:HauntingEcho+1","hexamod:PhantomFireball+1","hexamod:Firestarter+1"],"relics":["hexamod:UnbrokenSoul","Dead Branch","Ornamental Fan","Potion Belt","Centennial Puzzle","Nunchaku","Enchiridion","downfall:HeartBlessingRed","downfall:HeartBlessingGreen","Molten Egg 2","Strawberry","Gensokyo:RedStar","WingedGreaves","hexamod:IceCube","Calipers","hexamod:InflammatoryLetter","Kunai","HandDrill","Boot","ClockworkSouvenir","hexamod:RecyclingMachine"],"acts_visited":["Gensokyo:Gensokyo","Gensokyo:Gensokyoer","Gensokyo:Gensokyoest"],"potions_floor_usage":[8,9,10,14,16,16,19,21,27,27,28,30,32,33,33,33,33,33,33,36,37,39,40,44,45,48,49,49,49,50,50],"damage_taken":[{"damage":0,"enemies":"Gensokyo:2_Kodama","floor":2,"turns":4},{"damage":8,"enemies":"Gensokyo:3_Fairies","floor":3,"turns":5},{"damage":22,"enemies":"Gensokyo:Python","floor":6,"turns":5},{"damage":10,"enemies":"Gensokyo:VengefulSpirit","floor":8,"turns":8},{"damage":0,"enemies":"Gensokyo:3_Kodama","floor":9,"turns":5},{"damage":0,"enemies":"Gensokyo:Mamizou","floor":10,"turns":7},{"damage":0,"enemies":"Gensokyo:LivingMonolith","floor":11,"turns":3},{"damage":3,"enemies":"Gensokyo:CorruptedTreant","floor":12,"turns":2},{"damage":0,"enemies":"Gensokyo:2_Rabbits","floor":14,"turns":5},{"damage":0,"enemies":"Gensokyo:LivingMonolith","floor":15,"turns":3},{"damage":12,"enemies":"SI_SHIV_ARCHETYPE","floor":16,"turns":6},{"damage":5,"enemies":"Gensokyo:AngelMirror","floor":19,"turns":4},{"damage":0,"enemies":"Gensokyo:2_Gloops","floor":20,"turns":4},{"damage":3,"enemies":"Gensokyo:Swordslinger","floor":21,"turns":3},{"damage":16,"enemies":"Gensokyo:Wraith","floor":23,"turns":5},{"damage":16,"enemies":"Gensokyo:Koishi","floor":27,"turns":4},{"damage":27,"enemies":"Gensokyo:Slime_Group","floor":28,"turns":6},{"damage":7,"enemies":"Gensokyo:3_Gloops","floor":30,"turns":3},{"damage":5,"enemies":"Gensokyo:Wraith","floor":32,"turns":3},{"damage":24,"enemies":"DF_ARCHETYPE_CLAW","floor":33,"turns":9},{"damage":5,"enemies":"Gensokyo:3_Boulders","floor":36,"turns":6},{"damage":30,"enemies":"Gensokyo:AncientGuardian","floor":37,"turns":7},{"damage":6,"enemies":"Gensokyo:4_Bats","floor":39,"turns":4},{"damage":7,"enemies":"Gensokyo:Marisa","floor":40,"turns":4},{"damage":0,"enemies":"Gensokyo:Doremy","floor":42,"turns":4},{"damage":6,"enemies":"Gensokyo:Rafflesia","floor":43,"turns":4},{"damage":1,"enemies":"downfall:FleeingMerchant","floor":44,"turns":4},{"damage":37,"enemies":"Gensokyo:Marisa","floor":45,"turns":5},{"damage":0,"enemies":"Gensokyo:3_Boulders","floor":47,"turns":4},{"damage":14,"enemies":"Gensokyo:4_Bats","floor":48,"turns":2},{"damage":0,"enemies":"Gensokyo:AtlasGolem","floor":49,"turns":4},{"damage":50,"enemies":"WA_ARCHETYPE_DIVINITY","floor":50,"turns":7}],"seed_played":"-8233170203599445183","potions_obtained":[{"floor":3,"key":"Fire Potion"},{"floor":6,"key":"DistilledChaos"},{"floor":6,"key":"BlessingOfTheForge"},{"floor":8,"key":"EntropicBrew"},{"floor":9,"key":"EssenceOfSteel"},{"floor":9,"key":"Fire Potion"},{"floor":10,"key":"Ancient Potion"},{"floor":11,"key":"Block Potion"},{"floor":12,"key":"Explosive Potion"},{"floor":14,"key":"Weak Potion"},{"floor":16,"key":"Guardian:BlockOnCardUsePotion"},{"floor":21,"key":"bronze:BurnAndBuffPotion"},{"floor":23,"key":"LiquidMemories"},{"floor":27,"key":"Regen Potion"},{"floor":27,"key":"ColorlessPotion"},{"floor":28,"key":"Weak Potion"},{"floor":30,"key":"champ:CounterPotion"},{"floor":32,"key":"Guardian:BlockOnCardUsePotion"},{"floor":37,"key":"Fire Potion"},{"floor":39,"key":"FairyPotion"},{"floor":40,"key":"SkillPotion"},{"floor":42,"key":"EssenceOfSteel"},{"floor":43,"key":"DuplicationPotion"},{"floor":45,"key":"Slimebound:ThreeZeroPotion"},{"floor":45,"key":"FairyPotion"},{"floor":47,"key":"Fire Potion"},{"floor":48,"key":"SneckoOil"},{"floor":48,"key":"hexamod:EctoCoolerPotion"},{"floor":49,"key":"Fruit Juice"}],"is_trial":false,"path_per_floor":["R","M","M","COS","?","M","T","M","M","E","M","M","?","M","M","B",null,"R","M","M","M","?","M","T","COS","?","E","M","R","M","?","M","B",null,"R","M","M","?","M","E","T","E","M","$","E","COS","M","M","M","B",null],"character_chosen":"THE_SPIRIT","items_purchased":["HandDrill","expansioncontent:QuickStudy"],"campfire_rested":0,"item_purchase_floors":[44,44],"current_hp_per_floor":[70,70,62,62,55,40,40,37,44,51,51,55,55,62,69,64,70,70,70,70,70,70,61,61,61,61,59,47,47,40,40,35,53,70,70,70,47,47,41,41,41,41,35,34,28,28,28,14,26,23],"gold":411,"neow_bonus":"ONE_RARE_RELIC","is_daily":false,"chose_seed":false,"campfire_upgraded":3,"win_rate":0.0,"timestamp":1612877142,"path_taken":["R","M","M","COS","?","M","T","M","M","E","?","M","?","M","M","BOSS","R","M","M","M","?","M","T","COS","?","E","M","R","?","?","M","BOSS","R","M","M","?","?","E","T","E","M","$","E","COS","?","?","M","BOSS"],"items_purchased_type":["Relic","Card"],"build_version":"2020-12-22","purchased_purges":1,"victory":true,"max_hp_per_floor":[70,70,70,70,70,70,70,70,70,70,70,70,70,70,70,70,70,70,70,70,70,70,70,70,70,63,70,70,70,70,70,70,70,70,70,70,70,70,70,70,70,70,70,70,70,70,70,70,75,75],"card_choices":[{"not_picked":["hexamod:InspiringFlames","hexamod:SuperheatedStrike"],"picked":"hexamod:StepThrough","floor":2},{"not_picked":["hexamod:CatchUp","hexamod:Firestarter"],"picked":"hexamod:AdvancingGuard","floor":3},{"not_picked":["hexamod:SkipABeat","hexamod:Again"],"picked":"hexamod:NightmareGuise","floor":6},{"not_picked":["hexamod:BacktrackSmack","hexamod:AdvancingGuard"],"picked":"hexamod:InspiringFlames","floor":6},{"not_picked":["hexamod:FlamesFromBeyond","hexamod:GhostShield"],"picked":"hexamod:SpectralAdrenaline","floor":8},{"not_picked":["hexamod:HauntingEcho","hexamod:InspiringFlames"],"picked":"hexamod:EtherealExpedition","floor":8},{"not_picked":["hexamod:HeatMetal","hexamod:BacktrackSmack"],"picked":"hexamod:Rewind","floor":9},{"not_picked":["hexamod:SwordOfDarkness","hexamod:FourthSeal"],"picked":"hexamod:ForkedFlame","floor":9},{"not_picked":["hexamod:SwordOfDarkness","hexamod:Firestarter"],"picked":"hexamod:ParanormalForm","floor":10},{"not_picked":["hexamod:CatchUp","hexamod:FastForward"],"picked":"hexamod:VolcanoVisage","floor":10},{"not_picked":["hexamod:GhostOfSpireFuture","hexamod:NightmareGuise"],"picked":"hexamod:SpectersWail","floor":11},{"not_picked":["hexamod:BacktrackSmack","hexamod:ThirdSeal"],"picked":"hexamod:GiftsFromTheDead","floor":12},{"not_picked":["hexamod:RecurringNightmare","hexamod:NightmareStrike"],"picked":"hexamod:Incineration","floor":14},{"not_picked":["hexamod:Firestarter","hexamod:AdvancingGuard"],"picked":"hexamod:EmpoweredFlame","floor":14},{"not_picked":["hexamod:NightmareStrike","hexamod:SuperheatedStrike"],"picked":"hexamod:BurningTouch","floor":15},{"not_picked":["hexamod:ApocalypticArmor","hexamod:GiftsFromTheDead"],"picked":"hexamod:Toasty","floor":16},{"not_picked":["hexamod:TimeWarp","hexamod:SearingWound"],"picked":"hexamod:SixthSeal","floor":16},{"not_picked":["hexamod:HeatMetal","hexamod:SwordOfDarkness"],"picked":"hexamod:FlamesFromBeyond","floor":19},{"not_picked":["hexamod:StepThrough","hexamod:Firestarter","hexamod:ChargedBarrage"],"picked":"SKIP","floor":19},{"not_picked":["hexamod:HeatMetal","hexamod:Hexaguard"],"picked":"hexamod:AdvancingGuard","floor":20},{"not_picked":["hexamod:Hexaguard","hexamod:SpectralAdrenaline"],"picked":"hexamod:RecurringNightmare+1","floor":20},{"not_picked":["hexamod:HeatShield","hexamod:ParanormalForm"],"picked":"hexamod:BacktrackSmack+1","floor":21},{"not_picked":["hexamod:SpectersWail","hexamod:ChargedBarrage"],"picked":"hexamod:PhantomFireball","floor":21},{"not_picked":["hexamod:SuperheatedStrike","hexamod:SoulSteal"],"picked":"hexamod:Incineration+1","floor":23},{"not_picked":["hexamod:NightmareStrike","hexamod:SecondSeal"],"picked":"hexamod:RecurringNightmare+1","floor":23},{"not_picked":["Gensokyo:MonkeysPaw","Gensokyo:LittleGreenMen"],"picked":"Gensokyo:ManorOfTheDishes","floor":26},{"not_picked":["hexamod:GhostShield","hexamod:BacktrackSmack+1"],"picked":"hexamod:StepThrough+1","floor":27},{"not_picked":["hexamod:ShieldOfDarkness+1","hexamod:SecondSeal"],"picked":"hexamod:SpectersWail+1","floor":28},{"not_picked":["hexamod:SpectersWail+1","hexamod:InspiringFlames"],"picked":"hexamod:FlameSwitch","floor":28},{"not_picked":["hexamod:FirstSeal","hexamod:ChargedBarrage+1"],"picked":"hexamod:Incineration+1","floor":30},{"not_picked":["hexamod:FastForward","hexamod:Hexaguard"],"picked":"hexamod:DynamicBlow+1","floor":32},{"not_picked":[],"picked":"Gensokyo:ShootingStar","floor":33},{"not_picked":["hexamod:GhostOfSpirePresent","hexamod:TimeOfNeed"],"picked":"hexamod:SixthSeal","floor":33},{"not_picked":["hexamod:SuperheatedStrike+1","hexamod:SwordOfDarkness+1"],"picked":"hexamod:GhostShield","floor":36},{"not_picked":["hexamod:Firestarter+1","hexamod:EmpoweredFlame"],"picked":"hexamod:NightmareStrike+1","floor":37},{"not_picked":["hexamod:NightmareStrike+1","hexamod:ThermalTransfer+1"],"picked":"hexamod:SpectersWail+1","floor":37},{"not_picked":["hexamod:AdvancingGuard","hexamod:BacktrackSmack+1"],"picked":"hexamod:GhostflameBarrier+1","floor":39},{"not_picked":["hexamod:NightmareStrike+1","hexamod:SuperheatedStrike+1"],"picked":"hexamod:GhostLash+1","floor":39},{"not_picked":["hexamod:StepThrough+1","hexamod:FourthSeal"],"picked":"hexamod:RetreatToShadows+1","floor":40},{"not_picked":["hexamod:ChargedBarrage","hexamod:BurningTouch+1"],"picked":"hexamod:TurnItUp","floor":42},{"not_picked":["hexamod:SpectersWail+1","hexamod:PowerFromBeyond"],"picked":"hexamod:Hexaguard+1","floor":42},{"not_picked":["hexamod:AdvancingGuard+1","hexamod:InspiringFlames"],"picked":"hexamod:DynamicBlow+1","floor":43},{"not_picked":["hexamod:ShieldOfDarkness","hexamod:StepThrough+1"],"picked":"hexamod:SpectralAdrenaline","floor":43},{"not_picked":["hexamod:HauntingEcho+1","hexamod:BurningTouch+1"],"picked":"hexamod:FlamesFromBeyond+1","floor":44},{"not_picked":["hexamod:Incineration+1","hexamod:ChargedBarrage"],"picked":"hexamod:CatchUp+1","floor":45},{"not_picked":["hexamod:ExtraCrispy","hexamod:DynamicBlow+1"],"picked":"hexamod:HeatCrush+1","floor":47},{"not_picked":["hexamod:GhostShield","hexamod:GhostOfSpireFuture"],"picked":"hexamod:HauntingEcho+1","floor":47},{"not_picked":["hexamod:FastForward","hexamod:GhostLash+1"],"picked":"hexamod:PhantomFireball+1","floor":48},{"not_picked":["hexamod:NightmareStrike+1","hexamod:GhostShield"],"picked":"hexamod:Firestarter+1","floor":49}],"player_experience":587208,"relics_obtained":[{"floor":7,"key":"Ornamental Fan"},{"floor":10,"key":"Nunchaku"},{"floor":24,"key":"Molten Egg 2"},{"floor":27,"key":"Strawberry"},{"floor":40,"key":"hexamod:InflammatoryLetter"},{"floor":42,"key":"Kunai"},{"floor":45,"key":"Boot"}],"event_choices":[],"is_beta":false,"boss_relics":[{"not_picked":["bronze:MakeshiftBattery","Runic Pyramid"],"picked":"hexamod:UnbrokenSoul"},{"not_picked":["Busted Crown","SacredBark"],"picked":"hexamod:IceCube"}],"items_purged_floors":[44],"is_endless":false,"potions_floor_spawned":[3,6,9,11,14,15,23,27,32,42,43,45,47,48],"ascension_level":3}}