{"host":"8gdkjaczyd21tne7","time":1612841751,"event":{"mods":["Ascension Reborn","BaseMod","Colored Powertips","Minty Spire (QoL Compilation)","Relic Stats","Spicy Shops","StSLib","The Bug Knight"],"gold_per_floor":[114,114,131,151,47,81,116,141,141,141,155,155,188,21,21,126,126,137,236,236,80,128,153,153,191,227,271,49,90,90,126,135,258,258,276,28,28,48,48,48,80,114,123,123,0,26,62,62,62,62],"floor_reached":51,"language":"ZHS","playtime":2386,"items_purged":["HollowMod:GreatSlash"],"score":1221,"play_id":"96cc1a2a-b9c5-4e62-9cf7-a071fcf98837","local_time":"20210209113551","daily_mods":["Draft","Vintage","Allstar","Red Cards","Heirloom","Time Dilation","Flight","Cursed Run","Elite Swarm"],"is_ascension_mode":true,"campfire_choices":[{"data":"Barricade","floor":10.0,"key":"SMITH"},{"data":"HollowMod:HuntersJournal","floor":12.0,"key":"SMITH"},{"data":"HollowMod:LordofShades","floor":15.0,"key":"SMITH"},{"data":"HollowMod:ShadowDash","floor":24,"key":"SMITH"},{"data":"Corruption","floor":30,"key":"SMITH"},{"floor":32,"key":"REST"},{"data":"Body Slam","floor":40,"key":"SMITH"},{"data":"Seeing Red","floor":44,"key":"SMITH"},{"data":"Body Slam","floor":49,"key":"SMITH"}],"circlet_count":0,"master_deck":["Headbutt","HollowMod:HuntersJournal+1","Disarm","Headbutt","Disarm","Clothesline","HollowMod:DoubleDash","HollowMod:SharpenedNail","HollowMod:ShadowDash+1","HollowMod:FastStrike","HollowMod:SiblingsSouls","Body Slam+1","Sword Boomerang","Shrug It Off","HollowMod:SlysStrikes","HollowMod:WhiteLadysBlessing","Barricade+1","Pain","HollowMod:LordofShades+1","Decay","HollowMod:VengefulVoid","Pain","HollowMod:SoulMaster","CurseOfTheBell","Parasite","HollowMod:SoulMaster","Impervious","Decay","HollowMod:LordofShades","Dual Wield","Corruption+1","Berserk","Ghostly Armor","Injury","Berserk","Dark Embrace+1","Fire Breathing","Body Slam+1","Seeing Red+1","Injury","Immolate","Decay","Parasite","Brutality+1"],"relics":["Cursed Key","Darkstone Periapt","Du-Vu Doll","HollowMod:QueensCombRelic","Pen Nib","InkBottle","Girya","Thread and Needle","Ancient Tea Set","Blue Candle","StoneCalendar","Sundial","Strawberry","Potion Belt","Tiny Chest","Calling Bell","Bronze Scales","Gremlin Horn","Unceasing Top","MealTicket","ClockworkSouvenir","Anchor","Prayer Wheel","CeramicFish","Boot","HollowMod:PaleOreRelic","Bag of Preparation","Happy Flower","Dream Catcher","Busted Crown","Pantograph","Orrery","Red Skull","Art of War","PreservedInsect","Akabeko","Frozen Egg 2","Red Mask","Omamori","Shuriken"],"acts_visited":["Exordium","TheCity","TheBeyond"],"potions_floor_usage":[25,29,33,33,35,42,50],"damage_taken":[{"damage":5.0,"enemies":"Small Slimes","floor":1.0,"turns":2.0},{"damage":3.0,"enemies":"Cultist","floor":3.0,"turns":3.0},{"damage":7.0,"enemies":"Jaw Worm","floor":4.0,"turns":2.0},{"damage":18.0,"enemies":"HollowMod:MossKnight","floor":6.0,"turns":4.0},{"damage":11.0,"enemies":"3 Sentries","floor":7.0,"turns":5.0},{"damage":8.0,"enemies":"Gremlin Nob","floor":8.0,"turns":4.0},{"damage":5.0,"enemies":"Blue Slaver","floor":11.0,"turns":3.0},{"damage":1.0,"enemies":"Lagavulin","floor":13.0,"turns":5.0},{"damage":14,"enemies":"Slime Boss","floor":16,"turns":7},{"damage":7,"enemies":"Shell Parasite","floor":18,"turns":3},{"damage":8,"enemies":"HollowMod:Nosk","floor":23,"turns":7},{"damage":5,"enemies":"Gremlin Leader","floor":25,"turns":4},{"damage":2,"enemies":"Book of Stabbing","floor":27,"turns":3},{"damage":80,"enemies":"Slavers","floor":29,"turns":5},{"damage":9,"enemies":"HollowMod:Nosk","floor":31,"turns":11},{"damage":4,"enemies":"Collector","floor":33,"turns":2},{"damage":43,"enemies":"3 Darklings","floor":35,"turns":4},{"damage":4,"enemies":"3 Shapes","floor":38,"turns":3},{"damage":42,"enemies":"Reptomancer","floor":42,"turns":3},{"damage":14,"enemies":"Writhing Mass","floor":46,"turns":4},{"damage":5,"enemies":"Giant Head","floor":47,"turns":3},{"damage":89,"enemies":"Donu and Deca","floor":50,"turns":4}],"seed_played":"-961237924838259640","potions_obtained":[{"floor":1.0,"key":"Swift Potion"},{"floor":4.0,"key":"Regen Potion"},{"floor":6.0,"key":"SpeedPotion"},{"floor":13.0,"key":"DuplicationPotion"},{"floor":18,"key":"Explosive Potion"},{"floor":23,"key":"BloodPotion"},{"floor":29,"key":"ElixirPotion"},{"floor":31,"key":"Swift Potion"},{"floor":33,"key":"LiquidMemories"},{"floor":38,"key":"Weak Potion"},{"floor":47,"key":"Swift Potion"}],"is_trial":true,"path_per_floor":["M","?","M","M","$","E","E","E","T","R","M","R","E","$","R","B",null,"M","?","?","$","T","E","R","E","T","E","$","E","R","E","R","B",null,"M","$","?","M","$","R","T","E","T","R","?","M","E","?","R","B",null],"character_chosen":"IRONCLAD","items_purchased":["Shrug It Off","Potion Belt","HollowMod:VengefulVoid","Tiny Chest","ClockworkSouvenir","Bag of Preparation","Dual Wield","Orrery","Body Slam","Seeing Red"],"campfire_rested":1,"item_purchase_floors":[5,14,14,14,21,28,28,36,36,36],"current_hp_per_floor":[47,52,49,45,45,41,34,38,44,44,43,43,57,63,63,59,83,76,76,76,83,89,81,81,84,90,92,95,34,34,29,57,63,101,58,73,73,73,88,88,94,56,62,62,62,62,65,65,65,5],"gold":62,"neow_bonus":"","is_daily":false,"chose_seed":false,"campfire_upgraded":8,"win_rate":0.0,"timestamp":1612841751,"path_taken":["M","?","M","?","?","E","E","E","T","R","?","R","E","$","R","BOSS","M","?","?","?","?","E","R","E","T","E","$","E","R","E","R","BOSS","M","$","?","?","?","R","?","E","T","R","?","?","E","?","R","BOSS"],"items_purchased_type":["Card","Relic","Card","Relic","Relic","Relic","Card","Relic","Card","Card"],"build_version":"2020-12-22","purchased_purges":1,"victory":true,"max_hp_per_floor":[52,52,52,52,52,52,52,52,58,58,58,58,65,71,71,77,83,83,83,83,83,89,89,89,89,95,95,95,95,95,95,95,101,101,101,101,101,101,101,101,107,107,113,113,113,119,119,119,119,119],"relic_stats":{"Darkstone Periapt":60,"Gremlin Horn":[16,16],"CeramicFish":162,"StoneCalendar":[64],"Bag of Preparation":[18],"Cursed Key":5,"Boot":[1],"Dream Catcher":1,"Sundial":[8],"Pantograph":25,"Tiny Chest":2,"MealTicket":40,"Prayer Wheel":0,"InkBottle":[36],"Happy Flower":[11],"counters":[22,91],"Blue Candle":[39],"Pen Nib":[13],"PreservedInsect":183,"Busted Crown":14,"Shuriken":[2],"Bronze Scales":[136],"Art of War":[2],"obtain_stats":[{"Darkstone Periapt":0,"Gremlin Horn":17,"CeramicFish":25,"StoneCalendar":9,"Bag of Preparation":28,"Cursed Key":0,"Ancient Tea Set":7,"Boot":26,"ClockworkSouvenir":21,"Dream Catcher":31,"Sundial":11,"Strawberry":13,"Pantograph":35,"Tiny Chest":14,"MealTicket":18,"Prayer Wheel":23,"Red Mask":45,"HollowMod:PaleOreRelic":27,"InkBottle":3,"Red Skull":37,"Potion Belt":14,"HollowMod:QueensCombRelic":0,"Girya":4,"Happy Flower":29,"Blue Candle":8,"Thread and Needle":6,"Pen Nib":1,"PreservedInsect":41,"Omamori":46,"Frozen Egg 2":43,"Akabeko":42,"Du-Vu Doll":0,"Calling Bell":17,"Anchor":22,"Busted Crown":34,"Shuriken":47,"Bronze Scales":17,"Orrery":36,"Art of War":38,"Unceasing Top":17},{"Darkstone Periapt":0,"Gremlin Horn":9,"CeramicFish":12,"StoneCalendar":6,"Bag of Preparation":13,"Cursed Key":0,"Ancient Tea Set":5,"Boot":12,"ClockworkSouvenir":10,"Dream Catcher":15,"Sundial":7,"Strawberry":8,"Pantograph":17,"Tiny Chest":8,"MealTicket":10,"Prayer Wheel":11,"Red Mask":19,"HollowMod:PaleOreRelic":13,"InkBottle":2,"Red Skull":17,"Potion Belt":8,"HollowMod:QueensCombRelic":0,"Girya":3,"Happy Flower":14,"Blue Candle":6,"Thread and Needle":4,"Pen Nib":1,"PreservedInsect":18,"Omamori":20,"Frozen Egg 2":19,"Akabeko":19,"Du-Vu Doll":0,"Calling Bell":9,"Anchor":10,"Busted Crown":16,"Shuriken":21,"Bronze Scales":9,"Orrery":17,"Art of War":18,"Unceasing Top":9},{"Darkstone Periapt":0,"Gremlin Horn":35,"CeramicFish":49,"StoneCalendar":20,"Bag of Preparation":52,"Cursed Key":0,"Ancient Tea Set":16,"Boot":49,"ClockworkSouvenir":38,"Dream Catcher":68,"Sundial":23,"Strawberry":28,"Pantograph":74,"Tiny Chest":28,"MealTicket":38,"Prayer Wheel":45,"Red Mask":80,"HollowMod:PaleOreRelic":52,"InkBottle":5,"Red Skull":74,"Potion Belt":28,"HollowMod:QueensCombRelic":0,"Girya":7,"Happy Flower":57,"Blue Candle":20,"Thread and Needle":11,"Pen Nib":2,"PreservedInsect":77,"Omamori":84,"Frozen Egg 2":80,"Akabeko":80,"Du-Vu Doll":0,"Calling Bell":35,"Anchor":38,"Busted Crown":70,"Shuriken":87,"Bronze Scales":35,"Orrery":74,"Art of War":77,"Unceasing Top":35}],"Unceasing Top":[10]},"card_choices":[{"not_picked":["HollowMod:DescendingDark","Inflame"],"picked":"Headbutt","floor":0.0},{"not_picked":["HollowMod:CycloneSlash","Thunderclap"],"picked":"HollowMod:HuntersJournal","floor":0.0},{"not_picked":["Havoc","HollowMod:DesolateDive"],"picked":"HollowMod:GreatSlash","floor":0.0},{"not_picked":["Havoc","HollowMod:MothsMistake"],"picked":"Disarm","floor":0.0},{"not_picked":["Rupture","HollowMod:SharpenedNail"],"picked":"Headbutt","floor":0.0},{"not_picked":["Anger","Havoc"],"picked":"Disarm","floor":0.0},{"not_picked":["HollowMod:VengefulSpirit","Dropkick"],"picked":"Clothesline","floor":0.0},{"not_picked":["Searing Blow","HollowMod:ShapeofUnn"],"picked":"HollowMod:DoubleDash","floor":0.0},{"not_picked":["Anger","Headbutt"],"picked":"HollowMod:FallenFury","floor":0.0},{"not_picked":["HollowMod:WraithStrike","HollowMod:InfectedAttack"],"picked":"HollowMod:SharpenedNail","floor":0.0},{"not_picked":["HollowMod:HowlingWraiths","HollowMod:Grubsong"],"picked":"HollowMod:ShadowDash","floor":0.0},{"not_picked":["Sentinel","Thunderclap"],"picked":"HollowMod:FastStrike","floor":0.0},{"not_picked":["HollowMod:Grubsong","HollowMod:DescendingDark"],"picked":"HollowMod:SiblingsSouls","floor":0.0},{"not_picked":["HollowMod:InfectedCysts","HollowMod:SiblingsSouls"],"picked":"Body Slam","floor":0.0},{"not_picked":["HollowMod:SharpenedShadows","HollowMod:SharpenedNail"],"picked":"Sword Boomerang","floor":0.0},{"not_picked":["Reaper","HollowMod:ElderbugsWisdom"],"picked":"HollowMod:SlysStrikes","floor":6.0},{"not_picked":["HollowMod:Hiveblood","Bludgeon"],"picked":"HollowMod:WhiteLadysBlessing","floor":7.0},{"not_picked":["Double Tap","HollowMod:ZotesMagnificence"],"picked":"Barricade","floor":8.0},{"not_picked":["HollowMod:PureVessel","HollowMod:HornetsHelp"],"picked":"HollowMod:LordofShades","floor":13.0},{"not_picked":["Barricade","HollowMod:ZotesMagnificence"],"picked":"HollowMod:SoulMaster","floor":16},{"not_picked":["HollowMod:PureVessel","Demon Form"],"picked":"HollowMod:SoulMaster","floor":23},{"not_picked":["HollowMod:Weaversong","Reaper"],"picked":"Impervious","floor":25},{"not_picked":["HollowMod:WhiteLadysBlessing","Reaper"],"picked":"HollowMod:LordofShades","floor":27},{"not_picked":["Bludgeon","HollowMod:VoidDash"],"picked":"Corruption","floor":29},{"not_picked":["HollowMod:ElderbugsWisdom","HollowMod:AwokenDreamNail"],"picked":"Berserk","floor":31},{"not_picked":["Evolve+1","HollowMod:MawleksShell+1"],"picked":"Ghostly Armor","floor":32},{"not_picked":["HollowMod:PureVessel","HollowMod:ZotesMagnificence"],"picked":"Berserk","floor":33},{"not_picked":[],"picked":"Dark Embrace+1","floor":36},{"not_picked":[],"picked":"Fire Breathing","floor":36},{"not_picked":[],"picked":"Immolate","floor":42},{"not_picked":[],"picked":"Brutality+1","floor":47}],"player_experience":205193,"relics_obtained":[{"floor":1.0,"key":"Pen Nib"},{"floor":3.0,"key":"InkBottle"},{"floor":4.0,"key":"Girya"},{"floor":6.0,"key":"Thread and Needle"},{"floor":7.0,"key":"Ancient Tea Set"},{"floor":8.0,"key":"Blue Candle"},{"floor":9.0,"key":"StoneCalendar"},{"floor":11.0,"key":"Sundial"},{"floor":13.0,"key":"Strawberry"},{"floor":17,"key":"Bronze Scales"},{"floor":17,"key":"Gremlin Horn"},{"floor":17,"key":"Unceasing Top"},{"floor":18,"key":"MealTicket"},{"floor":22,"key":"Anchor"},{"floor":23,"key":"Prayer Wheel"},{"floor":25,"key":"CeramicFish"},{"floor":26,"key":"Boot"},{"floor":27,"key":"HollowMod:PaleOreRelic"},{"floor":29,"key":"Happy Flower"},{"floor":31,"key":"Dream Catcher"},{"floor":35,"key":"Pantograph"},{"floor":38,"key":"Art of War"},{"floor":41,"key":"PreservedInsect"},{"floor":42,"key":"Akabeko"},{"floor":43,"key":"Frozen Egg 2"},{"floor":46,"key":"Omamori"},{"floor":47,"key":"Shuriken"}],"event_choices":[{"damage_healed":5.0,"max_hp_gain":0.0,"max_hp_loss":0.0,"gold_gain":0.0,"event_name":"Wheel of Change","player_choice":"Full Heal","floor":2.0,"gold_loss":0.0,"damage_taken":0.0},{"damage_healed":0,"gold_gain":99,"player_choice":"Stole From Cult","damage_taken":0,"max_hp_gain":0,"max_hp_loss":0,"event_name":"Nest","floor":19,"gold_loss":0},{"damage_healed":0,"gold_gain":0,"player_choice":"Ignored","damage_taken":0,"max_hp_gain":0,"max_hp_loss":0,"event_name":"Vampires","floor":20,"gold_loss":0},{"damage_healed":0,"gold_gain":0,"player_choice":"Gave Potion","damage_taken":0,"relics_obtained":["Red Skull"],"max_hp_gain":0,"max_hp_loss":0,"event_name":"WeMeetAgain","floor":37,"gold_loss":0},{"damage_healed":0,"gold_gain":0,"player_choice":"Paid","damage_taken":0,"relics_obtained":["Red Mask"],"max_hp_gain":0,"max_hp_loss":0,"event_name":"Tomb of Lord Red Mask","floor":45,"gold_loss":123},{"cards_removed":["HollowMod:FallenFury"],"damage_healed":0,"gold_gain":0,"player_choice":"Removed Attack","damage_taken":0,"max_hp_gain":0,"max_hp_loss":0,"event_name":"Falling","floor":48,"gold_loss":0}],"is_beta":false,"boss_relics":[{"not_picked":["Ectoplasm","Runic Pyramid"],"picked":"Calling Bell"},{"not_picked":["Sozu","Runic Cube"],"picked":"Busted Crown"}],"items_purged_floors":[5],"is_endless":false,"potions_floor_spawned":[1,4,6,13,18,23,29,31,33,38,47],"ascension_level":0}}