{"host":"m6aaltr68g9tvoay","time":1612834835,"event":{"mods":["AchievementEnabler","BaseMod","Colored Map","Downfall","Minty Spire (QoL Compilation)","Slay the Relics Exporter","StSLib"],"gold_per_floor":[99,115,115,115,134,34,34,48,48,74,94,94,94,105,117,117,117,117],"floor_reached":16,"language":"ENG","playtime":893,"items_purged":[],"score":143,"play_id":"8a0f01db-3916-48f5-98c7-7d5e0e1a057b","local_time":"20210208174035","is_ascension_mode":true,"campfire_choices":[{"floor":1,"key":"RECALL"},{"data":"champ:Lariat","floor":6,"key":"SMITH"},{"data":"champ:Taunt","floor":9,"key":"SMITH"},{"floor":13,"key":"REST"}],"circlet_count":0,"master_deck":["champ:Strike","champ:Strike","champ:Strike","champ:Strike","champ:Defend","champ:Defend","champ:Defend","champ:Defend","champ:Execute","champ:Taunt+1","champ:Parry","champ:Lariat+1","champ:PreciseThrust","champ:ShieldSigil","champ:UltimateStance","champ:Backstep","champ:GladiatorStyle","champ:Lariat"],"relics":["champ:ChampionCrown","downfall:HeartBlessingRed","The Courier","MealTicket","CultistMask"],"acts_visited":["Exordium"],"potions_floor_usage":[8,11,16,16,16],"damage_taken":[{"damage":10,"enemies":"Small Slimes","floor":2,"turns":4},{"damage":0,"enemies":"Cultist","floor":4,"turns":1},{"damage":10,"enemies":"2 Louse","floor":5,"turns":3},{"damage":15,"enemies":"Gremlin Gang","floor":8,"turns":3},{"damage":37,"enemies":"3 Sentries","floor":10,"turns":6},{"damage":18,"enemies":"3 Louse","floor":11,"turns":4},{"damage":17,"enemies":"Exordium Thugs","floor":14,"turns":5},{"damage":16,"enemies":"Exordium Wildlife","floor":15,"turns":4},{"damage":51,"enemies":"DF_ARCHETYPE_STREAMLINE","floor":16,"turns":9}],"seed_played":"-5697263344096499206","potions_obtained":[{"floor":0,"key":"Energy Potion"},{"floor":0,"key":"CultistPotion"},{"floor":0,"key":"CultistPotion"},{"floor":8,"key":"EssenceOfSteel"},{"floor":14,"key":"Swift Potion"}],"is_trial":false,"path_per_floor":["R","M","?","M","M","R","T","M","R","E","M","?","R","M","M","B"],"character_chosen":"THE_CHAMP","items_purchased":[],"campfire_rested":1,"item_purchase_floors":[],"current_hp_per_floor":[81,81,81,81,71,71,71,66,66,39,31,31,58,51,45,0,0,0],"gold":117,"neow_bonus":"THREE_SMALL_POTIONS","is_daily":false,"chose_seed":false,"campfire_upgraded":2,"win_rate":0.0,"timestamp":1612834835,"path_taken":["R","M","?","M","M","R","T","M","R","E","M","?","R","?","M","BOSS"],"items_purchased_type":[],"build_version":"2020-12-22","purchased_purges":0,"victory":false,"max_hp_per_floor":[90,90,90,90,90,90,90,90,90,90,90,90,90,90,90,90,90,90],"card_choices":[{"not_picked":["champ:AdrenalArmor","champ:Circumvent"],"picked":"champ:Parry","floor":2},{"not_picked":["champ:BladeFlurry","champ:Haymaker"],"picked":"champ:Lariat","floor":4},{"not_picked":["champ:AdrenalArmor","champ:FocusedBerserking"],"picked":"champ:PreciseThrust","floor":5},{"not_picked":["champ:BringItOn","champ:PreciseThrust"],"picked":"champ:ShieldSigil","floor":8},{"not_picked":["champ:RecklessLeap","champ:VampiricStrike"],"picked":"champ:UltimateStance","floor":10},{"not_picked":["champ:CrownThrow","champ:ViciousMockery"],"picked":"champ:Backstep","floor":11},{"not_picked":["champ:CrownThrow","champ:FocusedBerserking"],"picked":"champ:GladiatorStyle","floor":14},{"not_picked":["champ:HeartStrike","champ:GladiatorStyle"],"picked":"champ:Lariat","floor":15}],"player_experience":1870080,"relics_obtained":[{"floor":7,"key":"The Courier"},{"floor":10,"key":"MealTicket"}],"event_choices":[{"damage_healed":0,"gold_gain":0,"player_choice":"Trade","damage_taken":0,"relics_obtained":["CultistMask"],"max_hp_gain":0,"max_hp_loss":0,"event_name":"FaceTrader","floor":12,"gold_loss":0}],"is_beta":false,"boss_relics":[],"items_purged_floors":[],"is_endless":false,"potions_floor_spawned":[5,8,14],"killed_by":"DF_ARCHETYPE_STREAMLINE","ascension_level":8}}