{"host":"cd25ms2o8pjhjp7m","time":1612868318,"event":{"mods":["Aspiration","BaseMod","Bestiary","Better Third Choice","BetterRewards","Conspire","Curses Come First","Friendly Minions","GifTheSpireLib","Hubris","Infinite Spire","Minty Spire (QoL Compilation)","Rare Cards Sparkle","Relic Stats","Reliquary","Replay The Spire","Robot Space Explorer","StSLib","The Poker Player","The Runesmith","Uncapped","[IsaacMod]????","??????REMEMod"],"gold_per_floor":[109,126,126,126,139,139,158,158,226,241,254,294,294,314,314,468,468,489,504,429,38,59,79,79,103,173,173,208,251,251,274,274,404,404,419,544,557,557,581,581,581,581,658,658,681,65,109,109,109,230,230,232,223,348,348,349,341,341,350,427,437,25,22,22,22,22,0,0],"floor_reached":67,"language":"DEU","playtime":4388,"items_purged":["Strike_B","Strike_B","FIFO Queue","Rebound","Zap","Rebound","Defend_B","Defend_B"],"score":1278,"play_id":"b94ca8e3-0f72-405b-8804-b4d338e770c0","local_time":"20210209115838","is_ascension_mode":false,"campfire_choices":[{"data":"ReplayTheSpireMod:Chaos Vortex","floor":6,"key":"SMITH"},{"data":"Creative AI","floor":8,"key":"SMITH"},{"data":"Dualcast","floor":13,"key":"SMITH"},{"floor":15,"key":"RECALL"},{"data":"Mirror Shield","floor":24,"key":"SMITH"},{"data":"Reprogram","floor":27,"key":"SMITH"},{"data":"REME_SelfUpgrade","floor":32,"key":"SMITH"},{"data":"ReplayTheSpireMod:GoodbyeWorld","floor":40,"key":"SMITH"},{"data":"REME_TwoStrings","floor":42,"key":"SMITH"},{"data":"infinitespire:UltimateForm","floor":44,"key":"SMITH"},{"data":"infinitespire:Punishment","floor":49,"key":"SMITH"},{"data":"RobotSpaceExplorer:Autoloader","floor":58,"key":"SMITH"},{"data":"infinitespire:UltimateForm","floor":64,"key":"SMITH"},{"data":"EpicFetus","floor":66,"key":"SMITH"}],"circlet_count":0,"master_deck":["Defend_B","Defend_B","Dualcast+1","EpicFetus+1","Undo","Self Repair","Conserve Battery","ReplayTheSpireMod:Chaos Vortex+1","Creative AI+1","Turbo","Conserve Battery","Ball Lightning","Leap","ReplayTheSpireMod:GoodbyeWorld+1","Mirror Shield+1","Hello World","Self Repair+1","Leap+1","Glacier","REME_SelfUpgrade+1","Reprogram+1","Echo Form","Meteor Strike","Cold Snap","Tempest","hubris:Rewind","Hello World","Double Energy+1","ReplayTheSpireMod:GoodbyeWorld","REME_Flogging","REME_TwoStrings+1","hubris:EnhanceAbility","Mayhem","infinitespire:Punishment+1","Echo Form","conspire:Banana","Loop","RobotSpaceExplorer:Autoloader+1","infinitespire:UltimateForm+1","Genetic Algorithm"],"relics":["Cracked Core","REME_ComplimentaryCards","HushsDoor","GuppysTail","Prayer Wheel","Golden Idol","Replay:Bottled Snecko","Mango","MagicMushroom","aspiration:AnachronicSnailShell","Mummified Hand","infinitespire:SolderingIron","aspiration:Stellarator","Empty Cage","infinitespire:Lychee Nut","hubris:Towel","REME_HourglassOfDeath","aspiration:SeaSaltIceCream","hubris:Icosahedron","ForgetMeNow","Strange Spoon","Snecko Eye","JudasShadow","GuppysHead","reliquary:NewFriend","reliquary:HotPoker","conspire:Dentures","aspiration:MysteriousAuxiliaryCore"],"acts_visited":["Exordium","TheCity","TheBeyond","Exordium"],"potions_floor_usage":[11,16,16,29,33,33,36,50,52,67],"damage_taken":[{"damage":1,"enemies":"conspire:RoseBush","floor":1,"turns":3},{"damage":11,"enemies":"Jaw Worm","floor":2,"turns":5},{"damage":1,"enemies":"Cultist","floor":5,"turns":3},{"damage":2,"enemies":"Looter","floor":7,"turns":4},{"damage":0,"enemies":"3 Louse","floor":10,"turns":4},{"damage":0,"enemies":"Lots of Slimes","floor":11,"turns":6},{"damage":0,"enemies":"Lagavulin","floor":12,"turns":7},{"damage":12,"enemies":"Exordium Thugs","floor":14,"turns":5},{"damage":22,"enemies":"The Guardian","floor":16,"turns":17},{"damage":0,"enemies":"2 Thieves","floor":18,"turns":4},{"damage":0,"enemies":"3 Byrds","floor":19,"turns":4},{"damage":0,"enemies":"Snake Plant","floor":22,"turns":4},{"damage":0,"enemies":"Snecko","floor":23,"turns":6},{"damage":0,"enemies":"Cultist and Chosen","floor":25,"turns":6},{"damage":0,"enemies":"conspire:SneckoGhost","floor":28,"turns":7},{"damage":2,"enemies":"Snake Plant","floor":29,"turns":4},{"damage":14,"enemies":"Shelled Parasite and Fungi","floor":31,"turns":7},{"damage":25,"enemies":"hubris:MusketHawk","floor":33,"turns":11},{"damage":0,"enemies":"Orb Walker","floor":35,"turns":4},{"damage":18,"enemies":"infinitespire:Three Voidlings","floor":36,"turns":5},{"damage":0,"enemies":"Nightmare_Alpha","floor":36,"turns":9},{"damage":0,"enemies":"3 Darklings","floor":37,"turns":5},{"damage":3,"enemies":"Writhing Mass","floor":39,"turns":3},{"damage":2,"enemies":"4 Shapes","floor":45,"turns":3},{"damage":0,"enemies":"R_Hoarder","floor":47,"turns":5},{"damage":0,"enemies":"Donu and Deca","floor":50,"turns":5},{"damage":10,"enemies":"Jaw Worm","floor":52,"turns":2},{"damage":0,"enemies":"2 Louse","floor":53,"turns":1},{"damage":0,"enemies":"Small Slimes","floor":56,"turns":2},{"damage":0,"enemies":"Nightmare","floor":57,"turns":7},{"damage":0,"enemies":"Looter","floor":59,"turns":1},{"damage":0,"enemies":"Large Slime","floor":61,"turns":1},{"damage":0,"enemies":"3 Louse","floor":63,"turns":2},{"damage":46,"enemies":"Delirium","floor":67,"turns":4}],"seed_played":"-6022992483321200653","potions_obtained":[{"floor":1,"key":"Adrenaline Potion"},{"floor":2,"key":"REME_GoldPotion"},{"floor":11,"key":"Elixir"},{"floor":12,"key":"Energy Potion"},{"floor":18,"key":"Strength Potion"},{"floor":19,"key":"REME_GoldPotion"},{"floor":31,"key":"Languid Potion"},{"floor":33,"key":"Fire Potion"},{"floor":36,"key":"SteroidPotion"},{"floor":47,"key":"Regen Potion"},{"floor":50,"key":"AttackPotion"},{"floor":53,"key":"Doom Potion"}],"is_trial":false,"path_per_floor":["M","M","?","?","M","R","M","R","T","M","M","E","R","M","R","B",null,"M","M","?","$","M","M","R","M","T","R","E","M","AVR","M","R","B",null,"M","?","M","?","M","R","?","R","T","R","M","$","E","AVR","R","B",null,"M","M","?","?","M","NM","R","M","T","M","$","M","R","T","R","B"],"character_chosen":"DEFECT","items_purchased":["FIFO Queue","aspiration:AnachronicSnailShell","Mayhem","aspiration:SeaSaltIceCream","Rebound","JudasShadow","GuppysHead","conspire:Banana","conspire:Dentures"],"campfire_rested":0,"item_purchase_floors":[0,21,46,46,46,51,51,51,62],"current_hp_per_floor":[74,70,52,52,58,58,60,60,60,60,67,85,85,73,73,58,96,96,96,96,96,96,96,96,96,96,96,96,96,96,96,96,84,91,91,68,68,68,65,65,55,55,55,55,68,68,68,68,68,68,36,26,36,36,36,36,37,37,37,37,37,37,37,37,37,37,0,0],"gold":0,"neow_bonus":"","is_daily":false,"chose_seed":false,"campfire_upgraded":13,"win_rate":0.0,"timestamp":1612868318,"path_taken":["M","M","?","?","?","R","M","R","T","M","M","E","R","M","R","BOSS","M","M","?","$","M","M","R","?","T","R","E","M","AVR","M","R","BOSS","M","?","M","?","M","R","?","R","T","R","?","$","E","AVR","R","BOSS","M","M","?","?","M","NM","R","M","T","?","?","M","R","?","R","BOSS"],"items_purchased_type":["Card","Relic","Card","Relic","Card","Relic","Relic","Card","Relic"],"build_version":"2020-12-22","purchased_purges":8,"victory":false,"max_hp_per_floor":[75,75,75,75,75,75,75,75,75,75,75,89,89,89,89,89,96,96,96,96,96,96,96,96,96,96,96,96,96,96,96,96,96,91,91,68,68,68,68,68,68,68,68,68,68,68,68,68,68,68,36,36,36,36,36,36,37,37,37,37,37,37,37,37,37,37,1,1],"relic_stats":{"Strange Spoon":[9],"counters":[64,304],"Golden Idol":239,"Mummified Hand":[346],"Snecko Eye":[42,32,36,25],"Prayer Wheel":32,"obtain_stats":[{"Bromod:ArcaneNullifier":26,"aspiration:Stellarator":30,"Mango":12,"Juzu Bracelet":13,"Empty Cage":34,"Frozen Eye":21,"reliquary:HotPoker":60,"hubris:Icosahedron":39,"infinitespire:SolderingIron":30,"Bromod:ArcaneTrickery":9,"Mummified Hand":28,"Replay:Bronze Core":21,"aspiration:AnachronicSnailShell":21,"Tiny Chest":11,"Prayer Wheel":0,"reliquary:NewFriend":57,"Replay:Bottled Snecko":9,"Replay:Antivirus Software":31,"Replay:Bottled Eggs":47,"Cracked Core":0,"conspire:Dentures":62,"JudasShadow":51,"ReplayTheSpireMod:CursedCoin":4,"Golden Idol":4,"aspiration:RunicSpoon":34,"ReplayTheSpireMod:SealedPack":17,"aspiration:SeaSaltIceCream":46,"hubris:Towel":38,"Bromod:ArcaneConsequence":24,"Strange Spoon":48,"REME_HourglassOfDeath":43,"infinitespire:Lychee Nut":36,"ForgetMeNow":47,"MagicMushroom":17,"Snecko Eye":51,"GuppysHead":51,"aspiration:MysteriousAuxiliaryCore":65,"Bromod:ArcaneFury":37},{"Bromod:ArcaneNullifier":22,"aspiration:Stellarator":46,"Mango":37,"Juzu Bracelet":17,"Empty Cage":48,"Frozen Eye":21,"reliquary:HotPoker":61,"hubris:Icosahedron":26,"infinitespire:SolderingIron":46,"Bromod:ArcaneTrickery":15,"Mummified Hand":45,"Replay:Bronze Core":21,"aspiration:AnachronicSnailShell":41,"Tiny Chest":16,"Prayer Wheel":30,"reliquary:NewFriend":60,"Replay:Bottled Snecko":34,"Replay:Antivirus Software":22,"Replay:Bottled Eggs":28,"Cracked Core":0,"conspire:Dentures":62,"JudasShadow":56,"ReplayTheSpireMod:CursedCoin":14,"Golden Idol":32,"aspiration:RunicSpoon":23,"ReplayTheSpireMod:SealedPack":19,"aspiration:SeaSaltIceCream":54,"hubris:Towel":52,"Bromod:ArcaneConsequence":22,"Strange Spoon":55,"REME_HourglassOfDeath":53,"infinitespire:Lychee Nut":51,"ForgetMeNow":55,"MagicMushroom":39,"Snecko Eye":56,"GuppysHead":56,"aspiration:MysteriousAuxiliaryCore":63,"Bromod:ArcaneFury":25},{"Bromod:ArcaneNullifier":106,"aspiration:Stellarator":227,"Mango":170,"Juzu Bracelet":77,"Empty Cage":245,"Frozen Eye":103,"reliquary:HotPoker":297,"hubris:Icosahedron":116,"infinitespire:SolderingIron":227,"Bromod:ArcaneTrickery":67,"Mummified Hand":223,"Replay:Bronze Core":103,"aspiration:AnachronicSnailShell":200,"Tiny Chest":73,"Prayer Wheel":138,"reliquary:NewFriend":296,"Replay:Bottled Snecko":153,"Replay:Antivirus Software":106,"Replay:Bottled Eggs":125,"Cracked Core":0,"conspire:Dentures":298,"JudasShadow":284,"ReplayTheSpireMod:CursedCoin":64,"Golden Idol":146,"aspiration:RunicSpoon":109,"ReplayTheSpireMod:SealedPack":93,"aspiration:SeaSaltIceCream":274,"hubris:Towel":268,"Bromod:ArcaneConsequence":106,"Strange Spoon":279,"REME_HourglassOfDeath":271,"infinitespire:Lychee Nut":263,"ForgetMeNow":279,"MagicMushroom":192,"Snecko Eye":284,"GuppysHead":284,"aspiration:MysteriousAuxiliaryCore":300,"Bromod:ArcaneFury":114}]},"card_choices":[{"not_picked":[],"picked":"EpicFetus","floor":0},{"not_picked":["Steam","Rebound"],"picked":"Conserve Battery","floor":1},{"not_picked":["Capacitor","Turbo"],"picked":"Bomb","floor":1},{"not_picked":["Gash","Beam Cell","ReplaySort"],"picked":"SKIP","floor":2},{"not_picked":["Barrage","Beam Cell","Lockon"],"picked":"SKIP","floor":2},{"not_picked":["ReplayTheSpireMod:??????????????????????","ReplayTheSpireMod:Haul"],"picked":"ReplayTheSpireMod:Chaos Vortex","floor":3},{"not_picked":["Gash","Bomb"],"picked":"Creative AI","floor":5},{"not_picked":["Stack","Distribution","Streamline"],"picked":"SKIP","floor":5},{"not_picked":["Compile Driver","Bomb"],"picked":"Turbo","floor":7},{"not_picked":["Barrage","Beam Cell"],"picked":"Conserve Battery","floor":7},{"not_picked":["Panic Button","Beam Cell","Cold Snap"],"picked":"SKIP","floor":10},{"not_picked":["Turbo","ReplayGash","Bomb"],"picked":"SKIP","floor":10},{"not_picked":["Bomb","Cold Snap","Streamline"],"picked":"Ball Lightning","floor":11},{"not_picked":["Biased Cognition","Heatsinks","Pulse","Stack"],"picked":"SKIP","floor":11},{"not_picked":["Steam","All For One"],"picked":"Leap","floor":12},{"not_picked":["Panic Button","FTL"],"picked":"ReplayTheSpireMod:GoodbyeWorld","floor":14},{"not_picked":["BasicCrystalCard","hubris:PowerSurge","REME_Whirling"],"picked":"SKIP","floor":14},{"not_picked":["hubris:SpecializedCircuitry","hubris:DoWhile","REME_ForAll"],"picked":"Mirror Shield","floor":16},{"not_picked":["REME_Whirling","Streamline"],"picked":"Hello World","floor":18},{"not_picked":["BasicCrystalCard","Cancel"],"picked":"Self Repair+1","floor":18},{"not_picked":["Ball Lightning+1","BasicCrystalCard"],"picked":"Leap+1","floor":19},{"not_picked":["Panic Button","Stack"],"picked":"Glacier","floor":19},{"not_picked":["Leap","Turbo+1","Stack"],"picked":"SKIP","floor":22},{"not_picked":["FIFO Queue+1","Undo","Sweeping Beam+1"],"picked":"SKIP","floor":22},{"not_picked":["Redo","REME_Whirling","Streamline+1"],"picked":"SKIP","floor":23},{"not_picked":["Hologram","Beam Cell","Leap+1"],"picked":"SKIP","floor":23},{"not_picked":["Stack+1","Redo+1"],"picked":"REME_SelfUpgrade","floor":25},{"not_picked":["Cold Snap","Sweeping Beam"],"picked":"Reprogram","floor":25},{"not_picked":["REME_SelfUpgrade","Rebound","Steam","ReplayTheSpireMod:Dual Polarity"],"picked":"SKIP","floor":28},{"not_picked":["Stack+1","Ball Lightning","Streamline","Hologram+1"],"picked":"Echo Form","floor":29},{"not_picked":["Turbo","Panic Button+1","Ball Lightning","Static Discharge","Barrage"],"picked":"SKIP","floor":29},{"not_picked":["Compile Driver","Undo+1","Sweeping Beam+1","Conserve Battery"],"picked":"SKIP","floor":31},{"not_picked":["Redo","Turbo+1","Hologram","Multi-Cast"],"picked":"SKIP","floor":31},{"not_picked":["Fission","Buffer","Creative AI","Multi-Cast","REME_ForAll"],"picked":"Meteor Strike","floor":33},{"not_picked":["Rebound","Hologram"],"picked":"Cold Snap","floor":35},{"not_picked":["Ball Lightning+1","Consume"],"picked":"Tempest","floor":35},{"not_picked":["infinitespire:FinalStrike","infinitespire:SealOfDarkness+"],"picked":"hubris:Rewind","floor":36},{"not_picked":["Sunder+1","Storm"],"picked":"Hello World","floor":37},{"not_picked":["FTL+1","Rebound"],"picked":"Double Energy+1","floor":37},{"not_picked":["REME_SelfUpgrade+1","Tempest"],"picked":"ReplayTheSpireMod:GoodbyeWorld","floor":39},{"not_picked":["Streamline","Hologram+1","Go for the Eyes+1"],"picked":"SKIP","floor":39},{"not_picked":["Flash of Steel","Bomb"],"picked":"REME_Flogging","floor":41},{"not_picked":["REME_MagicPocketWatch","hubris:Insight"],"picked":"REME_TwoStrings","floor":41},{"not_picked":["Flash of Steel","Chrysalis"],"picked":"hubris:EnhanceAbility","floor":41},{"not_picked":["Stack+1","Leap+1","Steam+1","Gash","Hologram+1"],"picked":"SKIP","floor":45},{"not_picked":["Cold Snap+1","Time Bomb+1","Panic Button","Fission","Sunder+1"],"picked":"SKIP","floor":45},{"not_picked":["Steam+1","Cancel+1","Sweeping Beam","Rebound+1","BasicCrystalCard"],"picked":"SKIP","floor":47},{"not_picked":["Core Surge","Mirror Shield","Machine Learning","Biased Cognition","Hyperbeam","All For One"],"picked":"Echo Form","floor":50},{"not_picked":["Leap","Time Bomb"],"picked":"Loop","floor":52},{"not_picked":["ReplaySolidLightProjector","Recycle","Rebound"],"picked":"SKIP","floor":52},{"not_picked":["Redo","Go for the Eyes","Barrage"],"picked":"SKIP","floor":53},{"not_picked":["Rainbow","Barrage","Rebound"],"picked":"SKIP","floor":53},{"not_picked":["Barrage","Ball Lightning","Redo"],"picked":"SKIP","floor":56},{"not_picked":["ReplayTheSpireMod:Dual Polarity","Beam Cell","ElectricPowerLearning"],"picked":"SKIP","floor":56},{"not_picked":["infinitespire:Gouge","infinitespire:SevenWalls"],"picked":"infinitespire:UltimateForm","floor":57},{"not_picked":["Rebound","Hologram","Barrage","Stack","Sweeping Beam"],"picked":"SKIP","floor":57},{"not_picked":["Leap","Heatsinks","Reprogram"],"picked":"SKIP","floor":59},{"not_picked":["Darkness","Conserve Battery","Chill"],"picked":"SKIP","floor":59},{"not_picked":["All For One","Glacier","Rebound"],"picked":"SKIP","floor":61},{"not_picked":["Rebound","Blizzard","Gash"],"picked":"SKIP","floor":61},{"not_picked":["Leap","Gash"],"picked":"Genetic Algorithm","floor":63},{"not_picked":["Stack","Beam Cell","Hologram"],"picked":"SKIP","floor":63}],"player_experience":478944,"relics_obtained":[{"floor":9,"key":"Replay:Bottled Snecko"},{"floor":12,"key":"Mango"},{"floor":28,"key":"Mummified Hand"},{"floor":36,"key":"infinitespire:Lychee Nut"},{"floor":43,"key":"REME_HourglassOfDeath"},{"floor":47,"key":"ForgetMeNow"},{"floor":57,"key":"reliquary:NewFriend"},{"floor":60,"key":"reliquary:HotPoker"},{"floor":65,"key":"aspiration:MysteriousAuxiliaryCore"}],"event_choices":[{"damage_healed":0,"gold_gain":0,"player_choice":"Take Wound","damage_taken":0,"relics_obtained":["Golden Idol"],"max_hp_gain":0,"max_hp_loss":0,"event_name":"Golden Idol","floor":4,"gold_loss":0,"cards_obtained":["Injury"]},{"cards_removed":["Injury"],"damage_healed":0,"gold_gain":0,"player_choice":"Gave Gold","damage_taken":0,"max_hp_gain":0,"max_hp_loss":0,"event_name":"Beggar","floor":20,"gold_loss":75},{"damage_healed":0,"gold_gain":0,"player_choice":"Memory 3","damage_taken":10,"max_hp_gain":0,"max_hp_loss":0,"event_name":"SensoryStone","floor":41,"gold_loss":0},{"cards_removed":["infinitespire:UltimateForm"],"damage_healed":0,"gold_gain":0,"player_choice":"Took Card","damage_taken":0,"max_hp_gain":0,"max_hp_loss":0,"event_name":"NoteForYourself","floor":55,"gold_loss":0,"cards_obtained":["RobotSpaceExplorer:Autoloader"]}],"is_beta":false,"boss_relics":[{"not_picked":["reliquary:KinkedSpring","Runic Dome"],"picked":"MagicMushroom"},{"not_picked":[]},{"not_picked":["ChewingGum","Calling Bell"],"picked":"Empty Cage"},{"not_picked":[]},{"not_picked":["hubris:RunicObelisk","ChampionBelt"],"picked":"Snecko Eye"},{"not_picked":[]}],"items_purged_floors":[0,21,30,34,46,48,51,62],"is_endless":true,"potions_floor_spawned":[1,2,11,12,18,19,31,33,36,47,50,53,56,63],"killed_by":"Delirium","ascension_level":0}}