{"host":"sc0o2qwpf9j16a4i","time":1612876173,"event":{"mods":["AchievementEnabler","BaseMod","BetterRewards","Block Reminder","Colored Map","Colored Powertips","Custom Start","Highlight Path","Minty Spire (QoL Compilation)","Relic Stats"],"gold_per_floor":[118,118,118,135,135,161,161,161,161,205,224,257,276,297,297,421,421,440,440,461,461,480,480,521,534,558,594,612,635,655,694,694,820,820,834,1167,1167,1180,2179,2179,2209,2227,2227,991,1091,1116,1136,1148,1148,1148],"floor_reached":51,"language":"ENG","playtime":1495,"items_purged":["Normality"],"score":1164,"play_id":"2288bc88-88fc-4156-a2f3-4398cf438499","local_time":"20210209150933","daily_mods":["Draft","ControlledChaos","Lethality"],"is_ascension_mode":false,"campfire_choices":[{"data":"Catalyst","floor":7,"key":"SMITH"},{"data":"Terror","floor":15,"key":"SMITH"},{"data":"Acrobatics","floor":23,"key":"SMITH"},{"data":"Wraith Form v2","floor":32,"key":"SMITH"},{"data":"Malaise","floor":40,"key":"SMITH"},{"floor":49,"key":"REST"}],"circlet_count":0,"master_deck":["Sucker Punch","Crippling Poison","All Out Attack","Terror+1","Bane","Flechettes","Catalyst+1","Deadly Poison","Poisoned Stab","Poisoned Stab","Masterful Stab","Deadly Poison","Bane","Poisoned Stab","Deflect","Bouncing Flask","Dagger Throw","Injury","Dodge and Roll","Deadly Poison","Dagger Spray","Corpse Explosion","Blur","Leg Sweep","Acrobatics+1","PiercingWail+1","Wraith Form v2+1","Calculated Gamble","Acrobatics","Escape Plan","Malaise+1","Bouncing Flask+1","PiercingWail","Deadly Poison","Clumsy","Footwork+1","Burst","PiercingWail","Sadistic Nature+1","Poisoned Stab","Prepared+1","Backflip+1","Noxious Fumes+1"],"relics":["Ring of the Snake","Frozen Eye","Ancient Tea Set","Matryoshka","Pear","Smiling Mask","Bag of Preparation","Akabeko","Cursed Key","CaptainsWheel","Frozen Egg 2","Orichalcum","Omamori","StoneCalendar","Black Star","Ninja Scroll","Potion Belt","Gambling Chip","Strange Spoon","Dream Catcher","Calipers","Bag of Marbles","Pen Nib"],"acts_visited":["Exordium","TheCity","TheBeyond"],"potions_floor_usage":[6,10,12,27,28,31,33,41,50,50,50,50,50,50],"damage_taken":[{"damage":0,"enemies":"2 Louse","floor":1,"turns":1},{"damage":0,"enemies":"Cultist","floor":4,"turns":2},{"damage":17,"enemies":"Lagavulin","floor":6,"turns":3},{"damage":0,"enemies":"3 Sentries","floor":10,"turns":2},{"damage":0,"enemies":"Small Slimes","floor":11,"turns":2},{"damage":0,"enemies":"Lagavulin","floor":12,"turns":2},{"damage":0,"enemies":"Looter","floor":13,"turns":1},{"damage":0,"enemies":"2 Fungi Beasts","floor":14,"turns":2},{"damage":0,"enemies":"Slime Boss","floor":16,"turns":2},{"damage":5,"enemies":"Shell Parasite","floor":18,"turns":2},{"damage":0,"enemies":"3 Byrds","floor":20,"turns":3},{"damage":0,"enemies":"Snecko","floor":22,"turns":2},{"damage":0,"enemies":"Gremlin Leader","floor":24,"turns":3},{"damage":0,"enemies":"Centurion and Healer","floor":25,"turns":3},{"damage":0,"enemies":"Slavers","floor":27,"turns":1},{"damage":26,"enemies":"Shelled Parasite and Fungi","floor":28,"turns":3},{"damage":0,"enemies":"Snecko","floor":29,"turns":4},{"damage":0,"enemies":"Centurion and Healer","floor":30,"turns":4},{"damage":0,"enemies":"Gremlin Leader","floor":31,"turns":3},{"damage":0,"enemies":"Automaton","floor":33,"turns":5},{"damage":1,"enemies":"3 Shapes","floor":35,"turns":3},{"damage":0,"enemies":"Orb Walker","floor":38,"turns":2},{"damage":9,"enemies":"Giant Head","floor":41,"turns":7},{"damage":0,"enemies":"Sphere and 2 Shapes","floor":42,"turns":1},{"damage":17,"enemies":"Reptomancer","floor":46,"turns":4},{"damage":9,"enemies":"Maw","floor":47,"turns":5},{"damage":0,"enemies":"Jaw Worm Horde","floor":48,"turns":1},{"damage":2,"enemies":"Time Eater","floor":50,"turns":7}],"seed_played":"-5276317060758081461","potions_obtained":[{"floor":3,"key":"Fire Potion"},{"floor":3,"key":"CunningPotion"},{"floor":3,"key":"Dexterity Potion"},{"floor":6,"key":"CunningPotion"},{"floor":10,"key":"Energy Potion"},{"floor":12,"key":"EssenceOfSteel"},{"floor":16,"key":"DistilledChaos"},{"floor":27,"key":"SpeedPotion"},{"floor":28,"key":"DistilledChaos"},{"floor":33,"key":"DuplicationPotion"},{"floor":41,"key":"LiquidBronze"},{"floor":42,"key":"EntropicBrew"}],"is_trial":true,"path_per_floor":["M","?","?","M","?","E","R","?","T","E","M","E","M","M","R","B",null,"M","?","M","?","M","R","E","M","T","E","M","M","M","E","R","B",null,"M","?","?","M","?","R","E","M","T","$","?","E","M","M","R","B",null],"character_chosen":"THE_SILENT","items_purchased":["Footwork+1","Strange Spoon","Burst","PiercingWail","Sadistic Nature+1","Poisoned Stab","Dream Catcher","Calipers","BlessingOfTheForge","FairyPotion"],"campfire_rested":1,"item_purchase_floors":[44,44,44,44,44,44,44,44,44,44],"current_hp_per_floor":[70,58,58,58,58,41,41,41,51,51,51,51,51,51,51,51,80,75,75,75,90,90,90,90,90,90,90,64,64,64,64,64,64,90,89,89,89,89,89,89,80,80,80,80,80,63,54,54,81,79],"gold":1148,"neow_bonus":"","is_daily":false,"chose_seed":false,"campfire_upgraded":5,"win_rate":0.0,"timestamp":1612876173,"path_taken":["M","?","?","?","?","E","R","?","T","E","M","E","M","M","R","BOSS","M","?","M","?","?","R","E","M","T","E","M","M","M","E","R","BOSS","M","?","?","?","?","R","E","M","T","$","?","E","M","M","R","BOSS"],"items_purchased_type":["Card","Relic","Card","Card","Card","Card","Relic","Relic","Potion","Potion"],"build_version":"2020-12-22","purchased_purges":1,"victory":true,"max_hp_per_floor":[70,70,70,70,70,70,70,70,80,80,80,80,80,80,80,80,80,80,80,80,90,90,90,90,90,90,90,90,90,90,90,90,90,90,90,90,90,90,90,90,90,90,90,90,90,90,90,90,90,90],"relic_stats":{"counters":[28,80],"StoneCalendar":[51],"Pen Nib":[1],"Bag of Preparation":[38],"Orichalcum":[138],"Smiling Mask":25,"Cursed Key":2,"Strange Spoon":[4],"Dream Catcher":1,"Gambling Chip":[14],"Black Star":2,"obtain_stats":[{"Potion Belt":41,"Pear":9,"Calipers":44,"Golden Idol":8,"StoneCalendar":31,"Pen Nib":46,"Bag of Preparation":10,"Omamori":27,"Frozen Egg 2":26,"Orichalcum":26,"Ancient Tea Set":2,"Smiling Mask":9,"Cursed Key":17,"Akabeko":12,"Frozen Eye":0,"Strange Spoon":44,"CaptainsWheel":24,"Dream Catcher":44,"Matryoshka":6,"Ninja Scroll":41,"Gambling Chip":43,"Black Star":34,"Bag of Marbles":46,"Ring of the Snake":0},{"Potion Belt":23,"Pear":3,"Calipers":24,"Golden Idol":3,"StoneCalendar":19,"Pen Nib":25,"Bag of Preparation":4,"Omamori":15,"Frozen Egg 2":14,"Orichalcum":14,"Ancient Tea Set":1,"Smiling Mask":3,"Cursed Key":9,"Akabeko":6,"Frozen Eye":0,"Strange Spoon":24,"CaptainsWheel":13,"Dream Catcher":24,"Matryoshka":3,"Ninja Scroll":23,"Gambling Chip":24,"Black Star":20,"Bag of Marbles":25,"Ring of the Snake":0},{"Potion Belt":62,"Pear":6,"Calipers":63,"Golden Idol":6,"StoneCalendar":45,"Pen Nib":67,"Bag of Preparation":8,"Omamori":31,"Frozen Egg 2":30,"Orichalcum":30,"Ancient Tea Set":1,"Smiling Mask":6,"Cursed Key":17,"Akabeko":12,"Frozen Eye":0,"Strange Spoon":63,"CaptainsWheel":27,"Dream Catcher":63,"Matryoshka":6,"Ninja Scroll":62,"Gambling Chip":63,"Black Star":50,"Bag of Marbles":67,"Ring of the Snake":0}],"Ring of the Snake":[56]},"card_choices":[{"not_picked":["Acrobatics","Backflip"],"picked":"Sucker Punch","floor":0},{"not_picked":["Outmaneuver","Acrobatics"],"picked":"Crippling Poison","floor":0},{"not_picked":["Underhanded Strike","Concentrate"],"picked":"All Out Attack","floor":0},{"not_picked":["Backflip","Deflect"],"picked":"Terror","floor":0},{"not_picked":["Prepared","Expertise"],"picked":"Bane","floor":0},{"not_picked":["Endless Agony","Dodge and Roll"],"picked":"Flechettes","floor":0},{"not_picked":["Sucker Punch","Outmaneuver"],"picked":"Catalyst","floor":0},{"not_picked":["Bane","Dodge and Roll"],"picked":"Deadly Poison","floor":0},{"not_picked":["Terror","Escape Plan"],"picked":"Poisoned Stab","floor":0},{"not_picked":["Slice","Deflect"],"picked":"Poisoned Stab","floor":0},{"not_picked":["Footwork","Acrobatics"],"picked":"Masterful Stab","floor":0},{"not_picked":["Well Laid Plans","Blade Dance"],"picked":"Deadly Poison","floor":0},{"not_picked":["Deflect","Cloak And Dagger"],"picked":"Bane","floor":0},{"not_picked":["Terror","Slice"],"picked":"Poisoned Stab","floor":0},{"not_picked":["Outmaneuver","Bane"],"picked":"Deflect","floor":0},{"not_picked":["Prepared","Slice"],"picked":"Bouncing Flask","floor":1},{"not_picked":["Prepared","Flechettes"],"picked":"Dagger Throw","floor":4},{"not_picked":["Blade Dance","Underhanded Strike","Sucker Punch"],"picked":"SKIP","floor":6},{"not_picked":["Terror","Heel Hook"],"picked":"Dodge and Roll","floor":10},{"not_picked":["Dagger Spray","Cloak And Dagger"],"picked":"Deadly Poison","floor":11},{"not_picked":["Cloak And Dagger","Sucker Punch"],"picked":"Dagger Spray","floor":12},{"not_picked":["Catalyst","Deadly Poison"],"picked":"Corpse Explosion","floor":13},{"not_picked":["Acrobatics","Distraction","Setup"],"picked":"SKIP","floor":14},{"not_picked":["Venomology","A Thousand Cuts"],"picked":"Night Terror","floor":16},{"not_picked":["Dagger Spray+1","Choke"],"picked":"Blur","floor":18},{"not_picked":["Predator","Finisher"],"picked":"Acrobatics","floor":20},{"not_picked":["Dagger Throw+1","Outmaneuver+1"],"picked":"PiercingWail+1","floor":22},{"not_picked":["PiercingWail+1","Acrobatics"],"picked":"Wraith Form v2","floor":24},{"not_picked":["Outmaneuver","Riddle With Holes+1","Flying Knee"],"picked":"SKIP","floor":25},{"not_picked":["Outmaneuver","Die Die Die"],"picked":"Calculated Gamble","floor":27},{"not_picked":["Poisoned Stab","Outmaneuver","Sucker Punch"],"picked":"SKIP","floor":28},{"not_picked":["Finisher","Poisoned Stab+1","Dagger Spray"],"picked":"SKIP","floor":29},{"not_picked":["Expertise","Flechettes"],"picked":"Acrobatics","floor":30},{"not_picked":["Dagger Throw","Accuracy+1"],"picked":"Escape Plan","floor":31},{"not_picked":["Corpse Explosion","Storm of Steel"],"picked":"Malaise","floor":33},{"not_picked":["Bane","Dagger Throw"],"picked":"Bouncing Flask+1","floor":35},{"not_picked":["Deflect+1","Endless Agony"],"picked":"PiercingWail","floor":38},{"not_picked":["Finisher","Unload","Dagger Throw"],"picked":"SKIP","floor":41},{"not_picked":["Masterful Stab","Accuracy+1"],"picked":"Deadly Poison","floor":42},{"not_picked":["Dagger Spray+1","Slice+1","Dagger Throw+1"],"picked":"SKIP","floor":46},{"not_picked":["Bane","Outmaneuver"],"picked":"Prepared+1","floor":47},{"not_picked":["Accuracy+1","Bouncing Flask"],"picked":"Backflip+1","floor":48},{"not_picked":["Flying Knee","Sucker Punch"],"picked":"Noxious Fumes+1","floor":49}],"player_experience":1294817,"relics_obtained":[{"floor":6,"key":"Matryoshka"},{"floor":9,"key":"Pear"},{"floor":9,"key":"Smiling Mask"},{"floor":10,"key":"Bag of Preparation"},{"floor":12,"key":"Akabeko"},{"floor":24,"key":"CaptainsWheel"},{"floor":26,"key":"Frozen Egg 2"},{"floor":26,"key":"Orichalcum"},{"floor":27,"key":"Omamori"},{"floor":31,"key":"StoneCalendar"},{"floor":41,"key":"Ninja Scroll"},{"floor":41,"key":"Potion Belt"},{"floor":43,"key":"Gambling Chip"},{"floor":46,"key":"Bag of Marbles"},{"floor":46,"key":"Pen Nib"}],"event_choices":[{"damage_healed":0,"gold_gain":0,"player_choice":"Success","damage_taken":12,"relics_obtained":["Ancient Tea Set"],"max_hp_gain":0,"max_hp_loss":0,"event_name":"Scrap Ooze","floor":2,"gold_loss":0},{"damage_healed":0,"gold_gain":0,"player_choice":"Got Potions","damage_taken":0,"max_hp_gain":0,"max_hp_loss":0,"event_name":"Lab","floor":3,"gold_loss":0},{"damage_healed":0,"gold_gain":0,"player_choice":"Leave","damage_taken":0,"max_hp_gain":0,"max_hp_loss":0,"event_name":"The Cleric","floor":5,"gold_loss":0},{"damage_healed":0,"gold_gain":0,"player_choice":"Take Wound","damage_taken":0,"relics_obtained":["Golden Idol"],"max_hp_gain":0,"max_hp_loss":0,"event_name":"Golden Idol","floor":8,"gold_loss":0,"cards_obtained":["Injury"]},{"damage_healed":0,"gold_gain":0,"player_choice":"Read","damage_taken":0,"max_hp_gain":0,"max_hp_loss":0,"event_name":"The Library","floor":19,"gold_loss":0,"cards_obtained":["Leg Sweep"]},{"cards_removed":["Night Terror"],"damage_healed":5,"gold_gain":0,"player_choice":"Offered Rare","damage_taken":0,"max_hp_gain":10,"max_hp_loss":0,"event_name":"Bonfire Elementals","floor":21,"gold_loss":0},{"damage_healed":0,"gold_gain":333,"player_choice":"Gave Idol","damage_taken":0,"max_hp_gain":0,"max_hp_loss":0,"event_name":"The Moai Head","floor":36,"relics_lost":["Golden Idol"],"gold_loss":0},{"damage_healed":0,"gold_gain":0,"player_choice":"Ignored","damage_taken":0,"max_hp_gain":0,"max_hp_loss":0,"event_name":"SecretPortal","floor":37,"gold_loss":0},{"damage_healed":0,"gold_gain":999,"player_choice":"Gold","damage_taken":0,"max_hp_gain":0,"max_hp_loss":0,"event_name":"MindBloom","floor":39,"gold_loss":0,"cards_obtained":["Normality","Normality"]},{"damage_healed":0,"gold_gain":100,"player_choice":"Pray","damage_taken":0,"max_hp_gain":0,"max_hp_loss":0,"event_name":"Golden Shrine","floor":45,"gold_loss":0}],"is_beta":false,"boss_relics":[{"not_picked":["Empty Cage","SlaversCollar"],"picked":"Cursed Key"},{"not_picked":["Fusion Hammer","Busted Crown"],"picked":"Black Star"}],"items_purged_floors":[44],"is_endless":false,"potions_floor_spawned":[6,10,12,16,18,27,28,29,33,41,42,46,47],"ascension_level":0}}