{"host":"szp1d6dso4pv7ddl","time":1612853260,"event":{"mods":["AchievementEnabler","Alarm Clock","BaseMod","Bestiary","Block Reminder","Colored Map","Colored Powertips","Curses Come First","Dark Map","Displayed Cursed Tome","Highlight Path","Minty Spire (QoL Compilation)","Permanent Neow","Quick Restart","Relic Sorter","Relic Stats","StSLib","Synergy Search"],"gold_per_floor":[111,111,124,72,72,72,72,72],"floor_reached":7,"language":"ENG","playtime":390,"items_purged":[],"score":74,"play_id":"3c9f19a4-11ee-4e14-b20b-4851070ad5c5","local_time":"20210208224740","is_ascension_mode":true,"campfire_choices":[{"data":"Dagger Spray","floor":6,"key":"SMITH"}],"circlet_count":0,"master_deck":["AscendersBane","Strike_G","Strike_G","Strike_G","Strike_G","Strike_G","Defend_G","Defend_G","Defend_G","Defend_G","Defend_G","Survivor","Neutralize","Escape Plan","Dagger Spray+1"],"relics":["Black Star","Anchor","Orichalcum"],"acts_visited":["Exordium"],"potions_floor_usage":[],"damage_taken":[{"damage":7.0,"enemies":"Jaw Worm","floor":1.0,"turns":6.0},{"damage":11,"enemies":"Cultist","floor":3,"turns":5},{"damage":46,"enemies":"Lagavulin","floor":7,"turns":6}],"seed_played":"-5391638838909063192","potions_obtained":[],"is_trial":false,"path_per_floor":["M","?","M","$","T","R","E"],"character_chosen":"THE_SILENT","items_purchased":["Dagger Spray"],"campfire_rested":0,"item_purchase_floors":[4],"current_hp_per_floor":[52,52,41,41,41,41,0,0],"gold":72,"neow_bonus":"BOSS_RELIC","is_daily":false,"chose_seed":false,"campfire_upgraded":1,"win_rate":0.0,"timestamp":1612853260,"path_taken":["M","?","M","$","?","R","E"],"items_purchased_type":["Card"],"build_version":"2020-12-22","purchased_purges":0,"victory":false,"max_hp_per_floor":[66,66,66,66,66,66,66,66],"relic_stats":{"counters":[3,17],"Black Star":0,"Orichalcum":[18],"obtain_stats":[{"Anchor":2,"Black Star":0,"Orichalcum":5,"Ring of the Snake":0},{"Anchor":1,"Black Star":0,"Orichalcum":2,"Ring of the Snake":0},{"Anchor":6,"Black Star":0,"Orichalcum":11,"Ring of the Snake":0}]},"card_choices":[{"not_picked":["Bane","Accuracy"],"picked":"Backflip","floor":1.0},{"not_picked":["Underhanded Strike","Slice"],"picked":"Escape Plan","floor":3}],"player_experience":1410557,"relics_obtained":[{"floor":5,"key":"Orichalcum"}],"event_choices":[{"cards_removed":["Backflip"],"damage_healed":0.0,"max_hp_gain":0.0,"max_hp_loss":0.0,"gold_gain":0.0,"event_name":"WeMeetAgain","player_choice":"Gave Card","floor":2.0,"gold_loss":0.0,"damage_taken":0.0,"relics_obtained":["Anchor"]}],"is_beta":false,"boss_relics":[],"items_purged_floors":[],"is_endless":false,"potions_floor_spawned":[],"killed_by":"Lagavulin","ascension_level":18}}