{"host":"49pjgf1q9ev52n8z","time":1612900717,"event":{"mods":["BaseMod","Bestiary","Colored Map","Keyboard Shortcuts","Minty Spire (QoL Compilation)","Practice Mode","Relic Stats","StSLib"],"gold_per_floor":[115,133,143,162,142,170,170,185,185,195,195,213,70,101,101,196,196,213,231,246,23,34,34,64,81,104,119,119,139,139,150,150,247,247,259,21,21,39,50,76,76,76,101,101,101,101,51,65,65,65],"floor_reached":51,"language":"ENG","playtime":7123,"items_purged":["Weave","FlurryOfBlows"],"score":820,"play_id":"e8a3f6d6-d2b1-42c9-a1ce-d8d9e7f4abdb","local_time":"20210209115837","is_ascension_mode":true,"campfire_choices":[{"data":"Eruption","floor":7.0,"key":"SMITH"},{"floor":11.0,"key":"REST"},{"floor":15.0,"key":"REST"},{"floor":23.0,"key":"DIG"},{"floor":28.0,"key":"REST"},{"floor":30.0,"key":"REST"},{"floor":32.0,"key":"DIG"},{"floor":41.0,"key":"DIG"},{"floor":44.0,"key":"DIG"},{"floor":46.0,"key":"DIG"},{"floor":49.0,"key":"DIG"}],"circlet_count":0,"master_deck":["Eruption+1","Vigilance","EmptyMind","FlurryOfBlows","Consecrate+1","EmptyBody","Crescendo","Meditate","Conclude","Wireheading","BattleHymn","Nirvana","DeusExMachina","DeceiveReality","DeusExMachina","Collect","Brilliance","Ragnarok","Protect","Blasphemy","Adaptation","ClearTheMind","SignatureMove","Establishment+1","FlurryOfBlows+1","Tantrum","MasterReality","LessonLearned","Thinking Ahead","Madness"],"relics":["PureWater","Dream Catcher","Dead Branch","Shovel","Pandora\u0027s Box","Lantern","StoneCalendar","MealTicket","Orichalcum","Incense Burner","Sozu","CeramicFish","Bag of Marbles","Oddly Smooth Stone","Art of War","Smiling Mask","Gremlin Horn"],"acts_visited":["Exordium","TheCity","TheBeyond"],"potions_floor_usage":[],"damage_taken":[{"damage":5.0,"enemies":"2 Louse","floor":1.0,"turns":4.0},{"damage":0.0,"enemies":"Cultist","floor":2.0,"turns":3.0},{"damage":7.0,"enemies":"Jaw Worm","floor":3.0,"turns":3.0},{"damage":0.0,"enemies":"Looter","floor":4.0,"turns":2.0},{"damage":10.0,"enemies":"Gremlin Nob","floor":6.0,"turns":4.0},{"damage":6.0,"enemies":"Red Slaver","floor":8.0,"turns":3.0},{"damage":6.0,"enemies":"Blue Slaver","floor":10.0,"turns":3.0},{"damage":13.0,"enemies":"Exordium Thugs","floor":12.0,"turns":5.0},{"damage":20.0,"enemies":"3 Sentries","floor":14.0,"turns":3.0},{"damage":24.0,"enemies":"Hexaghost","floor":16.0,"turns":8.0},{"damage":0.0,"enemies":"Spheric Guardian","floor":18.0,"turns":3.0},{"damage":4.0,"enemies":"Chosen","floor":19.0,"turns":3.0},{"damage":0.0,"enemies":"Snake Plant","floor":20.0,"turns":3.0},{"damage":23.0,"enemies":"Centurion and Healer","floor":22.0,"turns":3.0},{"damage":8.0,"enemies":"Book of Stabbing","floor":24.0,"turns":4.0},{"damage":12.0,"enemies":"Chosen and Byrds","floor":25.0,"turns":2.0},{"damage":3.0,"enemies":"Snecko","floor":27.0,"turns":3.0},{"damage":17.0,"enemies":"Snake Plant","floor":29.0,"turns":3.0},{"damage":0.0,"enemies":"3 Cultists","floor":31.0,"turns":2.0},{"damage":30.0,"enemies":"Automaton","floor":33.0,"turns":6.0},{"damage":16.0,"enemies":"3 Darklings","floor":35.0,"turns":4.0},{"damage":1.0,"enemies":"3 Shapes","floor":38.0,"turns":7.0},{"damage":5.0,"enemies":"Maw","floor":39.0,"turns":5.0},{"damage":0.0,"enemies":"Nemesis","floor":40.0,"turns":5.0},{"damage":18.0,"enemies":"Sphere and 2 Shapes","floor":48.0,"turns":7.0},{"damage":15,"enemies":"Donu and Deca","floor":50,"turns":6}],"seed_played":"-6591751839876921710","potions_obtained":[{"floor":2.0,"key":"SmokeBomb"},{"floor":3.0,"key":"PowerPotion"},{"floor":5.0,"key":"GamblersBrew"},{"floor":8.0,"key":"SteroidPotion"},{"floor":10.0,"key":"Explosive Potion"},{"floor":19.0,"key":"Explosive Potion"},{"floor":24.0,"key":"Fruit Juice"},{"floor":25.0,"key":"SneckoOil"},{"floor":29.0,"key":"BottledMiracle"}],"is_trial":false,"path_per_floor":["M","M","M","M","?","E","R","M","T","M","R","M","$","E","R","B",null,"M","M","M","$","M","R","E","M","T","M","R","M","R","M","R","B",null,"M","$","?","M","M","E","R","?","T","R","?","R","$","M","R","B",null],"character_chosen":"WATCHER","items_purchased":["Wireheading","StancePotion","Lantern","SignatureMove","Thinking Ahead"],"campfire_rested":4,"item_purchase_floors":[13,13,21,21,36],"current_hp_per_floor":[67,67,60,60,60,50,50,44,44,38,59,46,46,26,47,23,72,72,68,68,68,45,45,37,30,30,27,50,33,56,56,56,26,77,61,76,71,70,65,65,65,65,65,65,65,65,77,59,59,44],"gold":65,"neow_bonus":"TRANSFORM_CARD","is_daily":false,"chose_seed":false,"campfire_upgraded":1,"win_rate":0.0,"timestamp":1612900717,"path_taken":["M","M","M","M","?","E","R","M","T","?","R","M","$","E","R","BOSS","BOSS","M","M","M","$","M","R","E","?","T","M","R","M","R","M","R","BOSS","M","$","?","M","M","E","R","?","T","R","?","R","$","?","R","BOSS"],"items_purchased_type":["Card","Potion","Relic","Card","Card"],"build_version":"2020-12-22","purchased_purges":2,"victory":true,"max_hp_per_floor":[72,72,72,72,72,72,72,72,72,72,72,72,72,72,72,72,72,72,72,72,72,72,72,72,77,77,77,77,77,77,77,77,77,77,77,77,77,77,77,77,77,77,77,77,77,77,77,77,77,77],"relic_stats":{"Gremlin Horn":[1,1],"counters":[26,104],"Dead Branch":[178],"CeramicFish":0,"StoneCalendar":[77],"Orichalcum":[90],"Smiling Mask":50,"Sozu":0,"Dream Catcher":4,"Shovel":6,"Pandora\u0027s Box":["DeceiveReality","DeusExMachina","Collect","Brilliance","Ragnarok","Protect","Blasphemy"],"MealTicket":27,"Art of War":[5],"obtain_stats":[{"Lantern":21,"Gremlin Horn":49,"Dead Branch":9,"CeramicFish":40,"Oddly Smooth Stone":43,"StoneCalendar":23,"Incense Burner":32,"Orichalcum":26,"Smiling Mask":46,"Sozu":34,"Dream Catcher":6,"Shovel":14,"Pandora\u0027s Box":17,"MealTicket":24,"Bag of Marbles":41,"Art of War":44,"PureWater":0},{"Lantern":13,"Gremlin Horn":25,"Dead Branch":6,"CeramicFish":24,"Oddly Smooth Stone":24,"StoneCalendar":14,"Incense Burner":19,"Orichalcum":16,"Smiling Mask":24,"Sozu":20,"Dream Catcher":5,"Shovel":9,"Pandora\u0027s Box":10,"MealTicket":15,"Bag of Marbles":24,"Art of War":24,"PureWater":0},{"Lantern":47,"Gremlin Horn":98,"Dead Branch":19,"CeramicFish":91,"Oddly Smooth Stone":91,"StoneCalendar":50,"Incense Burner":64,"Orichalcum":56,"Smiling Mask":91,"Sozu":70,"Dream Catcher":16,"Shovel":30,"Pandora\u0027s Box":38,"MealTicket":54,"Bag of Marbles":91,"Art of War":91,"PureWater":0}]},"card_choices":[{"not_picked":["FlyingSleeves","Halt"],"picked":"EmptyMind","floor":1.0},{"not_picked":["FlyingSleeves","Wallop"],"picked":"FlurryOfBlows","floor":2.0},{"not_picked":["WreathOfFlame","Indignation"],"picked":"FlurryOfBlows","floor":3.0},{"not_picked":["Collect","ThirdEye"],"picked":"Consecrate","floor":4.0},{"not_picked":["Vault","Halt"],"picked":"EmptyBody","floor":6.0},{"not_picked":["EmptyMind","CrushJoints","PathToVictory"],"picked":"SKIP","floor":8.0},{"not_picked":["FollowUp","PathToVictory"],"picked":"Crescendo","floor":10.0},{"not_picked":["Consecrate","WheelKick"],"picked":"Meditate","floor":11.0},{"not_picked":["EmptyFist","FlyingSleeves"],"picked":"Conclude","floor":12.0},{"not_picked":["Consecrate","Conclude"],"picked":"BattleHymn","floor":14.0},{"not_picked":["FlyingSleeves","SashWhip"],"picked":"Nirvana","floor":15.0},{"not_picked":["Vault","DevaForm"],"picked":"DeusExMachina","floor":16.0},{"not_picked":["Evaluate+1","EmptyFist"],"picked":"Adaptation","floor":18.0},{"not_picked":["Consecrate","Prostrate","PathToVictory"],"picked":"SKIP","floor":19.0},{"not_picked":["SashWhip","Prostrate+1"],"picked":"ClearTheMind","floor":20.0},{"not_picked":["PathToVictory","EmptyFist"],"picked":"Establishment","floor":22.0},{"not_picked":["ThirdEye","Indignation","ClearTheMind"],"picked":"SKIP","floor":24.0},{"not_picked":["Evaluate","Indignation","Prostrate"],"picked":"SKIP","floor":25.0},{"not_picked":["SashWhip","WreathOfFlame","ThirdEye"],"picked":"SKIP","floor":27.0},{"not_picked":["Worship","Conclude+1"],"picked":"FlurryOfBlows+1","floor":28.0},{"not_picked":["PathToVictory","Evaluate"],"picked":"Tantrum","floor":29.0},{"not_picked":["FlyingSleeves","Prostrate"],"picked":"MasterReality","floor":30.0},{"not_picked":["Halt+1","Meditate","ThirdEye"],"picked":"SKIP","floor":31.0},{"not_picked":["Brilliance","Vault"],"picked":"LessonLearned","floor":33.0},{"not_picked":["FlyingSleeves+1","Prostrate+1","Halt"],"picked":"SKIP","floor":35.0},{"not_picked":["Jack Of All Trades","Metamorphosis"],"picked":"Madness","floor":37.0},{"not_picked":["CrushJoints+1","Study","JustLucky"],"picked":"SKIP","floor":38.0},{"not_picked":["ClearTheMind","Consecrate+1","FollowUp"],"picked":"SKIP","floor":39.0},{"not_picked":["Tantrum","FlyingSleeves","Swivel+1"],"picked":"SKIP","floor":40.0},{"not_picked":["BowlingBash","SandsOfTime+1","JustLucky"],"picked":"SKIP","floor":48.0}],"player_experience":787977,"relics_obtained":[{"floor":6.0,"key":"Dream Catcher"},{"floor":9.0,"key":"Dead Branch"},{"floor":14.0,"key":"Shovel"},{"floor":23.0,"key":"StoneCalendar"},{"floor":24.0,"key":"MealTicket"},{"floor":26.0,"key":"Orichalcum"},{"floor":32.0,"key":"Incense Burner"},{"floor":40.0,"key":"CeramicFish"},{"floor":41.0,"key":"Bag of Marbles"},{"floor":43.0,"key":"Oddly Smooth Stone"},{"floor":44.0,"key":"Art of War"},{"floor":46.0,"key":"Smiling Mask"},{"floor":49.0,"key":"Gremlin Horn"}],"event_choices":[{"damage_healed":0.0,"max_hp_gain":0.0,"max_hp_loss":0.0,"gold_gain":0.0,"event_name":"The Woman in Blue","player_choice":"Bought 1 Potion","floor":5.0,"gold_loss":0.0,"damage_taken":0.0},{"damage_healed":0.0,"max_hp_gain":0.0,"max_hp_loss":0.0,"gold_gain":0.0,"event_name":"SensoryStone","player_choice":"Memory 2","floor":37.0,"gold_loss":0.0,"damage_taken":5.0},{"damage_healed":0.0,"max_hp_gain":0.0,"max_hp_loss":0.0,"gold_gain":0.0,"event_name":"Mysterious Sphere","player_choice":"Ignored","floor":42.0,"gold_loss":0.0,"damage_taken":0.0},{"damage_healed":0.0,"max_hp_gain":0.0,"max_hp_loss":0.0,"gold_gain":0.0,"event_name":"Lab","player_choice":"Got Potions","floor":45.0,"gold_loss":0.0,"damage_taken":0.0}],"is_beta":false,"boss_relics":[{"not_picked":["Ectoplasm","Tiny House"],"picked":"Pandora\u0027s Box"},{"not_picked":["SlaversCollar","Black Star"],"picked":"Sozu"}],"items_purged_floors":[36,47],"is_endless":false,"potions_floor_spawned":[2,3,8,10,19,24,25,29,31,48],"ascension_level":3}}