{"host":"i70yit5z0kpl303k","time":1612835629,"event":{"mods":["2.2 Compatiblity","Act Like it!","BaseMod","BetterRewards","Evolution","Gensokyo","Infinite Spire","Ironclad Rager","Koishi","Marked Mod","Minty Spire (QoL Compilation)","Relic Stats","Reliquary","Replay The Spire","StSLib","The Blue Laboratory","The Marked","The Servant 0.9.4","TheSwordswoman"],"gold_per_floor":[115,290,67,67,84,110,60,60,60,80,115,115,149,163,163,261,261,271,271,283,307,320,320,336,350,376,376,73,99,118,151,151,249,249,261,278,278,278,278],"floor_reached":38,"language":"ENG","playtime":2534,"items_purged":["Doubt"],"score":551,"play_id":"836907c3-8938-4dfb-aa24-2821da12bc2f","local_time":"20210208175349","is_ascension_mode":true,"campfire_choices":[{"floor":15,"key":"REST"},{"floor":23,"key":"REST"},{"floor":32,"key":"REST"}],"circlet_count":0,"master_deck":["Cold Snap","Zap","ICR:ProbingStrike","ICR:ProbingStrike","ICR:ProbingStrike","ICR:AutoDefend","ICR:AutoDefend","ICR:AutoDefend","ReplayGash+1","Consume+1","Beam Cell","Gash","Barrage","Coolheaded","Cold Snap","Beam Cell","Stack+1","Flex","Panic Button","Panic Button","All For One+1","Steam+1","infinitespire:Punishment","Ball Lightning+1","Defragment","Coolheaded","Panic Button","Ball Lightning","infinitespire:NeuralNetwork","ICR:ChainLightning","Electrodynamics","Cold Snap","Beam Cell+1"],"relics":["EVO:Axolotl","Orrery","Replay:Wax Seal","Iron Core","reliquary:LoveEmittingDiode","reliquary:WeakTea","infinitespire:Golems Mask","Lizard Tail","Ring of Chaos","Black Star","Replay:Mystery Machine","reliquary:ExpiredCoupon","Potion Belt","Simple Rune","Guide Book","Pondfish Scales","War Paint","Emotion Chip","Blue Doll","Philosopher\u0027s Stone"],"acts_visited":["Exordium","TheCity","TheBeyond"],"potions_floor_usage":[13,29,38],"damage_taken":[{"damage":0,"enemies":"2 Louse","floor":1,"turns":3},{"damage":0,"enemies":"Jaw Worm","floor":5,"turns":3},{"damage":23,"enemies":"3 Sentries","floor":6,"turns":7},{"damage":0,"enemies":"Small Slimes","floor":10,"turns":2},{"damage":11,"enemies":"Lagavulin","floor":11,"turns":7},{"damage":6,"enemies":"3 Sentries","floor":13,"turns":6},{"damage":4,"enemies":"Exordium Wildlife","floor":14,"turns":3},{"damage":24,"enemies":"Hexaghost","floor":16,"turns":8},{"damage":4,"enemies":"Shell Parasite","floor":18,"turns":3},{"damage":10,"enemies":"Spheric Guardian","floor":20,"turns":4},{"damage":20,"enemies":"Snake Plant","floor":22,"turns":2},{"damage":15,"enemies":"Snecko","floor":24,"turns":3},{"damage":12,"enemies":"Shelled Parasite and Fungi","floor":25,"turns":3},{"damage":6,"enemies":"Nightmare","floor":29,"turns":5},{"damage":0,"enemies":"Sentry and Sphere","floor":30,"turns":2},{"damage":30,"enemies":"Slavers","floor":31,"turns":4},{"damage":13,"enemies":"Champ","floor":33,"turns":6},{"damage":7,"enemies":"3 Shapes","floor":35,"turns":3},{"damage":26,"enemies":"3 Darklings","floor":36,"turns":3},{"damage":10,"enemies":"infinitespire:Three Voidlings","floor":38,"turns":4},{"damage":41,"enemies":"Nightmare_Alpha","floor":38,"turns":5}],"seed_played":"4646664632330549424","potions_obtained":[{"floor":6,"key":"blueLaboratory:FrostheartPotion"},{"floor":10,"key":"Fire Potion"},{"floor":11,"key":"blueLaboratory:SystemWipe"},{"floor":24,"key":"blueLaboratory:BubblePotion"},{"floor":29,"key":"blueLaboratory:BubblePotion"},{"floor":31,"key":"blueLaboratory:BiasPotion"},{"floor":35,"key":"Weak Potion"}],"is_trial":false,"path_per_floor":["M","?","$","?","M","E","?","?","T","M","E","T","E","M","R","B",null,"M","AVR","M","T","M","R","M","M","T","?","$","NM","M","E","R","B",null,"M","M","?","?"],"character_chosen":"DEFECT","items_purchased":["Orrery","Simple Rune","Guide Book"],"campfire_rested":3,"item_purchase_floors":[3,28,28],"current_hp_per_floor":[75,75,75,68,68,45,45,45,45,45,34,34,28,24,46,22,75,71,71,61,61,41,63,48,36,36,22,22,16,16,29,53,40,80,73,47,47,0,0],"gold":278,"neow_bonus":"DEFECT_WARDEN","is_daily":false,"chose_seed":false,"campfire_upgraded":0,"win_rate":0.0,"timestamp":1612835629,"path_taken":["M","?","$","?","M","E","?","?","T","?","E","?","E","M","R","BOSS","M","AVR","?","?","M","R","M","M","T","?","$","NM","M","E","R","BOSS","M","M","?","?"],"items_purchased_type":["Relic","Relic","Relic"],"build_version":"2020-12-22","purchased_purges":1,"victory":false,"max_hp_per_floor":[75,75,75,75,75,75,75,75,75,75,75,75,75,75,75,75,75,75,75,75,75,75,75,75,75,75,80,80,80,80,80,80,80,80,80,80,80,80,80],"relic_stats":{"Lizard Tail":40,"Emotion Chip":[12,6,6,0,0],"counters":[21,86],"Black Star":2,"War Paint":["Stack","ICR:AutoDefend"],"obtain_stats":[{"Potion Belt":26,"Iron Core":8,"reliquary:LoveEmittingDiode":9,"Guide Book":28,"Blue Doll":31,"Ring of Chaos":17,"EVO:Axolotl":0,"reliquary:WeakTea":11,"Replay:Mystery Machine":19,"War Paint":29,"reliquary:ExpiredCoupon":21,"Lizard Tail":13,"Pondfish Scales":29,"Emotion Chip":31,"Orrery":3,"infinitespire:Golems Mask":12,"Simple Rune":28,"Philosopher\u0027s Stone":34,"Black Star":19,"Replay:Wax Seal":6,"Cracked Core":0},{"Potion Belt":13,"Iron Core":3,"reliquary:LoveEmittingDiode":3,"Guide Book":13,"Blue Doll":16,"Ring of Chaos":8,"EVO:Axolotl":0,"reliquary:WeakTea":5,"Replay:Mystery Machine":9,"War Paint":14,"reliquary:ExpiredCoupon":10,"Lizard Tail":6,"Pondfish Scales":14,"Emotion Chip":16,"Orrery":1,"infinitespire:Golems Mask":5,"Simple Rune":13,"Philosopher\u0027s Stone":17,"Black Star":9,"Replay:Wax Seal":3,"Cracked Core":0},{"Potion Belt":54,"Iron Core":13,"reliquary:LoveEmittingDiode":13,"Guide Book":54,"Blue Doll":65,"Ring of Chaos":39,"EVO:Axolotl":0,"reliquary:WeakTea":22,"Replay:Mystery Machine":42,"War Paint":59,"reliquary:ExpiredCoupon":46,"Lizard Tail":28,"Pondfish Scales":59,"Emotion Chip":65,"Orrery":3,"infinitespire:Golems Mask":22,"Simple Rune":54,"Philosopher\u0027s Stone":71,"Black Star":42,"Replay:Wax Seal":13,"Cracked Core":0}]},"card_choices":[{"not_picked":["ReplayTheSpireMod:GoodbyeWorld","Conserve Battery"],"picked":"ReplayGash","floor":1},{"not_picked":["Amplify","Capacitor"],"picked":"Consume","floor":3},{"not_picked":["BasicCrystalCard","Panic Button"],"picked":"Beam Cell","floor":3},{"not_picked":["Double Energy","Mirror Shield"],"picked":"Gash","floor":3},{"not_picked":["Self Repair","Sunder"],"picked":"Barrage","floor":3},{"not_picked":["Leap","Reprogram"],"picked":"Coolheaded","floor":3},{"not_picked":["Meteor Strike","BasicCrystalCard"],"picked":"Cold Snap","floor":5},{"not_picked":["Streamline","ReplaySort"],"picked":"Beam Cell","floor":6},{"not_picked":["Body Slam","Sweeping Beam"],"picked":"Stack","floor":10},{"not_picked":["Leap","Double Tap"],"picked":"Flex","floor":11},{"not_picked":["Turbo","BasicCrystalCard"],"picked":"Panic Button","floor":13},{"not_picked":["Whirlwind","Time Bomb"],"picked":"Panic Button","floor":14},{"not_picked":["Seek","Machine Learning"],"picked":"All For One","floor":16},{"not_picked":["Leap","ReplayTheSpireMod:GoodbyeWorld+1"],"picked":"Steam+1","floor":18},{"not_picked":["Compile Driver","Panic Button"],"picked":"Ball Lightning+1","floor":20},{"not_picked":["Barrage","Static Discharge"],"picked":"Defragment","floor":22},{"not_picked":["Panic Button","Leap+1"],"picked":"Coolheaded","floor":24},{"not_picked":["Recycle","Cold Snap"],"picked":"Panic Button","floor":25},{"not_picked":["Genetic Algorithm","Streamline"],"picked":"Ball Lightning","floor":29},{"not_picked":["ReplayTheSpireMod:Chaos Vortex","infinitespire:SevenWalls"],"picked":"infinitespire:NeuralNetwork","floor":29},{"not_picked":["Rebound","Turbo"],"picked":"Gash+1","floor":30},{"not_picked":["Sunder","Undo"],"picked":"ICR:ChainLightning","floor":31},{"not_picked":["ReplayRNGCard","Biased Cognition"],"picked":"Electrodynamics","floor":33},{"not_picked":["Chaos","Turbo"],"picked":"Cold Snap","floor":35},{"not_picked":["Aggregate","Glacier+1"],"picked":"Beam Cell+1","floor":36}],"player_experience":281413,"relics_obtained":[{"floor":6,"key":"Replay:Wax Seal"},{"floor":9,"key":"reliquary:LoveEmittingDiode"},{"floor":11,"key":"reliquary:WeakTea"},{"floor":12,"key":"infinitespire:Golems Mask"},{"floor":13,"key":"Lizard Tail"},{"floor":21,"key":"reliquary:ExpiredCoupon"},{"floor":26,"key":"Potion Belt"},{"floor":29,"key":"Pondfish Scales"},{"floor":29,"key":"War Paint"},{"floor":31,"key":"Emotion Chip"},{"floor":31,"key":"Blue Doll"}],"event_choices":[{"damage_healed":0,"gold_gain":175,"player_choice":"AGREE","damage_taken":0,"max_hp_gain":0,"max_hp_loss":0,"event_name":"Liars Game","floor":2,"gold_loss":0,"cards_obtained":["Doubt"]},{"cards_removed":["ICR:AutoDefend"],"damage_healed":0,"gold_gain":0,"player_choice":"Card Removal","damage_taken":0,"max_hp_gain":0,"max_hp_loss":0,"event_name":"The Cleric","floor":7,"gold_loss":50},{"damage_healed":0,"gold_gain":0,"player_choice":"Shed Blood","damage_taken":19,"max_hp_gain":5,"max_hp_loss":0,"event_name":"Forgotten Altar","floor":27,"gold_loss":0},{"cards_removed":["Gash"],"damage_healed":0,"gold_gain":0,"player_choice":"Removed Attack","damage_taken":0,"max_hp_gain":0,"max_hp_loss":0,"event_name":"Falling","floor":37,"gold_loss":0}],"is_beta":false,"boss_relics":[{"not_picked":["ChewingGum","Replay:Drink Me"],"picked":"Ring of Chaos"},{"not_picked":["reliquary:KinkedSpring","Snecko Eye"],"picked":"Philosopher\u0027s Stone"}],"items_purged_floors":[3],"is_endless":true,"potions_floor_spawned":[6,10,11,24,25,29,31,35],"killed_by":"Nightmare_Alpha","ascension_level":4}}