{"host":"hf83sijwe64ts2lm","time":1612839781,"event":{"mods":["2.2 Compatiblity","BaseMod","Better Altar","Better Match","Better Note","Better Sensory Stone","Better Skull","Better Third Choice","Colored Map","Colored Powertips","Highlight Path","Hubris","Infinite Spire","Minty Spire (QoL Compilation)","Quick Restart","Rare Cards Sparkle","Relic Stats","Reliquary","Replay The Spire","Shop Mod","Spicy Shops","Spire Arcade","StSLib","Thieving Mod"],"gold_per_floor":[116,8,20,31,96,96,96,116,116,147,25,69,69,90,90,90,90],"floor_reached":16,"language":"ENG","playtime":288,"items_purged":["infinitespire:Pacifist"],"score":155,"play_id":"b3ac0f36-e669-4bfe-8fd6-d332e191bc10","local_time":"20210208220301","is_ascension_mode":true,"campfire_choices":[{"floor":6,"key":"REST"},{"floor":15,"key":"REST"}],"circlet_count":0,"master_deck":["Strike_G","Strike_G","Strike_G","Strike_G","Strike_G","Defend_G","Defend_G","Defend_G","Defend_G","Defend_G","Survivor","Neutralize+1","Masterful Stab","Poisoned Stab","Footwork","Swift Strike","ReplayTheSpireMod:Speed Training","Slice","Injury","Sucker Punch","Slice","Dagger Spray","Blade Dance","Endless Agony","PiercingWail"],"relics":["Ring of the Snake","ReplayTheSpireMod:CursedCoin","Letter Opener","Golden Idol","reliquary:BallBearing","Tough Bandages"],"acts_visited":["Exordium"],"potions_floor_usage":[10,10,16],"damage_taken":[{"damage":6,"enemies":"2 Louse","floor":1,"turns":3},{"damage":0,"enemies":"Small Slimes","floor":3,"turns":3},{"damage":0,"enemies":"Cultist","floor":4,"turns":3},{"damage":4,"enemies":"Red Slaver","floor":8,"turns":4},{"damage":0,"enemies":"Gremlin Nob","floor":10,"turns":3},{"damage":25,"enemies":"Lagavulin","floor":12,"turns":7},{"damage":0,"enemies":"2 Fungi Beasts","floor":14,"turns":3},{"damage":51,"enemies":"The Guardian","floor":16,"turns":13}],"seed_played":"1039701521304924224","potions_obtained":[{"floor":4,"key":"Explosive Potion"},{"floor":5,"key":"FearPotion"},{"floor":14,"key":"Poison Potion"}],"is_trial":false,"path_per_floor":["M","$","M","M","?","R","?","M","T","E","$","E","?","M","R","B"],"character_chosen":"THE_SILENT","items_purchased":["ReplayTheSpireMod:CursedCoin","Poisoned Stab","Footwork","Swift Strike","Dagger Spray"],"campfire_rested":2,"item_purchase_floors":[2,2,2,2,11],"current_hp_per_floor":[64,64,64,64,36,57,57,53,53,53,53,28,28,28,49,0,0],"gold":90,"neow_bonus":"UPGRADE_CARD","is_daily":false,"chose_seed":false,"campfire_upgraded":0,"win_rate":0.0,"timestamp":1612839781,"path_taken":["M","$","M","M","?","R","?","M","T","E","$","E","?","?","R","BOSS"],"items_purchased_type":["Relic","Card","Card","Card","Card"],"build_version":"2020-12-22","purchased_purges":1,"victory":false,"max_hp_per_floor":[70,70,70,70,70,70,70,70,70,70,70,70,70,70,70,70,70],"relic_stats":{"Tough Bandages":[12],"counters":[8,39],"Golden Idol":23,"Letter Opener":[20],"obtain_stats":[{"Tough Bandages":12,"ReplayTheSpireMod:CursedCoin":2,"Golden Idol":7,"reliquary:BallBearing":10,"Letter Opener":5,"Ring of the Snake":0},{"Tough Bandages":6,"ReplayTheSpireMod:CursedCoin":1,"Golden Idol":3,"reliquary:BallBearing":5,"Letter Opener":3,"Ring of the Snake":0},{"Tough Bandages":23,"ReplayTheSpireMod:CursedCoin":3,"Golden Idol":9,"reliquary:BallBearing":16,"Letter Opener":9,"Ring of the Snake":0}],"Ring of the Snake":[16]},"card_choices":[{"not_picked":["Quick Slash","Bane"],"picked":"Masterful Stab","floor":1},{"not_picked":["Acrobatics","Tactician"],"picked":"Outmaneuver","floor":3},{"not_picked":["Underhanded Strike","Replay:Poison Smokescreen"],"picked":"ReplayTheSpireMod:Speed Training","floor":4},{"not_picked":["PiercingWail","Quick Slash"],"picked":"Slice","floor":5},{"not_picked":["PiercingWail","Dagger Throw"],"picked":"Sucker Punch","floor":8},{"not_picked":["Cloak And Dagger","Tools of the Trade"],"picked":"Slice","floor":10},{"not_picked":["Well Laid Plans","Wraith Form v2"],"picked":"Blade Dance","floor":12},{"not_picked":["Hidden Blade","Dodge and Roll"],"picked":"PiercingWail","floor":14}],"player_experience":170170,"relics_obtained":[{"floor":5,"key":"Letter Opener"},{"floor":10,"key":"reliquary:BallBearing"},{"floor":12,"key":"Tough Bandages"}],"event_choices":[{"damage_healed":0,"gold_gain":0,"player_choice":"Take Wound","damage_taken":0,"relics_obtained":["Golden Idol"],"max_hp_gain":0,"max_hp_loss":0,"event_name":"Golden Idol","floor":7,"gold_loss":0,"cards_obtained":["Injury"]},{"damage_healed":0,"gold_gain":0,"cards_transformed":["Outmaneuver"],"player_choice":"Transformed","damage_taken":0,"max_hp_gain":0,"max_hp_loss":0,"event_name":"Transmorgrifier","floor":13,"gold_loss":0,"cards_obtained":["Endless Agony"]}],"is_beta":false,"boss_relics":[],"items_purged_floors":[11],"is_endless":false,"potions_floor_spawned":[4,14],"killed_by":"The Guardian","ascension_level":3}}