{"host":"81vb4cbob60wa1na","time":1612897329,"event":{"mods":["AchievementEnabler","BaseMod","Bestiary","Colored Map","Colored Powertips","Downfall","Highlight Path","Minty Spire (QoL Compilation)","Quick Restart","Rare Cards Sparkle","StSLib"],"gold_per_floor":[99,115,129,129,147,147,147,178,7,17,47,47,57,57,69,69,69,69],"floor_reached":16,"language":"ENG","playtime":770,"items_purged":[],"score":107,"play_id":"e2e6020c-6004-4267-b067-f4fe180182a1","local_time":"20210209140209","is_ascension_mode":true,"campfire_choices":[{"data":"champ:Taunt","floor":1,"key":"SMITH"},{"data":"champ:StanceDance","floor":6,"key":"SMITH"},{"floor":12,"key":"REST"}],"circlet_count":0,"master_deck":["champ:Strike","champ:Strike","champ:Strike","champ:Defend","champ:Defend+1","champ:Defend","champ:Defend+1","champ:Execute","champ:Taunt+1","champ:EnragedBash+1","champ:StanceDance+1","champ:ArenaPreparation","champ:FocusedBerserking","champ:Devastate","champ:Devastate","champ:PerfectedStrike","champ:CrownThrow","champ:BerserkersShout"],"relics":["champ:ChampionCrown","Gambling Chip","Omamori","DollysMirror"],"acts_visited":["Exordium"],"potions_floor_usage":[10,16],"damage_taken":[{"damage":0,"enemies":"2 Louse","floor":2,"turns":3},{"damage":29,"enemies":"Cultist","floor":3,"turns":4},{"damage":21,"enemies":"Jaw Worm","floor":5,"turns":3},{"damage":59,"enemies":"Gremlin Nob","floor":8,"turns":4},{"damage":70,"enemies":"downfall:FleeingMerchant","floor":9,"turns":4},{"damage":60,"enemies":"Large Slime","floor":10,"turns":5},{"damage":17,"enemies":"2 Fungi Beasts","floor":13,"turns":3},{"damage":0,"enemies":"3 Louse","floor":15,"turns":4},{"damage":123,"enemies":"DF_ARCHETYPE_STREAMLINE","floor":16,"turns":9}],"seed_played":"-2418830890052356392","potions_obtained":[{"floor":2,"key":"SmokeBomb"},{"floor":3,"key":"Block Potion"},{"floor":13,"key":"champ:CounterPotion"}],"is_trial":false,"path_per_floor":["R","M","M","?","M","R","T","E","$","M","?","R","M","?","M","B"],"character_chosen":"THE_CHAMP","items_purchased":["DollysMirror"],"campfire_rested":1,"item_purchase_floors":[9],"current_hp_per_floor":[99,99,90,90,79,79,79,50,45,34,34,63,61,61,61,0,0,0],"gold":69,"neow_bonus":"TEN_PERCENT_HP_BONUS","is_daily":false,"chose_seed":false,"campfire_upgraded":2,"win_rate":0.0,"timestamp":1612897329,"path_taken":["R","M","M","?","M","R","T","E","$","?","?","R","M","?","M","BOSS"],"items_purchased_type":["Relic"],"build_version":"2020-12-22","purchased_purges":0,"victory":false,"max_hp_per_floor":[99,99,99,99,99,99,99,99,99,99,99,99,99,99,99,99,99,99],"card_choices":[{"not_picked":["champ:BringItOn","champ:TornadoPunch"],"picked":"champ:EnragedBash","floor":2},{"not_picked":["champ:PerfectedStrike","champ:Shatter"],"picked":"champ:StanceDance","floor":3},{"not_picked":["champ:CrownThrow","champ:Shatter"],"picked":"champ:ArenaPreparation","floor":5},{"not_picked":["champ:Backstep","champ:PerfectedStrike"],"picked":"champ:FocusedBerserking","floor":8},{"not_picked":["champ:CrownThrow","champ:FancyFootwork"],"picked":"champ:Devastate","floor":9},{"not_picked":["champ:EnragedBash","champ:CalledShot"],"picked":"champ:PerfectedStrike","floor":10},{"not_picked":["champ:Circumvent","champ:FlashCut"],"picked":"champ:CrownThrow","floor":13},{"not_picked":["champ:SkillfulDodge","champ:DefensiveStyle"],"picked":"champ:BerserkersShout","floor":15}],"player_experience":236799,"relics_obtained":[{"floor":7,"key":"Gambling Chip"},{"floor":8,"key":"Omamori"}],"event_choices":[],"is_beta":false,"boss_relics":[],"items_purged_floors":[],"is_endless":false,"potions_floor_spawned":[2,3,13],"killed_by":"DF_ARCHETYPE_STREAMLINE","ascension_level":1}}