{"host":"q0qnzbgdx8oqogg9","time":1612893682,"event":{"mods":["BaseMod","Minty Spire (QoL Compilation)","StSLib"],"gold_per_floor":[10,20,20,35,55,94,184,196,234,246,258,283,318,348,360,465,477,507,220,209,209,232,270,270,290,290,321,341,379,392,417,417,510,573,593,34,55,155,178,178,250,266,292,17,53,53,53,73,73,73,73,73,5,49,49],"floor_reached":56,"language":"ENG","playtime":7771,"items_purged":["Strike_B","Strike_B","Strike_B"],"score":1872,"play_id":"6131f514-f646-4fed-a12f-e942a97c87d5","local_time":"20210209130121","is_ascension_mode":true,"campfire_choices":[{"floor":8.0,"key":"REST"},{"floor":10.0,"key":"REST"},{"floor":15.0,"key":"REST"},{"data":"Coolheaded","floor":24.0,"key":"SMITH"},{"data":"Biased Cognition","floor":32.0,"key":"SMITH"},{"data":"White Noise","floor":40.0,"key":"SMITH"},{"floor":47.0,"key":"RECALL"},{"data":"Capacitor","floor":49.0,"key":"SMITH"},{"data":"Consume","floor":52.0,"key":"SMITH"}],"circlet_count":0,"master_deck":["AscendersBane","Defend_B","Defend_B","Defend_B","Defend_B","Zap","Dualcast","Tempest","Glacier","Defragment+1","Consume+1","Sweeping Beam","Coolheaded","Go for the Eyes","FTL","Biased Cognition+1","Capacitor+1","Coolheaded+1","Melter","Defragment","Compile Driver+1","White Noise+1","Self Repair+1","Rip and Tear+1","Buffer","Amplify","Sweeping Beam+1","Storm+1","Capacitor+1","Coolheaded","Consume+1","Amplify+1","White Noise+1"],"relics":["Cracked Core","Thread and Needle","Golden Idol","MawBank","Orichalcum","Centennial Puzzle","Coffee Dripper","ClockworkSouvenir","Bottled Lightning","Dream Catcher","Tiny Chest","Tiny House","Bag of Preparation","Potion Belt","Lee\u0027s Waffle","Prayer Wheel","Omamori","MealTicket","Runic Capacitor","Toxic Egg 2","Emotion Chip"],"acts_visited":["Exordium","TheCity","TheBeyond","TheEnding"],"potions_floor_usage":[55],"damage_taken":[{"damage":8.0,"enemies":"Jaw Worm","floor":1.0,"turns":4.0},{"damage":0.0,"enemies":"Small Slimes","floor":2.0,"turns":2.0},{"damage":0.0,"enemies":"Cultist","floor":4.0,"turns":4.0},{"damage":7.0,"enemies":"Large Slime","floor":5.0,"turns":4.0},{"damage":27.0,"enemies":"Gremlin Nob","floor":6.0,"turns":7.0},{"damage":21.0,"enemies":"Lagavulin Event","floor":7.0,"turns":5.0},{"damage":16.0,"enemies":"Exordium Thugs","floor":12.0,"turns":5.0},{"damage":1.0,"enemies":"Looter","floor":13.0,"turns":3.0},{"damage":0.0,"enemies":"Blue Slaver","floor":14.0,"turns":3.0},{"damage":38.0,"enemies":"Slime Boss","floor":16.0,"turns":10.0},{"damage":5.0,"enemies":"Shell Parasite","floor":18.0,"turns":4.0},{"damage":6.0,"enemies":"2 Thieves","floor":20.0,"turns":4.0},{"damage":0.0,"enemies":"Cultist and Chosen","floor":22.0,"turns":6.0},{"damage":8.0,"enemies":"Gremlin Leader","floor":23.0,"turns":7.0},{"damage":2.0,"enemies":"Snecko","floor":25.0,"turns":5.0},{"damage":0.0,"enemies":"Book of Stabbing","floor":27.0,"turns":8.0},{"damage":7.0,"enemies":"Snake Plant","floor":28.0,"turns":4.0},{"damage":16.0,"enemies":"Slavers","floor":29.0,"turns":10.0},{"damage":1.0,"enemies":"Shelled Parasite and Fungi","floor":30.0,"turns":6.0},{"damage":0.0,"enemies":"Cultist and Chosen","floor":31.0,"turns":5.0},{"damage":13.0,"enemies":"Collector","floor":33.0,"turns":12.0},{"damage":32.0,"enemies":"3 Darklings","floor":35.0,"turns":5.0},{"damage":7.0,"enemies":"3 Shapes","floor":37.0,"turns":3.0},{"damage":6.0,"enemies":"Spire Growth","floor":39.0,"turns":4.0},{"damage":8.0,"enemies":"2 Orb Walkers","floor":41.0,"turns":5.0},{"damage":16.0,"enemies":"Nemesis","floor":42.0,"turns":9.0},{"damage":0.0,"enemies":"Reptomancer","floor":45.0,"turns":4.0},{"damage":6.0,"enemies":"Sphere and 2 Shapes","floor":48.0,"turns":4.0},{"damage":8.0,"enemies":"Time Eater","floor":50.0,"turns":13.0},{"damage":15.0,"enemies":"Shield and Spear","floor":54.0,"turns":5.0},{"damage":29,"enemies":"The Heart","floor":55,"turns":10}],"seed_played":"6203939519104586404","potions_obtained":[{"floor":1.0,"key":"SpeedPotion"},{"floor":5.0,"key":"GamblersBrew"},{"floor":6.0,"key":"LiquidMemories"},{"floor":7.0,"key":"SpeedPotion"},{"floor":14.0,"key":"FocusPotion"},{"floor":27.0,"key":"FairyPotion"},{"floor":39.0,"key":"DuplicationPotion"},{"floor":45.0,"key":"AttackPotion"}],"is_trial":false,"path_per_floor":["M","M","?","M","M","E","?","R","T","R","?","M","M","M","R","B",null,"M","$","M","?","M","E","R","M","T","E","M","E","M","M","R","B",null,"M","$","M","?","M","R","?","E","T","$","E","?","R","M","R","B",null,"R","$","E","B",null],"character_chosen":"DEFECT","items_purchased":["ClockworkSouvenir","Capacitor","Bag of Preparation","Potion Belt","Lee\u0027s Waffle","Runic Capacitor","White Noise+1"],"campfire_rested":3,"item_purchase_floors":[19,19,36,36,36,44,53],"current_hp_per_floor":[60,60,60,60,53,26,5,25,25,45,45,29,28,28,48,10,54,49,49,43,43,43,35,35,33,33,33,26,17,23,30,30,24,63,51,81,74,74,78,78,80,74,74,81,81,77,77,71,71,73,76,76,77,62,43],"gold":49,"neow_bonus":"ONE_RARE_RELIC","is_daily":false,"chose_seed":false,"campfire_upgraded":5,"win_rate":0.0,"timestamp":1612893681,"path_taken":["M","M","?","M","M","E","?","R","T","R","?","M","M","?","R","BOSS","M","$","M","?","M","E","R","M","T","E","M","E","M","M","R","BOSS","M","$","M","?","?","R","?","E","T","$","E","?","R","M","R","BOSS","R","$","E","BOSS"],"items_purchased_type":["Relic","Card","Relic","Relic","Relic","Relic","Card"],"build_version":"2020-12-22","purchased_purges":3,"victory":true,"max_hp_per_floor":[75,75,69,69,69,69,69,69,69,69,69,69,69,69,69,69,69,69,69,69,69,69,69,69,69,69,69,69,69,69,69,69,69,74,74,81,81,81,81,81,81,81,81,81,81,77,77,77,77,77,77,77,77,77,77],"card_choices":[{"not_picked":["Beam Cell","Hologram"],"picked":"Tempest","floor":1.0},{"not_picked":["Conserve Battery","Blizzard"],"picked":"Glacier","floor":2.0},{"not_picked":["Auto Shields","Stack"],"picked":"Defragment","floor":4.0},{"not_picked":["Double Energy","Steam Power"],"picked":"Consume","floor":5.0},{"not_picked":["Gash","Hologram"],"picked":"Sweeping Beam","floor":6.0},{"not_picked":["Streamline","Static Discharge"],"picked":"Coolheaded","floor":7.0},{"not_picked":["Sweeping Beam","Melter"],"picked":"Go for the Eyes","floor":12.0},{"not_picked":["Go for the Eyes","Leap","Hello World"],"picked":"SKIP","floor":13.0},{"not_picked":["Conserve Battery","Leap"],"picked":"FTL","floor":14.0},{"not_picked":["Echo Form","Machine Learning"],"picked":"Biased Cognition","floor":16.0},{"not_picked":["Barrage","Rip and Tear","Ball Lightning"],"picked":"SKIP","floor":18.0},{"not_picked":["Stack","Force Field"],"picked":"Coolheaded","floor":20.0},{"not_picked":["Hologram","Rip and Tear"],"picked":"Melter","floor":22.0},{"not_picked":["Stack","Steam"],"picked":"Defragment","floor":23.0},{"not_picked":["Cold Snap","Ball Lightning","Compile Driver+1"],"picked":"SKIP","floor":25.0},{"not_picked":["Cold Snap","Ball Lightning"],"picked":"Compile Driver+1","floor":25.0},{"not_picked":["Auto Shields","Fusion"],"picked":"White Noise","floor":27.0},{"not_picked":["Sunder","FTL"],"picked":"Self Repair","floor":28.0},{"not_picked":["Force Field","Beam Cell"],"picked":"Rip and Tear+1","floor":29.0},{"not_picked":["Doom and Gloom","Hologram"],"picked":"Buffer","floor":30.0},{"not_picked":["Barrage","Streamline+1","Auto Shields"],"picked":"SKIP","floor":31.0},{"not_picked":["Buffer","Rainbow"],"picked":"Amplify","floor":33.0},{"not_picked":["Aggregate","BootSequence"],"picked":"Sweeping Beam+1","floor":34.0},{"not_picked":["Conserve Battery","Aggregate+1"],"picked":"Storm+1","floor":35.0},{"not_picked":["Barrage","Compile Driver"],"picked":"Capacitor+1","floor":37.0},{"not_picked":["Rebound","Barrage"],"picked":"Coolheaded","floor":39.0},{"not_picked":["Reprogram+1","Sweeping Beam","White Noise+1"],"picked":"SKIP","floor":42.0},{"not_picked":["Tempest+1","Cold Snap"],"picked":"Consume+1","floor":45.0},{"not_picked":["Leap+1","Streamline"],"picked":"Amplify+1","floor":48.0},{"not_picked":["Conserve Battery+1","Compile Driver","Turbo+1"],"picked":"SKIP","floor":48.0},{"not_picked":["FTL","Fusion+1","Stack+1"],"picked":"SKIP","floor":54.0}],"player_experience":351607,"relics_obtained":[{"floor":6.0,"key":"MawBank"},{"floor":7.0,"key":"Orichalcum"},{"floor":9.0,"key":"Centennial Puzzle"},{"floor":23.0,"key":"Bottled Lightning"},{"floor":27.0,"key":"Dream Catcher"},{"floor":29.0,"key":"Tiny Chest"},{"floor":41.0,"key":"Prayer Wheel"},{"floor":41.0,"key":"Omamori"},{"floor":43.0,"key":"MealTicket"},{"floor":45.0,"key":"Toxic Egg 2"},{"floor":54.0,"key":"Emotion Chip"}],"event_choices":[{"damage_healed":0.0,"max_hp_gain":0.0,"max_hp_loss":6.0,"gold_gain":0.0,"event_name":"Golden Idol","player_choice":"Lose Max HP","floor":3.0,"gold_loss":0.0,"damage_taken":0.0,"relics_obtained":["Golden Idol"]},{"damage_healed":0.0,"max_hp_gain":0.0,"max_hp_loss":0.0,"gold_gain":0.0,"event_name":"Dead Adventurer","player_choice":"Searched \u00271\u0027 times","floor":7.0,"gold_loss":0.0,"damage_taken":0.0},{"damage_healed":0.0,"max_hp_gain":0.0,"max_hp_loss":0.0,"gold_gain":0.0,"event_name":"Upgrade Shrine","player_choice":"Upgraded","floor":11.0,"gold_loss":0.0,"damage_taken":0.0,"cards_upgraded":["Defragment"]},{"cards_removed":["Strike_B"],"damage_healed":0.0,"max_hp_gain":0.0,"max_hp_loss":0.0,"gold_gain":0.0,"event_name":"Purifier","player_choice":"Purged","floor":21.0,"gold_loss":0.0,"damage_taken":0.0},{"damage_healed":0.0,"max_hp_gain":0.0,"max_hp_loss":0.0,"gold_gain":100.0,"event_name":"Golden Shrine","player_choice":"Pray","floor":38.0,"gold_loss":0.0,"damage_taken":0.0},{"damage_healed":0.0,"max_hp_gain":0.0,"max_hp_loss":0.0,"gold_gain":0.0,"event_name":"Mysterious Sphere","player_choice":"Fight","floor":41.0,"gold_loss":0.0,"damage_taken":0.0},{"damage_healed":0.0,"max_hp_gain":0.0,"max_hp_loss":4.0,"gold_gain":0.0,"event_name":"Winding Halls","player_choice":"Max HP","floor":46.0,"gold_loss":0.0,"damage_taken":0.0}],"is_beta":false,"boss_relics":[{"not_picked":["SacredBark","Snecko Eye"],"picked":"Coffee Dripper"},{"not_picked":["Philosopher\u0027s Stone","Fusion Hammer"],"picked":"Tiny House"}],"items_purged_floors":[19,36,44],"is_endless":false,"potions_floor_spawned":[1,5,6,7,14,18,20,25,27,30,35,39,45,54],"ascension_level":13}}