{"host":"vflj39ie5n27t074","time":1612906765,"event":{"mods":["BaseMod","BetterRewards","Bossed Relics","Colored Map","Colored Powertips","Downfall","Hubris","Infinite Spire","Marisa????????","Minty Spire (QoL Compilation)","Replay The Spire","SIMod","StSLib","The Bug Knight","The Jungle","The Mystic","The Servant 0.9.4"],"gold_per_floor":[113,125,125,16,16,16,16,41,67,77,94,110,110,126,126,126,126],"floor_reached":16,"language":"ENG","playtime":1050,"items_purged":["Regret"],"score":107,"play_id":"e55b410f-0e3b-4741-abbf-d6df08b68644","local_time":"20210209153925","is_ascension_mode":true,"campfire_choices":[{"data":"Return_To_Past","floor":6,"key":"SMITH"},{"floor":13,"key":"REST"},{"floor":15,"key":"REST"}],"circlet_count":0,"master_deck":["Strike_AJ+1","Strike_TS","Strike_RR","Strike_RD","Defend_PP","Defend_FS","Defend_AJ","ConcertedEfforts","HarmonyShield","ISayNo","Yay","Yay","Return_To_Past+1","PartyTime","PartyTime","DynamicVision","Magic","BehindTheScene","Louder+1","TasteRainbow"],"relics":["The_element_of_harmony","Potion Belt","Orichalcum","Gremlin Food","Omamori"],"acts_visited":["Exordium"],"potions_floor_usage":[16],"damage_taken":[{"damage":0,"enemies":"Jaw Worm","floor":1,"turns":6},{"damage":5,"enemies":"Small Slimes","floor":2,"turns":4},{"damage":19,"enemies":"Gremlin Nob","floor":8,"turns":5},{"damage":0,"enemies":"2 Louse","floor":10,"turns":2},{"damage":14,"enemies":"Blue Slaver","floor":11,"turns":5},{"damage":2,"enemies":"Exordium Wildlife","floor":12,"turns":4},{"damage":2,"enemies":"Large Slime","floor":14,"turns":5},{"damage":92,"enemies":"Hexaghost","floor":16,"turns":16}],"seed_played":"3643534879547150150","potions_obtained":[{"floor":8,"key":"Strength Potion"},{"floor":11,"key":"Strength Potion"}],"is_trial":false,"path_per_floor":["M","M","?","$","?","R","T","E","T","M","M","M","R","M","R","B"],"character_chosen":"TWI_CLASS","items_purchased":["PartyTime"],"campfire_rested":2,"item_purchase_floors":[4],"current_hp_per_floor":[90,85,85,85,78,78,78,59,59,59,45,43,70,68,90,0,0],"gold":126,"neow_bonus":"TEN_PERCENT_HP_BONUS","is_daily":false,"chose_seed":false,"campfire_upgraded":1,"win_rate":0.0,"timestamp":1612906765,"path_taken":["M","M","?","?","?","R","?","E","T","M","?","M","R","M","R","BOSS"],"items_purchased_type":["Card"],"build_version":"2020-12-22","purchased_purges":1,"victory":false,"max_hp_per_floor":[90,90,90,90,90,90,90,90,90,90,90,90,90,90,90,90,90],"card_choices":[{"not_picked":["FriendOfNature"],"picked":"ISayNo","floor":1},{"not_picked":["TasteRainbow"],"picked":"Yay","floor":1},{"not_picked":["RunningOfTheLeaves"],"picked":"Yay","floor":2},{"not_picked":["Winterwrapup"],"picked":"Return_To_Past","floor":2},{"not_picked":["KillingWithKindness","AppleFever"],"picked":"SKIP","floor":8},{"not_picked":["PartyCana","AllByMyself"],"picked":"SKIP","floor":8},{"not_picked":["Tornado"],"picked":"DynamicVision","floor":10},{"not_picked":["Return_To_Past"],"picked":"Magic","floor":10},{"not_picked":["Generousity"],"picked":"BehindTheScene","floor":11},{"not_picked":["Charge"],"picked":"Louder","floor":11},{"not_picked":["AllByMyself","Celebrities"],"picked":"SKIP","floor":12},{"not_picked":["Smile","Winterwrapup"],"picked":"SKIP","floor":12},{"not_picked":["HideCarefully"],"picked":"TasteRainbow","floor":14},{"not_picked":["AllByMyself","ThunderCloud"],"picked":"SKIP","floor":14}],"player_experience":132315,"relics_obtained":[{"floor":7,"key":"Orichalcum"},{"floor":8,"key":"Gremlin Food"},{"floor":9,"key":"Omamori"}],"event_choices":[{"damage_healed":0,"gold_gain":0,"player_choice":"Box","damage_taken":0,"relics_obtained":["Potion Belt"],"max_hp_gain":0,"max_hp_loss":0,"event_name":"Big Fish","floor":3,"gold_loss":0,"cards_obtained":["Regret"]},{"cards_removed":["Defend_TS"],"damage_healed":0,"gold_gain":0,"player_choice":"Card Removal","damage_taken":7,"max_hp_gain":0,"max_hp_loss":0,"event_name":"Golden Wing","floor":5,"gold_loss":0}],"is_beta":false,"boss_relics":[],"items_purged_floors":[4],"is_endless":false,"potions_floor_spawned":[8,11],"killed_by":"Hexaghost","ascension_level":1}}