{"host":"fvfv74rwxn7g5wli","time":1612849681,"event":{"mods":["BaseMod","Better Third Choice","Colored Powertips","DeckTracker","Downfall","GifTheSpireLib","Minty Spire (QoL Compilation)","Potionbrewer","Quick Restart","Reliquary","StSLib"],"gold_per_floor":[116,116,191,137,157,157,157,157,157,157,157,157,207,207,207,336,336,361,32,32,57,57,57,57,70,142,167,117,142,142,142,142,261,261,282,111,111,0,0,36,36,36,106,106,106,175,175,194,194,194],"floor_reached":51,"language":"ENG","playtime":1295,"items_purged":[],"score":751,"play_id":"c952fc01-4a12-4b52-a70f-ba600e294cae","local_time":"20210208214801","daily_mods":["SealedDeck","Specialized","Vintage","Heirloom","Time Dilation","Flight"],"is_ascension_mode":false,"campfire_choices":[{"data":"Chaos","floor":6,"key":"SMITH"},{"data":"Loop","floor":7,"key":"SMITH"},{"data":"Loop","floor":10,"key":"SMITH"},{"data":"Loop","floor":12,"key":"SMITH"},{"data":"Loop","floor":15,"key":"SMITH"},{"data":"Chaos","floor":23,"key":"SMITH"},{"data":"Loop","floor":30,"key":"SMITH"},{"data":"Loop","floor":32,"key":"SMITH"},{"data":"Storm","floor":41,"key":"SMITH"},{"data":"Machine Learning","floor":42,"key":"SMITH"},{"floor":44,"key":"REST"},{"data":"Streamline","floor":45,"key":"SMITH"},{"data":"Fusion","floor":49,"key":"SMITH"}],"circlet_count":0,"master_deck":["Loop+1","Loop+1","Loop+1","Loop+1","Loop+1","Chaos+1","Loop+1","Streamline+1","Beam Cell","Gash+1","Ball Lightning","Capacitor","Gash+1","Go for the Eyes","Chaos+1","Go for the Eyes+1","Machine Learning+1","Beam Cell","Storm+1","Fusion+1"],"relics":["Cracked Core","TungstenRod","Oddly Smooth Stone","Golden Idol","Vajra","Guardian:PocketSentry","Boot","Inserter","PreservedInsect","Torii","Matryoshka","reliquary:WeakTea","Ginger","champ:DuelingGlove","Blood Vial","Kunai","reliquary:Boomerang","Nunchaku","reliquary:PrincelyHelmet","Black Star","potionbrewer:SlideRule","champ:Barbells","Red Mask","Shuriken","Whetstone","Slimebound:PreparedRelic","Prayer Wheel","Pantograph"],"acts_visited":["Exordium","TheCity","TheBeyond"],"potions_floor_usage":[16,27,33,33,50,50],"damage_taken":[{"damage":0,"enemies":"Small Slimes","floor":1,"turns":3},{"damage":0,"enemies":"Jaw Worm","floor":5,"turns":2},{"damage":17,"enemies":"Hexaghost","floor":16,"turns":5},{"damage":11,"enemies":"Shell Parasite","floor":18,"turns":4},{"damage":0,"enemies":"Spheric Guardian","floor":21,"turns":3},{"damage":6,"enemies":"Snecko","floor":25,"turns":4},{"damage":0,"enemies":"Chosen and Byrds","floor":27,"turns":4},{"damage":46,"enemies":"Collector","floor":33,"turns":6},{"damage":27,"enemies":"3 Darklings","floor":35,"turns":5},{"damage":13,"enemies":"Giant Head","floor":40,"turns":6},{"damage":20,"enemies":"2 Orb Walkers","floor":46,"turns":4},{"damage":6,"enemies":"Orb Walker","floor":48,"turns":2},{"damage":58,"enemies":"Awakened One","floor":50,"turns":8}],"seed_played":"-5944922378251601099","potions_obtained":[{"floor":1,"key":"potionbrewer:EndurancePotion"},{"floor":18,"key":"LiquidMemories"},{"floor":21,"key":"Dexterity Potion"},{"floor":25,"key":"DuplicationPotion"},{"floor":35,"key":"FocusPotion"},{"floor":46,"key":"EssenceOfSteel"},{"floor":48,"key":"FairyPotion"}],"is_trial":true,"path_per_floor":["M","?","?","$","M","R","R","?","T","R","?","R","T","?","R","B",null,"M","$","?","M","T","R","?","M","T","M","$","T","R","?","R","B",null,"M","$","$","?","?","E","R","R","T","R","R","?","?","M","R","B",null],"character_chosen":"DEFECT","items_purchased":["Go for the Eyes","Torii","Chaos","Go for the Eyes","Beam Cell","champ:Barbells"],"campfire_rested":1,"item_purchase_floors":[4,19,19,28,36,36],"current_hp_per_floor":[75,69,59,59,59,59,59,59,59,59,46,46,46,69,69,52,69,58,58,58,58,58,58,58,52,52,54,54,54,54,54,54,10,69,42,42,42,42,42,31,31,31,31,51,51,33,60,54,54,2],"gold":194,"neow_bonus":"","is_daily":false,"chose_seed":false,"campfire_upgraded":12,"win_rate":0.0,"timestamp":1612849681,"path_taken":["M","?","?","?","?","R","R","?","T","R","?","R","?","?","R","BOSS","M","$","?","?","?","R","?","M","T","?","?","?","R","?","R","BOSS","M","$","$","?","?","E","R","R","T","R","R","?","?","?","R","BOSS"],"items_purchased_type":["Card","Relic","Card","Card","Card","Relic"],"build_version":"2020-12-22","purchased_purges":0,"victory":true,"max_hp_per_floor":[75,69,69,69,69,69,69,69,69,69,69,69,69,69,69,69,69,69,69,69,69,69,69,69,69,69,69,69,69,69,69,69,69,69,69,69,69,69,69,69,69,69,69,69,69,69,60,60,60,60],"card_choices":[{"not_picked":["Hyperbeam","Meteor Strike"],"picked":"Machine Learning","floor":33},{"not_picked":["Cold Snap","Rebound+1"],"picked":"Storm","floor":40},{"not_picked":["Undo","BootSequence"],"picked":"Fusion","floor":46}],"player_experience":100679,"relics_obtained":[{"floor":1,"key":"Oddly Smooth Stone"},{"floor":5,"key":"Vajra"},{"floor":9,"key":"Guardian:PocketSentry"},{"floor":13,"key":"Boot"},{"floor":18,"key":"PreservedInsect"},{"floor":21,"key":"Matryoshka"},{"floor":22,"key":"reliquary:WeakTea"},{"floor":22,"key":"Ginger"},{"floor":25,"key":"champ:DuelingGlove"},{"floor":26,"key":"Blood Vial"},{"floor":26,"key":"Kunai"},{"floor":27,"key":"reliquary:Boomerang"},{"floor":29,"key":"Nunchaku"},{"floor":35,"key":"potionbrewer:SlideRule"},{"floor":40,"key":"Shuriken"},{"floor":40,"key":"Whetstone"},{"floor":43,"key":"Slimebound:PreparedRelic"},{"floor":46,"key":"Prayer Wheel"},{"floor":48,"key":"Pantograph"}],"event_choices":[{"damage_healed":0,"gold_gain":0,"player_choice":"Lose Max HP","damage_taken":0,"relics_obtained":["Golden Idol"],"max_hp_gain":0,"max_hp_loss":6,"event_name":"Golden Idol","floor":2,"gold_loss":0},{"damage_healed":0,"gold_gain":75,"player_choice":"Gold","damage_taken":11,"max_hp_gain":0,"max_hp_loss":0,"event_name":"betterThird:BetterGoop","floor":3,"gold_loss":0},{"damage_healed":0,"gold_gain":0,"player_choice":"Ignored","damage_taken":157,"max_hp_gain":0,"max_hp_loss":0,"event_name":"betterThird:BetterSerpent","floor":8,"gold_loss":0},{"damage_healed":59,"gold_gain":0,"player_choice":"Upgrade","damage_taken":14,"max_hp_gain":0,"max_hp_loss":69,"event_name":"betterThird:BetterShining","floor":11,"gold_loss":0,"cards_upgraded":["BootSequence","Gash"]},{"damage_healed":23,"gold_gain":0,"player_choice":"Banana","damage_taken":0,"max_hp_gain":0,"max_hp_loss":0,"event_name":"Big Fish","floor":14,"gold_loss":0},{"cards_removed":["Skim"],"damage_healed":0,"gold_gain":0,"player_choice":"Purged","damage_taken":0,"max_hp_gain":0,"max_hp_loss":0,"event_name":"Purifier","floor":20,"gold_loss":0},{"damage_healed":0,"gold_gain":0,"player_choice":"Adaptability","damage_taken":0,"max_hp_gain":0,"max_hp_loss":0,"event_name":"betterThird:BetterWriting","floor":24,"gold_loss":0},{"damage_healed":0,"gold_gain":0,"player_choice":"Opened","damage_taken":0,"relics_obtained":["reliquary:PrincelyHelmet"],"max_hp_gain":0,"max_hp_loss":0,"event_name":"The Mausoleum","floor":31,"gold_loss":0},{"damage_healed":0,"gold_gain":0,"player_choice":"Paid","damage_taken":0,"relics_obtained":["Red Mask"],"max_hp_gain":0,"max_hp_loss":0,"event_name":"Tomb of Lord Red Mask","floor":38,"gold_loss":111},{"cards_removed":["BootSequence"],"damage_healed":0,"gold_gain":0,"player_choice":"Removed Skill","damage_taken":0,"max_hp_gain":0,"max_hp_loss":0,"event_name":"Falling","floor":39,"gold_loss":0},{"damage_healed":0,"gold_gain":0,"player_choice":"Fight","damage_taken":0,"max_hp_gain":0,"max_hp_loss":0,"event_name":"Mysterious Sphere","floor":46,"gold_loss":0},{"damage_healed":60,"gold_gain":0,"player_choice":"Heal","damage_taken":0,"max_hp_gain":0,"max_hp_loss":9,"event_name":"The Moai Head","floor":47,"gold_loss":0}],"is_beta":false,"boss_relics":[{"not_picked":["SacredBark","SlaversCollar"],"picked":"Inserter"},{"not_picked":["Calling Bell","Fusion Hammer"],"picked":"Black Star"}],"items_purged_floors":[],"is_endless":false,"potions_floor_spawned":[1,18,21,25,35,46,48],"ascension_level":0}}