{"host":"3j2m8n0ywf988fwb","time":1612842268,"event":{"mods":["2.2 Compatiblity","AchievementEnabler","Act Like it!","Aspiration","Astrologer","BaseMod","Better Altar","Better Match","Better Note","Better Sensory Stone","Better Skull","Better Third Choice","CCEM2","ChefMod","Colored Map","Colored Powertips","Conspire","Dark Map","Energized Spire","GifTheSpireLib","Halation","Hallownest","Highlight Path","Hubris","Infinite Spire","Jedi Mod","Marisa????????","Marked Mod","Mimic Mod","Minty Spire (QoL Compilation)","Monster B Gone","Random Character Button","Relic Filter Mod","Relic Stats","Reliquary","Replay The Spire","Robot Space Explorer","Shade Mod","Shop Mod","Somnambulant","StS++","StSLib","Stuff the Spire","The Bug Knight","The Elementalist","The Hierophant","The Marked","The Runesmith","TheBandit","TheFirefly","Unceasing Turn Reminder","Weighted Paths","everything is the same but u backflip on backflip"],"gold_per_floor":[115,115,115,131,131,131,160,160,200,220,220,220],"floor_reached":11,"language":"ENG","playtime":460,"items_purged":[],"score":110,"play_id":"042e66f4-3929-4724-a946-a851fa811df5","local_time":"20210208214428","is_ascension_mode":true,"campfire_choices":[{"data":"Zap","floor":6,"key":"SMITH"},{"data":"Dualcast","floor":8,"key":"SMITH"}],"circlet_count":0,"master_deck":["conspire:GhostlyStrike","conspire:GhostlyStrike","conspire:GhostlyStrike","conspire:GhostlyStrike","conspire:GhostlyDefend","conspire:GhostlyDefend","conspire:GhostlyDefend","Zap+1","Dualcast+1","StuffTheSpire:Synthwave","Regret","aspiration:Polymerization+1","Redo","Conserve Battery","Capacitor","StuffTheSpire:LoadUp"],"relics":["Cracked Core","CCEMRelics:EnergeticInfuser","aspiration:TomeofQuesting","jedi:HeartOfTheCards","Strawberry"],"acts_visited":["Exordium"],"potions_floor_usage":[9,11],"damage_taken":[{"damage":0,"enemies":"2 Louse","floor":1,"turns":1},{"damage":14,"enemies":"Jaw Worm","floor":4,"turns":3},{"damage":50,"enemies":"Lagavulin","floor":7,"turns":6},{"damage":3,"enemies":"Small Slimes","floor":9,"turns":4},{"damage":3,"enemies":"Small Slimes","floor":10,"turns":2},{"damage":11,"enemies":"3 Sentries","floor":11,"turns":1}],"seed_played":"7910530824584557270","potions_obtained":[{"floor":7,"key":"Explosive Potion"},{"floor":10,"key":"AttackPotion"}],"is_trial":false,"path_per_floor":["M","?","?","M","?","R","E","R","MIM","M","E"],"character_chosen":"DEFECT","items_purchased":[],"campfire_rested":0,"item_purchase_floors":[],"current_hp_per_floor":[68,68,68,54,54,54,4,4,8,5,0,0],"gold":220,"neow_bonus":"ONE_RARE_RELIC","is_daily":false,"chose_seed":false,"campfire_upgraded":2,"win_rate":0.0,"timestamp":1612842268,"path_taken":["M","?","?","M","?","R","E","R","MIM","M","E"],"items_purchased_type":[],"build_version":"2020-12-22","purchased_purges":0,"victory":false,"max_hp_per_floor":[68,68,68,68,68,68,68,68,75,75,75,75],"relic_stats":{"counters":[6,17],"obtain_stats":[{"Strawberry":9,"aspiration:TomeofQuesting":2,"CCEMRelics:EnergeticInfuser":0,"Cracked Core":0,"jedi:HeartOfTheCards":7},{"Strawberry":4,"aspiration:TomeofQuesting":1,"CCEMRelics:EnergeticInfuser":0,"Cracked Core":0,"jedi:HeartOfTheCards":3},{"Strawberry":14,"aspiration:TomeofQuesting":1,"CCEMRelics:EnergeticInfuser":0,"Cracked Core":0,"jedi:HeartOfTheCards":10}]},"card_choices":[{"not_picked":["StuffTheSpire:Plugnplay","Capacitor"],"picked":"StuffTheSpire:Synthwave","floor":1},{"not_picked":["Hologram","Stack"],"picked":"Redo","floor":4},{"not_picked":["Reprogram","StSpp:TargetLocked"],"picked":"Conserve Battery","floor":7},{"not_picked":["Beam Cell","Cold Snap"],"picked":"Capacitor","floor":9},{"not_picked":["ReplayTheSpireMod:GoodbyeWorld","Conserve Battery"],"picked":"StuffTheSpire:LoadUp","floor":10}],"player_experience":1102318,"relics_obtained":[{"floor":7,"key":"jedi:HeartOfTheCards"},{"floor":9,"key":"Strawberry"}],"event_choices":[{"damage_healed":0,"gold_gain":0,"player_choice":"Box","damage_taken":0,"relics_obtained":["aspiration:TomeofQuesting"],"max_hp_gain":0,"max_hp_loss":0,"event_name":"Big Fish","floor":2,"gold_loss":0,"cards_obtained":["Regret"]},{"damage_healed":0,"gold_gain":0,"player_choice":"Agree","damage_taken":0,"max_hp_gain":0,"max_hp_loss":0,"event_name":"conspire:LoneGhost","floor":5,"gold_loss":0}],"is_beta":false,"boss_relics":[],"items_purged_floors":[],"is_endless":false,"potions_floor_spawned":[7,10],"killed_by":"3 Sentries","ascension_level":4}}