{"host":"c6xy0a74zz7y4nf6","time":1612837541,"event":{"mods":["BaseMod","Colored Map","Downfall","Googly Eyes","Minty Spire (QoL Compilation)","Replay The Spire","Spire Arcade","StSLib","The Death Knight","The Exalted","thorton"],"gold_per_floor":[116,116,41,56,56,91,116,116,116,131,151,168,168,185,185,303,303,284,303,407,407,412,412,412],"floor_reached":22,"language":"ENG","playtime":1253,"items_purged":["Normality"],"score":188,"play_id":"88e1fca1-637c-48b7-85d7-70f7cd0a2f1a","local_time":"20210208202541","is_ascension_mode":false,"campfire_choices":[{"floor":8,"key":"REST"},{"floor":13,"key":"REST"},{"floor":15,"key":"REST"}],"circlet_count":0,"master_deck":["thethorton:Defend","thethorton:Defend","thethorton:Defend","thethorton:Heckle","thethorton:CreditCard","thethorton:CannonShot+1","thethorton:BusinessCard+1","thethorton:LongTermPayoff","thethorton:HitAhead","thethorton:Rebalance","thethorton:CannonShot","thethorton:BusinessBoom","thethorton:CoinClash","thethorton:BigBreak","downfall:Bewildered","Amnesia","thethorton:DualBap","thethorton:LastDitchEffort","ReplayTheSpireMod:Splinters","thethorton:DualBap","thethorton:BusinessBurst+1","Voices"],"relics":["thethorton:CouragePotion","Replay:Kaleidoscope","Pantograph","Kintsugi","Blood Vial","Smiling Mask","Art of War"],"acts_visited":["Exordium","TheCity"],"potions_floor_usage":[6,16,18,22,22],"damage_taken":[{"damage":11,"enemies":"Jaw Worm","floor":1,"turns":8},{"damage":6,"enemies":"Cultist","floor":4,"turns":4},{"damage":35,"enemies":"Lagavulin","floor":6,"turns":9},{"damage":3,"enemies":"Small Slimes","floor":7,"turns":5},{"damage":10,"enemies":"3 Louse","floor":10,"turns":4},{"damage":20,"enemies":"Exordium Wildlife","floor":11,"turns":7},{"damage":9,"enemies":"2 Fungi Beasts","floor":12,"turns":3},{"damage":15,"enemies":"Large Slime","floor":14,"turns":6},{"damage":21,"enemies":"Slime Boss","floor":16,"turns":7},{"damage":36,"enemies":"2 Thieves","floor":18,"turns":5},{"damage":30,"enemies":"Spheric Guardian","floor":19,"turns":4},{"damage":27,"enemies":"Snecko","floor":22,"turns":3}],"seed_played":"3084250235947849785","potions_obtained":[{"floor":4,"key":"Weak Potion"},{"floor":7,"key":"FairyPotion"},{"floor":11,"key":"Weak Potion"},{"floor":12,"key":"Adrenaline Potion"},{"floor":18,"key":"Energy Potion"},{"floor":19,"key":"Reflective Coating"}],"is_trial":false,"path_per_floor":["M","?","$","M","?","E","M","R","T","M","M","M","R","M","R","B",null,"M","M","?","?","M"],"character_chosen":"THE_THORT","items_purchased":[],"campfire_rested":3,"item_purchase_floors":[],"current_hp_per_floor":[63,63,63,57,42,7,4,26,26,16,22,13,35,20,42,46,74,38,10,10,10,0,0,0],"gold":412,"neow_bonus":"TEN_PERCENT_HP_BONUS","is_daily":false,"chose_seed":false,"campfire_upgraded":0,"win_rate":0.0,"timestamp":1612837541,"path_taken":["M","?","$","?","?","E","M","R","T","M","M","M","R","M","R","BOSS","M","M","?","?","?"],"items_purchased_type":[],"build_version":"2020-12-22","purchased_purges":1,"victory":false,"max_hp_per_floor":[74,74,74,74,74,74,74,74,74,74,74,74,74,74,74,74,74,74,74,74,74,74,74,74],"card_choices":[{"not_picked":["thethorton:TakeAccounts","thethorton:ElbowSmash"],"picked":"thethorton:CannonShot","floor":1},{"not_picked":["thethorton:ShoutAndRun","thethorton:AngerMoment"],"picked":"thethorton:BusinessCard","floor":4},{"not_picked":["thethorton:TakeAccounts","thethorton:AngerMoment"],"picked":"thethorton:LongTermPayoff","floor":6},{"not_picked":["thethorton:GemGun","thethorton:ElbowSmash"],"picked":"thethorton:HitAhead","floor":7},{"not_picked":["thethorton:TakeAccounts","thethorton:ChartProject"],"picked":"thethorton:Rebalance","floor":10},{"not_picked":["thethorton:RunningKick","thethorton:RichRun"],"picked":"thethorton:CannonShot","floor":11},{"not_picked":["thethorton:CoinShield","thethorton:GemGun"],"picked":"thethorton:BusinessBoom","floor":12},{"not_picked":["thethorton:MidnightStrike","thethorton:StumblingSlap"],"picked":"thethorton:CoinClash","floor":14},{"not_picked":["thethorton:DodgeAndRollAndRun","thethorton:CowardiceForm"],"picked":"thethorton:BigBreak","floor":16},{"not_picked":["thethorton:ChartProject+1","thethorton:DesperateRun+1"],"picked":"thethorton:DualBap","floor":18},{"not_picked":["thethorton:ToxicGreed+1","thethorton:Hindsight"],"picked":"thethorton:LastDitchEffort","floor":19},{"not_picked":["thethorton:SheetShred","thethorton:AngerMoment"],"picked":"thethorton:DualBap","floor":20},{"not_picked":["thethorton:StumblingSlap","thethorton:LongDaysWork"],"picked":"thethorton:BusinessBurst+1","floor":20}],"player_experience":107082,"relics_obtained":[{"floor":6,"key":"Replay:Kaleidoscope"},{"floor":9,"key":"Pantograph"},{"floor":20,"key":"Smiling Mask"}],"event_choices":[{"damage_healed":0,"gold_gain":0,"player_choice":"Ignored","damage_taken":0,"max_hp_gain":0,"max_hp_loss":0,"event_name":"NoteForYourself","floor":2,"gold_loss":0},{"damage_healed":0,"gold_gain":0,"player_choice":"Entered Light","damage_taken":15,"max_hp_gain":0,"max_hp_loss":0,"event_name":"Shining Light","floor":5,"gold_loss":0,"cards_upgraded":["thethorton:BusinessCard","thethorton:CannonShot"]}],"is_beta":false,"boss_relics":[{"not_picked":["Coffee Dripper","Runic Dome"],"picked":"Kintsugi"}],"items_purged_floors":[3],"is_endless":false,"potions_floor_spawned":[4,7,11,12,18,19],"killed_by":"Snecko","ascension_level":0}}