{"host":"l5zfpd2l2htson6l","time":1612844291,"event":{"mods":["AchievementEnabler","BaseMod","Colored Map","Colored Powertips","Minty Spire (QoL Compilation)","Permanent Neow","Quick Restart","Rare Cards Sparkle","Relic Stats","SuperFastMode"],"gold_per_floor":[111,111,124,136,69,94,94,122,122,122,141,153,180,194,194,194,194],"floor_reached":16,"language":"ENG","playtime":700,"items_purged":[],"score":224,"play_id":"ca8e28fa-da35-4670-8091-a66dfe348eaf","local_time":"20210208201811","is_ascension_mode":true,"campfire_choices":[{"floor":7.0,"key":"REST"},{"floor":10.0,"key":"REST"},{"data":"Armaments","floor":15.0,"key":"SMITH"}],"circlet_count":0,"master_deck":["AscendersBane","Strike_R","Strike_R","Strike_R","Strike_R","Strike_R","Defend_R","Defend_R","Defend_R","Defend_R","Bash","Uppercut+1","Headbutt","Whirlwind","Carnage","Armaments+1"],"relics":["Burning Blood","Art of War","Boot","FossilizedHelix","Lizard Tail","Singing Bowl","Odd Mushroom"],"acts_visited":["Exordium"],"potions_floor_usage":[],"damage_taken":[{"damage":9.0,"enemies":"2 Louse","floor":1.0,"turns":4.0},{"damage":0.0,"enemies":"Cultist","floor":3.0,"turns":3.0},{"damage":0.0,"enemies":"Jaw Worm","floor":4.0,"turns":3.0},{"damage":62.0,"enemies":"Lagavulin","floor":6.0,"turns":10.0},{"damage":35.0,"enemies":"3 Sentries","floor":8.0,"turns":8.0},{"damage":0.0,"enemies":"Blue Slaver","floor":11.0,"turns":2.0},{"damage":6.0,"enemies":"2 Fungi Beasts","floor":12.0,"turns":3.0},{"damage":12.0,"enemies":"The Mushroom Lair","floor":13.0,"turns":3.0},{"damage":0.0,"enemies":"3 Louse","floor":14.0,"turns":2.0},{"damage":113,"enemies":"Hexaghost","floor":16,"turns":14}],"seed_played":"-4027701862023104774","potions_obtained":[{"floor":1.0,"key":"FearPotion"},{"floor":8.0,"key":"Energy Potion"},{"floor":11.0,"key":"FairyPotion"},{"floor":12.0,"key":"SteroidPotion"},{"floor":14.0,"key":"Swift Potion"}],"is_trial":false,"path_per_floor":["M","?","M","M","?","E","R","E","T","R","M","M","?","M","R","B"],"character_chosen":"IRONCLAD","items_purchased":[],"campfire_rested":2,"item_purchase_floors":[],"current_hp_per_floor":[65,65,71,75,75,19,41,12,12,34,42,44,38,46,46,0,0],"gold":194,"neow_bonus":"RANDOM_COMMON_RELIC","is_daily":false,"chose_seed":false,"campfire_upgraded":1,"win_rate":0.0,"timestamp":1612844291,"path_taken":["M","?","M","M","?","E","R","E","T","R","M","?","?","M","R","BOSS"],"items_purchased_type":[],"build_version":"2020-12-22","purchased_purges":0,"victory":false,"max_hp_per_floor":[75,75,75,75,75,75,75,75,75,75,77,79,79,81,81,81,81],"relic_stats":{"Lizard Tail":40,"Singing Bowl":6,"counters":[10,52],"Art of War":[8],"Boot":[3],"obtain_stats":[{"Lizard Tail":8,"Singing Bowl":9,"Art of War":0,"Odd Mushroom":13,"Boot":5,"Burning Blood":0,"FossilizedHelix":6},{"Lizard Tail":5,"Singing Bowl":5,"Art of War":0,"Odd Mushroom":8,"Boot":3,"Burning Blood":0,"FossilizedHelix":4},{"Lizard Tail":28,"Singing Bowl":28,"Art of War":0,"Odd Mushroom":36,"Boot":10,"Burning Blood":0,"FossilizedHelix":20}],"Burning Blood":52},"card_choices":[{"not_picked":["Hemokinesis","Burning Pact"],"picked":"Uppercut","floor":1.0},{"not_picked":["Headbutt","Iron Wave","Clash"],"picked":"SKIP","floor":3.0},{"not_picked":["Iron Wave","Clash"],"picked":"Headbutt","floor":3.0},{"not_picked":["Wild Strike","Perfected Strike"],"picked":"Whirlwind","floor":4.0},{"not_picked":["Combust","Barricade"],"picked":"Carnage","floor":6.0},{"not_picked":["Dual Wield","Clash","Fire Breathing"],"picked":"SKIP","floor":8.0},{"not_picked":["Pommel Strike","Body Slam","Twin Strike"],"picked":"Singing Bowl","floor":11.0},{"not_picked":["Clothesline","Armaments","Thunderclap"],"picked":"Singing Bowl","floor":12.0},{"not_picked":["Wild Strike","Pummel"],"picked":"Armaments","floor":13.0},{"not_picked":["Wild Strike","Pummel","Sword Boomerang"],"picked":"Singing Bowl","floor":14.0}],"player_experience":944853,"relics_obtained":[{"floor":6.0,"key":"FossilizedHelix"},{"floor":8.0,"key":"Lizard Tail"},{"floor":9.0,"key":"Singing Bowl"},{"floor":13.0,"key":"Odd Mushroom"}],"event_choices":[{"damage_healed":0.0,"max_hp_gain":0.0,"max_hp_loss":0.0,"gold_gain":0.0,"event_name":"Living Wall","player_choice":"Grow","floor":2.0,"gold_loss":0.0,"damage_taken":0.0,"cards_upgraded":["Uppercut"]},{"damage_healed":0.0,"max_hp_gain":0.0,"max_hp_loss":0.0,"gold_gain":0.0,"event_name":"WeMeetAgain","player_choice":"Paid Gold","floor":5.0,"gold_loss":67.0,"damage_taken":0.0,"relics_obtained":["Boot"]},{"damage_healed":0.0,"max_hp_gain":0.0,"max_hp_loss":0.0,"gold_gain":0.0,"event_name":"Mushrooms","player_choice":"Fought Mushrooms","floor":13.0,"gold_loss":0.0,"damage_taken":0.0}],"is_beta":false,"boss_relics":[],"items_purged_floors":[],"is_endless":false,"potions_floor_spawned":[1,8,11,12,14],"killed_by":"Hexaghost","ascension_level":20}}