{"host":"k7udt7atmcuzf6l0","time":1612847313,"event":{"mods":["AchievementEnabler","BaseMod","BetterRewards","Colored Map","Colored Powertips","Highlight Path","Minty Spire (QoL Compilation)","Quick Restart","Rare Cards Sparkle","Relic Stats","StSLib","UnlockEverythingMod"],"gold_per_floor":[213,227,44,219,76,76,92,104,151,176,176,195,195,213,213,317,317,327,327,347,358,358,358,383,383,383,482,496,507,55,55,55,55,55],"floor_reached":33,"language":"ZHS","playtime":687,"items_purged":["Doubt"],"score":267,"play_id":"a68902d1-7944-4eb0-befc-18bd6b5e06ad","local_time":"20210209130833","is_ascension_mode":false,"campfire_choices":[{"data":"Flex","floor":6.0,"key":"SMITH"},{"data":"Armaments","floor":11.0,"key":"SMITH"},{"data":"Double Tap","floor":13.0,"key":"SMITH"},{"data":"Infernal Blade","floor":15.0,"key":"SMITH"},{"data":"Berserk","floor":23,"key":"SMITH"},{"data":"Clash","floor":25,"key":"SMITH"},{"floor":32,"key":"REST"}],"circlet_count":0,"master_deck":["Strike_R+1","Strike_R+1","Strike_R+1","Strike_R+1","Strike_R+1","Defend_R+1","Defend_R+1","Defend_R+1","Defend_R+1","Bash","Armaments+1","Sword Boomerang","Flex+1","Double Tap+1","Battle Trance","Seeing Red","Thunderclap","Infernal Blade+1","Clash+1","Berserk+1","Clothesline+1","Warcry+1","Headbutt","Whirlwind"],"relics":["Burning Blood","Juzu Bracelet","Pen Nib","Philosopher\u0027s Stone","Letter Opener","Akabeko","Omamori","Regal Pillow","PrismaticShard","MutagenicStrength"],"acts_visited":["Exordium","TheCity"],"potions_floor_usage":[24,33],"damage_taken":[{"damage":6.0,"enemies":"Cultist","floor":1.0,"turns":3.0},{"damage":0.0,"enemies":"Small Slimes","floor":2.0,"turns":3.0},{"damage":1.0,"enemies":"2 Louse","floor":7.0,"turns":3.0},{"damage":5.0,"enemies":"2 Fungi Beasts","floor":8.0,"turns":4.0},{"damage":26.0,"enemies":"Lagavulin","floor":10.0,"turns":4.0},{"damage":0.0,"enemies":"Large Slime","floor":12.0,"turns":3.0},{"damage":17.0,"enemies":"Exordium Thugs","floor":14.0,"turns":4.0},{"damage":36.0,"enemies":"The Guardian","floor":16.0,"turns":5.0},{"damage":14.0,"enemies":"Shell Parasite","floor":18.0,"turns":2.0},{"damage":19.0,"enemies":"2 Thieves","floor":20.0,"turns":3.0},{"damage":5.0,"enemies":"Cultist and Chosen","floor":21.0,"turns":3.0},{"damage":30,"enemies":"Gremlin Leader","floor":24,"turns":3},{"damage":33,"enemies":"Snecko","floor":28,"turns":6},{"damage":2,"enemies":"Chosen and Byrds","floor":29,"turns":2},{"damage":80,"enemies":"Champ","floor":33,"turns":7}],"seed_played":"-2543241304852559903","potions_obtained":[{"floor":2.0,"key":"SkillPotion"},{"floor":8.0,"key":"LiquidMemories"},{"floor":10.0,"key":"PowerPotion"},{"floor":12.0,"key":"SkillPotion"},{"floor":14.0,"key":"CultistPotion"},{"floor":20.0,"key":"Dexterity Potion"},{"floor":28,"key":"LiquidBronze"}],"is_trial":false,"path_per_floor":["M","M","$","?","$","R","M","M","T","E","R","M","R","M","R","B",null,"M","?","M","M","?","R","E","R","T","?","M","M","$","?","R","B"],"character_chosen":"IRONCLAD","items_purchased":["Flex","Double Tap","Battle Trance","Omamori","Regal Pillow","PrismaticShard"],"campfire_rested":1,"item_purchase_floors":[3,3,5,30,30,30],"current_hp_per_floor":[80,80,80,80,80,80,80,80,80,60,60,66,66,55,55,25,80,72,72,59,60,80,80,56,56,56,56,29,33,33,33,72,0,0],"gold":55,"neow_bonus":"HUNDRED_GOLD","is_daily":false,"chose_seed":false,"campfire_upgraded":6,"win_rate":0.0,"timestamp":1612847313,"path_taken":["M","M","$","?","$","R","M","M","T","E","R","M","R","M","R","BOSS","M","?","M","M","?","R","E","R","T","?","M","M","$","?","R","BOSS"],"items_purchased_type":["Card","Card","Card","Relic","Relic","Relic"],"build_version":"2020-12-22","purchased_purges":1,"victory":false,"max_hp_per_floor":[80,80,80,80,80,80,80,80,80,80,80,80,80,80,80,80,80,80,80,80,80,80,80,80,80,80,80,80,80,80,80,80,80,80],"relic_stats":{"Regal Pillow":15,"counters":[15,55],"Pen Nib":[10],"Juzu Bracelet":0,"Letter Opener":[30],"obtain_stats":[{"Regal Pillow":30,"MutagenicStrength":31,"Philosopher\u0027s Stone":17,"Pen Nib":10,"Juzu Bracelet":9,"Omamori":30,"Letter Opener":24,"PrismaticShard":30,"Burning Blood":0,"Akabeko":26},{"Regal Pillow":14,"MutagenicStrength":14,"Philosopher\u0027s Stone":8,"Pen Nib":5,"Juzu Bracelet":4,"Omamori":14,"Letter Opener":12,"PrismaticShard":14,"Burning Blood":0,"Akabeko":12},{"Regal Pillow":48,"MutagenicStrength":48,"Philosopher\u0027s Stone":29,"Pen Nib":17,"Juzu Bracelet":13,"Omamori":48,"Letter Opener":40,"PrismaticShard":48,"Burning Blood":0,"Akabeko":40}],"Burning Blood":72},"card_choices":[{"not_picked":["Thunderclap","True Grit"],"picked":"Armaments","floor":1.0},{"not_picked":["Pummel","Evolve"],"picked":"Sword Boomerang","floor":2.0},{"not_picked":["Entrench","Dark Embrace"],"picked":"Seeing Red","floor":7.0},{"not_picked":["Combust","Battle Trance"],"picked":"Thunderclap","floor":8.0},{"not_picked":["Clothesline","Blood for Blood"],"picked":"Infernal Blade","floor":10.0},{"not_picked":["Sword Boomerang","Infernal Blade","Iron Wave"],"picked":"SKIP","floor":12.0},{"not_picked":["Offering","Heavy Blade"],"picked":"Clash","floor":14.0},{"not_picked":["Juggernaut","Feed"],"picked":"Berserk","floor":16.0},{"not_picked":["Flex","Perfected Strike"],"picked":"Clothesline+1","floor":18.0},{"not_picked":["Cleave","Pommel Strike","Body Slam"],"picked":"SKIP","floor":20.0},{"not_picked":["Cleave+1","Twin Strike"],"picked":"Warcry+1","floor":21.0},{"not_picked":["Pummel","Clash","Iron Wave"],"picked":"SKIP","floor":24},{"not_picked":["Perfected Strike","Fiend Fire"],"picked":"Headbutt","floor":28},{"not_picked":["Sentinel+1","Twin Strike"],"picked":"Whirlwind","floor":29}],"player_experience":77634,"relics_obtained":[{"floor":9.0,"key":"Juzu Bracelet"},{"floor":10.0,"key":"Pen Nib"},{"floor":24,"key":"Letter Opener"},{"floor":26,"key":"Akabeko"}],"event_choices":[{"damage_healed":0.0,"max_hp_gain":0.0,"max_hp_loss":0.0,"gold_gain":175.0,"event_name":"Liars Game","player_choice":"AGREE","floor":4.0,"gold_loss":0.0,"damage_taken":0.0,"cards_obtained":["Doubt"]},{"damage_healed":0.0,"max_hp_gain":0.0,"max_hp_loss":0.0,"gold_gain":0.0,"event_name":"Back to Basics","player_choice":"Simplicity","floor":19.0,"gold_loss":0.0,"damage_taken":0.0,"cards_upgraded":["Strike_R","Strike_R","Strike_R","Strike_R","Strike_R","Defend_R","Defend_R","Defend_R","Defend_R"]},{"damage_healed":26,"gold_gain":0,"player_choice":"Heal","damage_taken":0,"max_hp_gain":0,"max_hp_loss":0,"event_name":"The Library","floor":22,"gold_loss":0},{"damage_healed":0,"gold_gain":99,"player_choice":"Stole From Cult","damage_taken":0,"max_hp_gain":0,"max_hp_loss":0,"event_name":"Nest","floor":27,"gold_loss":0},{"damage_healed":0,"gold_gain":0,"player_choice":"Inject Mutagens","damage_taken":0,"relics_obtained":["MutagenicStrength"],"max_hp_gain":0,"max_hp_loss":0,"event_name":"Drug Dealer","floor":31,"gold_loss":0}],"is_beta":false,"boss_relics":[{"not_picked":["Ectoplasm","Runic Pyramid"],"picked":"Philosopher\u0027s Stone"}],"items_purged_floors":[5],"is_endless":false,"potions_floor_spawned":[2,8,10,12,14,20,28],"killed_by":"Champ","ascension_level":0}}