{"host":"2pmmafybkq7zb6na","time":1612883957,"event":{"mods":["AchievementEnabler","BaseMod","Colored Map","Highlight Path","Keyboard Shortcuts","Minty Spire (QoL Compilation)","Quick Restart","StSLib","SuperFastMode"],"gold_per_floor":[211,211,224,235,17,42,1,1,80,105,121,69,89,100,100,100,100],"floor_reached":16,"language":"KOR","playtime":1274,"items_purged":["Strike_G"],"score":118,"play_id":"e6e1610c-df03-42dc-9ca8-2b25730a5319","local_time":"20210210001917","is_ascension_mode":true,"campfire_choices":[{"floor":8,"key":"REST"},{"data":"Tactician","floor":15,"key":"SMITH"}],"circlet_count":0,"master_deck":["Strike_G","Strike_G","Strike_G","Strike_G","Defend_G","Defend_G","Defend_G","Defend_G","Defend_G","Survivor","Neutralize","Cloak And Dagger","Tactician+1","Dagger Throw","Grand Finale","After Image","Calculated Gamble","Well Laid Plans","Prepared","Finisher","Escape Plan","Expertise"],"relics":["Ring of the Snake","Ancient Tea Set","Prayer Wheel","Mercury Hourglass","Bottled Flame"],"acts_visited":["Exordium"],"potions_floor_usage":[4,16,16],"damage_taken":[{"damage":2,"enemies":"Jaw Worm","floor":1,"turns":6},{"damage":3,"enemies":"2 Louse","floor":3,"turns":3},{"damage":1,"enemies":"Cultist","floor":4,"turns":5},{"damage":31,"enemies":"Lagavulin","floor":6,"turns":9},{"damage":25,"enemies":"Gremlin Nob","floor":10,"turns":5},{"damage":11,"enemies":"Blue Slaver","floor":11,"turns":5},{"damage":0,"enemies":"3 Louse","floor":13,"turns":3},{"damage":0,"enemies":"Large Slime","floor":14,"turns":5},{"damage":20,"enemies":"The Guardian","floor":16,"turns":8}],"seed_played":"-760691514488996582","potions_obtained":[{"floor":1,"key":"FearPotion"},{"floor":4,"key":"Fruit Juice"},{"floor":10,"key":"PowerPotion"},{"floor":11,"key":"ColorlessPotion"}],"is_trial":false,"path_per_floor":["M","?","M","M","$","E","$","R","T","E","M","$","M","M","R","B"],"character_chosen":"THE_SILENT","items_purchased":["Grand Finale","Calculated Gamble","Prepared"],"campfire_rested":1,"item_purchase_floors":[5,7,12],"current_hp_per_floor":[68,65,62,66,66,35,35,57,57,32,21,21,21,21,21,1,1],"gold":100,"neow_bonus":"HUNDRED_GOLD","is_daily":false,"chose_seed":false,"campfire_upgraded":1,"win_rate":0.0,"timestamp":1612883957,"path_taken":["M","?","M","M","$","E","$","R","T","E","M","$","M","M","R","BOSS"],"items_purchased_type":["Card","Card","Card"],"build_version":"2020-12-22","purchased_purges":1,"victory":false,"max_hp_per_floor":[70,70,70,75,75,75,75,75,75,75,75,75,75,75,75,75,75],"card_choices":[{"not_picked":["Outmaneuver","PiercingWail"],"picked":"Cloak And Dagger","floor":1},{"not_picked":["Leg Sweep","Flying Knee"],"picked":"Tactician","floor":3},{"not_picked":["Finisher","Deadly Poison"],"picked":"Dagger Throw","floor":4},{"not_picked":["Finisher","Reflex"],"picked":"After Image","floor":6},{"not_picked":["Cloak And Dagger","Bouncing Flask","Sucker Punch"],"picked":"SKIP","floor":10},{"not_picked":["Accuracy","Flying Knee"],"picked":"Well Laid Plans","floor":11},{"not_picked":["Dagger Spray","Deadly Poison","Dodge and Roll"],"picked":"SKIP","floor":11},{"not_picked":["Acrobatics","Cloak And Dagger"],"picked":"Finisher","floor":13},{"not_picked":["Underhanded Strike","Poisoned Stab"],"picked":"Escape Plan","floor":13},{"not_picked":["Heel Hook","A Thousand Cuts"],"picked":"Expertise","floor":14},{"not_picked":["Distraction","All Out Attack","Quick Slash"],"picked":"SKIP","floor":14}],"player_experience":132606,"relics_obtained":[{"floor":6,"key":"Prayer Wheel"},{"floor":9,"key":"Mercury Hourglass"},{"floor":10,"key":"Bottled Flame"}],"event_choices":[{"damage_healed":0,"gold_gain":0,"player_choice":"Success","damage_taken":3,"relics_obtained":["Ancient Tea Set"],"max_hp_gain":0,"max_hp_loss":0,"event_name":"Scrap Ooze","floor":2,"gold_loss":0}],"is_beta":false,"boss_relics":[],"items_purged_floors":[5],"is_endless":false,"potions_floor_spawned":[1,4,10,11],"killed_by":"The Guardian","ascension_level":1}}