{"host":"0kwl2uefibxd2nsv","time":1612865042,"event":{"mods":["Act Like it!","Aspiration","BaseMod","Better Note","BetterRewards","DeckTracker","Googly Eyes","Minty Spire (QoL Compilation)","Reliquary","StS++","StSLib"],"gold_per_floor":[114,133,153,170,170,204,204,220,291,291,322,185,219,219,219,322,322,309,584,534,534,552,552,552,569,569,602,636,636,646,489,489,589,589,600,600,600,305,305,334,74,74,74,88,103,123,123,150,150,150],"floor_reached":51,"language":"ENG","playtime":2297,"items_purged":["Strike_G","Regret","Strike_G","After Image"],"score":1562,"play_id":"e4f7e0d6-5d79-4355-beb6-d296e2e20818","local_time":"20210209110402","is_ascension_mode":true,"campfire_choices":[{"floor":7,"key":"REST"},{"data":"Deadly Poison","floor":10,"key":"SMITH"},{"floor":15,"key":"REST"},{"data":"Bouncing Flask","floor":23,"key":"SMITH"},{"data":"Deadly Poison","floor":29,"key":"SMITH"},{"data":"Footwork","floor":32,"key":"SMITH"},{"data":"Neutralize","floor":42,"key":"SMITH"},{"data":"Leg Sweep","floor":49,"key":"SMITH"}],"circlet_count":0,"master_deck":["AscendersBane","Strike_G","Strike_G","Strike_G","Defend_G+1","Defend_G","Defend_G","Defend_G","Defend_G+1","Survivor","Neutralize+1","Deadly Poison+1","Dodge and Roll","Backstab","Footwork+1","Deadly Poison+1","Cloak And Dagger","Dodge and Roll","Poisoned Stab","Leg Sweep+1","Bouncing Flask+1","Adrenaline","PiercingWail","Adrenaline","Footwork+1","Good Instincts","Corpse Explosion","Dash","Deflect+1","Footwork+1","Blur","Dash+1","Bouncing Flask+1","Doubt","Blur"],"relics":["Ring of the Snake","Mango","Membership Card","reliquary:RadioactivePellet","InkBottle","StoneCalendar","Ancient Tea Set","reliquary:RedPaperclip","Bottled Flame","Red Mask","aspiration:FrozenJewel","Oddly Smooth Stone","SlaversCollar","Medical Kit","Frozen Egg 2","DollysMirror","Calipers","Kunai","reliquary:Buckler"],"acts_visited":["Exordium","TheCity","TheBeyond"],"potions_floor_usage":[6,13,13,13,13,25,27,28,50],"damage_taken":[{"damage":0,"enemies":"Cultist","floor":1,"turns":3},{"damage":0,"enemies":"Jaw Worm","floor":2,"turns":3},{"damage":0,"enemies":"Small Slimes","floor":3,"turns":3},{"damage":0,"enemies":"Blue Slaver","floor":4,"turns":5},{"damage":34,"enemies":"3 Sentries","floor":6,"turns":11},{"damage":6,"enemies":"Exordium Thugs","floor":8,"turns":8},{"damage":15,"enemies":"Lagavulin","floor":11,"turns":6},{"damage":0,"enemies":"3 Sentries","floor":13,"turns":7},{"damage":4,"enemies":"Hexaghost","floor":16,"turns":7},{"damage":9,"enemies":"2 Thieves","floor":18,"turns":4},{"damage":0,"enemies":"Spheric Guardian","floor":22,"turns":4},{"damage":12,"enemies":"3 Cultists","floor":25,"turns":7},{"damage":4,"enemies":"Masked Bandits","floor":27,"turns":4},{"damage":1,"enemies":"Slavers","floor":28,"turns":7},{"damage":0,"enemies":"Centurion and Healer","floor":30,"turns":7},{"damage":12,"enemies":"Champ","floor":33,"turns":13},{"damage":0,"enemies":"3 Darklings","floor":35,"turns":7},{"damage":42,"enemies":"Reptomancer","floor":40,"turns":8},{"damage":0,"enemies":"3 Shapes","floor":44,"turns":2},{"damage":0,"enemies":"Spire Growth","floor":45,"turns":7},{"damage":2,"enemies":"Transient","floor":46,"turns":5},{"damage":0,"enemies":"Nemesis","floor":48,"turns":7},{"damage":15,"enemies":"Time Eater","floor":50,"turns":16}],"seed_played":"-1892806513426171140","potions_obtained":[{"floor":1,"key":"DistilledChaos"},{"floor":3,"key":"PowerPotion"},{"floor":6,"key":"StSpp:ScatteredPotion"},{"floor":13,"key":"DuplicationPotion"},{"floor":16,"key":"Swift Potion"},{"floor":22,"key":"Swift Potion"},{"floor":46,"key":"Energy Potion"}],"is_trial":false,"path_per_floor":["M","M","M","M","?","E","R","M","T","R","E","$","E","?","R","B",null,"M","?","$","?","M","R","?","M","T","?","E","R","M","$","R","B",null,"M","?","?","$","?","E","$","R","T","M","M","M","?","E","R","B",null],"character_chosen":"THE_SILENT","items_purchased":["Mango","Membership Card","Dream Catcher","Deadly Poison","Dodge and Roll","Backstab","Dodge and Roll","Fruit Juice","Poisoned Stab","Oddly Smooth Stone","Footwork","Corpse Explosion","After Image","Medical Kit","Dash","DollysMirror","Calipers","PowerPotion"],"campfire_rested":2,"item_purchase_floors":[0,0,0,0,0,0,12,12,12,31,31,38,38,38,38,41,41,41],"current_hp_per_floor":[53,53,53,53,53,19,44,38,38,38,23,23,28,28,54,50,79,70,70,70,70,70,70,70,58,58,54,53,53,53,53,53,41,77,77,77,77,77,77,35,35,35,35,35,35,33,89,89,89,74],"gold":150,"neow_bonus":"","is_daily":false,"chose_seed":false,"campfire_upgraded":6,"win_rate":0.0,"timestamp":1612865042,"path_taken":["M","?","M","M","?","E","R","?","T","R","E","$","E","?","R","BOSS","M","?","$","?","?","R","?","M","T","?","E","R","M","?","R","BOSS","M","?","?","$","?","E","$","R","T","?","M","M","?","E","R","BOSS"],"items_purchased_type":["Relic","Relic","Relic","Card","Card","Card","Card","Potion","Card","Relic","Card","Card","Card","Relic","Card","Relic","Relic","Potion"],"build_version":"2020-12-22","purchased_purges":4,"victory":true,"max_hp_per_floor":[84,84,84,84,84,84,84,84,84,84,84,84,89,89,89,89,89,89,89,89,89,89,89,89,89,89,89,89,89,89,89,89,89,89,89,89,89,89,89,89,89,89,89,89,89,89,89,89,89,89],"card_choices":[{"not_picked":["Distraction","Expertise","StSpp:Anticipation"],"picked":"SKIP","floor":1},{"not_picked":["Deadly Poison","Slice"],"picked":"Footwork","floor":2},{"not_picked":["StSpp:StrikeFirst","Accuracy","Acrobatics"],"picked":"SKIP","floor":3},{"not_picked":["Sucker Punch","Slice"],"picked":"Deadly Poison","floor":4},{"not_picked":["StSpp:TimeParadox","StSpp:SpareBlade"],"picked":"Poisoned Stab","floor":6},{"not_picked":["Dagger Throw","Leg Sweep"],"picked":"Cloak And Dagger","floor":8},{"not_picked":["Caltrops","StSpp:TimeParadox","StSpp:AbandonFlesh"],"picked":"SKIP","floor":11},{"not_picked":["StSpp:PoisonousPunch","Underhanded Strike"],"picked":"Leg Sweep","floor":13},{"not_picked":["Prepared","aspiration:Lunge"],"picked":"Bouncing Flask","floor":15},{"not_picked":["StSpp:SwitchWeapon","Burst"],"picked":"Adrenaline","floor":16},{"not_picked":["Bane+1","Underhanded Strike+1"],"picked":"PiercingWail","floor":18},{"not_picked":["StSpp:Dive","Well Laid Plans+1","Sucker Punch"],"picked":"SKIP","floor":22},{"not_picked":["Flying Knee","Dagger Spray+1","Blade Dance"],"picked":"SKIP","floor":25},{"not_picked":["Poisoned Stab","Caltrops","Accuracy"],"picked":"SKIP","floor":28},{"not_picked":["Setup","StSpp:SwitchWeapon","StSpp:ChainedTrap"],"picked":"SKIP","floor":30},{"not_picked":["Bane","Blade Dance+1","Cloak And Dagger"],"picked":"SKIP","floor":35},{"not_picked":["Panacea","Blind"],"picked":"Good Instincts","floor":36},{"not_picked":["Leg Sweep","Unload"],"picked":"Deflect+1","floor":40},{"not_picked":["Sucker Punch","StSpp:Throw"],"picked":"Blur","floor":44},{"not_picked":["StSpp:StrikeFirst+1","StSpp:Dive+1"],"picked":"Dash+1","floor":45},{"not_picked":["StSpp:Dive","StSpp:PoisonousPunch+1"],"picked":"Bouncing Flask+1","floor":46},{"not_picked":["Quick Slash","Underhanded Strike"],"picked":"Blur","floor":48}],"player_experience":2019484,"relics_obtained":[{"floor":6,"key":"reliquary:RadioactivePellet"},{"floor":9,"key":"InkBottle"},{"floor":11,"key":"StoneCalendar"},{"floor":13,"key":"Ancient Tea Set"},{"floor":26,"key":"Bottled Flame"},{"floor":27,"key":"Red Mask"},{"floor":28,"key":"aspiration:FrozenJewel"},{"floor":40,"key":"Frozen Egg 2"},{"floor":43,"key":"Kunai"},{"floor":48,"key":"reliquary:Buckler"}],"event_choices":[{"damage_healed":0,"gold_gain":0,"player_choice":"Gave Potion","damage_taken":0,"relics_obtained":["aspiration:HiddenCompartment"],"max_hp_gain":0,"max_hp_loss":0,"event_name":"WeMeetAgain","floor":5,"gold_loss":0},{"damage_healed":0,"gold_gain":0,"player_choice":"Grow","damage_taken":0,"max_hp_gain":0,"max_hp_loss":0,"event_name":"Living Wall","floor":14,"gold_loss":0,"cards_upgraded":["Footwork"]},{"damage_healed":0,"gold_gain":275,"player_choice":"Desecrate","damage_taken":0,"max_hp_gain":0,"max_hp_loss":0,"event_name":"Golden Shrine","floor":19,"gold_loss":0,"cards_obtained":["Regret"]},{"damage_healed":0,"gold_gain":0,"player_choice":"Copied","damage_taken":0,"max_hp_gain":0,"max_hp_loss":0,"event_name":"Duplicator","floor":21,"gold_loss":0,"cards_obtained":["Adrenaline"]},{"damage_healed":0,"gold_gain":0,"player_choice":"Bought 0 Potions","damage_taken":0,"max_hp_gain":0,"max_hp_loss":0,"event_name":"The Woman in Blue","floor":24,"gold_loss":0},{"damage_healed":0,"gold_gain":0,"player_choice":"Fought Bandits","damage_taken":0,"max_hp_gain":0,"max_hp_loss":0,"event_name":"Masked Bandits","floor":27,"gold_loss":0},{"damage_healed":0,"gold_gain":0,"player_choice":"Memory 1","damage_taken":0,"max_hp_gain":0,"max_hp_loss":0,"event_name":"SensoryStone","floor":36,"gold_loss":0},{"cards_removed":["Poisoned Stab"],"damage_healed":0,"gold_gain":0,"player_choice":"Removed Attack","damage_taken":0,"max_hp_gain":0,"max_hp_loss":0,"event_name":"Falling","floor":37,"gold_loss":0},{"damage_healed":0,"gold_gain":0,"player_choice":"Ignored","damage_taken":0,"max_hp_gain":0,"max_hp_loss":0,"event_name":"SecretPortal","floor":39,"gold_loss":0},{"damage_healed":56,"gold_gain":0,"player_choice":"Heal","damage_taken":0,"max_hp_gain":0,"max_hp_loss":0,"event_name":"MindBloom","floor":47,"gold_loss":0,"cards_obtained":["Doubt"]}],"is_beta":false,"boss_relics":[{"not_picked":["SacredBark","Philosopher\u0027s Stone"],"picked":"reliquary:RedPaperclip"},{"not_picked":["Coffee Dripper","Snecko Eye"],"picked":"SlaversCollar"}],"items_purged_floors":[12,20,31,38],"is_endless":false,"potions_floor_spawned":[1,3,6,13,16,22,46],"ascension_level":10}}