{"host":"y7b1p9nkx4idorr2","time":1612911582,"event":{"mods":["AchievementEnabler","Act Like it!","BaseMod","Colored Map","Downfall","GifTheSpireLib","Googly Eyes","Highlight Path","Mimic Mod","Minty Spire (QoL Compilation)","Shop Mod","Spicy Shops","StSLib","Unceasing Turn Reminder"],"gold_per_floor":[99,118,64,75,60,60,90,115,115,129,146,46,31,65,80,178,178,178,195,212,212,212,212,286,304,304,128,161,161,146,171,188,188,188,188],"floor_reached":33,"language":"ENG","playtime":1782,"items_purged":["downfall:Haunted"],"score":337,"play_id":"f9f6a8ce-b863-4adc-b419-70de058e2d66","local_time":"20210209165942","is_ascension_mode":true,"campfire_choices":[{"floor":1,"key":"RECALL"},{"floor":12,"key":"REST"},{"data":"hexamod:PhantomCloak","floor":18,"key":"SMITH"},{"data":"hexamod:PhantomCloak","floor":23,"key":"SMITH"},{"data":"hexamod:EmpoweredFlame","floor":26,"key":"SMITH"},{"data":"expansioncontent:Chronoboost","floor":29,"key":"SMITH"}],"circlet_count":0,"master_deck":["hexamod:Strike","hexamod:Strike","hexamod:Strike","hexamod:Strike","hexamod:Defend","hexamod:Defend+1","hexamod:Defend","hexamod:Defend","hexamod:Sear","hexamod:Float+1","hexamod:GhostflameBarrier","hexamod:Firestarter","hexamod:PhantomCloak+1","hexamod:CatchUp+1","hexamod:SuperheatedStrike","hexamod:SwordOfDarkness","hexamod:UnlimitedPower+1","hexamod:SoulSteal","hexamod:EmpoweredFlame+1","hexamod:RainOfEmbers","hexamod:PhantomCloak+1","hexamod:Hexaguard+1","hexamod:TurnItUp","hexamod:BurningTouch","hexamod:ThermalTransfer+1","hexamod:SkipABeat","expansioncontent:Chronoboost+1","hexamod:TimeWarp","hexamod:InspiringFlames","hexamod:HauntingEcho","hexamod:PowerFromBeyond"],"relics":["hexamod:SpiritBrand","WarpedTongs","hexamod:BolsterEngine","MealTicket","downfall:HeartBlessingRed","Ginger","Coffee Dripper","Eternal Feather","War Paint","FossilizedHelix"],"acts_visited":["Exordium","TheCity"],"potions_floor_usage":[14,16,25,32],"damage_taken":[{"damage":0,"enemies":"Cultist","floor":2,"turns":3},{"damage":0,"enemies":"downfall:FleeingMerchant","floor":3,"turns":4},{"damage":2,"enemies":"Jaw Worm","floor":4,"turns":3},{"damage":3,"enemies":"downfall:FleeingMerchant","floor":5,"turns":4},{"damage":6,"enemies":"2 Louse","floor":7,"turns":7},{"damage":24,"enemies":"Gremlin Nob","floor":8,"turns":4},{"damage":3,"enemies":"2 Louse","floor":10,"turns":3},{"damage":20,"enemies":"Gremlin Gang","floor":11,"turns":4},{"damage":10,"enemies":"downfall:FleeingMerchant","floor":13,"turns":4},{"damage":9,"enemies":"3 Sentries","floor":14,"turns":4},{"damage":1,"enemies":"2 Fungi Beasts","floor":15,"turns":2},{"damage":4,"enemies":"SI_SHIV_ARCHETYPE","floor":16,"turns":5},{"damage":0,"enemies":"Chosen","floor":19,"turns":3},{"damage":11,"enemies":"Spheric Guardian","floor":20,"turns":3},{"damage":3,"enemies":"Centurion and Healer","floor":25,"turns":5},{"damage":7,"enemies":"downfall:FleeingMerchant","floor":27,"turns":4},{"damage":29,"enemies":"Gremlin Leader","floor":28,"turns":8},{"damage":21,"enemies":"downfall:FleeingMerchant","floor":30,"turns":4},{"damage":30,"enemies":"Slavers","floor":31,"turns":5},{"damage":12,"enemies":"3 Cultists","floor":32,"turns":6},{"damage":8,"enemies":"DF_ARCHETYPE_CLAW","floor":33,"turns":3}],"seed_played":"5875839436578261340","potions_obtained":[{"floor":2,"key":"Ancient Potion"},{"floor":4,"key":"SpeedPotion"},{"floor":8,"key":"DuplicationPotion"},{"floor":10,"key":"PowerPotion"},{"floor":11,"key":"PowerPotion"},{"floor":14,"key":"Energy Potion"},{"floor":20,"key":"Swift Potion"},{"floor":28,"key":"BlessingOfTheForge"}],"is_trial":false,"path_per_floor":["R","M","$","M","$","?","MIM","E","?","M","M","R","$","E","M","B",null,"R","M","M","?","?","R","T","M","R","$","E","R","$","E","M","B"],"character_chosen":"THE_SPIRIT","items_purchased":["hexamod:PhantomCloak","expansioncontent:Chronoboost"],"campfire_rested":1,"item_purchase_floors":[3,27],"current_hp_per_floor":[70,70,70,68,65,65,59,35,35,32,12,33,38,29,28,24,70,70,70,59,46,46,46,46,43,58,66,37,52,46,16,4,0,0,0],"gold":188,"neow_bonus":"UPGRADE_CARD","is_daily":false,"chose_seed":false,"campfire_upgraded":4,"win_rate":0.0,"timestamp":1612911582,"path_taken":["R","M","$","?","$","?","MIM","E","?","M","M","R","$","E","M","BOSS","R","M","?","?","?","R","T","?","R","$","E","R","$","E","M","BOSS"],"items_purchased_type":["Card","Card"],"build_version":"2020-12-22","purchased_purges":1,"victory":false,"max_hp_per_floor":[70,70,70,70,70,70,70,70,70,70,70,70,70,70,70,70,70,70,70,70,75,75,75,75,75,75,75,75,75,75,75,75,75,75,75],"card_choices":[{"not_picked":["hexamod:RecurringNightmare","hexamod:GhostShield"],"picked":"hexamod:GhostflameBarrier","floor":2},{"not_picked":["hexamod:GhostOfSpirePast","hexamod:FirstSeal"],"picked":"hexamod:Firestarter","floor":3},{"not_picked":["hexamod:ThermalTransfer","hexamod:Firestarter"],"picked":"hexamod:CatchUp","floor":4},{"not_picked":["hexamod:NightmareGuise","hexamod:InspiringFlames"],"picked":"hexamod:SuperheatedStrike","floor":5},{"not_picked":["hexamod:NightmareStrike","hexamod:HeatCrush"],"picked":"hexamod:SwordOfDarkness","floor":7},{"not_picked":["hexamod:SuperheatedStrike","hexamod:GhostLash"],"picked":"hexamod:UnlimitedPower","floor":8},{"not_picked":["hexamod:BacktrackSmack","hexamod:ThermalTransfer"],"picked":"hexamod:SoulSteal","floor":10},{"not_picked":["hexamod:BurningTouch","hexamod:EtherealExpedition"],"picked":"hexamod:EmpoweredFlame","floor":11},{"not_picked":["hexamod:GhostLash","hexamod:SuperheatedStrike"],"picked":"hexamod:RainOfEmbers","floor":13},{"not_picked":["hexamod:BurningTouch","hexamod:SwordOfDarkness"],"picked":"hexamod:PhantomCloak","floor":14},{"not_picked":["hexamod:ApocalypseNow","hexamod:ShieldOfDarkness"],"picked":"hexamod:Hexaguard","floor":15},{"not_picked":["hexamod:TimeOfNeed","hexamod:UnleashSpirits"],"picked":"hexamod:TurnItUp","floor":16},{"not_picked":["hexamod:SpectralAdrenaline","hexamod:Firestarter","hexamod:BacktrackSmack"],"picked":"SKIP","floor":19},{"not_picked":["hexamod:FlamesFromBeyond","hexamod:CatchUp+1"],"picked":"hexamod:BurningTouch","floor":20},{"not_picked":["hexamod:RecurringNightmare","hexamod:Hexaguard"],"picked":"hexamod:ThermalTransfer+1","floor":25},{"not_picked":["hexamod:SoulSteal","hexamod:EtherealExpedition"],"picked":"hexamod:SkipABeat","floor":27},{"not_picked":["hexamod:BacktrackSmack+1","hexamod:NightmareGuise+1"],"picked":"hexamod:TimeWarp","floor":28},{"not_picked":["hexamod:ParanormalForm","hexamod:Haunt"],"picked":"hexamod:InspiringFlames","floor":30},{"not_picked":["hexamod:RetreatToShadows","hexamod:PowerFromBeyond"],"picked":"hexamod:HauntingEcho","floor":31},{"not_picked":["hexamod:SecondSeal","hexamod:NightmareGuise"],"picked":"hexamod:PowerFromBeyond","floor":32}],"player_experience":2334111,"relics_obtained":[{"floor":7,"key":"hexamod:BolsterEngine"},{"floor":8,"key":"MealTicket"},{"floor":14,"key":"Ginger"},{"floor":24,"key":"Eternal Feather"},{"floor":28,"key":"War Paint"},{"floor":31,"key":"FossilizedHelix"}],"event_choices":[{"damage_healed":0,"gold_gain":0,"player_choice":"Rummage","damage_taken":0,"relics_obtained":["WarpedTongs"],"max_hp_gain":0,"max_hp_loss":0,"event_name":"Accursed Blacksmith","floor":6,"gold_loss":0,"cards_obtained":["Pain"]}],"is_beta":false,"boss_relics":[{"not_picked":["SacredBark","Tiny House"],"picked":"Coffee Dripper"}],"items_purged_floors":[27],"is_endless":false,"potions_floor_spawned":[2,4,8,10,11,14,20,28,31],"killed_by":"DF_ARCHETYPE_CLAW","ascension_level":3}}