{"host":"dcj2yvrgcvh5dl2s","time":1612875181,"event":{"mods":["BaseMod","Bestiary","Better Note","Block Reminder","Colored Powertips","Curses Come First","DeckTracker","Minty Spire (QoL Compilation)","Quick Restart","Rare Cards Sparkle","Relic Stats","StSLib"],"gold_per_floor":[113,33,33,33,43,76,102,126,165,209,240,252,99,99,99,99,99],"floor_reached":16,"language":"ENG","playtime":612,"items_purged":["Strike_R"],"score":270,"play_id":"fff9f1a0-96ca-48ec-98cf-8f2ff63ad508","local_time":"20210209225301","is_ascension_mode":true,"campfire_choices":[{"data":"Strike_R","floor":12,"key":"PURGE"},{"floor":15,"key":"REST"}],"circlet_count":0,"master_deck":["AscendersBane","Strike_R","Strike_R","Strike_R","Defend_R","Defend_R","Defend_R","Defend_R","Bash","Metallicize","Whirlwind+1","Shrug It Off","Disarm","Flex+1","Inflame"],"relics":["Burning Blood","NeowsBlessing","Bag of Preparation","MawBank","Pen Nib","Peace Pipe"],"acts_visited":["Exordium"],"potions_floor_usage":[10,10,16],"damage_taken":[{"damage":0,"enemies":"Jaw Worm","floor":1,"turns":1},{"damage":0,"enemies":"Small Slimes","floor":5,"turns":1},{"damage":0,"enemies":"Gremlin Nob","floor":6,"turns":1},{"damage":3,"enemies":"Cultist","floor":7,"turns":3},{"damage":19,"enemies":"Red Slaver","floor":8,"turns":3},{"damage":22,"enemies":"3 Sentries","floor":10,"turns":4},{"damage":7,"enemies":"3 Louse","floor":11,"turns":2},{"damage":68,"enemies":"Hexaghost","floor":16,"turns":10}],"seed_played":"5253728778624969456","potions_obtained":[{"floor":1,"key":"SneckoOil"},{"floor":5,"key":"PowerPotion"},{"floor":10,"key":"DuplicationPotion"}],"is_trial":false,"path_per_floor":["M","$","?","?","M","E","M","M","T","E","M","R","$","?","R","B"],"character_chosen":"IRONCLAD","items_purchased":["Whirlwind","Inflame"],"campfire_rested":1,"item_purchase_floors":[2,13],"current_hp_per_floor":[74,74,63,63,69,75,75,62,62,46,45,45,45,45,67,0,0],"gold":99,"neow_bonus":"THREE_ENEMY_KILL","is_daily":false,"chose_seed":false,"campfire_upgraded":0,"win_rate":0.0,"timestamp":1612875181,"path_taken":["M","$","?","?","M","E","?","M","T","E","M","R","?","?","R","BOSS"],"items_purchased_type":["Card","Card"],"build_version":"2020-12-22","purchased_purges":1,"victory":false,"max_hp_per_floor":[75,75,75,75,75,75,75,75,75,75,75,75,75,75,75,75,75],"relic_stats":{"Peace Pipe":1,"counters":[8,25],"Pen Nib":[1],"Bag of Preparation":[14],"MawBank":84,"obtain_stats":[{"Peace Pipe":10,"NeowsBlessing":0,"Pen Nib":9,"Bag of Preparation":3,"MawBank":6,"Burning Blood":0},{"Peace Pipe":6,"NeowsBlessing":0,"Pen Nib":5,"Bag of Preparation":1,"MawBank":3,"Burning Blood":0},{"Peace Pipe":13,"NeowsBlessing":0,"Pen Nib":9,"Bag of Preparation":1,"MawBank":3,"Burning Blood":0}],"Burning Blood":39},"card_choices":[{"not_picked":["Headbutt","Cleave"],"picked":"Metallicize","floor":1},{"not_picked":["Searing Blow","Perfected Strike","Reckless Charge"],"picked":"SKIP","floor":5},{"not_picked":["Perfected Strike","Havoc"],"picked":"Shrug It Off","floor":6},{"not_picked":["Feel No Pain","Twin Strike"],"picked":"Disarm","floor":7},{"not_picked":["Perfected Strike","Warcry","Second Wind"],"picked":"SKIP","floor":8},{"not_picked":["Havoc","Wild Strike"],"picked":"Flex","floor":10},{"not_picked":["Second Wind","Clash","Rage"],"picked":"SKIP","floor":11}],"player_experience":2345837,"relics_obtained":[{"floor":6,"key":"MawBank"},{"floor":9,"key":"Pen Nib"},{"floor":10,"key":"Peace Pipe"}],"event_choices":[{"damage_healed":0,"gold_gain":0,"player_choice":"Success","damage_taken":11,"relics_obtained":["Bag of Preparation"],"max_hp_gain":0,"max_hp_loss":0,"event_name":"Scrap Ooze","floor":3,"gold_loss":0},{"damage_healed":0,"gold_gain":0,"player_choice":"Upgraded","damage_taken":0,"max_hp_gain":0,"max_hp_loss":0,"event_name":"Upgrade Shrine","floor":4,"gold_loss":0,"cards_upgraded":["Whirlwind"]},{"damage_healed":0,"gold_gain":0,"player_choice":"Grow","damage_taken":0,"max_hp_gain":0,"max_hp_loss":0,"event_name":"Living Wall","floor":14,"gold_loss":0,"cards_upgraded":["Flex"]}],"is_beta":false,"boss_relics":[],"items_purged_floors":[13],"is_endless":false,"potions_floor_spawned":[1,5,10],"killed_by":"Hexaghost","ascension_level":20}}