{"host":"bgyhjzqafgkxdxsh","time":1612856836,"event":{"mods":["BaseMod","Colored Map","Minty Spire (QoL Compilation)","Relic Stats","StSLib","everything is the same but u backflip on backflip"],"gold_per_floor":[113,113,132,19,35,63,163,191,214,224,189,189,208,222,222,297,297,314,314,56,73,86,86,86],"floor_reached":23,"language":"ENG","playtime":878,"items_purged":["Survivor"],"score":335,"play_id":"6d502e0c-a3db-40f2-a095-a9d21ef7b06d","local_time":"20210209174716","is_ascension_mode":true,"campfire_choices":[{"floor":12,"key":"REST"},{"floor":15,"key":"REST"}],"circlet_count":0,"master_deck":["AscendersBane","Strike_G+1","Strike_G+1","Strike_G+1","Strike_G+1","Strike_G+1","Defend_G+1","Defend_G+1","Defend_G+1","Defend_G+1","Defend_G+1","Neutralize","Flying Knee","Blade Dance","Noxious Fumes","Deadly Poison","Deadly Poison","Deadly Poison","Dagger Spray","Dodge and Roll","After Image","Prepared","Apotheosis","Cloak And Dagger"],"relics":["Ring of the Snake","NeowsBlessing","CultistMask","Snake Skull","Juzu Bracelet","Lantern","Black Star"],"acts_visited":["Exordium","TheCity"],"potions_floor_usage":[8,8,10,23],"damage_taken":[{"damage":0,"enemies":"Small Slimes","floor":1,"turns":1},{"damage":0,"enemies":"Cultist","floor":3,"turns":1},{"damage":0,"enemies":"Jaw Worm","floor":5,"turns":1},{"damage":25,"enemies":"Lagavulin","floor":6,"turns":6},{"damage":32,"enemies":"Gremlin Nob","floor":8,"turns":4},{"damage":5,"enemies":"Lots of Slimes","floor":10,"turns":5},{"damage":13,"enemies":"Exordium Wildlife","floor":13,"turns":3},{"damage":9,"enemies":"2 Fungi Beasts","floor":14,"turns":3},{"damage":11,"enemies":"The Guardian","floor":16,"turns":8},{"damage":8,"enemies":"Shell Parasite","floor":18,"turns":5},{"damage":11,"enemies":"Spheric Guardian","floor":21,"turns":3},{"damage":24,"enemies":"Snake Plant","floor":22,"turns":4},{"damage":16,"enemies":"Slavers","floor":23,"turns":3}],"seed_played":"-1726099236059409496","potions_obtained":[{"floor":3,"key":"DistilledChaos"},{"floor":5,"key":"GamblersBrew"},{"floor":8,"key":"LiquidMemories"},{"floor":13,"key":"PowerPotion"}],"is_trial":false,"path_per_floor":["M","?","M","$","M","E","?","E","T","M","?","R","M","M","R","B",null,"M","?","$","M","M","E"],"character_chosen":"THE_SILENT","items_purchased":["Noxious Fumes","Deadly Poison","Apotheosis"],"campfire_rested":2,"item_purchase_floors":[4,4,20],"current_hp_per_floor":[63,63,63,63,63,38,38,6,6,1,18,39,26,17,38,27,59,51,51,51,40,16,0,0],"gold":86,"neow_bonus":"THREE_ENEMY_KILL","is_daily":false,"chose_seed":false,"campfire_upgraded":0,"win_rate":0.0,"timestamp":1612856836,"path_taken":["M","?","?","$","?","E","?","E","T","M","?","R","M","M","R","BOSS","M","?","$","M","M","E"],"items_purchased_type":["Card","Card","Card"],"build_version":"2020-12-22","purchased_purges":1,"victory":false,"max_hp_per_floor":[70,70,70,70,70,70,70,70,70,70,70,70,70,70,70,70,70,70,70,70,70,70,70,70],"relic_stats":{"counters":[13,47],"Snake Skull":[58],"Juzu Bracelet":1,"Black Star":0,"obtain_stats":[{"Lantern":9,"NeowsBlessing":0,"CultistMask":2,"Snake Skull":6,"Juzu Bracelet":8,"Black Star":17,"Ring of the Snake":0},{"Lantern":5,"NeowsBlessing":0,"CultistMask":1,"Snake Skull":4,"Juzu Bracelet":5,"Black Star":9,"Ring of the Snake":0},{"Lantern":13,"NeowsBlessing":0,"CultistMask":1,"Snake Skull":9,"Juzu Bracelet":13,"Black Star":32,"Ring of the Snake":0}],"Ring of the Snake":[26]},"card_choices":[{"not_picked":["Quick Slash","Bane"],"picked":"Flying Knee","floor":1},{"not_picked":["Bane","Prepared"],"picked":"Blade Dance","floor":3},{"not_picked":["Flechettes","Deflect","Predator"],"picked":"SKIP","floor":5},{"not_picked":["Cloak And Dagger","Concentrate"],"picked":"Deadly Poison","floor":6},{"not_picked":["Poisoned Stab","After Image"],"picked":"Deadly Poison","floor":8},{"not_picked":["Quick Slash","Flying Knee"],"picked":"Dagger Spray","floor":10},{"not_picked":["Deflect","Flechettes","Outmaneuver"],"picked":"SKIP","floor":13},{"not_picked":["Accuracy","Setup"],"picked":"Dodge and Roll","floor":14},{"not_picked":["Tools of the Trade","Die Die Die"],"picked":"After Image","floor":16},{"not_picked":["Reflex","Outmaneuver+1"],"picked":"Prepared","floor":18},{"not_picked":["Caltrops","Dodge and Roll","Flechettes"],"picked":"SKIP","floor":21},{"not_picked":["Prepared","Flechettes"],"picked":"Cloak And Dagger","floor":22}],"player_experience":486588,"relics_obtained":[{"floor":6,"key":"Snake Skull"},{"floor":8,"key":"Juzu Bracelet"},{"floor":9,"key":"Lantern"}],"event_choices":[{"damage_healed":0,"gold_gain":0,"player_choice":"Trade","damage_taken":0,"relics_obtained":["CultistMask"],"max_hp_gain":0,"max_hp_loss":0,"event_name":"FaceTrader","floor":2,"gold_loss":0},{"damage_healed":0,"gold_gain":100,"player_choice":"Pray","damage_taken":0,"max_hp_gain":0,"max_hp_loss":0,"event_name":"Golden Shrine","floor":7,"gold_loss":0},{"damage_healed":17,"gold_gain":0,"player_choice":"Healed","damage_taken":0,"max_hp_gain":0,"max_hp_loss":0,"event_name":"The Cleric","floor":11,"gold_loss":35},{"damage_healed":0,"gold_gain":0,"player_choice":"Simplicity","damage_taken":0,"max_hp_gain":0,"max_hp_loss":0,"event_name":"Back to Basics","floor":19,"gold_loss":0,"cards_upgraded":["Strike_G","Strike_G","Strike_G","Strike_G","Strike_G","Defend_G","Defend_G","Defend_G","Defend_G","Defend_G"]}],"is_beta":false,"boss_relics":[{"not_picked":["HoveringKite","Calling Bell"],"picked":"Black Star"}],"items_purged_floors":[20],"is_endless":false,"potions_floor_spawned":[3,5,6,8,13],"killed_by":"Slavers","ascension_level":13}}