{"host":"okvf2hy7r209l3k2","time":1612845090,"event":{"mods":["BaseMod","Block Reminder","Colored Map","Colored Powertips","Downfall","Hermit","Highlight Path","Minty Spire (QoL Compilation)","Permanent Neow","Quick Restart","StSLib","The Cursed","The Disciple","The Hierophant","The Necromancer","The Runesmith","The Servant 0.9.4"],"gold_per_floor":[113,32,43,43,53,53,86,86,112,128,143,143,143,160,160,258,258,270,116,131,58,58,58],"floor_reached":22,"language":"ENG","playtime":1394,"items_purged":["Strike_W"],"score":186,"play_id":"4961aef0-c754-4b24-8d93-5de2002f73de","local_time":"20210208193130","is_ascension_mode":false,"campfire_choices":[{"data":"Summon_Lich","floor":6,"key":"SMITH"},{"data":"Vampiric_Strike","floor":8,"key":"SMITH"},{"data":"Summon_Undead_Army","floor":12,"key":"SMITH"},{"data":"Whirlwind_of_Bones","floor":15,"key":"SMITH"}],"circlet_count":0,"master_deck":["Strike_W","Strike_W","Strike_W","Defend_W","Defend_W","Defend_W","Defend_W","Negative_Energy_Arrows","Bone_Wall","Blood_Shield","Summon_Lich+1","Negative_Energy_Javelin","Blood_Whip","Vampiric_Strike+1","Negative_Energy_Shield","Summon_Undead_Army+1","Pain","Whirlwind_of_Bones+1","Grasp_Heart","Slay_Living+1","Summon_Lich","Thousand_Bone_Knives+1","Bone_Armory"],"relics":["Vampire_Amulet","Runesmith:AutoHammer","Blood Vial","Toy Ornithopter","WarpedTongs","Philosopher\u0027s Stone"],"acts_visited":["Exordium","TheCity"],"potions_floor_usage":[16],"damage_taken":[{"damage":6,"enemies":"2 Louse","floor":1,"turns":3},{"damage":7,"enemies":"Cultist","floor":3,"turns":5},{"damage":3,"enemies":"Jaw Worm","floor":5,"turns":3},{"damage":34,"enemies":"Lagavulin","floor":7,"turns":6},{"damage":14,"enemies":"2 Fungi Beasts","floor":10,"turns":3},{"damage":8,"enemies":"Exordium Thugs","floor":11,"turns":4},{"damage":4,"enemies":"Large Slime","floor":14,"turns":4},{"damage":29,"enemies":"Hexaghost","floor":16,"turns":9},{"damage":26,"enemies":"Shell Parasite","floor":18,"turns":5},{"damage":35,"enemies":"2 Thieves","floor":20,"turns":3},{"damage":29,"enemies":"Chosen and Byrds","floor":22,"turns":4}],"seed_played":"-3897891101266626274","potions_obtained":[{"floor":1,"key":"FearPotion"},{"floor":7,"key":"Regen Potion"},{"floor":11,"key":"EntropicBrew"},{"floor":18,"key":"Dexterity Potion"}],"is_trial":false,"path_per_floor":["M","$","M","$","M","R","E","R","T","M","M","R","?","M","R","B",null,"M","$","M","$","M"],"character_chosen":"NECROMANCER","items_purchased":["Summon_Lich","Summon_Lich","Bone_Armory"],"campfire_rested":0,"item_purchase_floors":[2,19,21],"current_hp_per_floor":[73,73,68,68,67,67,35,35,35,30,31,31,31,36,36,36,75,51,51,22,22,0,0],"gold":58,"neow_bonus":"RANDOM_COMMON_RELIC","is_daily":false,"chose_seed":false,"campfire_upgraded":4,"win_rate":0.0,"timestamp":1612845090,"path_taken":["M","$","M","$","M","R","E","R","T","M","M","R","?","M","R","BOSS","M","$","M","$","M"],"items_purchased_type":["Card","Card","Card"],"build_version":"2020-12-22","purchased_purges":1,"victory":false,"max_hp_per_floor":[75,75,75,75,75,75,75,75,75,75,75,75,75,75,75,75,75,75,75,75,75,75,75],"card_choices":[{"not_picked":["Blood_Curse","Life_Tap"],"picked":"Blood_Shield","floor":1},{"not_picked":["Deaths_Shadow","Bone_Bullets"],"picked":"Negative_Energy_Javelin","floor":3},{"not_picked":["Death_Coil","Acid_Javelin"],"picked":"Blood_Whip","floor":5},{"not_picked":["Bone_Armor","Death_March_Dance"],"picked":"Vampiric_Strike","floor":7},{"not_picked":["Bone_Shift","Toxic_Smoke_Screen"],"picked":"Negative_Energy_Shield","floor":10},{"not_picked":["Detonate_Bones","Death_Coil"],"picked":"Summon_Undead_Army","floor":11},{"not_picked":["Negative_Energy_Javelin","Flesh_Made_Foul"],"picked":"Whirlwind_of_Bones","floor":14},{"not_picked":["Requiem","Hellfire"],"picked":"Grasp_Heart","floor":16},{"not_picked":["Negative_Energy_Javelin","Bone_Armor+1"],"picked":"Slay_Living+1","floor":18},{"not_picked":["Negative_Energy_Javelin","Bone_Armor"],"picked":"Thousand_Bone_Knives+1","floor":20}],"player_experience":225131,"relics_obtained":[{"floor":7,"key":"Blood Vial"},{"floor":9,"key":"Toy Ornithopter"}],"event_choices":[{"damage_healed":0,"gold_gain":0,"player_choice":"Rummage","damage_taken":0,"relics_obtained":["WarpedTongs"],"max_hp_gain":0,"max_hp_loss":0,"event_name":"Accursed Blacksmith","floor":13,"gold_loss":0,"cards_obtained":["Pain"]}],"is_beta":false,"boss_relics":[{"not_picked":["Tiny House","Runic Pyramid"],"picked":"Philosopher\u0027s Stone"}],"items_purged_floors":[19],"is_endless":false,"potions_floor_spawned":[1,7,11,18],"killed_by":"Chosen and Byrds","ascension_level":0}}