{"host":"2n2g1vowfllvjtvi","time":1612894138,"event":{"mods":["AchievementEnabler","BaseMod","Custom Start","GifTheSpireLib","Keyboard Shortcuts","Minty Spire (QoL Compilation)","Permanent Neow","Quick Restart","StSLib","SuperFastMode"],"gold_per_floor":[16,30,30,30,30,30,71,71,71,71,114,114,127,58,58,189,189,209,209,209,227,152,152,195,43,125,144,144,19,58,71,71,200,200,213,63,63,84,97,136,150,185,236,236,260,260,79,114,114,114,114,114,114,157,157],"floor_reached":56,"language":"KOR","playtime":1374,"items_purged":["Strike_P","Swivel","Strike_P","Defend_P"],"score":1865,"play_id":"e4267306-d5d1-4b93-b1c8-971e17340b91","local_time":"20210210030858","is_ascension_mode":true,"campfire_choices":[{"data":"Eruption","floor":6.0,"key":"SMITH"},{"floor":8.0,"key":"REST"},{"data":"Evaluate","floor":10.0,"key":"SMITH"},{"data":"FearNoEvil","floor":15.0,"key":"SMITH"},{"data":"Perseverance","floor":23.0,"key":"SMITH"},{"data":"Halt","floor":28.0,"key":"SMITH"},{"data":"TalkToTheHand","floor":32.0,"key":"SMITH"},{"floor":44.0,"key":"RECALL"},{"data":"Vigilance","floor":49.0,"key":"SMITH"},{"floor":52.0,"key":"REST"}],"circlet_count":0,"master_deck":["Eruption+1","Vigilance+1","FearNoEvil+1","Evaluate+1","Adaptation+1","MasterReality+1","EmptyBody+1","Perseverance+1","Halt+1","Tantrum+1","TalkToTheHand+1","Vault+1","Adaptation+1","MentalFortress+1","MentalFortress+1","ClearTheMind+1","Fasting2+1"],"relics":["HolyWater","Golden Idol","Frozen Egg 2","Akabeko","White Beast Statue","Happy Flower","Bag of Preparation","Eternal Feather","Boot","Black Star","GoldenEye","Regal Pillow","Ornamental Fan","Bottled Tornado","ClockworkSouvenir","StoneCalendar","Blood Vial","HornCleat","Pen Nib"],"acts_visited":["Exordium","TheCity","TheBeyond","TheEnding"],"potions_floor_usage":[55,55],"damage_taken":[{"damage":2.0,"enemies":"Jaw Worm","floor":1.0,"turns":3.0},{"damage":0.0,"enemies":"Small Slimes","floor":2.0,"turns":2.0},{"damage":20.0,"enemies":"Gremlin Nob","floor":7.0,"turns":4.0},{"damage":2.0,"enemies":"Lagavulin","floor":11.0,"turns":5.0},{"damage":0.0,"enemies":"Cultist","floor":13.0,"turns":2.0},{"damage":6.0,"enemies":"The Guardian","floor":16.0,"turns":12.0},{"damage":0.0,"enemies":"Chosen","floor":18.0,"turns":3.0},{"damage":0.0,"enemies":"Spheric Guardian","floor":21.0,"turns":3.0},{"damage":0.0,"enemies":"Gremlin Leader","floor":24.0,"turns":8.0},{"damage":0.0,"enemies":"Snake Plant","floor":27.0,"turns":4.0},{"damage":0.0,"enemies":"Slavers","floor":30.0,"turns":5.0},{"damage":0.0,"enemies":"Cultist and Chosen","floor":31.0,"turns":2.0},{"damage":0.0,"enemies":"Champ","floor":33.0,"turns":6.0},{"damage":0.0,"enemies":"3 Darklings","floor":35.0,"turns":5.0},{"damage":0.0,"enemies":"3 Shapes","floor":38.0,"turns":3.0},{"damage":0.0,"enemies":"Sphere and 2 Shapes","floor":39.0,"turns":3.0},{"damage":0.0,"enemies":"Reptomancer","floor":40.0,"turns":3.0},{"damage":0.0,"enemies":"Writhing Mass","floor":41.0,"turns":2.0},{"damage":0.0,"enemies":"Giant Head","floor":42.0,"turns":2.0},{"damage":0.0,"enemies":"Jaw Worm Horde","floor":45.0,"turns":2.0},{"damage":0.0,"enemies":"Reptomancer","floor":48.0,"turns":5.0},{"damage":0.0,"enemies":"Awakened One","floor":50.0,"turns":4.0},{"damage":0.0,"enemies":"Shield and Spear","floor":54.0,"turns":4.0},{"damage":0,"enemies":"The Heart","floor":55,"turns":7}],"seed_played":"-9117555836152157269","potions_obtained":[{"floor":7.0,"key":"BottledMiracle"},{"floor":11.0,"key":"Block Potion"},{"floor":13.0,"key":"GamblersBrew"},{"floor":16.0,"key":"SkillPotion"},{"floor":24.0,"key":"DuplicationPotion"},{"floor":54.0,"key":"DistilledChaos"}],"is_trial":false,"path_per_floor":["M","M","?","?","?","R","E","R","T","R","E","?","M","$","R","B",null,"M","?","?","M","$","R","E","$","T","M","R","$","E","M","R","B",null,"M","$","?","M","M","E","M","E","T","R","M","?","$","E","R","B",null,"R","$","E","B",null],"character_chosen":"WATCHER","items_purchased":["Adaptation+1","Halt","ClockworkSouvenir","Fasting2+1"],"campfire_rested":2,"item_purchase_floors":[14,25,47,47],"current_hp_per_floor":[70,70,52,52,40,40,20,41,41,41,39,39,39,39,39,33,72,72,72,72,72,72,72,72,72,72,72,72,72,72,72,72,72,72,72,72,72,72,72,72,72,72,72,72,72,72,72,72,72,72,72,72,72,72,72],"gold":157,"neow_bonus":"REMOVE_TWO","is_daily":false,"chose_seed":false,"campfire_upgraded":7,"win_rate":0.0,"timestamp":1612894138,"path_taken":["M","M","?","?","?","R","E","R","T","R","E","?","?","$","R","BOSS","M","?","?","M","$","R","E","?","T","M","R","$","E","M","R","BOSS","M","$","?","M","M","E","M","E","T","R","?","?","?","E","R","BOSS","R","$","E","BOSS"],"items_purchased_type":["Card","Card","Relic","Card"],"build_version":"2020-12-22","purchased_purges":4,"victory":true,"max_hp_per_floor":[72,72,72,72,72,72,72,72,72,72,72,72,72,72,72,72,72,72,72,72,72,72,72,72,72,72,72,72,72,72,72,72,72,72,72,72,72,72,72,72,72,72,72,72,72,72,72,72,72,72,72,72,72,72,72],"card_choices":[{"not_picked":["SashWhip","BowlingBash","Protect"],"picked":"SKIP","floor":1.0},{"not_picked":["Collect","JustLucky"],"picked":"FearNoEvil","floor":2.0},{"not_picked":["Protect","Brilliance"],"picked":"Evaluate","floor":7.0},{"not_picked":["Worship","BowlingBash","JustLucky"],"picked":"SKIP","floor":11.0},{"not_picked":["BowlingBash","SashWhip","WindmillStrike"],"picked":"SKIP","floor":13.0},{"not_picked":["Alpha","Blasphemy"],"picked":"MasterReality+1","floor":16.0},{"not_picked":["BowlingBash","Wireheading+1"],"picked":"EmptyBody+1","floor":18.0},{"not_picked":["Protect","BowlingBash","CarveReality"],"picked":"SKIP","floor":21.0},{"not_picked":["WindmillStrike+1","Meditate","Judgement"],"picked":"SKIP","floor":24.0},{"not_picked":["Vengeance","SashWhip"],"picked":"Tantrum+1","floor":27.0},{"not_picked":["Indignation+1","ClearTheMind"],"picked":"TalkToTheHand","floor":30.0},{"not_picked":["Crescendo","ClearTheMind","FlurryOfBlows+1"],"picked":"SKIP","floor":31.0},{"not_picked":["Devotion+1","MasterReality+1"],"picked":"Vault","floor":33.0},{"not_picked":["Halt","ClearTheMind","Evaluate"],"picked":"SKIP","floor":35.0},{"not_picked":["EmptyFist+1","Nirvana+1"],"picked":"Adaptation+1","floor":38.0},{"not_picked":["Consecrate","BowlingBash+1"],"picked":"MentalFortress+1","floor":39.0},{"not_picked":["InnerPeace","WheelKick+1"],"picked":"MentalFortress+1","floor":40.0},{"not_picked":["ClearTheMind+1","Nirvana+1","EmptyBody"],"picked":"SKIP","floor":41.0},{"not_picked":["Nirvana+1","EmptyBody"],"picked":"ClearTheMind+1","floor":41.0},{"not_picked":["BowlingBash+1","Crescendo+1","LessonLearned"],"picked":"SKIP","floor":42.0},{"not_picked":["WreathOfFlame+1","Consecrate+1","Halt"],"picked":"SKIP","floor":45.0},{"not_picked":["ForeignInfluence","MasterReality+1","Devotion+1"],"picked":"SKIP","floor":48.0},{"not_picked":["Brilliance","PathToVictory+1","Conclude+1"],"picked":"SKIP","floor":54.0}],"player_experience":222131,"relics_obtained":[{"floor":7.0,"key":"Akabeko"},{"floor":9.0,"key":"White Beast Statue"},{"floor":11.0,"key":"Happy Flower"},{"floor":24.0,"key":"Bag of Preparation"},{"floor":26.0,"key":"Eternal Feather"},{"floor":30.0,"key":"Boot"},{"floor":40.0,"key":"GoldenEye"},{"floor":40.0,"key":"Regal Pillow"},{"floor":42.0,"key":"Ornamental Fan"},{"floor":42.0,"key":"Bottled Tornado"},{"floor":48.0,"key":"StoneCalendar"},{"floor":48.0,"key":"Blood Vial"},{"floor":54.0,"key":"HornCleat"},{"floor":54.0,"key":"Pen Nib"}],"event_choices":[{"damage_healed":0.0,"max_hp_gain":0.0,"max_hp_loss":0.0,"gold_gain":0.0,"event_name":"Golden Idol","player_choice":"Take Damage","floor":3.0,"gold_loss":0.0,"damage_taken":18.0,"relics_obtained":["Golden Idol"]},{"cards_removed":["Defend_P"],"damage_healed":0.0,"max_hp_gain":0.0,"max_hp_loss":0.0,"gold_gain":0.0,"event_name":"Living Wall","player_choice":"Forget","floor":4.0,"gold_loss":0.0,"damage_taken":0.0},{"damage_healed":0.0,"max_hp_gain":0.0,"max_hp_loss":0.0,"gold_gain":0.0,"event_name":"Scrap Ooze","player_choice":"Success","floor":5.0,"gold_loss":0.0,"damage_taken":12.0,"relics_obtained":["Frozen Egg 2"]},{"damage_healed":0.0,"max_hp_gain":0.0,"max_hp_loss":0.0,"gold_gain":0.0,"event_name":"Transmorgrifier","player_choice":"Ignored","floor":12.0,"gold_loss":0.0,"damage_taken":0.0},{"damage_healed":0.0,"max_hp_gain":0.0,"max_hp_loss":0.0,"gold_gain":0.0,"event_name":"The Mausoleum","player_choice":"Ignored","floor":19.0,"gold_loss":0.0,"damage_taken":0.0},{"damage_healed":0.0,"max_hp_gain":0.0,"max_hp_loss":0.0,"gold_gain":0.0,"cards_transformed":["Strike_P","Defend_P"],"event_name":"Drug Dealer","player_choice":"Became Test Subject","floor":20.0,"gold_loss":0.0,"damage_taken":0.0,"cards_obtained":["Swivel","Perseverance"]},{"damage_healed":0.0,"max_hp_gain":0.0,"max_hp_loss":0.0,"gold_gain":0.0,"event_name":"Upgrade Shrine","player_choice":"Upgraded","floor":37.0,"gold_loss":0.0,"damage_taken":0.0,"cards_upgraded":["Vault"]},{"damage_healed":0.0,"max_hp_gain":0.0,"max_hp_loss":0.0,"gold_gain":0.0,"event_name":"Match and Keep!","player_choice":"0 cards matched","floor":46.0,"gold_loss":0.0,"damage_taken":0.0,"cards_obtained":[]}],"is_beta":false,"boss_relics":[{"not_picked":["Fusion Hammer","Velvet Choker"],"picked":"HolyWater"},{"not_picked":["Astrolabe","Calling Bell"],"picked":"Black Star"}],"items_purged_floors":[22,25,29,36],"is_endless":false,"potions_floor_spawned":[7,11,13,16,18,21,24,27,30,31,33,35,38,39,40,41,42,45,48,54],"ascension_level":4}}