{"host":"9l1knhxfturzliqa","time":1612853391,"event":{"mods":["AchievementEnabler","BaseMod","Colored Map","Colored Powertips","DeckTracker","Highlight Path","Keyboard Shortcuts","Minty Spire (QoL Compilation)","Random Character Button"],"gold_per_floor":[109,120,120,137,107,107,141,141,166,166,180,192,205,219,219,322,322,341,352,74,88,108,108,138,153,153,183,183,183],"floor_reached":28,"language":"KOR","playtime":1477,"items_purged":[],"score":396,"play_id":"7bf85041-a0ba-4d3c-9d6c-69d1f418db6d","local_time":"20210209154951","is_ascension_mode":true,"campfire_choices":[{"data":"Streamline","floor":6.0,"key":"SMITH"},{"data":"Zap","floor":8.0,"key":"SMITH"},{"floor":10.0,"key":"REST"},{"floor":15.0,"key":"REST"},{"floor":23.0,"key":"REST"}],"circlet_count":0,"master_deck":["AscendersBane","Strike_B+1","Strike_B+1","Strike_B","Defend_B","Defend_B","Defend_B","Zap+1","Dualcast","Writhe","Double Energy+1","Double Energy","Streamline+1","Stack","Melter","Stack","Hologram","Ball Lightning","Steam Power","FTL","Reboot","Sweeping Beam","Stack","Beam Cell+1","Rebound","Chill","Gash","Go for the Eyes","Hologram+1"],"relics":["Cracked Core","Regal Pillow","Strawberry","Nuclear Battery","Matryoshka","Whetstone","Happy Flower","Blue Candle","Toxic Egg 2"],"acts_visited":["Exordium","TheCity"],"potions_floor_usage":[27],"damage_taken":[{"damage":12.0,"enemies":"Small Slimes","floor":1.0,"turns":3.0},{"damage":1.0,"enemies":"Cultist","floor":2.0,"turns":3.0},{"damage":4.0,"enemies":"Jaw Worm","floor":4.0,"turns":3.0},{"damage":9.0,"enemies":"3 Sentries","floor":7.0,"turns":7.0},{"damage":10.0,"enemies":"Looter","floor":11.0,"turns":3.0},{"damage":20.0,"enemies":"Lots of Slimes","floor":12.0,"turns":4.0},{"damage":8.0,"enemies":"Gremlin Gang","floor":13.0,"turns":3.0},{"damage":6.0,"enemies":"Looter","floor":14.0,"turns":3.0},{"damage":57.0,"enemies":"The Guardian","floor":16.0,"turns":10.0},{"damage":0.0,"enemies":"Spheric Guardian","floor":18.0,"turns":1.0},{"damage":0.0,"enemies":"Chosen","floor":19.0,"turns":4.0},{"damage":16.0,"enemies":"Centurion and Healer","floor":21.0,"turns":6.0},{"damage":16.0,"enemies":"Cultist and Chosen","floor":22.0,"turns":4.0},{"damage":24.0,"enemies":"Book of Stabbing","floor":24.0,"turns":3.0},{"damage":9.0,"enemies":"Chosen and Byrds","floor":25.0,"turns":4.0},{"damage":28,"enemies":"Gremlin Leader","floor":27,"turns":10},{"damage":10,"enemies":"Snake Plant","floor":28,"turns":1}],"seed_played":"-3408274882563724931","potions_obtained":[{"floor":4.0,"key":"Dexterity Potion"},{"floor":5.0,"key":"Weak Potion"},{"floor":5.0,"key":"LiquidMemories"},{"floor":11.0,"key":"Dexterity Potion"},{"floor":14.0,"key":"CultistPotion"},{"floor":16.0,"key":"PowerPotion"},{"floor":19.0,"key":"SteroidPotion"},{"floor":22.0,"key":"EntropicBrew"},{"floor":27,"key":"Energy Potion"}],"is_trial":false,"path_per_floor":["M","M","?","M","?","R","E","R","T","R","M","M","M","M","R","B",null,"M","M","$","M","M","R","E","M","T","E","M"],"character_chosen":"DEFECT","items_purchased":["Matryoshka","Beam Cell"],"campfire_rested":3,"item_purchase_floors":[20,20],"current_hp_per_floor":[56,55,40,36,36,36,27,27,34,73,63,43,35,29,68,11,64,64,64,64,48,32,71,47,38,38,10,0,0],"gold":183,"neow_bonus":"TRANSFORM_TWO_CARDS","is_daily":false,"chose_seed":false,"campfire_upgraded":2,"win_rate":0.0,"timestamp":1612853391,"path_taken":["M","M","?","M","?","R","E","R","T","R","?","?","M","M","R","BOSS","M","M","?","M","M","R","E","M","T","E","M"],"items_purchased_type":["Relic","Card"],"build_version":"2020-12-22","purchased_purges":0,"victory":false,"max_hp_per_floor":[75,75,75,75,75,75,75,75,82,82,82,82,82,82,82,82,82,82,82,82,82,82,82,82,82,82,82,82,82],"card_choices":[{"not_picked":["Gash","Defragment"],"picked":"Streamline","floor":1.0},{"not_picked":["Steam Power","Turbo"],"picked":"Stack","floor":2.0},{"not_picked":["Ball Lightning","Redo"],"picked":"Melter","floor":4.0},{"not_picked":["Reprogram","Turbo"],"picked":"Stack","floor":7.0},{"not_picked":["Reprogram","Tempest"],"picked":"Hologram","floor":11.0},{"not_picked":["Turbo","Auto Shields"],"picked":"Ball Lightning","floor":12.0},{"not_picked":["Amplify","Ball Lightning"],"picked":"Steam Power","floor":13.0},{"not_picked":["Hologram","Reinforced Body"],"picked":"FTL","floor":14.0},{"not_picked":["Machine Learning","Creative AI"],"picked":"Reboot","floor":16.0},{"not_picked":["Storm+1","Cold Snap"],"picked":"Sweeping Beam","floor":18.0},{"not_picked":["Leap","Turbo"],"picked":"Stack","floor":19.0},{"not_picked":["Biased Cognition","Stack"],"picked":"Rebound","floor":21.0},{"not_picked":["Stack+1","Turbo"],"picked":"Chill","floor":22.0},{"not_picked":["Hologram+1","Reboot"],"picked":"Gash","floor":24.0},{"not_picked":["Compile Driver","Sweeping Beam"],"picked":"Go for the Eyes","floor":25.0},{"not_picked":["Ball Lightning+1","Defragment"],"picked":"Hologram+1","floor":27}],"player_experience":647208,"relics_obtained":[{"floor":7.0,"key":"Regal Pillow"},{"floor":9.0,"key":"Strawberry"},{"floor":24.0,"key":"Whetstone"},{"floor":26.0,"key":"Happy Flower"},{"floor":26.0,"key":"Blue Candle"},{"floor":27,"key":"Toxic Egg 2"}],"event_choices":[{"damage_healed":0.0,"max_hp_gain":0.0,"max_hp_loss":0.0,"gold_gain":0.0,"event_name":"Shining Light","player_choice":"Entered Light","floor":3.0,"gold_loss":0.0,"damage_taken":15.0,"cards_upgraded":["Strike_B","Double Energy"]},{"damage_healed":0.0,"max_hp_gain":0.0,"max_hp_loss":0.0,"gold_gain":0.0,"event_name":"The Woman in Blue","player_choice":"Bought 2 Potions","floor":5.0,"gold_loss":0.0,"damage_taken":0.0}],"is_beta":false,"boss_relics":[{"not_picked":["Tiny House","Snecko Eye"],"picked":"Nuclear Battery"}],"items_purged_floors":[],"is_endless":false,"potions_floor_spawned":[4,11,14,16,19,22,27],"killed_by":"Snake Plant","ascension_level":10}}