{"host":"tml1x4ylw9tadh99","time":1612895696,"event":{"mods":["AchievementEnabler","Act Like it!","BaseMod","Bestiary","Colored Map","Colored Powertips","DeckTracker","Friendly Minions","GifTheSpireLib","Minty Spire (QoL Compilation)","Quick Restart","Random Character Button","Random Character Mod","Relic Stats","StSLib","Synergy Search"],"gold_per_floor":[115,40,53,66,80,80,106,126,126,141,151,51,63,76,76,76,76],"floor_reached":16,"language":"ENG","playtime":974,"items_purged":["Defend_P","Vigilance"],"score":108,"play_id":"324f09fa-bff0-4b6d-adf1-ebe8e760ba1a","local_time":"20210209193456","is_ascension_mode":false,"campfire_choices":[{"data":"Eruption","floor":6,"key":"SMITH"},{"floor":15,"key":"REST"}],"circlet_count":0,"master_deck":["Strike_P","Strike_P","Strike_P","Strike_P","Defend_P","Defend_P","Defend_P","Eruption+1","InnerPeace"],"relics":["PureWater","Mercury Hourglass","Ornamental Fan"],"acts_visited":["Exordium"],"potions_floor_usage":[10,11,11,16],"damage_taken":[{"damage":0,"enemies":"Cultist","floor":1,"turns":3},{"damage":0,"enemies":"2 Louse","floor":3,"turns":3},{"damage":0,"enemies":"Jaw Worm","floor":4,"turns":2},{"damage":4,"enemies":"2 Fungi Beasts","floor":5,"turns":4},{"damage":44,"enemies":"Lagavulin","floor":7,"turns":8},{"damage":0,"enemies":"3 Louse","floor":8,"turns":2},{"damage":15,"enemies":"Exordium Wildlife","floor":10,"turns":6},{"damage":0,"enemies":"Gremlin Gang","floor":11,"turns":4},{"damage":2,"enemies":"Lots of Slimes","floor":13,"turns":3},{"damage":0,"enemies":"Blue Slaver","floor":14,"turns":1},{"damage":32,"enemies":"The Guardian","floor":16,"turns":8}],"seed_played":"7914272080952969614","potions_obtained":[{"floor":3,"key":"SpeedPotion"},{"floor":7,"key":"Block Potion"},{"floor":8,"key":"CultistPotion"},{"floor":10,"key":"StancePotion"}],"is_trial":false,"path_per_floor":["M","$","M","M","M","R","E","M","T","M","M","$","M","M","R","B"],"character_chosen":"WATCHER","items_purchased":[],"campfire_rested":1,"item_purchase_floors":[],"current_hp_per_floor":[72,72,72,72,68,68,24,24,24,9,9,9,7,7,28,0,0],"gold":76,"neow_bonus":"THREE_CARDS","is_daily":false,"chose_seed":false,"campfire_upgraded":1,"win_rate":0.0,"timestamp":1612895696,"path_taken":["M","$","M","?","M","R","E","M","T","M","?","$","M","M","R","BOSS"],"items_purchased_type":[],"build_version":"2020-12-22","purchased_purges":2,"victory":false,"max_hp_per_floor":[72,72,72,72,72,72,72,72,72,72,72,72,72,72,72,72,72],"relic_stats":{"counters":[11,43],"Ornamental Fan":[32],"obtain_stats":[{"Ornamental Fan":9,"PureWater":0,"Mercury Hourglass":7},{"Ornamental Fan":6,"PureWater":0,"Mercury Hourglass":5},{"Ornamental Fan":22,"PureWater":0,"Mercury Hourglass":20}],"Mercury Hourglass":[131]},"card_choices":[{"not_picked":["FlurryOfBlows","Crescendo","Halt"],"picked":"SKIP","floor":1},{"not_picked":["FollowUp","CutThroughFate","FearNoEvil"],"picked":"SKIP","floor":3},{"not_picked":["JustLucky","Protect","ClearTheMind"],"picked":"SKIP","floor":4},{"not_picked":["CrushJoints","Consecrate","Halt"],"picked":"SKIP","floor":5},{"not_picked":["FollowUp","WaveOfTheHand","CrushJoints"],"picked":"SKIP","floor":7},{"not_picked":["FlurryOfBlows","CrushJoints","PathToVictory"],"picked":"SKIP","floor":8},{"not_picked":["BattleHymn","ForeignInfluence","WheelKick"],"picked":"SKIP","floor":10},{"not_picked":["FlyingSleeves","BattleHymn"],"picked":"InnerPeace","floor":11},{"not_picked":["Nirvana","FlurryOfBlows","Crescendo"],"picked":"SKIP","floor":13},{"not_picked":["Crescendo","BowlingBash","Sanctity"],"picked":"SKIP","floor":14}],"player_experience":43386,"relics_obtained":[{"floor":7,"key":"Mercury Hourglass"},{"floor":9,"key":"Ornamental Fan"}],"event_choices":[],"is_beta":false,"boss_relics":[],"items_purged_floors":[2,12],"is_endless":false,"potions_floor_spawned":[3,7,8,10],"killed_by":"The Guardian","ascension_level":0}}