{"host":"oewe6473mh2zp5ss","time":1612911748,"event":{"mods":["AchievementEnabler","Ascension Reborn","Aspiration","Bard","BaseMod","Challenge The Spire","Conspire","Curses Come First","Custom Start","Downfall","Emptier Cage","Gremlin Mod","Halation","Hubris","Infinite Spire","Minty Spire (QoL Compilation)","Permanent Neow","Reliquary","Replay The Spire","Robot Space Explorer","Somnambulant","Spikes Relics","StSLib","The Cursed","The Disciple","The Jungle","The Senshi","thorton"],"gold_per_floor":[99,113,133,146,246,6,6,0,0,33,33,44,44,59,77,182,182,182,199,209,228,299,12,12,12,12,23,8,18,18,29,41,191,191,91,111,130,130,149,161,185,185,180,198,198,49,49,60,71,71],"floor_reached":51,"language":"ENG","playtime":5546,"items_purged":["Slimebound:Strike_Slimebound","Slimebound:Strike_Slimebound"],"score":730,"play_id":"f7a4f2c2-91f4-473d-9fec-7b56abc1ec18","local_time":"20210209150228","is_ascension_mode":true,"campfire_choices":[{"floor":1,"key":"DIG"},{"data":"Replay:BasicMightCard","floor":9,"key":"SMITH"},{"floor":11,"key":"REST"},{"floor":18,"key":"RECALL"},{"data":"Slimebound:Overexert","floor":25,"key":"SMITH"},{"data":"Slimebound:Grow","floor":26,"key":"SMITH"},{"floor":30,"key":"REST"},{"floor":47,"key":"REST"}],"circlet_count":0,"master_deck":["Slimebound:Tackle","Slimebound:Defend_Slimebound","Slimebound:Defend_Slimebound","Slimebound:Defend_Slimebound","Slimebound:Split","Slimebound:CorrosiveSpit","Replay:BasicMightCard+1","Slimebound:LeechingTouch","Slimebound:SamplingLick","Slimebound:Equalize","Slimebound:Grow","conspire:Banana","Slimebound:RejuvenatingLick","Slimebound:RainOfGoop","Slimebound:OozeBath","Slimebound:SamplingLick","Slimebound:SplitAcid","Slimebound:Schlurp","Slimebound:Overexert+1","Slimebound:MassRepurpose","Slimebound:TongueLash+1","Slimebound:ForwardTackle","Slimebound:HauntingLick","Slimebound:RainOfGoop","Slimebound:Grow+1","Slimebound:Schlurp","Slimebound:LeechEnergy+1","Slimebound:Grow+1","Slimebound:HauntingLick","Slimebound:SplitAcid","Slimebound:SelfFormingGoo","Slimebound:Prepare+1","Slimebound:DisruptingSlam+1","Slimebound:Split","Slimebound:SplitAcid","Slimebound:Replication","Slimebound:SplitAcid+1","Slimebound:Prepare+1","Slimebound:OozeBath","hubris:EnhanceAbility","hubris:EnhanceAbility","Master of Strategy","Slimebound:LeechEnergy","Sickly","Slimebound:Equalize","Slimebound:DisruptingSlam"],"relics":["Slimebound:AbsorbEndCombat","White Beast Statue","WingedGreaves","Rawhide","Slimebound:TarBlob","SpikesRelics:DaevaFist","hubris:MobiusCoin","Honey Jar","downfall:HeartBlessingRed","MiniBlackHole","ReplayTheSpireMod:ShopPack","infinitespire:Satchel"],"acts_visited":["Exordium","TheCity","TheBeyond"],"potions_floor_usage":[16,16,19,28,28,33,44,50,50,50],"damage_taken":[{"damage":8,"enemies":"Cultist","floor":2,"turns":4},{"damage":10,"enemies":"2 Louse","floor":3,"turns":3},{"damage":5,"enemies":"Jaw Worm","floor":4,"turns":3},{"damage":13,"enemies":"downfall:FleeingMerchant","floor":6,"turns":4},{"damage":5,"enemies":"downfall:FleeingMerchant","floor":8,"turns":4},{"damage":51,"enemies":"Gremlin Nob","floor":10,"turns":5},{"damage":10,"enemies":"conspire:2 RoseBushes","floor":12,"turns":4},{"damage":8,"enemies":"Lots of Slimes","floor":14,"turns":2},{"damage":1,"enemies":"Large Slime","floor":15,"turns":4},{"damage":36,"enemies":"WA_ARCHETYPE_RETAIN","floor":16,"turns":4},{"damage":15,"enemies":"Spheric Guardian","floor":19,"turns":4},{"damage":22,"enemies":"3 Cultists","floor":20,"turns":6},{"damage":3,"enemies":"Centurion and Healer","floor":21,"turns":6},{"damage":6,"enemies":"downfall:FleeingMerchant","floor":23,"turns":4},{"damage":26,"enemies":"Sentry and Sphere","floor":27,"turns":7},{"damage":11,"enemies":"downfall:FleeingMerchant","floor":28,"turns":4},{"damage":15,"enemies":"Snecko","floor":29,"turns":4},{"damage":0,"enemies":"3 Cultists","floor":31,"turns":4},{"damage":0,"enemies":"Centurion and Healer","floor":32,"turns":5},{"damage":35,"enemies":"DF_ARCHETYPE_CLAW","floor":33,"turns":8},{"damage":10,"enemies":"3 Shapes","floor":36,"turns":4},{"damage":29,"enemies":"3 Darklings","floor":37,"turns":7},{"damage":40,"enemies":"Spire Growth","floor":39,"turns":5},{"damage":29,"enemies":"Jaw Worm Horde","floor":40,"turns":3},{"damage":3,"enemies":"downfall:FleeingMerchant","floor":43,"turns":2},{"damage":15,"enemies":"3 Darklings","floor":44,"turns":5},{"damage":20,"enemies":"Maw","floor":48,"turns":5},{"damage":6,"enemies":"4 Shapes","floor":49,"turns":2},{"damage":7,"enemies":"SI_POISON_ARCHETYPE","floor":50,"turns":8}],"seed_played":"8919992142003573001","potions_obtained":[{"floor":2,"key":"Venom Potion"},{"floor":3,"key":"Explosive Potion"},{"floor":4,"key":"DuplicationPotion"},{"floor":12,"key":"PowerPotion"},{"floor":16,"key":"Reflective Coating"},{"floor":19,"key":"ColorlessPotion"},{"floor":20,"key":"champ:CounterPotion"},{"floor":28,"key":"Doom Potion"},{"floor":29,"key":"SkillPotion"},{"floor":33,"key":"Slimebound:SpawnSlimePotion"},{"floor":36,"key":"Swift Potion"},{"floor":37,"key":"SteroidPotion"},{"floor":39,"key":"Swift Potion"},{"floor":40,"key":"DuplicationPotion"},{"floor":43,"key":"CultistPotion"},{"floor":44,"key":"CultistPotion"},{"floor":48,"key":"Weak Potion"},{"floor":49,"key":"BlessingOfTheForge"}],"is_trial":false,"path_per_floor":["R","M","M","M","?","$","T","$","R","E","R","M","?","M","M","B",null,"R","M","M","M","?","$","T","R","R","M","$","M","R","M","M","B",null,"R","M","M","?","M","M","T","?","$","M","?","$","R","M","M","B",null],"character_chosen":"SLIMEBOUND","items_purchased":["conspire:Banana","Slimebound:RejuvenatingLick","Slimebound:RainOfGoop","SpikesRelics:DaevaFist","Strength Potion","Slimebound:OozeBath","ReplayTheSpireMod:ShopPack","infinitespire:Satchel"],"campfire_rested":3,"item_purchase_floors":[6,6,6,23,23,43,43,46],"current_hp_per_floor":[65,61,55,54,54,54,54,60,60,18,38,37,37,29,43,56,70,70,58,51,65,65,65,65,65,65,50,46,41,63,76,77,59,78,78,76,55,55,32,9,9,9,10,6,6,6,30,25,21,29],"gold":71,"neow_bonus":"RANDOM_COLORLESS","is_daily":false,"chose_seed":false,"campfire_upgraded":3,"win_rate":0.0,"timestamp":1612911748,"path_taken":["R","M","?","M","?","?","T","$","R","E","R","?","?","M","M","BOSS","R","M","M","M","?","$","T","R","R","M","$","M","R","?","M","BOSS","R","M","M","?","M","?","T","?","$","?","?","?","R","M","M","BOSS"],"items_purchased_type":["Card","Card","Card","Relic","Potion","Card","Relic","Relic"],"build_version":"2020-12-22","purchased_purges":2,"victory":true,"max_hp_per_floor":[65,65,65,65,65,65,65,66,66,67,67,68,68,68,69,70,70,70,71,72,73,73,73,73,73,73,74,75,75,75,76,77,78,78,78,78,79,79,80,80,80,80,80,81,81,81,81,82,82,83],"card_choices":[{"not_picked":["Deep Breath","Dramatic Entrance"],"picked":"Replay:BasicMightCard","floor":0},{"not_picked":["Slimebound:ComboTackle","Slimebound:TongueLash"],"picked":"Slimebound:LeechingTouch","floor":2},{"not_picked":["Slimebound:SplitBruiser","Slimebound:TongueLash"],"picked":"Slimebound:SamplingLick","floor":3},{"not_picked":["Slimebound:LeechingTouch","Slimebound:RollThrough"],"picked":"Slimebound:Equalize","floor":4},{"not_picked":["Slimebound:SplitAcid","Slimebound:SlimeSpikes"],"picked":"Slimebound:Grow","floor":6},{"not_picked":["Slimebound:ComboTackle","Slimebound:Prepare"],"picked":"Slimebound:OozeBath","floor":8},{"not_picked":["Slimebound:OneTwoCombo","Slimebound:SplitAcid"],"picked":"Slimebound:SamplingLick","floor":10},{"not_picked":["Slimebound:LivingWall","Slimebound:MinionMaster"],"picked":"Slimebound:SplitAcid","floor":12},{"not_picked":["Slimebound:FormOfPuddle","Slimebound:SlimeTap"],"picked":"Slimebound:Schlurp","floor":14},{"not_picked":["Slimebound:ComboTackle","Slimebound:GoopSpray"],"picked":"Slimebound:Overexert","floor":15},{"not_picked":["Slimebound:MassFeed","Slimebound:DouseInSlime"],"picked":"Slimebound:MassRepurpose","floor":16},{"not_picked":["Slimebound:GoopTackle+1","Slimebound:LivingWall"],"picked":"Slimebound:TongueLash","floor":19},{"not_picked":["Slimebound:LeechingTouch","Slimebound:SplitLeeching"],"picked":"Slimebound:ForwardTackle","floor":20},{"not_picked":["Slimebound:SamplingLick","Slimebound:TongueLash"],"picked":"Slimebound:HauntingLick","floor":21},{"not_picked":["Slimebound:SlimeBrawl","Slimebound:LivingWall"],"picked":"Slimebound:RainOfGoop","floor":22},{"not_picked":["Slimebound:GoopTackle+1","Slimebound:ViciousTackle+1"],"picked":"Slimebound:Grow","floor":23},{"not_picked":["Slimebound:SamplingLick","Slimebound:Repurpose+1"],"picked":"Slimebound:Schlurp","floor":27},{"not_picked":["Slimebound:OneTwoCombo","Slimebound:SlimeSpikes+1"],"picked":"Slimebound:LeechEnergy+1","floor":28},{"not_picked":["Slimebound:LeadByExample","Slimebound:FinishingTackle"],"picked":"Slimebound:Grow","floor":29},{"not_picked":["Slimebound:GoopTackle","Slimebound:ItLooksTasty"],"picked":"Slimebound:HauntingLick","floor":31},{"not_picked":["Slimebound:SplitMire","Slimebound:ForwardTackle"],"picked":"Slimebound:SplitAcid","floor":32},{"not_picked":["Slimebound:MassFeed","Slimebound:DouseInSlime"],"picked":"Slimebound:SelfFormingGoo","floor":33},{"not_picked":["Slimebound:PressTheAttack","Slimebound:Chomp+1","Slimebound:RollThrough"],"picked":"Slimebound:Prepare+1","floor":36},{"not_picked":["Slimebound:SplitLeeching","Slimebound:Grow","Slimebound:PressTheAttack"],"picked":"Slimebound:DisruptingSlam+1","floor":37},{"not_picked":["Slimebound:ComboTackle","Slimebound:LeadByExample+1","Slimebound:Chomp+1"],"picked":"Slimebound:Replication","floor":39},{"not_picked":["Slimebound:SplitLeeching+1","Slimebound:LivingWall+1","Slimebound:RallyTheTroops"],"picked":"Slimebound:SplitAcid+1","floor":40},{"not_picked":["Slimebound:SplitBruiser+1","Slimebound:LeechEnergy","Slimebound:Equalize+1"],"picked":"Slimebound:Prepare+1","floor":43},{"not_picked":["Metamorphosis","Crow Ritual","HandOfGreed"],"picked":"hubris:EnhanceAbility","floor":43},{"not_picked":["PlatinumSkin","Assess","hubris:Ssssneak"],"picked":"hubris:EnhanceAbility","floor":43},{"not_picked":["Metamorphosis","Jack Of All Trades","ReplayTheSpireMod:Trickstab"],"picked":"Master of Strategy","floor":43},{"not_picked":["Slimebound:Prepare","Slimebound:LeadByExample+1","Slimebound:ItLooksTasty+1"],"picked":"Slimebound:LeechEnergy","floor":44},{"not_picked":["Slimebound:FinishingTackle+1","Slimebound:ItLooksTasty+1","Slimebound:DuplicatedForm"],"picked":"Slimebound:Equalize","floor":48},{"not_picked":["Slimebound:SplitLeeching+1","Slimebound:LeechingTouch","Slimebound:SplitMire"],"picked":"Slimebound:DisruptingSlam","floor":49}],"player_experience":53687,"relics_obtained":[{"floor":1,"key":"White Beast Statue"},{"floor":7,"key":"WingedGreaves"},{"floor":10,"key":"Rawhide"},{"floor":24,"key":"hubris:MobiusCoin"},{"floor":41,"key":"MiniBlackHole"}],"event_choices":[{"damage_healed":0,"gold_gain":0,"player_choice":"Forge","damage_taken":0,"max_hp_gain":0,"max_hp_loss":0,"event_name":"Accursed Blacksmith","floor":42,"gold_loss":0,"cards_upgraded":["Slimebound:Grow"]}],"is_beta":false,"boss_relics":[{"not_picked":["halation:ForbiddenBikini","halation:LoveArrow"],"picked":"Slimebound:TarBlob"},{"not_picked":["reliquary:KinkedSpring","reliquary:RedPaperclip"],"picked":"Honey Jar"}],"items_purged_floors":[23,43],"is_endless":false,"potions_floor_spawned":[2,3,4,6,8,10,12,14,15,16,19,20,21,23,27,28,29,31,32,33,36,37,39,40,43,44,48,49],"ascension_level":0}}