{"host":"ygrzus95cf6ziorx","time":1612895208,"event":{"mods":["2.2 Compatiblity","Act Like it!","Aspiration","BaseMod","Better Skull","Bossed Relics","CapriCore","Conspire","Curses Come First","Defuse TimeMaze Blight","Energized Spire","Fiend Mod","Friendly Minions","GifTheSpireLib","Glutton Mod","GungeonMod","Halation","Hermit","HexUI Lib","Highlight Path","Hubris","Infinite Spire","Jedi Mod","JesterMod","Kiyohime????","Koishi","Lobotomy","LobotomyExtend","Minty Spire (QoL Compilation)","MostiFishMod","Prisma Mod","Quarter Circle Forward PUNCH!","Relic Sorter","Reliquary","Remilia??????","Replay The Spire","Retaliation","Shop Mod","Small Relic Pack","Spicy Shops","Spikes Relics","StS++","StSLib","Stuff the Spire","SuperFastMode","Synergy Search","The Bladedancer","The Bug Knight","The Dragon Tamer","The Exalted","The Immortal","The Judge","The Jungle","The Marked","The Necromancer","The Wild Card","TheBandit","Trackpad","Uncapped","thorton"],"gold_per_floor":[109,109,-1291,-1261,-1246,-1216,-1188,-1163,-1163,-1163,-1151,-1122,-1122,-990,-990,-885,-885,-867,-867,-867,-867,-867,-867],"floor_reached":21,"language":"ENG","playtime":894,"items_purged":[],"score":434,"play_id":"63bc0b5a-a2aa-41c4-8bcb-b8bbed7db7bc","local_time":"20210209212648","daily_mods":["Draft","Heirloom","Flight","DeadlyEvents","Elite Swarm","Lethality"],"is_ascension_mode":true,"metric_token":3859,"campfire_choices":[{"data":"DTMod:Training","floor":10,"key":"SMITH"},{"data":"DTMod:SealedStrike+2","floor":13,"key":"SMITH"},{"data":"DTMod:SealedStrike+3","floor":15,"key":"SMITH"}],"dtmod_dragon_data":[50,50,3,-1,10,0],"circlet_count":0,"master_deck":["DTMod:Cover","DTMod:ComboAttack+1","DTMod:ComboAttack","DTMod:Training+1","DTMod:Feint","DTMod:CleansingStrike","DTMod:QuickFly","DTMod:PurifyingFlame","DTMod:DarkBreath","DTMod:Feint","DTMod:ComboAttack","DTMod:FlameSlash+1","DTMod:BreakAttack+1","DTMod:FlameSlash+1","DTMod:HeatWave","DTMod:LowKick","DTMod:OpeningTactic","DTMod:SealedStrike+4","DTMod:SealedStrike","DTMod:HeadStart","DTMod:HeadStart"],"relics":["DTMod:PactStone","DaveBox","qcfpunch:Duffel_Bag","qcfpunch:Fighting_Gloves","qcfpunch:Red_Headband","BirthdayGift-Tetrahedron","hubris:AstralHammer","SynthV:TestCard","LetterFromLob","halation:EternalFortune","SynthV:MejaisSoulstealer","Replay:PocketPolymizer","DemoMod:GlassGuonStoneRelic","Whetstone","DemoMod:LamentConfigurum","Boot","SpikesRelics:DaevaFist","SentryEyes","conspire:InfiniteJournal","StuffTheSpire:TintedRock","Du-Vu Doll","PatriotShield","reliquary:Aerogel","MagicBullet_r"],"acts_visited":["Exordium","TheCity"],"potions_floor_usage":[],"damage_taken":[{"damage":0,"enemies":"Jaw Worm","floor":1,"turns":1},{"damage":0,"enemies":"conspire:MimicChest","floor":4,"turns":2},{"damage":0,"enemies":"2 Louse","floor":5,"turns":1},{"damage":0,"enemies":"Gremlin Nob","floor":6,"turns":1},{"damage":0,"enemies":"Replay:BlueRogue","floor":7,"turns":1},{"damage":0,"enemies":"3 Sentries","floor":8,"turns":2},{"damage":0,"enemies":"Small Slimes","floor":11,"turns":1},{"damage":0,"enemies":"HollowMod:MossKnight","floor":12,"turns":2},{"damage":0,"enemies":"3 Sentries","floor":14,"turns":1},{"damage":1,"enemies":"Fading Forest","floor":16,"turns":4},{"damage":0,"enemies":"3 Byrds","floor":18,"turns":1}],"seed_played":"2386971563757239332","potions_obtained":[{"floor":4,"key":"PowerPotion"},{"floor":5,"key":"SteroidPotion"},{"floor":7,"key":"DistilledChaos"}],"is_trial":true,"path_per_floor":["M","?","$","?","M","E","E","E","T","R","M","E","R","E","R","B",null,"M","?","$","E"],"character_chosen":"THE_DT","items_purchased":["SynthV:MejaisSoulstealer"],"campfire_rested":0,"item_purchase_floors":[3],"current_hp_per_floor":[45,48,48,48,48,48,48,48,48,48,48,48,48,48,48,47,48,48,48,48,0,0,0],"gold":-867,"neow_bonus":"","is_daily":false,"chose_seed":false,"campfire_upgraded":3,"win_rate":0.0,"timestamp":1612895208,"path_taken":["M","?","?","?","M","E","E","E","T","R","?","E","R","E","R","BOSS","M","?","?","?"],"items_purchased_type":["Relic"],"build_version":"2020-12-22","purchased_purges":0,"victory":false,"max_hp_per_floor":[45,48,48,48,48,48,48,48,48,48,48,48,48,48,48,48,48,48,48,48,48,48,48],"card_choices":[{"not_picked":["DTMod:DeepFocus","DTMod:Hide"],"picked":"DTMod:Cover","floor":0},{"not_picked":["DTMod:MagicField","DTMod:BizarreTactic"],"picked":"DTMod:ComboAttack","floor":0},{"not_picked":["DTMod:DeepFocus","DTMod:BlueScale"],"picked":"DTMod:ComboAttack","floor":0},{"not_picked":["DTMod:Feint","DTMod:HeatWave"],"picked":"DTMod:Training","floor":0},{"not_picked":["DTMod:MasterPlan","DTMod:BizarreTactic"],"picked":"DTMod:Feint","floor":0},{"not_picked":["DTMod:DragonDance","DTMod:BizarreTactic"],"picked":"DTMod:CleansingStrike","floor":0},{"not_picked":["DTMod:Coolant","DTMod:Threaten"],"picked":"DTMod:QuickFly","floor":0},{"not_picked":["DTMod:TauntingStrike","DTMod:Cover"],"picked":"DTMod:PurifyingFlame","floor":0},{"not_picked":["DTMod:WarmUp","DTMod:BuildUp"],"picked":"DTMod:DarkBreath","floor":0},{"not_picked":["DTMod:BurningForce","DTMod:MagiciansMark"],"picked":"DTMod:Feint","floor":0},{"not_picked":["DTMod:StarRain","DTMod:Feint"],"picked":"DTMod:ComboAttack","floor":0},{"not_picked":["DTMod:MasterPlan","DTMod:ForkedFire"],"picked":"DTMod:FlameSlash","floor":0},{"not_picked":["DTMod:LastStand","DTMod:Weaken"],"picked":"DTMod:BreakAttack","floor":0},{"not_picked":["DTMod:Cover","DTMod:BreakAttack"],"picked":"DTMod:FlameSlash","floor":0},{"not_picked":["DTMod:MagicField","DTMod:RunningTactic"],"picked":"DTMod:HeatWave","floor":0},{"not_picked":["DTMod:Adaptation","DTMod:HeatWave"],"picked":"DTMod:LowKick","floor":1},{"not_picked":["Bandage Up"],"picked":"SKIP","floor":1},{"not_picked":["Panacea"],"picked":"SKIP","floor":5},{"not_picked":["DTMod:Hide","DTMod:DragonDance","DTMod:Observe","DTMod:CleansingStrike","DTMod:FlameSlash"],"picked":"SKIP","floor":5},{"not_picked":["DTMod:Safeguard","DTMod:RepeatStrike","DTMod:GearUp","DTMod:Inferno"],"picked":"DTMod:OpeningTactic","floor":6},{"not_picked":["DTMod:GearUp","DTMod:StunTrap","DTMod:LightShield","DTMod:HeadStart","DTMod:ShadowImage"],"picked":"SKIP","floor":7},{"not_picked":["DTMod:TriAttack","DTMod:LightShield","DTMod:ShadowImage","DTMod:ResonanceForm"],"picked":"DTMod:SealedStrike","floor":8},{"not_picked":["DTMod:FlameSlash","DTMod:CleansingStrike","DTMod:BreakAttack","DTMod:Overwhelm","DTMod:Punisher"],"picked":"SKIP","floor":11},{"not_picked":["DTMod:Outburst","DTMod:FierySynthesis","DTMod:HeadStart","DTMod:Harmonize"],"picked":"DTMod:SealedStrike","floor":12},{"not_picked":["DTMod:SealedStrike","DTMod:EchoTactic","DTMod:ExcessFootwork","DTMod:LightShield"],"picked":"DTMod:HeadStart","floor":14},{"not_picked":["DTMod:Inferno","DTMod:FierySynthesis","DTMod:EchoTactic","DTMod:Multitask"],"picked":"DTMod:HeadStart","floor":16},{"not_picked":["DTMod:Shift","DTMod:Hide","DTMod:Threaten","DTMod:TagTeam","DTMod:BurningForce"],"picked":"SKIP","floor":18}],"player_experience":183024,"relics_obtained":[{"floor":1,"key":"SynthV:TestCard"},{"floor":1,"key":"LetterFromLob"},{"floor":4,"key":"Replay:PocketPolymizer"},{"floor":6,"key":"Whetstone"},{"floor":6,"key":"DemoMod:LamentConfigurum"},{"floor":7,"key":"Boot"},{"floor":7,"key":"SpikesRelics:DaevaFist"},{"floor":8,"key":"SentryEyes"},{"floor":9,"key":"conspire:InfiniteJournal"},{"floor":12,"key":"StuffTheSpire:TintedRock"},{"floor":14,"key":"Du-Vu Doll"}],"event_choices":[],"is_beta":false,"boss_relics":[{"not_picked":["Ring of Chaos","halation:Yufonium"],"picked":"PatriotShield"}],"items_purged_floors":[],"is_endless":false,"potions_floor_spawned":[4,5,7,12,16],"ascension_level":1}}