{"host":"eketvm4dld8igxnv","time":1612909069,"event":{"mods":["BaseMod","Better Skull","Better Third Choice","Downfall","Googly Eyes","Minty Spire (QoL Compilation)","StSLib"],"gold_per_floor":[113,68,87,87,99,128,128,163,163,231,54,54,88,99,99,99,99],"floor_reached":16,"language":"ENG","playtime":809,"items_purged":[],"score":130,"play_id":"41cfb7bf-ce9a-405c-a81b-d3f1a73bd429","local_time":"20210209171749","is_ascension_mode":true,"campfire_choices":[{"floor":7,"key":"REST"},{"floor":12,"key":"REST"},{"floor":15,"key":"REST"}],"circlet_count":0,"master_deck":["Strike_R","Strike_R","Strike_R","Strike_R","Strike_R","Defend_R","Defend_R","Defend_R","Defend_R","Bash","Body Slam","True Grit+1","Impervious","Pummel","Uppercut","Spot Weakness","Iron Wave","Exhume"],"relics":["Burning Blood","NeowsBlessing","Vajra","Unceasing Top","The Courier","Strange Spoon","Bag of Marbles"],"acts_visited":["Exordium"],"potions_floor_usage":[8,16],"damage_taken":[{"damage":0,"enemies":"2 Louse","floor":1,"turns":1},{"damage":0,"enemies":"Jaw Worm","floor":3,"turns":1},{"damage":0,"enemies":"Cultist","floor":5,"turns":1},{"damage":63,"enemies":"Gremlin Nob","floor":6,"turns":7},{"damage":37,"enemies":"3 Sentries","floor":8,"turns":19},{"damage":25,"enemies":"Gremlin Nob","floor":13,"turns":5},{"damage":4,"enemies":"Blue Slaver","floor":14,"turns":2},{"damage":34,"enemies":"Slime Boss","floor":16,"turns":6}],"seed_played":"5512626539958373572","potions_obtained":[{"floor":5,"key":"GamblersBrew"},{"floor":13,"key":"Weak Potion"}],"is_trial":false,"path_per_floor":["M","$","M","?","M","E","R","E","T","?","$","R","E","M","R","B"],"character_chosen":"IRONCLAD","items_purchased":["True Grit","Strange Spoon","Spot Weakness"],"campfire_rested":3,"item_purchase_floors":[2,11,11],"current_hp_per_floor":[80,80,80,80,80,23,47,16,16,16,16,40,21,23,47,13,13],"gold":99,"neow_bonus":"THREE_ENEMY_KILL","is_daily":false,"chose_seed":false,"campfire_upgraded":0,"win_rate":0.0,"timestamp":1612909069,"path_taken":["M","$","M","?","M","E","R","E","T","?","?","R","E","?","R","BOSS"],"items_purchased_type":["Card","Relic","Card"],"build_version":"2020-12-22","purchased_purges":0,"victory":false,"max_hp_per_floor":[80,80,80,80,80,80,80,80,80,80,80,80,80,80,80,80,80],"card_choices":[{"not_picked":["Anger","Clothesline"],"picked":"Body Slam","floor":1},{"not_picked":["Anger","Burning Pact","Clothesline"],"picked":"SKIP","floor":3},{"not_picked":["Cleave","Heavy Blade"],"picked":"Impervious","floor":5},{"not_picked":["Anger","Second Wind"],"picked":"Pummel","floor":6},{"not_picked":["Flex","Fire Breathing"],"picked":"Uppercut","floor":8},{"not_picked":["Anger","Shockwave"],"picked":"Iron Wave","floor":13},{"not_picked":["Burning Pact","Clothesline"],"picked":"Exhume","floor":14}],"player_experience":316070,"relics_obtained":[{"floor":6,"key":"Vajra"},{"floor":8,"key":"Unceasing Top"},{"floor":9,"key":"The Courier"},{"floor":13,"key":"Bag of Marbles"}],"event_choices":[{"damage_healed":0,"gold_gain":0,"player_choice":"Grow","damage_taken":0,"max_hp_gain":0,"max_hp_loss":0,"event_name":"Living Wall","floor":4,"gold_loss":0,"cards_upgraded":["True Grit"]},{"damage_healed":0,"gold_gain":68,"player_choice":"Gained Gold","damage_taken":0,"max_hp_gain":0,"max_hp_loss":0,"event_name":"Golden Wing","floor":10,"gold_loss":0}],"is_beta":false,"boss_relics":[],"items_purged_floors":[],"is_endless":false,"potions_floor_spawned":[5,13],"killed_by":"Slime Boss","ascension_level":2}}