{"host":"mi0eibewekhugwl1","time":1612855838,"event":{"mods":["AchievementEnabler","BaseMod","Colored Map","Colored Powertips","DeckTracker","Keyboard Shortcuts","Minty Spire (QoL Compilation)","Quick Restart","Rare Cards Sparkle","Relic Stats","StSLib","SuperFastMode","everything is the same but u backflip on backflip"],"gold_per_floor":[112,44,60,70,85,85,98,127,127,138,138,138,138,153,153,153,153],"floor_reached":16,"language":"KOR","playtime":349,"items_purged":[],"score":208,"play_id":"8b657236-a369-4592-9ca5-264cd44abcc1","local_time":"20210209163038","is_ascension_mode":true,"campfire_choices":[{"data":"Dagger Spray","floor":6,"key":"SMITH"},{"floor":11,"key":"REST"},{"data":"Neutralize","floor":15,"key":"SMITH"}],"circlet_count":0,"master_deck":["AscendersBane","Strike_G","Strike_G","Strike_G","Strike_G","Defend_G","Defend_G","Defend_G","Defend_G","Defend_G","Survivor","Neutralize+1","Dagger Spray+1","Poisoned Stab","Acrobatics","Quick Slash","Blade Dance","Phantasmal Killer+1","Cloak And Dagger"],"relics":["Ring of the Snake","Ancient Tea Set","Happy Flower","Molten Egg 2"],"acts_visited":["Exordium"],"potions_floor_usage":[8,16,16],"damage_taken":[{"damage":15,"enemies":"Jaw Worm","floor":1,"turns":8},{"damage":0,"enemies":"Cultist","floor":3,"turns":3},{"damage":1,"enemies":"2 Louse","floor":4,"turns":3},{"damage":9,"enemies":"Exordium Wildlife","floor":5,"turns":6},{"damage":0,"enemies":"Looter","floor":7,"turns":4},{"damage":27,"enemies":"3 Sentries","floor":8,"turns":8},{"damage":1,"enemies":"2 Fungi Beasts","floor":10,"turns":2},{"damage":3,"enemies":"Exordium Thugs","floor":14,"turns":2},{"damage":24,"enemies":"Hexaghost","floor":16,"turns":10}],"seed_played":"-7115658585979046317","potions_obtained":[{"floor":1,"key":"Fire Potion"},{"floor":4,"key":"Energy Potion"},{"floor":10,"key":"GhostInAJar"}],"is_trial":false,"path_per_floor":["M","?","M","M","M","R","M","E","T","M","R","T","?","M","R","B"],"character_chosen":"THE_SILENT","items_purchased":[],"campfire_rested":1,"item_purchase_floors":[],"current_hp_per_floor":[44,44,44,43,34,34,34,7,7,6,25,25,25,22,22,0,0],"gold":153,"neow_bonus":"REMOVE_CARD","is_daily":false,"chose_seed":false,"campfire_upgraded":2,"win_rate":0.0,"timestamp":1612855838,"path_taken":["M","?","M","M","M","R","?","E","T","?","R","?","?","M","R","BOSS"],"items_purchased_type":[],"build_version":"2020-12-22","purchased_purges":0,"victory":false,"max_hp_per_floor":[66,66,66,66,66,66,66,66,66,66,66,66,66,66,66,66,66],"relic_stats":{"Happy Flower":[4],"counters":[9,46],"obtain_stats":[{"Happy Flower":8,"Molten Egg 2":9,"Ancient Tea Set":2,"Ring of the Snake":0},{"Happy Flower":6,"Molten Egg 2":6,"Ancient Tea Set":1,"Ring of the Snake":0},{"Happy Flower":32,"Molten Egg 2":32,"Ancient Tea Set":8,"Ring of the Snake":0}],"Ring of the Snake":[18]},"card_choices":[{"not_picked":["Dodge and Roll","Masterful Stab"],"picked":"Dagger Spray","floor":1},{"not_picked":["Slice","Dodge and Roll"],"picked":"Poisoned Stab","floor":3},{"not_picked":["Flechettes","Dodge and Roll","Poisoned Stab"],"picked":"SKIP","floor":4},{"not_picked":["Outmaneuver","Dagger Throw"],"picked":"Acrobatics","floor":5},{"not_picked":["Caltrops","Cloak And Dagger"],"picked":"Quick Slash","floor":7},{"not_picked":["Slice","Accuracy"],"picked":"Blade Dance","floor":8},{"not_picked":["Accuracy","Backstab+1"],"picked":"Phantasmal Killer","floor":10},{"not_picked":["Poisoned Stab+1","Eviscerate+1"],"picked":"Cloak And Dagger","floor":14}],"player_experience":1787408,"relics_obtained":[{"floor":8,"key":"Happy Flower"},{"floor":9,"key":"Molten Egg 2"}],"event_choices":[{"damage_healed":0,"gold_gain":0,"player_choice":"Paid Gold","damage_taken":0,"relics_obtained":["Ancient Tea Set"],"max_hp_gain":0,"max_hp_loss":0,"event_name":"WeMeetAgain","floor":2,"gold_loss":68},{"damage_healed":0,"gold_gain":0,"player_choice":"Grow","damage_taken":0,"max_hp_gain":0,"max_hp_loss":0,"event_name":"Living Wall","floor":13,"gold_loss":0,"cards_upgraded":["Phantasmal Killer"]}],"is_beta":false,"boss_relics":[],"items_purged_floors":[],"is_endless":false,"potions_floor_spawned":[1,4,10],"killed_by":"Hexaghost","ascension_level":20}}