{"host":"pe0tupbojgbreewp","time":1612898348,"event":{"mods":["BaseMod","Colored Map","KinomotoSakuraMod(–Ø”V–{?)","Minty Spire (QoL Compilation)","StSLib"],"gold_per_floor":[109,109,34,52,62,62,74,106,131,141,141,170,170,170,170,266,266,277,277,277,125,137,165,12,12,36,36,36,55,55,75,75,173,173,192,202,56,76,90,90,125,125,125,0,19,34,34,46,46,46],"floor_reached":51,"language":"JPN","playtime":2524,"items_purged":["ClowCardTheShield","ClowCardTheSword"],"score":732,"play_id":"961778d2-b704-480c-a9a5-ddceeb0111e3","local_time":"20210210041908","is_ascension_mode":false,"campfire_choices":[{"data":"ClowCardTheLibra","floor":6,"key":"SMITH"},{"data":"SpellCardSeal","floor":11,"key":"SMITH"},{"data":"ClowCardTheFloat","floor":13,"key":"SMITH"},{"data":"ClowCardTheWood","floor":15,"key":"SMITH"},{"data":"ClowCardTheThunder","floor":28,"key":"SMITH"},{"data":"ClowCardTheFreeze","floor":32,"key":"SMITH"},{"data":"ClowCardTheWindy","floor":40,"key":"SMITH"},{"floor":47,"key":"REST"},{"floor":49,"key":"REST"}],"circlet_count":0,"master_deck":["SakuraCardTheSword+","SakuraCardThePower+","SakuraCardTheFly+","ClowCardTheSword+1","ClowCardTheShield","ClowCardTheShield","SpellCardSeal+1","SpellCardRelease","ClowCardTheSleep","ClowCardTheLibra+1","ClowCardTheWood+1","ClowCardTheFloat+1","ClowCardTheThunder+1","ClowCardTheFreeze+1","SakuraCardTheLove+","ClowCardTheShadow","ClowCardTheErase+1","ClowCardTheSweet","ClowCardTheBubbles+1","ClowCardTheFight+1","ClowCardTheWindy+1","ClowCardTheSnow+1","ClowCardTheIllusion","ClowCardTheSong+1","Madness","Madness","ClowCardTheDream+1","ClowCardTheRain"],"relics":["KSMOD_SealedBook","KSMOD_SealedWand","Anchor","Toy Ornithopter","Happy Flower","Sozu","Enchiridion","Juzu Bracelet","Molten Egg 2","Mercury Hourglass","PreservedInsect","KSMOD_DarknessWand","KSMOD_RollerSkates","Blood Vial","KSMOD_TaoistSuit","Red Mask"],"acts_visited":["Exordium","TheCity","TheBeyond"],"potions_floor_usage":[8,16,50,50,50],"damage_taken":[{"damage":1,"enemies":"2 Louse","floor":1,"turns":3},{"damage":0,"enemies":"Cultist","floor":4,"turns":4},{"damage":0,"enemies":"Jaw Worm","floor":5,"turns":4},{"damage":6,"enemies":"Exordium Wildlife","floor":7,"turns":6},{"damage":0,"enemies":"Gremlin Nob","floor":8,"turns":1},{"damage":0,"enemies":"Looter","floor":10,"turns":2},{"damage":4,"enemies":"3 Sentries","floor":12,"turns":8},{"damage":23,"enemies":"Hexaghost","floor":16,"turns":11},{"damage":0,"enemies":"Shell Parasite","floor":18,"turns":10},{"damage":0,"enemies":"Spheric Guardian","floor":22,"turns":3},{"damage":7,"enemies":"Gremlin Leader","floor":23,"turns":9},{"damage":0,"enemies":"Snake Plant","floor":29,"turns":3},{"damage":0,"enemies":"Cultist and Chosen","floor":31,"turns":6},{"damage":12,"enemies":"Champ","floor":33,"turns":11},{"damage":1,"enemies":"3 Darklings","floor":35,"turns":4},{"damage":0,"enemies":"3 Shapes","floor":36,"turns":7},{"damage":0,"enemies":"Writhing Mass","floor":38,"turns":6},{"damage":13,"enemies":"4 Shapes","floor":39,"turns":4},{"damage":11,"enemies":"Giant Head","floor":41,"turns":5},{"damage":5,"enemies":"Transient","floor":45,"turns":5},{"damage":25,"enemies":"Spire Growth","floor":46,"turns":4},{"damage":15,"enemies":"Maw","floor":48,"turns":5},{"damage":28,"enemies":"Donu and Deca","floor":50,"turns":7}],"seed_played":"-6834574863196261323","potions_obtained":[{"floor":1,"key":"Energy Potion"},{"floor":5,"key":"EntropicBrew"},{"floor":8,"key":"SteroidPotion"},{"floor":10,"key":"Swift Potion"},{"floor":16,"key":"Energy Potion"}],"is_trial":false,"path_per_floor":["M","?","$","M","M","R","M","E","T","M","R","E","R","?","R","B",null,"M","?","?","$","M","E","$","T","T","$","R","M","?","M","R","B",null,"M","M","$","M","M","R","E","?","T","?","M","M","R","M","R","B",null],"character_chosen":"KINOMOTOSAKURA","items_purchased":["Juzu Bracelet","ClowCardTheErase+1","KSMOD_RollerSkates"],"campfire_rested":2,"item_purchase_floors":[21,24,37],"current_hp_per_floor":[69,69,69,69,69,69,63,63,63,63,63,59,59,45,45,27,70,70,54,54,54,54,47,47,47,47,47,47,47,47,52,52,45,70,69,69,69,69,61,61,55,46,46,46,48,25,46,38,59,47],"gold":46,"neow_bonus":"TRANSFORM_CARD","is_daily":false,"chose_seed":false,"campfire_upgraded":7,"win_rate":0.0,"timestamp":1612898348,"path_taken":["M","?","?","M","?","R","M","E","T","M","R","E","R","?","R","BOSS","M","?","?","$","M","E","?","?","T","?","R","M","?","M","R","BOSS","M","M","$","M","M","R","E","?","T","?","M","M","R","M","R","BOSS"],"items_purchased_type":["Relic","Card","Relic"],"build_version":"2020-12-22","purchased_purges":2,"victory":true,"max_hp_per_floor":[70,70,70,70,70,70,70,70,70,70,70,70,70,70,70,70,70,70,70,70,70,70,70,70,70,70,70,70,70,70,70,70,70,70,70,70,70,70,70,70,70,70,70,70,70,70,70,70,70,70],"card_choices":[{"not_picked":["ClowCardTheStorm","ClowCardTheMaze"],"picked":"ClowCardTheSleep","floor":1},{"not_picked":["ClowCardTheRain","ClowCardTheChange"],"picked":"ClowCardTheLibra","floor":4},{"not_picked":["ClowCardTheThrough","ClowCardTheWave","ClowCardTheLibra"],"picked":"SKIP","floor":5},{"not_picked":["ClowCardTheRain","ClowCardTheSweet"],"picked":"ClowCardTheFly","floor":7},{"not_picked":["ClowCardTheSilent","ClowCardTheWave","ClowCardTheRain"],"picked":"SKIP","floor":8},{"not_picked":["ClowCardTheTwin","ClowCardThePower"],"picked":"ClowCardTheWood","floor":10},{"not_picked":["ClowCardTheFirey","ClowCardTheChange"],"picked":"ClowCardTheFloat","floor":12},{"not_picked":["ClowCardTheReturn","ClowCardTheTwin"],"picked":"ClowCardTheThunder","floor":16},{"not_picked":["ClowCardTheIllusion","ClowCardTheSleep"],"picked":"ClowCardTheFreeze","floor":18},{"not_picked":["ClowCardTheSand+1","ClowCardTheSnow"],"picked":"ClowCardTheShadow","floor":22},{"not_picked":["ClowCardTheChange","ClowCardTheLoop+1","ClowCardTheLibra"],"picked":"SKIP","floor":23},{"not_picked":["ClowCardTheMaze","ClowCardTheSilent+1"],"picked":"ClowCardTheSweet","floor":29},{"not_picked":["ClowCardTheVoice","ClowCardTheMaze"],"picked":"ClowCardTheBubbles+1","floor":31},{"not_picked":["ClowCardTheCreate","ClowCardTheThunder+1"],"picked":"ClowCardTheFight+1","floor":33},{"not_picked":["ClowCardTheBubbles+1","ClowCardTheLibra"],"picked":"ClowCardTheWindy","floor":35},{"not_picked":["ClowCardTheBubbles+1","ClowCardTheCloud+1","ClowCardTheShadow"],"picked":"SKIP","floor":36},{"not_picked":["ClowCardTheFreeze+1","ClowCardTheSilent"],"picked":"ClowCardTheSnow+1","floor":38},{"not_picked":["ClowCardTheSilent+1","ClowCardTheBubbles+1"],"picked":"ClowCardTheIllusion","floor":39},{"not_picked":["ClowCardTheLock","ClowCardTheStorm+1"],"picked":"ClowCardTheSong+1","floor":41},{"not_picked":["ClowCardTheBubbles+1","ClowCardTheLock"],"picked":"ClowCardTheDream+1","floor":45},{"not_picked":["ClowCardTheThrough+1","ClowCardTheSilent"],"picked":"ClowCardTheRain","floor":46},{"not_picked":["ClowCardTheLoop+1","ClowCardTheWave+1","ClowCardTheMist"],"picked":"SKIP","floor":48}],"player_experience":764879,"relics_obtained":[{"floor":8,"key":"Anchor"},{"floor":9,"key":"Toy Ornithopter"},{"floor":12,"key":"Happy Flower"},{"floor":19,"key":"Enchiridion"},{"floor":23,"key":"Molten Egg 2"},{"floor":25,"key":"Mercury Hourglass"},{"floor":26,"key":"PreservedInsect"},{"floor":41,"key":"Blood Vial"},{"floor":43,"key":"KSMOD_TaoistSuit"}],"event_choices":[{"cards_removed":["ClowCardTheShield"],"damage_healed":0,"gold_gain":0,"player_choice":"Offered Basic","damage_taken":0,"max_hp_gain":0,"max_hp_loss":0,"event_name":"Bonfire Elementals","floor":2,"gold_loss":0},{"damage_healed":0,"gold_gain":0,"player_choice":"Entered Light","damage_taken":14,"max_hp_gain":0,"max_hp_loss":0,"event_name":"Shining Light","floor":14,"gold_loss":0,"cards_upgraded":["ClowCardTheSword","ClowCardTheSword"]},{"damage_healed":0,"gold_gain":0,"player_choice":"Obtained Book","damage_taken":16,"max_hp_gain":0,"max_hp_loss":0,"event_name":"Cursed Tome","floor":19,"gold_loss":0},{"damage_healed":0,"gold_gain":0,"player_choice":"Ignored","damage_taken":0,"max_hp_gain":0,"max_hp_loss":0,"event_name":"NoteForYourself","floor":30,"gold_loss":0},{"damage_healed":0,"gold_gain":0,"player_choice":"Embrace Madness","damage_taken":9,"max_hp_gain":0,"max_hp_loss":0,"event_name":"Winding Halls","floor":42,"gold_loss":0,"cards_obtained":["Madness","Madness"]},{"damage_healed":0,"gold_gain":0,"player_choice":"Paid","damage_taken":0,"relics_obtained":["Red Mask"],"max_hp_gain":0,"max_hp_loss":0,"event_name":"Tomb of Lord Red Mask","floor":44,"gold_loss":125}],"is_beta":false,"boss_relics":[{"not_picked":["Calling Bell","Velvet Choker"],"picked":"Sozu"},{"not_picked":["Busted Crown","Runic Pyramid"],"picked":"KSMOD_DarknessWand"}],"items_purged_floors":[3,24],"is_endless":false,"potions_floor_spawned":[1,5,8,10,16,22,23,36,41,45],"ascension_level":0}}