{"host":"vit9b6u76k1y61sh","time":1612894650,"event":{"mods":["BaseMod","Block Reminder","Colored Powertips","Highlight Path","Minty Spire (QoL Compilation)","Rare Cards Sparkle","Relic Sorter","Relic Stats","StSLib"],"gold_per_floor":[118,68,68,81,156,190,190,215,215,229,229,264,264,92,92,213,213,231,231,231,231,258,301,319,234,234,234,234],"floor_reached":27,"language":"ENG","playtime":1238,"items_purged":["Strike_P"],"score":320,"play_id":"0c45b126-c9aa-410a-b4d1-ed3cd6344b1b","local_time":"20210209131730","is_ascension_mode":false,"campfire_choices":[{"data":"WindmillStrike","floor":7,"key":"SMITH"},{"data":"DeusExMachina","floor":11,"key":"SMITH"},{"data":"JustLucky","floor":15,"key":"SMITH"}],"circlet_count":0,"master_deck":["Strike_P","Strike_P","Defend_P","Defend_P+1","Defend_P+1","Eruption","Vigilance","ClearTheMind","WindmillStrike+1","FollowUp","DeusExMachina+1","Consecrate","LikeWater","JustLucky+1","FlyingSleeves","DevaForm","EmptyBody","Nirvana","J.A.X.","Writhe","CutThroughFate","Fasting2+1"],"relics":["PureWater","NeowsBlessing","War Paint","StoneCalendar","Pear","Sundial","Golden Idol","Black Star","Nunchaku","Happy Flower","Bag of Marbles","Letter Opener","Bag of Preparation"],"acts_visited":["Exordium","TheCity"],"potions_floor_usage":[16,16,23,23],"damage_taken":[{"damage":0,"enemies":"Jaw Worm","floor":1,"turns":1},{"damage":0,"enemies":"2 Louse","floor":4,"turns":1},{"damage":0,"enemies":"3 Sentries","floor":6,"turns":2},{"damage":22,"enemies":"Gremlin Nob","floor":8,"turns":4},{"damage":0,"enemies":"Small Slimes","floor":10,"turns":3},{"damage":2,"enemies":"3 Sentries","floor":12,"turns":7},{"damage":0,"enemies":"The Guardian","floor":16,"turns":9},{"damage":2,"enemies":"Chosen","floor":18,"turns":6},{"damage":32,"enemies":"Gremlin Leader","floor":23,"turns":8},{"damage":15,"enemies":"Spheric Guardian","floor":24,"turns":6},{"damage":27,"enemies":"Slavers","floor":27,"turns":2}],"seed_played":"-5455045844546687572","potions_obtained":[{"floor":8,"key":"ColorlessPotion"},{"floor":12,"key":"Block Potion"},{"floor":16,"key":"Fire Potion"},{"floor":18,"key":"Weak Potion"}],"is_trial":false,"path_per_floor":["M","?","?","M","?","E","R","E","T","M","R","E","?","$","R","B",null,"M","?","?","?","T","E","M","?","T","E"],"character_chosen":"WATCHER","items_purchased":["JustLucky","FlyingSleeves"],"campfire_rested":0,"item_purchase_floors":[14,14],"current_hp_per_floor":[72,72,65,65,54,54,54,32,42,42,42,40,40,40,40,40,76,74,74,74,74,74,42,27,27,27,0,0],"gold":234,"neow_bonus":"THREE_ENEMY_KILL","is_daily":false,"chose_seed":false,"campfire_upgraded":3,"win_rate":0.0,"timestamp":1612894650,"path_taken":["M","?","?","M","?","E","R","E","T","M","R","E","?","?","R","BOSS","M","?","?","?","?","E","M","?","T","E"],"items_purchased_type":["Card","Card"],"build_version":"2020-12-22","purchased_purges":1,"victory":false,"max_hp_per_floor":[72,72,72,72,72,72,72,72,82,82,82,82,76,76,76,76,76,76,76,76,76,76,76,76,76,76,76,76],"relic_stats":{"Nunchaku":[2],"Happy Flower":[2],"counters":[11,49],"Sundial":[4],"Golden Idol":41,"StoneCalendar":[110],"Black Star":1,"Bag of Preparation":[2],"Letter Opener":[10],"War Paint":["Defend_P","Defend_P"],"obtain_stats":[{"Pear":9,"NeowsBlessing":0,"Happy Flower":23,"Golden Idol":13,"StoneCalendar":8,"Bag of Preparation":26,"Letter Opener":25,"War Paint":6,"Nunchaku":21,"Sundial":12,"Black Star":17,"Bag of Marbles":23,"PureWater":0},{"Pear":4,"NeowsBlessing":0,"Happy Flower":9,"Golden Idol":6,"StoneCalendar":4,"Bag of Preparation":10,"Letter Opener":10,"War Paint":3,"Nunchaku":8,"Sundial":6,"Black Star":7,"Bag of Marbles":9,"PureWater":0},{"Pear":8,"NeowsBlessing":0,"Happy Flower":41,"Golden Idol":18,"StoneCalendar":8,"Bag of Preparation":47,"Letter Opener":47,"War Paint":4,"Nunchaku":33,"Sundial":18,"Black Star":27,"Bag of Marbles":41,"PureWater":0}]},"card_choices":[{"not_picked":["EmptyFist","CrushJoints"],"picked":"ClearTheMind","floor":1},{"not_picked":["ThirdEye","Indignation"],"picked":"WindmillStrike","floor":4},{"not_picked":["CrushJoints","DeceiveReality"],"picked":"FollowUp","floor":6},{"not_picked":["FlyingSleeves","Study"],"picked":"DeusExMachina","floor":8},{"not_picked":["Conclude","TalkToTheHand"],"picked":"Consecrate","floor":10},{"not_picked":["Evaluate","JustLucky"],"picked":"LikeWater","floor":12},{"not_picked":["Judgement","ConjureBlade"],"picked":"DevaForm","floor":16},{"not_picked":["FlurryOfBlows","InnerPeace+1"],"picked":"EmptyBody","floor":18},{"not_picked":["Vengeance+1","Meditate"],"picked":"CutThroughFate","floor":23},{"not_picked":["FlurryOfBlows","CarveReality"],"picked":"Fasting2+1","floor":24}],"player_experience":164025,"relics_obtained":[{"floor":6,"key":"War Paint"},{"floor":8,"key":"StoneCalendar"},{"floor":9,"key":"Pear"},{"floor":12,"key":"Sundial"},{"floor":23,"key":"Happy Flower"},{"floor":23,"key":"Bag of Marbles"},{"floor":26,"key":"Bag of Preparation"}],"event_choices":[{"cards_removed":["Strike_P"],"damage_healed":0,"gold_gain":0,"player_choice":"Card Removal","damage_taken":0,"max_hp_gain":0,"max_hp_loss":0,"event_name":"The Cleric","floor":2,"gold_loss":50},{"cards_removed":["Defend_P"],"damage_healed":0,"gold_gain":0,"player_choice":"Card Removal","damage_taken":7,"max_hp_gain":0,"max_hp_loss":0,"event_name":"Golden Wing","floor":3,"gold_loss":0},{"damage_healed":0,"gold_gain":75,"player_choice":"Gather Gold","damage_taken":11,"max_hp_gain":0,"max_hp_loss":0,"event_name":"World of Goop","floor":5,"gold_loss":0},{"damage_healed":0,"gold_gain":0,"player_choice":"Lose Max HP","damage_taken":0,"relics_obtained":["Golden Idol"],"max_hp_gain":0,"max_hp_loss":6,"event_name":"Golden Idol","floor":13,"gold_loss":0},{"damage_healed":0,"gold_gain":0,"player_choice":"Read","damage_taken":0,"max_hp_gain":0,"max_hp_loss":0,"event_name":"The Library","floor":19,"gold_loss":0,"cards_obtained":["Nirvana"]},{"damage_healed":0,"gold_gain":0,"player_choice":"Obtain J.A.X.","damage_taken":0,"max_hp_gain":0,"max_hp_loss":0,"event_name":"Drug Dealer","floor":20,"gold_loss":0,"cards_obtained":["J.A.X."]},{"damage_healed":0,"gold_gain":0,"player_choice":"Opened","damage_taken":0,"relics_obtained":["Nunchaku"],"max_hp_gain":0,"max_hp_loss":0,"event_name":"The Mausoleum","floor":21,"gold_loss":0,"cards_obtained":["Writhe"]},{"damage_healed":0,"gold_gain":0,"player_choice":"Obtained Relic","damage_taken":0,"relics_obtained":["Letter Opener"],"max_hp_gain":0,"max_hp_loss":0,"event_name":"Addict","floor":25,"gold_loss":85}],"is_beta":false,"boss_relics":[{"not_picked":["SacredBark","Pandora\u0027s Box"],"picked":"Black Star"}],"items_purged_floors":[14],"is_endless":false,"potions_floor_spawned":[8,12,16,18],"killed_by":"Slavers","ascension_level":0}}