{"host":"k7udt7atmcuzf6l0","time":1612848794,"event":{"mods":["AchievementEnabler","BaseMod","BetterRewards","Colored Map","Colored Powertips","Highlight Path","Minty Spire (QoL Compilation)","Quick Restart","Rare Cards Sparkle","Relic Stats","StSLib","UnlockEverythingMod"],"gold_per_floor":[111,71,84,84,4,4,4,79,79,79,104,104,139,157,157,260,260,273,6,96,112,126,126,143,143,143,154,186,186,13,24,24,119,119,133,133,178,188,206,206,226,256,256,256,281,281,281,307,307,307],"floor_reached":51,"language":"ZHS","playtime":997,"items_purged":[],"score":756,"play_id":"97a9b27f-da7e-4eaf-8f09-ad9bf7066603","local_time":"20210209133314","is_ascension_mode":false,"campfire_choices":[{"data":"Whirlwind","floor":6,"key":"SMITH"},{"data":"Bash","floor":10,"key":"SMITH"},{"data":"Armaments","floor":12,"key":"SMITH"},{"data":"Sword Boomerang","floor":15,"key":"SMITH"},{"data":"Flex","floor":23,"key":"SMITH"},{"data":"Inflame","floor":25,"key":"SMITH"},{"data":"Anger","floor":29,"key":"SMITH"},{"data":"Double Tap","floor":32,"key":"SMITH"},{"data":"Brutality","floor":40,"key":"SMITH"},{"data":"Clash","floor":44,"key":"SMITH"},{"data":"Reaper","floor":46,"key":"SMITH"},{"data":"Jack Of All Trades","floor":49,"key":"SMITH"}],"circlet_count":0,"master_deck":["Strike_R","Strike_R","Strike_R","Strike_R","Defend_R+1","Defend_R+1","Bash+1","Twin Strike","Whirlwind+1","Sword Boomerang+1","Armaments+1","Brutality+1","Flex+1","Inflame+1","Shrug It Off+1","Anger+1","Double Tap+1","Clash+1","Battle Trance+1","Reaper+1","Uppercut+1","Barricade+1","Shrug It Off+1","Headbutt+1","Clash+1","Body Slam+1","Sever Soul+1","Rampage+1","Dropkick+1","Jack Of All Trades+1","Headbutt+1"],"relics":["Burning Blood","Vajra","Bronze Scales","Darkstone Periapt","Bottled Flame","Lantern","Philosopher\u0027s Stone","Bag of Marbles","Bottled Tornado","Centennial Puzzle","Astrolabe","Gambling Chip","Torii","HornCleat","War Paint","Thread and Needle"],"acts_visited":["Exordium","TheCity","TheBeyond"],"potions_floor_usage":[11,11,11,13,16,22,33,37,37,42,50,50],"damage_taken":[{"damage":10,"enemies":"Cultist","floor":1,"turns":4},{"damage":2,"enemies":"2 Louse","floor":3,"turns":2},{"damage":5,"enemies":"Lagavulin","floor":11,"turns":5},{"damage":8,"enemies":"Gremlin Nob","floor":13,"turns":3},{"damage":3,"enemies":"Jaw Worm","floor":14,"turns":2},{"damage":28,"enemies":"Slime Boss","floor":16,"turns":7},{"damage":22,"enemies":"Shell Parasite","floor":18,"turns":4},{"damage":7,"enemies":"Chosen","floor":21,"turns":2},{"damage":19,"enemies":"Snake Plant","floor":22,"turns":2},{"damage":0,"enemies":"Centurion and Healer","floor":24,"turns":1},{"damage":0,"enemies":"Snecko","floor":27,"turns":2},{"damage":0,"enemies":"Slavers","floor":28,"turns":1},{"damage":0,"enemies":"Snake Plant","floor":31,"turns":1},{"damage":37,"enemies":"Collector","floor":33,"turns":5},{"damage":0,"enemies":"3 Darklings","floor":35,"turns":1},{"damage":16,"enemies":"2 Orb Walkers","floor":37,"turns":2},{"damage":0,"enemies":"3 Shapes","floor":38,"turns":1},{"damage":25,"enemies":"Maw","floor":39,"turns":5},{"damage":4,"enemies":"Transient","floor":41,"turns":5},{"damage":8,"enemies":"Giant Head","floor":42,"turns":5},{"damage":3,"enemies":"Nemesis","floor":48,"turns":3},{"damage":48,"enemies":"Awakened One","floor":50,"turns":5}],"seed_played":"2289110683066708026","potions_obtained":[{"floor":2,"key":"Block Potion"},{"floor":2,"key":"LiquidBronze"},{"floor":2,"key":"ColorlessPotion"},{"floor":11,"key":"LiquidBronze"},{"floor":13,"key":"BlessingOfTheForge"},{"floor":14,"key":"LiquidBronze"},{"floor":21,"key":"Weak Potion"},{"floor":24,"key":"Swift Potion"},{"floor":31,"key":"Swift Potion"},{"floor":35,"key":"HeartOfIron"},{"floor":38,"key":"HeartOfIron"},{"floor":42,"key":"CultistPotion"},{"floor":48,"key":"FearPotion"}],"is_trial":false,"path_per_floor":["M","?","M","?","$","R","?","?","T","R","E","R","E","M","R","B",null,"M","$","?","M","M","R","M","R","T","M","E","R","$","M","R","B",null,"M","$","?","M","M","R","M","E","T","R","T","R","?","E","R","B",null],"character_chosen":"IRONCLAD","items_purchased":["Whirlwind","Sword Boomerang","Bag of Marbles","Flex","Inflame","Double Tap","Clash","Strength Potion"],"campfire_rested":0,"item_purchase_floors":[5,5,19,19,19,30,30,30],"current_hp_per_floor":[76,76,80,64,64,64,64,53,53,53,54,54,52,55,55,33,80,64,64,52,51,38,38,44,44,44,50,56,56,56,62,62,31,80,80,80,70,76,57,57,59,71,71,71,71,71,71,74,74,47],"gold":307,"neow_bonus":"RANDOM_COMMON_RELIC","is_daily":false,"chose_seed":false,"campfire_upgraded":12,"win_rate":0.0,"timestamp":1612848794,"path_taken":["M","?","?","?","$","R","?","?","T","R","E","R","E","M","R","BOSS","M","$","?","M","M","R","M","R","T","?","E","R","?","M","R","BOSS","M","$","?","M","M","R","M","E","T","R","?","R","?","E","R","BOSS"],"items_purchased_type":["Card","Card","Relic","Card","Card","Card","Card","Potion"],"build_version":"2020-12-22","purchased_purges":0,"victory":true,"max_hp_per_floor":[80,80,80,80,80,80,80,80,80,80,80,80,80,80,80,80,80,80,80,80,80,80,80,80,80,80,80,80,80,80,80,80,80,80,80,80,80,80,80,80,80,80,80,80,80,80,80,80,80,80],"relic_stats":{"Darkstone Periapt":0,"Centennial Puzzle":[21],"Torii":4,"counters":[22,68],"Bronze Scales":[114],"Astrolabe":["Uppercut","Barricade","Shrug It Off"],"Gambling Chip":[3],"War Paint":["Battle Trance"],"obtain_stats":[{"Darkstone Periapt":9,"Lantern":13,"Torii":42,"Astrolabe":34,"Vajra":0,"Thread and Needle":48,"Bottled Tornado":26,"War Paint":45,"Burning Blood":0,"Bottled Flame":11,"Centennial Puzzle":28,"HornCleat":43,"Bronze Scales":7,"Gambling Chip":37,"Philosopher\u0027s Stone":17,"Bag of Marbles":19},{"Darkstone Periapt":2,"Lantern":4,"Torii":20,"Astrolabe":14,"Vajra":0,"Thread and Needle":21,"Bottled Tornado":10,"War Paint":20,"Burning Blood":0,"Bottled Flame":3,"Centennial Puzzle":12,"HornCleat":20,"Bronze Scales":2,"Gambling Chip":16,"Philosopher\u0027s Stone":6,"Bag of Marbles":7},{"Darkstone Periapt":6,"Lantern":14,"Torii":60,"Astrolabe":41,"Vajra":0,"Thread and Needle":63,"Bottled Tornado":32,"War Paint":60,"Burning Blood":0,"Bottled Flame":11,"Centennial Puzzle":35,"HornCleat":60,"Bronze Scales":6,"Gambling Chip":44,"Philosopher\u0027s Stone":23,"Bag of Marbles":27}],"Burning Blood":126},"card_choices":[{"not_picked":["Pommel Strike","Iron Wave"],"picked":"Twin Strike","floor":1},{"not_picked":["Perfected Strike","Clothesline","Warcry"],"picked":"SKIP","floor":3},{"not_picked":["Rupture","Warcry"],"picked":"Armaments","floor":11},{"not_picked":["Pommel Strike","True Grit","Fire Breathing"],"picked":"SKIP","floor":13},{"not_picked":["True Grit","Shrug It Off","Twin Strike"],"picked":"SKIP","floor":14},{"not_picked":["Barricade","Juggernaut"],"picked":"Brutality","floor":16},{"not_picked":["Iron Wave","Pommel Strike","Wild Strike"],"picked":"SKIP","floor":18},{"not_picked":["Perfected Strike","True Grit"],"picked":"Shrug It Off+1","floor":21},{"not_picked":["Pommel Strike","Iron Wave","Shrug It Off"],"picked":"SKIP","floor":22},{"not_picked":["Shrug It Off","Rampage"],"picked":"Anger","floor":24},{"not_picked":["Perfected Strike","Body Slam","Power Through+1"],"picked":"SKIP","floor":27},{"not_picked":["Ghostly Armor","Heavy Blade","Twin Strike"],"picked":"SKIP","floor":28},{"not_picked":["Flame Barrier","Shrug It Off"],"picked":"Battle Trance","floor":31},{"not_picked":["Brutality","Double Tap"],"picked":"Reaper","floor":33},{"not_picked":["Wild Strike","Flame Barrier"],"picked":"Headbutt+1","floor":35},{"not_picked":["Armaments+1","Hemokinesis+1"],"picked":"Clash+1","floor":37},{"not_picked":["Sword Boomerang+1","Heavy Blade+1"],"picked":"Body Slam+1","floor":38},{"not_picked":["Pommel Strike","Shrug It Off"],"picked":"Sever Soul+1","floor":39},{"not_picked":["Twin Strike","Clothesline+1"],"picked":"Rampage+1","floor":41},{"not_picked":["Wild Strike+1","Whirlwind"],"picked":"Dropkick+1","floor":42},{"not_picked":["Dramatic Entrance","Discovery"],"picked":"Jack Of All Trades","floor":47},{"not_picked":["Body Slam","Exhume"],"picked":"Headbutt+1","floor":48}],"player_experience":78321,"relics_obtained":[{"floor":9,"key":"Darkstone Periapt"},{"floor":11,"key":"Bottled Flame"},{"floor":13,"key":"Lantern"},{"floor":26,"key":"Bottled Tornado"},{"floor":28,"key":"Centennial Puzzle"},{"floor":37,"key":"Gambling Chip"},{"floor":42,"key":"Torii"},{"floor":43,"key":"HornCleat"},{"floor":45,"key":"War Paint"},{"floor":48,"key":"Thread and Needle"}],"event_choices":[{"damage_healed":0,"gold_gain":0,"player_choice":"Bought 3 Potions","damage_taken":0,"max_hp_gain":0,"max_hp_loss":0,"event_name":"The Woman in Blue","floor":2,"gold_loss":0},{"damage_healed":0,"gold_gain":0,"player_choice":"Entered Light","damage_taken":16,"max_hp_gain":0,"max_hp_loss":0,"event_name":"Shining Light","floor":4,"gold_loss":0,"cards_upgraded":["Defend_R","Defend_R"]},{"damage_healed":0,"gold_gain":0,"player_choice":"Searched \u00271\u0027 times","damage_taken":0,"relics_obtained":["Bronze Scales"],"max_hp_gain":0,"max_hp_loss":0,"event_name":"Dead Adventurer","floor":7,"gold_loss":0},{"damage_healed":0,"gold_gain":75,"player_choice":"Gather Gold","damage_taken":11,"max_hp_gain":0,"max_hp_loss":0,"event_name":"World of Goop","floor":8,"gold_loss":0},{"damage_healed":0,"gold_gain":90,"player_choice":"GOLD ","damage_taken":12,"max_hp_gain":0,"max_hp_loss":0,"event_name":"Knowing Skull","floor":20,"potions_obtained":[],"gold_loss":0,"cards_obtained":[]},{"damage_healed":0,"gold_gain":0,"player_choice":"Fight","damage_taken":0,"max_hp_gain":0,"max_hp_loss":0,"event_name":"Mysterious Sphere","floor":37,"gold_loss":0},{"damage_healed":0,"gold_gain":0,"player_choice":"Memory 1","damage_taken":0,"max_hp_gain":0,"max_hp_loss":0,"event_name":"SensoryStone","floor":47,"gold_loss":0}],"is_beta":false,"boss_relics":[{"not_picked":["SacredBark","Fusion Hammer"],"picked":"Philosopher\u0027s Stone"},{"not_picked":["Velvet Choker","Snecko Eye"],"picked":"Astrolabe"}],"items_purged_floors":[],"is_endless":false,"potions_floor_spawned":[11,13,14,21,24,31,35,38,42,48],"ascension_level":0}}