{"host":"xltl1aroowo69o4n","time":1612849226,"event":{"mods":["BaseMod","Colored Map","Colored Powertips","Downfall","Marisa????????","Minty Spire (QoL Compilation)","Replay The Spire","StSLib","The Cursed","The Hierophant","The Mystic","The Necromancer","The Servant 0.9.4"],"gold_per_floor":[118,78,88,105,124,124,144,144,144,179,204,304,11,40,40,74,74,177,177,187,38,52,2,2,2,29,29,29],"floor_reached":27,"language":"ENG","playtime":4561,"items_purged":[],"score":249,"play_id":"9ce2c8a7-2911-4b30-ae03-b1166bba5abb","local_time":"20210209004026","is_ascension_mode":false,"campfire_choices":[{"data":"KidneyShot","floor":6,"key":"SMITH"},{"floor":15,"key":"REST"},{"floor":17,"key":"REST"},{"floor":25,"key":"REST"}],"circlet_count":0,"master_deck":["Strike_S","Strike_S","Strike_S","Strike_S","Defend_S+1","Defend_S","Defend_S","Defend_S","KidneyShot+1","Exchange","Sabotage","Sabotage","GearUp","Alleviate","Ricochet","TheWorld","GearUp","Defy","Shrug It Off","Rewind","expansioncontent:StudyTheSpire","Guardian:PiercingHide+1","Blind+1","Jack Of All Trades"],"relics":["Uniform","Boot","Shuriken","ReplayFunnel","PrismaticShard","PreservedInsect","Strawberry","SlaversCollar","Gremlin Food","Dream Catcher"],"acts_visited":["Exordium","TheCity"],"potions_floor_usage":[7,10,18,18,20,22,26],"damage_taken":[{"damage":2,"enemies":"Small Slimes","floor":1,"turns":4},{"damage":4,"enemies":"Cultist","floor":3,"turns":5},{"damage":0,"enemies":"Jaw Worm","floor":4,"turns":3},{"damage":0,"enemies":"Exordium Thugs","floor":5,"turns":6},{"damage":0,"enemies":"Blue Slaver","floor":7,"turns":5},{"damage":10,"enemies":"Gremlin Nob","floor":10,"turns":4},{"damage":9,"enemies":"Lagavulin","floor":14,"turns":8},{"damage":9,"enemies":"3 Sentries","floor":16,"turns":5},{"damage":42,"enemies":"Slime Boss","floor":18,"turns":20},{"damage":39,"enemies":"Spheric Guardian","floor":20,"turns":20},{"damage":36,"enemies":"3 Byrds","floor":22,"turns":5},{"damage":7,"enemies":"Slavers","floor":26,"turns":7},{"damage":33,"enemies":"3 Cultists","floor":27,"turns":5}],"seed_played":"-6635544052474440045","potions_obtained":[{"floor":2,"key":"Weak Potion"},{"floor":2,"key":"CultistPotion"},{"floor":2,"key":"GamblersBrew"},{"floor":5,"key":"Fire Potion"},{"floor":7,"key":"Fruit Juice"},{"floor":14,"key":"Regen Potion"},{"floor":18,"key":"Swift Potion"},{"floor":22,"key":"LifebloodPotion"}],"is_trial":false,"path_per_floor":["M","?","M","M","M","R","M","PTL","PTL","E","T","?","$","E","R","E","R","B",null,"M","$","M","?","$","R","E","M"],"character_chosen":"THE_SERVANT","items_purchased":["PrismaticShard","SkillPotion","GearUp","Defy","Gremlin Food"],"campfire_rested":3,"item_purchase_floors":[13,13,13,13,21],"current_hp_per_floor":[63,63,59,59,59,59,64,64,64,54,54,54,54,45,66,64,77,35,77,53,53,17,17,17,40,33,0,0],"gold":29,"neow_bonus":"RANDOM_COMMON_RELIC","is_daily":false,"chose_seed":false,"campfire_upgraded":1,"win_rate":0.0,"timestamp":1612849226,"path_taken":["M","?","M","?","M","R","M","PTL","PTL","E","T","?","$","E","R","E","R","BOSS","M","$","M","?","$","R","E","M"],"items_purchased_type":["Relic","Potion","Card","Card","Relic"],"build_version":"2020-12-13","purchased_purges":0,"victory":false,"max_hp_per_floor":[65,65,65,65,65,65,70,70,70,70,70,70,70,70,70,77,77,77,77,77,77,77,77,77,77,77,77,77],"card_choices":[{"not_picked":["DoubleEdge","Rearm"],"picked":"Sabotage","floor":1},{"not_picked":["Reset","Replace"],"picked":"Sabotage","floor":3},{"not_picked":["Spin","DoubleEdge"],"picked":"GearUp","floor":4},{"not_picked":["Unruled","Revamp"],"picked":"Alleviate","floor":5},{"not_picked":["ShatteredReality","Advance"],"picked":"Ricochet","floor":7},{"not_picked":["Spin","Hightail"],"picked":"TheWorld","floor":10},{"not_picked":["TheCursedMod:BloodBarrier","Turbo"],"picked":"Shrug It Off","floor":14},{"not_picked":["TheCursedMod:CircleOfAmplification","sneckomod:UnknownClassPURPLE"],"picked":"Rewind","floor":16},{"not_picked":["Chrysalis","Devotion"],"picked":"expansioncontent:StudyTheSpire","floor":18},{"not_picked":["TheCursedMod:Obscuration","hierophant:Zeal+1"],"picked":"Guardian:PiercingHide+1","floor":20},{"not_picked":["Bone_Armor","Acceleration"],"picked":"Blind+1","floor":22},{"not_picked":["Bane","sneckomod:UnknownClassBLUE+1"],"picked":"Jack Of All Trades","floor":26}],"player_experience":162193,"relics_obtained":[{"floor":10,"key":"Shuriken"},{"floor":11,"key":"ReplayFunnel"},{"floor":14,"key":"PreservedInsect"},{"floor":16,"key":"Strawberry"},{"floor":26,"key":"Dream Catcher"}],"event_choices":[{"damage_healed":0,"gold_gain":0,"player_choice":"Bought 3 Potions","damage_taken":0,"max_hp_gain":0,"max_hp_loss":0,"event_name":"The Woman in Blue","floor":2,"gold_loss":0},{"damage_healed":0,"gold_gain":100,"player_choice":"Gold","damage_taken":0,"max_hp_gain":0,"max_hp_loss":0,"event_name":"Wheel of Change","floor":12,"gold_loss":0},{"damage_healed":0,"gold_gain":0,"player_choice":"Bet on Owner","damage_taken":0,"max_hp_gain":0,"max_hp_loss":0,"event_name":"The Joust","floor":23,"gold_loss":50}],"is_beta":false,"boss_relics":[{"not_picked":["Philosopher\u0027s Stone","Sozu"],"picked":"SlaversCollar"}],"items_purged_floors":[],"is_endless":false,"potions_floor_spawned":[5,7,14,16,18,22],"killed_by":"3 Cultists","ascension_level":0}}