{"host":"sav7uxregyirlf69","time":1612833677,"event":{"mods":["AchievementEnabler","BaseMod","Colored Map","DeckTracker","Keyboard Shortcuts","Minty Spire (QoL Compilation)","READ ME - Guardian Mod","StSLib","SuperFastMode"],"gold_per_floor":[219,2,20,20,20,20,20,20,20,36,36,36,71,88,88,166,166,182,153,153,173,173,173],"floor_reached":22,"language":"KOR","playtime":392,"items_purged":[],"score":368,"play_id":"55eaf25e-bfbd-4453-a162-28a808b99ab4","local_time":"20210209102117","is_ascension_mode":true,"campfire_choices":[{"data":"Noxious Fumes","floor":6,"key":"SMITH"},{"data":"Catalyst","floor":8,"key":"SMITH"},{"data":"Poisoned Stab","floor":11,"key":"SMITH"},{"data":"Neutralize","floor":15,"key":"SMITH"}],"circlet_count":0,"master_deck":["AscendersBane","Strike_G","Strike_G","Strike_G","Strike_G","Strike_G","Defend_G","Defend_G","Defend_G","Defend_G","Survivor","Neutralize+1","Noxious Fumes+1","Finesse","Catalyst+1","Poisoned Stab+1","Tactician","Escape Plan","Burst","Acrobatics","Pain","Prepared"],"relics":["Ring of the Snake","Membership Card","Anchor","Pen Nib","Art of War","SlaversCollar","WarpedTongs"],"acts_visited":["Exordium","TheCity"],"potions_floor_usage":[16,21],"damage_taken":[{"damage":3.0,"enemies":"Cultist","floor":1.0,"turns":5.0},{"damage":4,"enemies":"Jaw Worm","floor":3,"turns":6},{"damage":0,"enemies":"2 Louse","floor":10,"turns":3},{"damage":5,"enemies":"3 Sentries","floor":13,"turns":6},{"damage":1,"enemies":"Exordium Wildlife","floor":14,"turns":4},{"damage":19,"enemies":"Hexaghost","floor":16,"turns":6},{"damage":18,"enemies":"Shell Parasite","floor":18,"turns":5},{"damage":14,"enemies":"2 Thieves","floor":19,"turns":4},{"damage":22,"enemies":"Centurion and Healer","floor":21,"turns":8},{"damage":6,"enemies":"3 Cultists","floor":22,"turns":2}],"seed_played":"4758272158574217499","potions_obtained":[{"floor":13,"key":"PowerPotion"},{"floor":18,"key":"Swift Potion"}],"is_trial":false,"path_per_floor":["M","$","M","$","?","R","?","R","T","M","R","?","E","M","R","B",null,"M","M","?","M","M"],"character_chosen":"THE_SILENT","items_purchased":["Membership Card","Finesse"],"campfire_rested":0,"item_purchase_floors":[2,2],"current_hp_per_floor":[56,56,52,52,41,41,41,41,41,41,41,46,41,40,40,21,59,41,27,27,5,0,0],"gold":173,"neow_bonus":"HUNDRED_GOLD","is_daily":false,"chose_seed":false,"campfire_upgraded":4,"win_rate":0.0,"timestamp":1612833677,"path_taken":["M","$","M","$","?","R","?","R","T","M","R","?","E","M","R","BOSS","M","M","?","?","M"],"items_purchased_type":["Relic","Card"],"build_version":"2020-12-22","purchased_purges":0,"victory":false,"max_hp_per_floor":[66,66,66,66,66,66,66,66,66,66,66,71,71,71,71,71,71,71,71,71,71,71,71],"card_choices":[{"not_picked":["Flying Knee","Deflect"],"picked":"Noxious Fumes","floor":1.0},{"not_picked":["Noxious Fumes","Poisoned Stab"],"picked":"Catalyst","floor":3},{"not_picked":["Deflect","Slice"],"picked":"Poisoned Stab","floor":10},{"not_picked":["Slice","Setup"],"picked":"Tactician","floor":13},{"not_picked":["Eviscerate","Sucker Punch"],"picked":"Escape Plan","floor":14},{"not_picked":["After Image","Glass Knife"],"picked":"Burst","floor":16},{"not_picked":["Poisoned Stab+1","Distraction","Endless Agony"],"picked":"SKIP","floor":18},{"not_picked":["Backflip","Endless Agony"],"picked":"Acrobatics","floor":19},{"not_picked":["Heel Hook","Endless Agony"],"picked":"Prepared","floor":21}],"player_experience":1530198,"relics_obtained":[{"floor":9,"key":"Pen Nib"},{"floor":13,"key":"Art of War"}],"event_choices":[{"damage_healed":0,"gold_gain":0,"player_choice":"Success","damage_taken":11,"relics_obtained":["Anchor"],"max_hp_gain":0,"max_hp_loss":0,"event_name":"Scrap Ooze","floor":5,"gold_loss":0},{"cards_removed":["Defend_G"],"damage_healed":0,"gold_gain":0,"player_choice":"Forget","damage_taken":0,"max_hp_gain":0,"max_hp_loss":0,"event_name":"Living Wall","floor":7,"gold_loss":0},{"damage_healed":0,"gold_gain":0,"player_choice":"Donut","damage_taken":0,"max_hp_gain":5,"max_hp_loss":0,"event_name":"Big Fish","floor":12,"gold_loss":0},{"damage_healed":0,"gold_gain":0,"player_choice":"Rummage","damage_taken":0,"relics_obtained":["WarpedTongs"],"max_hp_gain":0,"max_hp_loss":0,"event_name":"Accursed Blacksmith","floor":20,"gold_loss":0,"cards_obtained":["Pain"]}],"is_beta":false,"boss_relics":[{"not_picked":["Runic Dome","Fusion Hammer"],"picked":"SlaversCollar"}],"items_purged_floors":[],"is_endless":false,"potions_floor_spawned":[13,18],"killed_by":"3 Cultists","ascension_level":20}}