{"host":"rjbqai8ni6dsiu37","time":1612902247,"event":{"mods":["100% Spire Juice","BaseMod","CapriCore","GungeonMod","Marisa£¨Ùöéë¡¡Øª×âÞÞ£©","Minty Spire (QoL Compilation)","Replay The Spire","Shop Mod","StSLib","Td1madao Mod","The Cursed","The Jungle","The Poker Player","WarShipGirlsR/??á´Ò³R mod"],"gold_per_floor":[89,89,107,107,122,122,138,163,215,232,232,4,4,4],"floor_reached":13,"language":"KOR","playtime":402,"items_purged":[],"score":119,"play_id":"165e1296-1a58-4ff1-86e0-ff43db7da52b","local_time":"20210210052407","is_ascension_mode":true,"campfire_choices":[{"data":"Moonworks:Ambush","floor":6,"key":"SMITH"},{"data":"Evaluate","floor":11,"key":"SMITH"}],"circlet_count":0,"master_deck":["Moonworks:Strike","Moonworks:Strike","Moonworks:Strike","Moonworks:Strike","Moonworks:Defend","Moonworks:Defend","Moonworks:Defend","Moonworks:Defend","Moonworks:Ambush+1","Moonworks:LongDistanceShot","Scrape","Evaluate+1"],"relics":["Moonworks:BrokenBomb","Moonworks:Homemark","Smiling Mask","MerchantsRug","Membership Card"],"acts_visited":["Exordium"],"potions_floor_usage":[7,8],"damage_taken":[{"damage":0,"enemies":"Cultist","floor":1,"turns":4},{"damage":2,"enemies":"Small Slimes","floor":3,"turns":3},{"damage":0,"enemies":"2 Louse","floor":5,"turns":3},{"damage":11,"enemies":"Exordium Thugs","floor":7,"turns":3},{"damage":8,"enemies":"Gremlin Nob","floor":8,"turns":3},{"damage":12,"enemies":"3 Louse","floor":10,"turns":3},{"damage":27,"enemies":"3 Sentries","floor":13,"turns":3}],"seed_played":"2059430231828034858","potions_obtained":[{"floor":3,"key":"Languid Potion"},{"floor":7,"key":"DuplicationPotion"}],"is_trial":false,"path_per_floor":["M","$","M","?","M","R","M","E","T","M","R","$","E"],"character_chosen":"THE_STARBREAKER","items_purchased":["MerchantsRug","Membership Card"],"campfire_rested":0,"item_purchase_floors":[12,12],"current_hp_per_floor":[54,54,52,52,52,52,41,33,33,21,21,21,0,0],"gold":4,"neow_bonus":"HUNDRED_GOLD","is_daily":false,"chose_seed":false,"campfire_upgraded":2,"win_rate":0.0,"timestamp":1612902247,"path_taken":["M","?","M","?","M","R","M","E","T","M","R","$","E"],"items_purchased_type":["Relic","Relic"],"build_version":"2020-12-22","purchased_purges":0,"victory":false,"max_hp_per_floor":[60,60,60,60,60,60,60,60,60,60,60,60,60,60],"card_choices":[{"not_picked":["Moonworks:DeployBits","Moonworks:BigMagnum","Moonworks:UnpaidWork"],"picked":"SKIP","floor":1},{"not_picked":["Moonworks:ReproductionOfRecords","Moonworks:BigBangBell","Moonworks:IndiscriminateFireSupport"],"picked":"SKIP","floor":3},{"not_picked":["InnerPeace","MilkyWay"],"picked":"Scrape","floor":5},{"not_picked":["DemoMod:ShadowBullets","Replay:Undeath\u0027s Touch","rmod:supportescort"],"picked":"SKIP","floor":7},{"not_picked":["DemoMod:HungryBullets","rmod:overbreakdown","Coercion"],"picked":"SKIP","floor":8},{"not_picked":["EmptyFist","Rainbow"],"picked":"Evaluate","floor":10}],"player_experience":242666,"relics_obtained":[{"floor":8,"key":"DemoMod:PoisonVial"},{"floor":9,"key":"Smiling Mask"}],"event_choices":[],"is_beta":false,"boss_relics":[],"items_purged_floors":[],"is_endless":false,"potions_floor_spawned":[3,7],"killed_by":"3 Sentries","ascension_level":8}}