{"host":"mychigd5o98hbqtx","time":1612892395,"event":{"mods":["2.2 Compatiblity","Act Like it!","Aspiration","BaseMod","Better Sensory Stone","Better Third Choice","BetterRewards","Block Reminder","Bossed Relics","Fox Events","Friendly Minions","GifTheSpireLib","Jedi Mod","Minty Spire (QoL Compilation)","Pale of the Ancients","Reliquary","Replay The Spire","StSLib","SuperFastMode","Wandering Minibosses"],"gold_per_floor":[119,119,119,130,149,160,189,203,203,203,221,221,240,274,274,373,373,393,293,306,221,221,221,240,255,255,8,35,68,68,82,82,82,82],"floor_reached":33,"language":"RUS","playtime":1427,"items_purged":["Strike_B","Doubt","Languid"],"score":449,"play_id":"bb56ed5a-0397-45b6-b7c2-be222495af4c","local_time":"20210209203955","is_ascension_mode":false,"campfire_choices":[{"floor":10,"key":"DIG"},{"data":"jedi:locknload","floor":12,"key":"SMITH"},{"floor":15,"key":"DIG"},{"floor":30,"key":"RECALL"},{"floor":32,"key":"DIG"}],"circlet_count":0,"master_deck":["Strike_B","Strike_B","Strike_B","Defend_B+1","Defend_B","Defend_B","Defend_B","Zap+1","Dualcast","jedi:locknload+1","Conserve Battery","jedi:locknload+1","Glacier","Seek","FTL","Tempest","Multi-Cast","Biased Cognition","Injury","jedi:hex+1","GremboGang+1","Glacier+1","Double Energy+1","Fission+1","Capacitor+1"],"relics":["Cracked Core","Replay:Multitool","War Paint","Turnip","Blood Vial","jedi:angrymask","Kunai","ReplayFunnel","Replay:Ancient Bell","Toxic Egg 2","FossilizedHelix","Replay:Ringing Soul","Divine Protection","Membership Card","Replay:Wax Seal","aspiration:Lifesprig","reliquary:Boomerang"],"acts_visited":["Exordium","TheCity"],"potions_floor_usage":[7,14,28],"damage_taken":[{"damage":0,"enemies":"Small Slimes","floor":1,"turns":2},{"damage":1,"enemies":"2 Louse","floor":4,"turns":2},{"damage":0,"enemies":"Cultist","floor":5,"turns":2},{"damage":5,"enemies":"2 Fungi Beasts","floor":6,"turns":2},{"damage":3,"enemies":"Gremlin Nob","floor":7,"turns":3},{"damage":5,"enemies":"Blue Slaver","floor":8,"turns":2},{"damage":0,"enemies":"Large Slime","floor":11,"turns":2},{"damage":0,"enemies":"3 Louse","floor":13,"turns":2},{"damage":7,"enemies":"Lagavulin","floor":14,"turns":3},{"damage":38,"enemies":"Fading Forest","floor":16,"turns":11},{"damage":14,"enemies":"2 Thieves","floor":18,"turns":4},{"damage":0,"enemies":"Spheric Guardian","floor":20,"turns":3},{"damage":0,"enemies":"Centurion and Healer","floor":24,"turns":7},{"damage":7,"enemies":"Snake Plant","floor":25,"turns":3},{"damage":23,"enemies":"Slavers","floor":28,"turns":4},{"damage":0,"enemies":"Gremlin Leader","floor":29,"turns":6},{"damage":0,"enemies":"Chosen and Byrds","floor":31,"turns":6},{"damage":98,"enemies":"Collector","floor":33,"turns":11}],"seed_played":"555631775477375128","potions_obtained":[{"floor":4,"key":"LiquidMemories"},{"floor":7,"key":"jedi:wingpotion"},{"floor":11,"key":"PowerPotion"},{"floor":14,"key":"Weak Potion"},{"floor":16,"key":"Regen Potion"},{"floor":20,"key":"DuplicationPotion"},{"floor":29,"key":"Fire Potion"}],"is_trial":false,"path_per_floor":["M","?","?","M","M","M","E","M","T","R","M","R","M","E","R","B",null,"M","$","M","?","?","R","M","M","T","$","E","E","R","M","R","B"],"character_chosen":"DEFECT","items_purchased":["Membership Card","Replay:Wax Seal"],"campfire_rested":0,"item_purchase_floors":[27,27],"current_hp_per_floor":[56,56,75,74,74,69,66,63,63,63,65,65,67,62,62,36,75,61,61,63,63,66,78,81,77,77,77,64,69,69,74,74,0,0],"gold":82,"neow_bonus":"","is_daily":false,"chose_seed":false,"campfire_upgraded":1,"win_rate":0.0,"timestamp":1612892395,"path_taken":["M","?","?","M","M","M","E","M","T","R","M","R","?","E","R","BOSS","M","$","M","?","?","R","M","M","T","$","E","E","R","M","R","BOSS"],"items_purchased_type":["Relic","Relic"],"build_version":"2020-12-22","purchased_purges":3,"victory":false,"max_hp_per_floor":[75,75,75,75,75,75,75,75,75,75,75,75,75,75,75,75,75,75,75,75,75,78,78,81,84,84,84,84,87,87,90,90,90,90],"card_choices":[{"not_picked":["Go for the Eyes","Barrage"],"picked":"jedi:locknload","floor":1},{"not_picked":["Go for the Eyes","Stack"],"picked":"Conserve Battery","floor":4},{"not_picked":["Conserve Battery","Blizzard"],"picked":"jedi:locknload","floor":5},{"not_picked":["Rebound","Skim"],"picked":"Glacier","floor":6},{"not_picked":["Stack","ReplayGash"],"picked":"Seek","floor":7},{"not_picked":["Cold Snap","Loop"],"picked":"FTL","floor":8},{"not_picked":["Hologram","ReplayTheSpireMod:Repulse","Streamline"],"picked":"SKIP","floor":11},{"not_picked":["Lockon","Ball Lightning"],"picked":"Tempest","floor":13},{"not_picked":["Coolheaded","Gash"],"picked":"Multi-Cast","floor":14},{"not_picked":["jedi:readyaimfire","Amplify"],"picked":"Biased Cognition","floor":16},{"not_picked":["ReplayTheSpireMod:Splinters","Looming Evil"],"picked":"Languid","floor":17},{"not_picked":["AbeCurse","Pain"],"picked":"Doubt","floor":17},{"not_picked":["ReplayTheSpireMod:Restless Dread","ReplayTheSpireMod:Faulty Equipment"],"picked":"Injury","floor":17},{"not_picked":["Leap+1","Creative AI"],"picked":"jedi:hex+1","floor":18},{"not_picked":["Turbo+1","Go for the Eyes","Melter"],"picked":"SKIP","floor":20},{"not_picked":["ReplayGash","Loop"],"picked":"Glacier+1","floor":24},{"not_picked":["Blizzard","Beam Cell+1"],"picked":"Double Energy+1","floor":25},{"not_picked":["Sweeping Beam+1","Melter","jedi:BurstLightning+1"],"picked":"SKIP","floor":28},{"not_picked":["Time Bomb+1","Beam Cell"],"picked":"Fission+1","floor":29},{"not_picked":["Turbo+1","BasicCrystalCard+1"],"picked":"Capacitor+1","floor":31}],"player_experience":177808,"relics_obtained":[{"floor":7,"key":"Blood Vial"},{"floor":10,"key":"jedi:angrymask"},{"floor":14,"key":"Kunai"},{"floor":15,"key":"ReplayFunnel"},{"floor":26,"key":"Divine Protection"},{"floor":29,"key":"aspiration:Lifesprig"},{"floor":32,"key":"reliquary:Boomerang"}],"event_choices":[{"damage_healed":0,"gold_gain":0,"player_choice":"Grow","damage_taken":0,"max_hp_gain":0,"max_hp_loss":0,"event_name":"Living Wall","floor":2,"gold_loss":0,"cards_upgraded":["jedi:locknload"]},{"damage_healed":19,"gold_gain":0,"player_choice":"Full Heal","damage_taken":0,"max_hp_gain":0,"max_hp_loss":0,"event_name":"Wheel of Change","floor":3,"gold_loss":0},{"damage_healed":0,"gold_gain":0,"player_choice":"Obtained Relic","damage_taken":0,"relics_obtained":["Replay:Ringing Soul"],"max_hp_gain":0,"max_hp_loss":0,"event_name":"Addict","floor":21,"gold_loss":85}],"is_beta":false,"boss_relics":[{"not_picked":["Philosopher\u0027s Stone","aspiration:SecretTechniqueScroll"],"picked":"Replay:Ancient Bell"},{"not_picked":["Boot","jedi:laserpointer"],"picked":"Gremlin Food"},{"not_picked":["Onion Ring","jedi:paperfaux"],"picked":"Toxic Egg 2"},{"not_picked":["Durian","Replay:Towering Pillar of Hats"],"picked":"FossilizedHelix"}],"items_purged_floors":[0,19,27],"is_endless":false,"potions_floor_spawned":[4,7,11,14,16,20,25,29],"killed_by":"Collector","ascension_level":0}}