{"host":"htz0vj76zckzolyr","time":1612864346,"event":{"mods":["Act Like it!","Arknights","BaseMod","CapriCore","Colored Map","Colored Powertips","Downfall","Friendly Minions","Gensokyo","KinomotoSakuraMod(Ä¾Ö®±¾Ó£)","Lobotomy","LobotomyExtend","Marisa£¨ìFÓê¡¡Ä§ÀíÉ³£©","Minty Spire (QoL Compilation)","Quick Restart","Relic Stats","Shop Mod","StSLib","The Administrix","The Animator","The Cursed"],"gold_per_floor":[130,161,161,177,215,252,252,252,279,129,175,7,7,25,25,124,124,155,0,0,40,40,76,76,76,76,120,141,141],"floor_reached":28,"language":"ZHS","playtime":3937,"items_purged":["Pain","Regret"],"score":286,"play_id":"946165c5-a78d-4ee8-ba0c-ce951da92c7a","local_time":"20210209175226","is_ascension_mode":true,"campfire_choices":[{"data":"animator:GuildGirl","floor":7.0,"key":"SMITH"},{"data":"animator:NagisaMomoe","floor":13.0,"key":"SMITH"},{"data":"animator:YachiyoNanami","floor":15.0,"key":"SMITH"},{"data":"animator:SuzuneAmano","floor":24.0,"key":"SMITH"}],"circlet_count":0,"master_deck":["animator:Strike_MadokaMagica","animator:Defend_MadokaMagica","animator:Defend+1","animator:IrohaTamaki","animator:YuiTsuruno","animator:ChlammyZell+1","animator:GuildGirl+1","animator:ElricAlphonse","animator:YachiyoNanami+1","animator:Benimaru","animator:WinryRockbell","animator:ElricEdward","animator:NagisaMomoe+1","animator:Ainz","animator:SuzuneAmano+1","animator:OrikoMikuni+1","animator:Kyubey","animator:KyokoSakura"],"relics":["animator:LivingPicture","animator:TheMissingPiece","animator:PurgingStone","LetterFromLob","WarpedTongs","Anchor","Happy Flower","Mark of Pain","Gremlin Horn","Boot"],"acts_visited":["Exordium","Gensokyo:Gensokyoer"],"potions_floor_usage":[],"damage_taken":[{"damage":7.0,"enemies":"Small Slimes","floor":1.0,"turns":5.0},{"damage":0.0,"enemies":"Cultist","floor":2.0,"turns":5.0},{"damage":3.0,"enemies":"Jaw Worm","floor":4.0,"turns":5.0},{"damage":8.0,"enemies":"Exordium Wildlife","floor":5.0,"turns":5.0},{"damage":5.0,"enemies":"Gremlin Nob","floor":6.0,"turns":5.0},{"damage":12.0,"enemies":"3 Sentries","floor":11.0,"turns":8.0},{"damage":0.0,"enemies":"Looter","floor":14.0,"turns":3.0},{"damage":17.0,"enemies":"The Guardian","floor":16.0,"turns":8.0},{"damage":8.0,"enemies":"Gensokyo:3_Dogs","floor":18.0,"turns":4.0},{"damage":0.0,"enemies":"Gensokyo:2_Gloops","floor":21.0,"turns":4.0},{"damage":7.0,"enemies":"Gensokyo:Reisen","floor":23.0,"turns":6.0},{"damage":2.0,"enemies":"Gensokyo:Wraith","floor":27.0,"turns":3.0},{"damage":7.0,"enemies":"Gensokyo:Swordslinger","floor":28.0,"turns":3.0}],"seed_played":"7249976038640997539","potions_obtained":[{"floor":1.0,"key":"Regen Potion"},{"floor":5.0,"key":"Fire Potion"},{"floor":6.0,"key":"PowerPotion"}],"is_trial":false,"path_per_floor":["M","M","?","M","M","E","R","?","T","$","E","$","R","M","R","B",null,"M","?","?","M","?","E","R","?","T","M","M"],"character_chosen":"THE_ANIMATOR","items_purchased":["animator:WinryRockbell","animator:NagisaMomoe"],"campfire_rested":0,"item_purchase_floors":[10,12],"current_hp_per_floor":[59,59,59,56,48,43,43,43,43,43,32,32,32,32,32,30,67,60,60,60,60,60,54,54,54,54,52,45,45],"gold":141,"neow_bonus":"TRANSFORM_CARD","is_daily":false,"chose_seed":false,"campfire_upgraded":4,"win_rate":0.0,"timestamp":1612864346,"path_taken":["M","M","?","?","M","E","R","?","T","?","E","$","R","M","R","BOSS","M","?","?","M","?","E","R","?","T","M","?"],"items_purchased_type":["Card","Card"],"build_version":"2020-12-22","purchased_purges":2,"victory":false,"max_hp_per_floor":[66,66,66,66,66,66,66,66,66,66,67,67,67,67,67,67,67,68,68,68,68,68,69,69,69,69,69,69,69],"relic_stats":{"Happy Flower":[10],"Gremlin Horn":[0,0],"counters":[13,64],"Boot":[10],"obtain_stats":[{"Anchor":6,"animator:PurgingStone":0,"Happy Flower":11,"Gremlin Horn":23,"animator:TheMissingPiece":0,"animator:LivingPicture":0,"WingedGreaves":8,"Mark of Pain":17,"LetterFromLob":1,"Boot":26,"WarpedTongs":3},{"Anchor":5,"animator:PurgingStone":0,"Happy Flower":6,"Gremlin Horn":11,"animator:TheMissingPiece":0,"animator:LivingPicture":0,"WingedGreaves":5,"Mark of Pain":8,"LetterFromLob":1,"Boot":11,"WarpedTongs":2},{"Anchor":25,"animator:PurgingStone":0,"Happy Flower":33,"Gremlin Horn":58,"animator:TheMissingPiece":0,"animator:LivingPicture":0,"WingedGreaves":25,"Mark of Pain":44,"LetterFromLob":5,"Boot":58,"WarpedTongs":10}],"WarpedTongs":[52]},"card_choices":[{"not_picked":["animator:Ara","animator:ChlammyZell"],"picked":"animator:GuildGirl","floor":1.0},{"not_picked":["animator:Ciel","animator:Sloth"],"picked":"animator:ElricAlphonse","floor":2.0},{"not_picked":["animator:Scar","animator:Sloth","animator:Hakurou"],"picked":"SKIP","floor":4.0},{"not_picked":["animator:IrohaTamaki","animator:KyokoSakura"],"picked":"animator:YachiyoNanami","floor":5.0},{"not_picked":["animator:MetalKnight","animator:Vanir"],"picked":"animator:Benimaru","floor":6.0},{"not_picked":["animator:Priestess","animator:SilverFang"],"picked":"animator:ElricEdward","floor":11.0},{"not_picked":["animator:Add","animator:Mitsurugi","animator:DolaCouronne"],"picked":"SKIP","floor":14.0},{"not_picked":["animator:SwordMaiden","animator:Father"],"picked":"animator:Ainz","floor":16.0},{"not_picked":["animator:OrikoMikuni","animator:YuiTsuruno"],"picked":"animator:SuzuneAmano","floor":18.0},{"not_picked":["animator:NagisaMomoe","animator:IrohaTamaki"],"picked":"animator:OrikoMikuni+1","floor":21.0},{"not_picked":["animator:Shiro","animator:Tet"],"picked":"animator:Kyubey","floor":23.0},{"not_picked":["animator:Genos","animator:PandorasActor"],"picked":"animator:KyokoSakura","floor":27.0}],"player_experience":698644,"relics_obtained":[{"floor":1.0,"key":"LetterFromLob"},{"floor":6.0,"key":"Anchor"},{"floor":11.0,"key":"Happy Flower"},{"floor":23.0,"key":"Gremlin Horn"},{"floor":26.0,"key":"Boot"}],"event_choices":[{"damage_healed":0.0,"max_hp_gain":0.0,"max_hp_loss":0.0,"gold_gain":0.0,"event_name":"Accursed Blacksmith","player_choice":"Rummage","floor":3.0,"gold_loss":0.0,"damage_taken":0.0,"relics_obtained":["WarpedTongs"],"cards_obtained":["Pain"]},{"damage_healed":0.0,"max_hp_gain":0.0,"max_hp_loss":0.0,"gold_gain":0.0,"event_name":"Big Fish","player_choice":"Box","floor":8.0,"gold_loss":0.0,"damage_taken":0.0,"relics_obtained":["WingedGreaves"],"cards_obtained":["Regret"]}],"is_beta":false,"boss_relics":[{"not_picked":["animator:HolyGrailRelic","Astrolabe"],"picked":"Mark of Pain"}],"items_purged_floors":[10,12],"is_endless":false,"potions_floor_spawned":[1,5,6,11,28],"killed_by":"Gensokyo:Swordslinger","ascension_level":1}}