{"host":"mm0v83pkg2fvsdgl","time":1612912241,"event":{"mods":["2.2 Compatiblity","Alarm Clock","AlwaysNeverKeys","BaseMod","Beaked The Cultist","Bestiary","Better Altar","Better Match","Better Note","Better Sensory Stone","Better Silent Start","Better Third Choice","Clawfect","Displayed Cursed Tome","Energized Spire","Friendly Minions","Highlight Path","Ironclad Rager","Keyboard Shortcuts","Lotus Mark","Marisa????????","Marked Mod","Mimic Mod","Minty Spire (QoL Compilation)","Permanent Neow","Railgun Mod","Remove Card Discount Mod","Shade Mod","Somnambulant","Spicy Shops","StSLib","Swap Starting Deck Mod","The Construct","The Disciple","The Dragon Tamer","TheHeartMod","TheVacant","Transform Curses","Unceasing Turn Reminder","Wandering Minibosses"],"gold_per_floor":[114,129,4,19,34,34,34,34],"floor_reached":6,"language":"ENG","playtime":1212,"items_purged":["construct:Backfire","Darkness"],"score":38,"play_id":"c467fe04-b2e3-439f-8b60-572b7f9e31e1","local_time":"20210209181041","daily_mods":["Draft","Diverse","DeadlyEvents"],"is_ascension_mode":false,"metric_token":2579,"campfire_choices":[],"dtmod_dragon_data":[25,50,-1,-1,0,0],"circlet_count":0,"master_deck":["Steam","somnambulantmod: RacingThoughts","Dropkick","Sword Boomerang","Shade:StitchTogether","True Grit","TheRailgun:Thunderbolt","BiteCommand","OneTimeOff","True Grit","Poisoned Stab","theVacant:Thoughtseize","construct:Forcefield","LockedScales","Warcry","TheRailgun:Magnetic_Movement","DTMod:Training","construct:Stasis"],"relics":["DTMod:PactStone"],"acts_visited":["Exordium"],"potions_floor_usage":[6],"damage_taken":[{"damage":0,"enemies":"Small Slimes","floor":1,"turns":3},{"damage":0,"enemies":"Cultist","floor":2,"turns":3},{"damage":0,"enemies":"2 Louse","floor":4,"turns":4},{"damage":3,"enemies":"Exordium Thugs","floor":5,"turns":6},{"damage":65,"enemies":"Gremlin Nob","floor":6,"turns":5}],"seed_played":"-878916022338446095","potions_obtained":[{"floor":1,"key":"Swift Potion"}],"is_trial":false,"path_per_floor":["M","M","$","M","M","E"],"character_chosen":"THE_DT","items_purchased":["TheRailgun:Magnetic_Movement"],"campfire_rested":0,"item_purchase_floors":[3],"current_hp_per_floor":[45,45,45,45,42,0,0,0],"gold":34,"neow_bonus":"","is_daily":true,"chose_seed":false,"campfire_upgraded":0,"win_rate":0.0,"timestamp":1612912241,"path_taken":["M","M","$","M","M","E"],"items_purchased_type":["Card"],"build_version":"2020-12-22","purchased_purges":2,"victory":false,"max_hp_per_floor":[45,45,45,45,45,45,45,45],"card_choices":[{"not_picked":["OrrerysSun","beaked:Brace"],"picked":"Steam","floor":0},{"not_picked":["TheRailgun:Pull","Worship"],"picked":"somnambulantmod: RacingThoughts","floor":0},{"not_picked":["HandsUpC","Flex"],"picked":"Dropkick","floor":0},{"not_picked":["theHeart:CapillaryExchange","DTMod:HeatWave"],"picked":"Darkness","floor":0},{"not_picked":["beaked:FeelMyPain","somnambulantmod: OpeningUp"],"picked":"Sword Boomerang","floor":0},{"not_picked":["Shade:ExtraLimbs","beaked:Tradeoff"],"picked":"construct:Backfire","floor":0},{"not_picked":["Shade:CoffinDance","DTMod:ComboAttack"],"picked":"Shade:StitchTogether","floor":0},{"not_picked":["TheRailgun:Hypercharge","theVacant:Spinshield"],"picked":"True Grit","floor":0},{"not_picked":["theHeart:Cleanse","construct:SaveState"],"picked":"TheRailgun:Thunderbolt","floor":0},{"not_picked":["Shade:CommandSoldier","Parity"],"picked":"BiteCommand","floor":0},{"not_picked":["theVacant:Fling","Carnage"],"picked":"OneTimeOff","floor":0},{"not_picked":["construct:Reinforce","BiteCommand"],"picked":"True Grit","floor":0},{"not_picked":["construct:ClusterMines","Indignation"],"picked":"Poisoned Stab","floor":0},{"not_picked":["Shade:FeralStrike","somnambulantmod: Repression"],"picked":"theVacant:Thoughtseize","floor":0},{"not_picked":["theHeart:TentacleWhip","theVacant:OnSecondThought"],"picked":"construct:Forcefield","floor":0},{"not_picked":["beaked:Tradeoff","TheRailgun:Teleporter"],"picked":"LockedScales","floor":1},{"not_picked":["somnambulantmod: SleepingBody","Disarm"],"picked":"Warcry","floor":2},{"not_picked":["Shade:AncientSpear","Disarm"],"picked":"DTMod:Training","floor":4},{"not_picked":["construct:Anticipate","theVacant:ShutAway"],"picked":"construct:Stasis","floor":5}],"player_experience":654346,"relics_obtained":[],"event_choices":[],"is_beta":false,"boss_relics":[],"items_purged_floors":[3,3],"is_endless":false,"potions_floor_spawned":[1],"killed_by":"Gremlin Nob","ascension_level":0}}