{"host":"e1y4kviho5jwd7e6","time":1612857386,"event":{"mods":["Act Like it!","Aspiration","BaseMod","Better Altar","Better Match","Better Note","Better Skull","Better Synergies","Better Third Choice","BetterRewards","CCEM2","Colored Powertips","Communication Mod","Conjunction","Conspire","Downfall","Energized Spire","Exacting","GifTheSpireLib","Hubris","Hyrulean Relics","Minty Spire (QoL Compilation)","Quarter Circle Forward PUNCH!","Replay The Spire","Small Relic Pack","Spicy Shops","StSLib","Stuff the Spire","The Blue Laboratory","Transform Curses","Uncapped"],"gold_per_floor":[116,132,152,163,9,9,28,28,54,73,73,101,101,127,127,229,279,297,634,653,208,228,228,43,43,70,70,97,110,110,140,140,140,140],"floor_reached":33,"language":"ENG","playtime":8930,"items_purged":[],"score":251,"play_id":"b096e195-f222-4ace-aeb4-964b5e52d3a4","local_time":"20210209025626","is_ascension_mode":false,"campfire_choices":[{"data":"Sword Boomerang","floor":6,"key":"SMITH"},{"data":"Replay:Undeath\u0027s Touch","floor":8,"key":"SMITH"},{"data":"Bash","floor":11,"key":"SMITH"},{"floor":15,"key":"REST"},{"floor":27,"key":"REST"},{"floor":30,"key":"REST"},{"data":"Strike_R","floor":32,"key":"SMITH"}],"circlet_count":0,"master_deck":["Strike_R","Strike_R","Strike_R+1","Strike_R+1","Defend_R","Defend_R","Defend_R","Defend_R","Bash+1","Replay:Many Hands+1","Inflame+1","Replay:Undeath\u0027s Touch+1","Sword Boomerang+1","Replay:Undeath\u0027s Touch+1"],"relics":["Burning Blood","Guide Book","CCEMRelics:SpiritsEdge","StuffTheSpire:Mouthbags","StuffTheSpire:PointBlank","Tiny House","Akabeko","Torii","Membership Card","Mango","StuffTheSpire:HeavyRock"],"acts_visited":["Exordium","TheCity"],"potions_floor_usage":[4,12,16,16,29,33,33],"damage_taken":[{"damage":6,"enemies":"Cultist","floor":1,"turns":3},{"damage":0,"enemies":"Small Slimes","floor":2,"turns":4},{"damage":14,"enemies":"Jaw Worm","floor":3,"turns":4},{"damage":4,"enemies":"Red Slaver","floor":4,"turns":4},{"damage":19,"enemies":"Exordium Thugs","floor":7,"turns":3},{"damage":7,"enemies":"Blue Slaver","floor":10,"turns":2},{"damage":22,"enemies":"3 Sentries","floor":12,"turns":4},{"damage":0,"enemies":"Large Slime","floor":14,"turns":2},{"damage":45,"enemies":"Hexaghost","floor":16,"turns":4},{"damage":9,"enemies":"Shell Parasite","floor":18,"turns":2},{"damage":25,"enemies":"2 Thieves","floor":20,"turns":3},{"damage":0,"enemies":"Snecko","floor":22,"turns":2},{"damage":7,"enemies":"Cultist and Chosen","floor":28,"turns":4},{"damage":21,"enemies":"Snake Plant","floor":29,"turns":2},{"damage":11,"enemies":"Sentry and Sphere","floor":31,"turns":4},{"damage":115,"enemies":"Automaton","floor":33,"turns":6}],"seed_played":"-4894758489020902770","potions_obtained":[{"floor":2,"key":"Weak Potion"},{"floor":3,"key":"PowerPotion"},{"floor":10,"key":"Energy Potion"},{"floor":13,"key":"PowerPotion"},{"floor":13,"key":"blueLaboratory:ImpenetrablePotion"},{"floor":16,"key":"DuplicationPotion"},{"floor":17,"key":"Dexterity Potion"},{"floor":31,"key":"Flashbang"}],"is_trial":false,"path_per_floor":["M","M","M","M","$","R","M","R","T","M","R","E","?","M","R","B",null,"M","?","M","$","M","?","$","?","T","R","M","M","R","M","R","B"],"character_chosen":"IRONCLAD","items_purchased":["Guide Book","Akabeko","Torii","Membership Card","Mango"],"campfire_rested":3,"item_purchase_floors":[5,21,21,24,24],"current_hp_per_floor":[72,72,64,66,66,66,63,63,63,62,62,46,46,52,72,33,77,74,46,27,27,33,33,47,47,47,74,73,58,85,80,80,0,0],"gold":140,"neow_bonus":"THREE_RARE_CARDS","is_daily":false,"chose_seed":false,"campfire_upgraded":4,"win_rate":0.0,"timestamp":1612857386,"path_taken":["M","M","?","M","?","R","M","R","T","M","R","E","?","?","R","BOSS","M","?","M","$","M","?","$","?","T","R","M","M","R","M","R","BOSS"],"items_purchased_type":["Relic","Relic","Relic","Relic","Relic"],"build_version":"2020-12-22","purchased_purges":0,"victory":false,"max_hp_per_floor":[72,72,72,72,72,72,72,72,72,72,72,72,72,72,72,72,77,77,77,77,77,77,77,91,91,91,91,91,91,91,91,91,91,91],"card_choices":[{"not_picked":["Demonic Infusion","conspire:Purge"],"picked":"Replay:Many Hands","floor":0},{"not_picked":["Anger","Rampage","StuffTheSpire:BloodClot"],"picked":"SKIP","floor":1},{"not_picked":["Heavy Blade","Sentinel"],"picked":"Sword Boomerang","floor":2},{"not_picked":["Replay:Undeath\u0027s Touch","Bloodletting"],"picked":"Inflame","floor":3},{"not_picked":["Pummel","Entrench"],"picked":"Replay:Undeath\u0027s Touch","floor":4},{"not_picked":["Rage","Sentinel","Havoc"],"picked":"SKIP","floor":7},{"not_picked":["hubris:ReadiedAction","hubris:SharpeningStone","Run Through"],"picked":"SKIP","floor":10},{"not_picked":["hubris:ReadiedAction","Twin Strike","Inflame"],"picked":"SKIP","floor":12},{"not_picked":["Sword Boomerang","StuffTheSpire:Slingshot","Ghostly Armor"],"picked":"SKIP","floor":14},{"not_picked":["Clothesline","Body Slam","ReplayTheSpireMod:LeadingStrike"],"picked":"SKIP","floor":18},{"not_picked":["Body Slam+1","Searing Blow","StuffTheSpire:RagingBull+1"],"picked":"SKIP","floor":20},{"not_picked":["Thunderclap","True Grit"],"picked":"Replay:Undeath\u0027s Touch+1","floor":22},{"not_picked":["Anger","Havoc+1","Bloodletting"],"picked":"SKIP","floor":28},{"not_picked":["Eclipse","Clothesline+1","conspire:ExplosiveBarrier"],"picked":"SKIP","floor":29},{"not_picked":["Heavy Blade","Havoc","Power Through"],"picked":"SKIP","floor":31}],"player_experience":959818,"relics_obtained":[{"floor":9,"key":"CCEMRelics:SpiritsEdge"},{"floor":12,"key":"StuffTheSpire:Mouthbags"},{"floor":14,"key":"StuffTheSpire:PointBlank"},{"floor":26,"key":"StuffTheSpire:HeavyRock"}],"event_choices":[{"damage_healed":0,"gold_gain":0,"player_choice":"Got Potions","damage_taken":0,"max_hp_gain":0,"max_hp_loss":0,"event_name":"Lab","floor":13,"gold_loss":0},{"damage_healed":0,"gold_gain":337,"player_choice":"GO GO GO ","damage_taken":31,"relics_obtained":[],"max_hp_gain":0,"max_hp_loss":0,"event_name":"betterSkull:BetterSkull","floor":19,"gold_loss":0,"cards_upgraded":[]},{"damage_healed":0,"gold_gain":0,"player_choice":"Bought 0 Potions","damage_taken":0,"max_hp_gain":0,"max_hp_loss":0,"event_name":"The Woman in Blue","floor":23,"gold_loss":0},{"cards_removed":["Strike_R"],"damage_healed":0,"gold_gain":0,"player_choice":"Offered Basic","damage_taken":0,"max_hp_gain":0,"max_hp_loss":0,"event_name":"Bonfire Elementals","floor":25,"gold_loss":0}],"is_beta":false,"boss_relics":[{"not_picked":["hubris:Stopwatch","ReplayTheSpireMod:DimensionalGlitch"],"picked":"Tiny House"}],"items_purged_floors":[],"is_endless":false,"potions_floor_spawned":[2,3,10,14,16,22,28,31],"killed_by":"Automaton","ascension_level":0}}