{"host":"1zjc08c6hob33401","time":1612891219,"event":{"mods":["AchievementEnabler","Act Like it!","Aspiration","BaseMod","Downfall","Elementarium","Energized Spire","Evolution","Friendly Minions","Gensokyo","GifTheSpireLib","Hubris","Infinite Spire","Jedi Mod","Menagerie","Minty Spire (QoL Compilation)","Pale of the Ancients","Quick Restart","Reliquary","Replay The Spire","Retaliation","Shop Mod","Spicy Shops","Spire Arcade","StS++","StSLib","Stuff the Spire","The Blue Laboratory","Wandering Minibosses","??????REMEMod"],"gold_per_floor":[109,122,142,142,153,153,153,153,153,153,79,92,92,92,92,169,169,122,122,136,9,9,9,23,23,69,69,28,28,42,19,19,19,19],"floor_reached":33,"language":"RUS","playtime":1720,"items_purged":[],"score":462,"play_id":"5ca7a3fe-38ef-4f81-90bb-f76744a0c86c","local_time":"20210209192019","is_ascension_mode":true,"campfire_choices":[{"data":"Reaper","floor":6.0,"key":"SMITH"},{"data":"Zap","floor":8.0,"key":"SMITH"},{"data":"Creative AI","floor":10.0,"key":"SMITH"},{"data":"Consume","floor":13.0,"key":"SMITH"},{"data":"StuffTheSpire:LaunchingStrike","floor":15.0,"key":"SMITH"},{"floor":23.0,"key":"REST"},{"data":"Elementarium:GildedStrike","floor":25.0,"key":"SMITH"},{"floor":29.0,"key":"REST"},{"data":"Gash","floor":32.0,"key":"SMITH"}],"circlet_count":0,"master_deck":["AscendersBane","jedi:BurstLightning","Barrage","Cold Snap","Ball Lightning","Conserve Battery","jedi:BurstFrost","Leap","jedi:blockon","Zap+1","Dualcast","Reaper+1","Creative AI+1","Gash","Consume+1","Gash","aspiration:Polymerization","StuffTheSpire:LaunchingStrike+1","Steam+1","jedi:studyfrost","Elementarium:StickyTar","Elementarium:StickyTar","ReplaySolidLightProjector","Cold Snap","Elementarium:GildedStrike+1","Steam","Go for the Eyes","Gash+1","Elementarium:StickyTar","StuffTheSpire:Plugnplay"],"relics":["Cracked Core","EVO:Axolotl","REME_ComplimentaryCards","reliquary:PartyBalloon","hubris:Icosahedron","reliquary:Craggleroot","Elementarium:HuntersElixir","DataDisk"],"acts_visited":["Gensokyo:Gensokyo","Elementarium:Elementarium"],"potions_floor_usage":[],"damage_taken":[{"damage":6.0,"enemies":"Gensokyo:2_Kodama","floor":1.0,"turns":3.0},{"damage":6.0,"enemies":"Gensokyo:Gryphon","floor":2.0,"turns":3.0},{"damage":8.0,"enemies":"Gensokyo:3_Fairies","floor":3.0,"turns":4.0},{"damage":7.0,"enemies":"Gensokyo:Kitsune","floor":5.0,"turns":3.0},{"damage":0.0,"enemies":"Gensokyo:LivingMonolith","floor":12.0,"turns":3.0},{"damage":45.0,"enemies":"Gensokyo:Yukari","floor":16.0,"turns":10.0},{"damage":20.0,"enemies":"Elementarium:MUD_AND_TAR_GOLEMS","floor":18.0,"turns":6.0},{"damage":5.0,"enemies":"Elementarium:Cyclone","floor":20.0,"turns":4.0},{"damage":10.0,"enemies":"Elementarium:VoidBeast","floor":24.0,"turns":4.0},{"damage":32.0,"enemies":"Elementarium:STONE_GOLEMS","floor":28.0,"turns":6.0},{"damage":15.0,"enemies":"Elementarium:VOID_CORRUPTION_AND_ORB_OF_FIRE","floor":30.0,"turns":6.0},{"damage":25.0,"enemies":"Elementarium:VOID_CORRUPTION_AND_TAR_GOLEM","floor":31.0,"turns":7.0},{"damage":82,"enemies":"Elementarium:PHOENIXES","floor":33,"turns":4}],"seed_played":"2609006364399443487","potions_obtained":[{"floor":1.0,"key":"Elixir"},{"floor":12.0,"key":"blueLaboratory:BottledHope"},{"floor":20.0,"key":"jedi:holywater"},{"floor":28.0,"key":"Toxic Potion"},{"floor":31.0,"key":"SmokeBomb"}],"is_trial":false,"path_per_floor":["M","M","M","?","M","R","COS","R","T","R","$","M","R","?","R","B",null,"M","AVR","M","?","?","R","M","R","T","?","M","R","M","M","R","B"],"character_chosen":"DEFECT","items_purchased":["StuffTheSpire:LaunchingStrike"],"campfire_rested":2,"item_purchase_floors":[11],"current_hp_per_floor":[66,64,63,63,60,60,60,60,60,60,60,63,63,63,63,22,59,41,41,36,36,36,57,47,47,47,47,20,41,28,46,46,0,0],"gold":19,"neow_bonus":"ONE_RANDOM_RARE_CARD","is_daily":false,"chose_seed":false,"campfire_upgraded":7,"win_rate":0.0,"timestamp":1612891219,"path_taken":["M","?","M","?","M","R","COS","R","T","R","$","M","R","?","R","BOSS","M","AVR","M","?","?","R","M","R","T","?","M","R","M","M","R","BOSS"],"items_purchased_type":["Card"],"build_version":"2020-12-22","purchased_purges":0,"victory":false,"max_hp_per_floor":[71,71,71,71,71,71,71,71,71,71,71,71,71,71,71,71,71,71,71,71,71,71,71,71,71,71,71,71,71,71,71,71,71,71],"card_choices":[{"not_picked":["Streamline","Hologram"],"picked":"Gash","floor":1.0},{"not_picked":["Barrage","Turbo"],"picked":"Consume","floor":2.0},{"not_picked":["Conserve Battery","Steam"],"picked":"Gash","floor":3.0},{"not_picked":["StuffTheSpire:Rend","Hello World"],"picked":"aspiration:Polymerization","floor":5.0},{"not_picked":["Skim","BasicCrystalCard"],"picked":"Steam","floor":12.0},{"not_picked":["StuffTheSpire:Purify","jedi:readyaimfire","jedi:gatheringstorm"],"picked":"jedi:studyfrost","floor":16.0},{"not_picked":["Beam Cell","ReplayTheSpireMod:Reroute Power"],"picked":"ReplaySolidLightProjector","floor":18.0},{"not_picked":["StSpp:Channeliser","Hologram"],"picked":"Cold Snap","floor":20.0},{"not_picked":["Beam Cell","Turbo"],"picked":"Steam","floor":24.0},{"not_picked":["Steam","Turbo"],"picked":"Go for the Eyes","floor":28.0},{"not_picked":["Steam","BasicCrystalCard"],"picked":"Gash","floor":30.0},{"not_picked":["Streamline","Cold Snap"],"picked":"StuffTheSpire:Plugnplay","floor":31.0}],"player_experience":738500,"relics_obtained":[{"floor":9.0,"key":"reliquary:PartyBalloon"},{"floor":26.0,"key":"DataDisk"}],"event_choices":[{"damage_healed":0.0,"max_hp_gain":0.0,"max_hp_loss":0.0,"gold_gain":0.0,"event_name":"Elementarium:BigGameHunter","player_choice":"Sling","floor":21.0,"gold_loss":127.0,"damage_taken":0.0,"relics_obtained":["Elementarium:HuntersElixir"]},{"cards_removed":["infinitespire:Oblivion"],"damage_healed":0.0,"max_hp_gain":0.0,"max_hp_loss":0.0,"gold_gain":0.0,"event_name":"Elementarium:GoldenStatues","player_choice":"Tear free","floor":22.0,"gold_loss":0.0,"damage_taken":0.0,"cards_obtained":["Elementarium:GildedStrike"]}],"is_beta":false,"boss_relics":[{"not_picked":["Pandora\u0027s Box","StSpp:Magatama"],"picked":"reliquary:Craggleroot"}],"items_purged_floors":[],"is_endless":false,"potions_floor_spawned":[1,12,20,28,31],"killed_by":"Elementarium:PHOENIXES","ascension_level":19}}