{"host":"mqhvlr3kpxebko0t","time":1612882337,"event":{"mods":["AchievementEnabler","BaseMod","Colored Map","Colored Powertips","KOR Keyword Fix","Keyboard Shortcuts","Minty Spire (QoL Compilation)","StSLib","SuperFastMode"],"gold_per_floor":[111,111,121,46,59,59,79,79,79,92,92,92,92],"floor_reached":12,"language":"KOR","playtime":143,"items_purged":["Strike_R"],"score":140,"play_id":"5cc60ec6-5399-43de-a0fa-0b305e3c8c1e","local_time":"20210209235217","is_ascension_mode":true,"campfire_choices":[{"data":"Pommel Strike","floor":6,"key":"SMITH"},{"data":"Fire Breathing","floor":11,"key":"SMITH"}],"circlet_count":0,"master_deck":["AscendersBane","Strike_R","Strike_R","Strike_R","Defend_R","Defend_R","Defend_R","Defend_R","Bash","Pommel Strike+1","Disarm","Fire Breathing+1"],"relics":["Burning Blood","Mango","Eternal Feather"],"acts_visited":["Exordium"],"potions_floor_usage":[12,12],"damage_taken":[{"damage":10,"enemies":"Small Slimes","floor":1,"turns":5},{"damage":12,"enemies":"Cultist","floor":3,"turns":4},{"damage":15,"enemies":"2 Louse","floor":5,"turns":3},{"damage":18,"enemies":"2 Fungi Beasts","floor":7,"turns":4},{"damage":15,"enemies":"Large Slime","floor":10,"turns":5},{"damage":58,"enemies":"Lagavulin","floor":12,"turns":7}],"seed_played":"-2669933060260248814","potions_obtained":[{"floor":1,"key":"PowerPotion"},{"floor":7,"key":"Swift Potion"}],"is_trial":false,"path_per_floor":["M","?","M","$","M","R","M","?","T","M","R","E"],"character_chosen":"IRONCLAD","items_purchased":[],"campfire_rested":0,"item_purchase_floors":[],"current_hp_per_floor":[78,78,72,72,63,63,51,51,51,42,48,0,0],"gold":92,"neow_bonus":"ONE_RARE_RELIC","is_daily":false,"chose_seed":false,"campfire_upgraded":2,"win_rate":0.0,"timestamp":1612882337,"path_taken":["M","?","M","$","M","R","M","?","T","?","R","E"],"items_purchased_type":[],"build_version":"2020-12-22","purchased_purges":1,"victory":false,"max_hp_per_floor":[82,82,82,82,82,82,82,82,82,82,82,82,82],"card_choices":[{"not_picked":["Intimidate","Perfected Strike","Bloodletting"],"picked":"SKIP","floor":1},{"not_picked":["Clash","Clothesline","Twin Strike"],"picked":"SKIP","floor":3},{"not_picked":["Twin Strike","Uppercut"],"picked":"Pommel Strike","floor":5},{"not_picked":["Rage","Clothesline"],"picked":"Disarm","floor":7},{"not_picked":["Armaments","Perfected Strike","Havoc"],"picked":"SKIP","floor":10}],"player_experience":702759,"relics_obtained":[{"floor":9,"key":"Eternal Feather"}],"event_choices":[{"damage_healed":0,"gold_gain":0,"player_choice":"Ignored","damage_taken":0,"max_hp_gain":0,"max_hp_loss":0,"event_name":"Shining Light","floor":2,"gold_loss":0},{"damage_healed":0,"gold_gain":0,"cards_transformed":["Strike_R"],"player_choice":"Transformed","damage_taken":0,"max_hp_gain":0,"max_hp_loss":0,"event_name":"Transmorgrifier","floor":8,"gold_loss":0,"cards_obtained":["Fire Breathing"]}],"is_beta":false,"boss_relics":[],"items_purged_floors":[4],"is_endless":false,"potions_floor_spawned":[1,7],"killed_by":"Lagavulin","ascension_level":20}}