{"host":"ooetke516h53yqww","time":1612902457,"event":{"mods":["100% Spire Juice","2.2 Compatiblity","Abigail Mod","Act Like it!","Astrologer","Bartender","BaseMod","Beaked The Cultist","Better Match","Better Third Choice","Conspire","Elementarium","Friendly Minions","Hallownest","Hermit","HololiveMod","Hubris","Infinite Spire","Kiyohime????","Lobotomy","LobotomyExtend","Mari Mod (Legacy)","Mari\u0027s V1 Patch","Menagerie","Minty Spire (QoL Compilation)","Morshu Shopkeeper","Prisma Mod","Random Character Button","Reliquary","Replay The Spire","Robot Space Explorer","Spicy Shops","StSLib","Td1madao Mod","The Alterego","The Bug Knight","The Marked","The Poker Player","The Senshi","TheSwordswoman","Uncapped","WarShipGirlsR/????R mod","Yakumo Yukari mod","Yohane!"],"gold_per_floor":[109,35,54,71,71,71,100,113,113,113,113,113,113,145,145,249,249,265,90,90,90,10,36,36,53,78,78,107,107,138,13,13,113,113,127,142,142,142,142],"floor_reached":40,"language":"ENG","playtime":1529,"items_purged":["rmod:strick","rmod:strick","rmod:defend"],"score":758,"play_id":"114185ee-39be-4000-a3b9-18393ff80a0e","local_time":"20210209152737","is_ascension_mode":true,"campfire_choices":[{"data":"rmod:goodfighter","floor":6,"key":"SMITH"},{"data":"rmod:expeditionaryescort","floor":10,"key":"SMITH"},{"data":"rmod:maingunfire","floor":13,"key":"SMITH"},{"data":"rmod:rockthrower","floor":15,"key":"SMITH"},{"data":"rmod:abidefaith","floor":29,"key":"SMITH"},{"data":"rmod:lonelyqueen","floor":29,"key":"SMITH"},{"data":"rmod:saltedfish","floor":32,"key":"SMITH"},{"data":"rmod:desperatesituation","floor":32,"key":"SMITH"}],"circlet_count":0,"master_deck":["rmod:defend+1","rmod:defend+1","rmod:basicallowance+1","rmod:maingunfire+1","rmod:goodfighter+1","rmod:unsinkable+1","rmod:expeditionaryescort+1","rmod:ring+1","rmod:lonelyqueen+1","rmod:rockthrower+1","rmod:abidefaith+1","rmod:combined+1","rmod:royalracing+1","rmod:intelligenceanalysis+1","rmod:desperatesituation+1","rmod:bulid+1","rmod:saltedfish+1","rmod:saltedfish","rmod:intelligenceanalysis+1"],"relics":["rmod:firstchargereward","ReplayTheSpireMod:TigerMarble","LetterFromLob","Chemical X","NlothsMask","hubris:MysteriousPyramids","Moonlight_r","Replay:PocketPolymizer","hubris:Backtick","Ice Cream","Akabeko","alterego_mod:SomeoneToFightFor","Mango","reliquary:TuningFork","reliquary:Bookmark","Replay:Arrowhead","reliquary:Buckler","conspire:RunicOctahedron"],"acts_visited":["Exordium","TheCity","TheBeyond"],"potions_floor_usage":[38,38,38],"damage_taken":[{"damage":0,"enemies":"Cultist","floor":1,"turns":3},{"damage":0,"enemies":"Jaw Worm","floor":3,"turns":2},{"damage":1,"enemies":"2 Louse","floor":4,"turns":2},{"damage":0,"enemies":"Gremlin Nob","floor":7,"turns":2},{"damage":0,"enemies":"2 Fungi Beasts","floor":8,"turns":1},{"damage":13,"enemies":"3 Sentries","floor":14,"turns":6},{"damage":31,"enemies":"Slime Boss","floor":16,"turns":8},{"damage":8,"enemies":"2 Thieves","floor":18,"turns":4},{"damage":19,"enemies":"HollowMod:Nosk","floor":23,"turns":5},{"damage":11,"enemies":"conspire:FuzzyDice","floor":25,"turns":3},{"damage":22,"enemies":"conspire:Head Lice","floor":28,"turns":6},{"damage":7,"enemies":"Replay:Snechameleon","floor":30,"turns":4},{"damage":42,"enemies":"Automaton","floor":33,"turns":8},{"damage":8,"enemies":"3 Shapes","floor":35,"turns":2},{"damage":0,"enemies":"Orb Walker","floor":36,"turns":1},{"damage":109,"enemies":"Donu and Deca","floor":38,"turns":9}],"seed_played":"-1037484680030767590","potions_obtained":[{"floor":3,"key":"EssenceOfSteel"},{"floor":7,"key":"PowerPotion"},{"floor":14,"key":"Regen Potion"},{"floor":16,"key":"LifebloodPotion"}],"is_trial":false,"path_per_floor":["M","$","M","M","?","R","E","M","T","R","M","?","R","E","R","B",null,"M","$","T","?","?","E","?","M","T","AVR","E","R","E","$","R","B",null,"M","M","?","B",null,null],"character_chosen":"PRAEFECT","items_purchased":["Chemical X"],"campfire_rested":0,"item_purchase_floors":[2],"current_hp_per_floor":[76,76,76,75,75,75,75,75,75,75,76,76,76,63,63,32,76,68,68,68,68,68,70,70,59,59,59,90,90,83,83,83,41,90,82,89,89,9,9],"gold":142,"neow_bonus":"RANDOM_COMMON_RELIC","is_daily":false,"chose_seed":false,"campfire_upgraded":8,"win_rate":0.0,"timestamp":1612902457,"path_taken":["M","$","M","M","?","R","E","M","T","R","?","?","R","E","R","BOSS","M","$","?","?","?","E","?","M","T","AVR","E","R","E","$","R","BOSS","M","M","?","BOSS"],"items_purchased_type":["Relic"],"build_version":"2020-12-22","purchased_purges":3,"victory":true,"max_hp_per_floor":[76,76,76,76,76,76,76,76,76,76,76,76,76,76,76,76,76,76,76,76,76,76,90,90,90,90,90,90,90,90,90,90,90,90,90,90,90,90,90],"card_choices":[{"not_picked":["rmod:gendarmerie","rmod:generalist"],"picked":"rmod:goodfighter","floor":1},{"not_picked":["rmod:circuitoustactics","rmod:garrisonisland"],"picked":"rmod:unsinkable","floor":3},{"not_picked":["rmod:capitalist","rmod:tearstotiara","rmod:aviationdawn"],"picked":"SKIP","floor":4},{"not_picked":["rmod:aluminumsupply","rmod:circuitoustactics"],"picked":"rmod:expeditionaryescort","floor":7},{"not_picked":["rmod:aviationdawn","rmod:fletcherpendant"],"picked":"rmod:ring","floor":8},{"not_picked":["rmod:highspeedshooting","rmod:fuelsupply"],"picked":"rmod:lonelyqueen","floor":14},{"not_picked":["rmod:desperatesituation","rmod:u235"],"picked":"rmod:abidefaith","floor":16},{"not_picked":["rmod:highspeedshooting+1","rmod:intelligenceanalysis"],"picked":"rmod:combined+1","floor":18},{"not_picked":["rmod:capitalist","rmod:launchingtorpedo"],"picked":"rmod:royalracing+1","floor":23},{"not_picked":["rmod:victimresponsibility","rmod:aluminumsupply","rmod:ammunitionsupply"],"picked":"SKIP","floor":25},{"not_picked":["rmod:windflower","rmod:highspeedshooting"],"picked":"rmod:intelligenceanalysis+1","floor":28},{"not_picked":["rmod:aviationdawn","rmod:mineteam"],"picked":"rmod:bulid+1","floor":30},{"not_picked":["rmod:highspeedmaneuver","rmod:supriseattacks"],"picked":"rmod:saltedfish","floor":33},{"not_picked":["rmod:aluminumsupply","rmod:diamondstrike+1","rmod:wasp+1"],"picked":"SKIP","floor":35},{"not_picked":["rmod:firesupport+1","rmod:diamondstrike+1"],"picked":"rmod:intelligenceanalysis+1","floor":36}],"player_experience":1548381,"relics_obtained":[{"floor":1,"key":"LetterFromLob"},{"floor":7,"key":"hubris:MysteriousPyramids"},{"floor":14,"key":"Replay:PocketPolymizer"},{"floor":20,"key":"Akabeko"},{"floor":23,"key":"Mango"},{"floor":26,"key":"reliquary:TuningFork"},{"floor":28,"key":"Replay:Arrowhead"},{"floor":30,"key":"reliquary:Buckler"}],"event_choices":[{"damage_healed":0,"gold_gain":0,"player_choice":"Trade","damage_taken":0,"relics_obtained":["NlothsMask"],"max_hp_gain":0,"max_hp_loss":0,"event_name":"FaceTrader","floor":5,"gold_loss":0},{"damage_healed":0,"gold_gain":0,"player_choice":"Upgraded","damage_taken":0,"max_hp_gain":0,"max_hp_loss":0,"event_name":"Upgrade Shrine","floor":12,"gold_loss":0,"cards_upgraded":["rmod:unsinkable"]},{"damage_healed":0,"gold_gain":0,"player_choice":"Choice 2","damage_taken":0,"relics_obtained":["alterego_mod:SomeoneToFightFor"],"max_hp_gain":0,"max_hp_loss":0,"event_name":"Secret Garden","floor":21,"gold_loss":0},{"damage_healed":0,"gold_gain":0,"player_choice":"Portal","damage_taken":0,"max_hp_gain":0,"max_hp_loss":0,"event_name":"betterThird:BetterPortal","floor":37,"gold_loss":0}],"is_beta":false,"boss_relics":[{"not_picked":["Fusion Hammer","conspire:SeveredTorchhead"],"picked":"hubris:Backtick"},{"not_picked":["MariMod:MariFestivalBadge","conspire:RoyalGoblet"],"picked":"conspire:RunicOctahedron"}],"items_purged_floors":[19,19,31],"is_endless":false,"potions_floor_spawned":[3,7,14,16,23,33,35,36],"ascension_level":2}}