{"host":"p6x4b30m1ltzgl6z","time":1612901539,"event":{"mods":["2.2 Compatiblity","Act Like it!","BaseMod","Colored Powertips","Curses Come First","Defective Defect","Gensokyo","GifTheSpireLib","GungeonMod","Halation","Hallownest","Infinite Spire","Marisa????????","Minty Spire (QoL Compilation)","Quick Restart","Rare Cards Sparkle","Reimu??????","Replay The Spire","StSLib","Stuff the Spire","The Bug Knight","The Servant 0.9.4","everything is the same but u backflip on backflip","slay the spire mod where everything is the same but ironclad has a cowboy hat"],"gold_per_floor":[114,164,21,21,21,21,46,186,186],"floor_reached":8,"language":"ENG","playtime":538,"items_purged":[],"score":79,"play_id":"62b5543c-cd8a-47ca-9473-5810d91e6679","local_time":"20210209141219","is_ascension_mode":false,"campfire_choices":[],"circlet_count":0,"master_deck":["DemoMod:Strike_Huntress","DemoMod:Strike_Huntress","DemoMod:Strike_Huntress","DemoMod:Defend_Huntress","DemoMod:Defend_Huntress","DemoMod:Defend_Huntress","DemoMod:Defend_Huntress","DemoMod:Roll","DemoMod:ManualReload","DemoMod:RustySidearm","DemoMod:CrossBow","DemoMod:TeaPot","DemoMod:PotionOfGunFriendShip","DemoMod:HardPowerCard","DemoMod:DoubleSwitch","Pot Of Greed","Pot Of Greed"],"relics":["DemoMod:Dog","NeowsBlessing","Chameleon Ring","StuffTheSpire:TintedRock","DemoMod:GlassGuonStoneRelic","Grinning Jar"],"acts_visited":["Exordium"],"potions_floor_usage":[],"damage_taken":[{"damage":0,"enemies":"Jaw Worm","floor":1,"turns":1},{"damage":0,"enemies":"Small Slimes","floor":7,"turns":2},{"damage":0,"enemies":"3 Sentries","floor":8,"turns":2}],"seed_played":"3519393939252381946","potions_obtained":[{"floor":6,"key":"DistilledChaos"},{"floor":6,"key":"DemoMod:LeadSkinPotion"},{"floor":7,"key":"Explosive Potion"}],"is_trial":false,"path_per_floor":["M","?","$","?","$","R","M","E"],"character_chosen":"HUNTRESS","items_purchased":["StuffTheSpire:TintedRock"],"campfire_rested":0,"item_purchase_floors":[3],"current_hp_per_floor":[70,70,70,70,70,70,70,70,70],"gold":186,"neow_bonus":"THREE_ENEMY_KILL","is_daily":false,"chose_seed":false,"campfire_upgraded":0,"win_rate":0.0,"timestamp":1612901539,"path_taken":["M","?","$","?","$","R","M","E"],"items_purchased_type":["Relic"],"build_version":"2020-12-22","purchased_purges":0,"victory":false,"max_hp_per_floor":[70,70,70,70,70,70,70,70,70],"card_choices":[{"not_picked":["DemoMod:MachoBrace","DemoMod:BoxingGlove"],"picked":"DemoMod:TeaPot","floor":1},{"not_picked":["DemoMod:RadGun","DemoMod:ProbeStrike"],"picked":"DemoMod:PotionOfGunFriendShip","floor":2},{"not_picked":["DemoMod:Camera","DemoMod:DirectionalPad"],"picked":"DemoMod:HardPowerCard","floor":2},{"not_picked":["DemoMod:ProbeStrike","DemoMod:DirectionalPad"],"picked":"DemoMod:DoubleSwitch","floor":7},{"not_picked":["DemoMod:TableSutra","DemoMod:ConditionalReflex","DemoMod:Slinger"],"picked":"SKIP","floor":8}],"player_experience":150091,"relics_obtained":[{"floor":2,"key":"Chameleon Ring"},{"floor":8,"key":"Grinning Jar"}],"event_choices":[],"is_beta":false,"boss_relics":[],"items_purged_floors":[],"is_endless":false,"potions_floor_spawned":[7,8],"killed_by":"3 Sentries","ascension_level":0}}