{"host":"msfr2axb1w9025n0","time":1612855556,"event":{"mods":["BaseMod","Bestiary","Block Reminder","Colored Map","DeckTracker","Minty Spire (QoL Compilation)","Relic Stats","Weighted Paths"],"gold_per_floor":[367,115,133,149,169,204,204,218,218,100,113,113,113],"floor_reached":12,"language":"ENG","playtime":413,"items_purged":[],"score":98,"play_id":"ea67156e-1c94-4f13-8e2e-43c1547030d2","local_time":"20210209142556","is_ascension_mode":true,"campfire_choices":[{"data":"Prostrate","floor":7,"key":"SMITH"}],"circlet_count":0,"master_deck":["Strike_P","Strike_P","Strike_P","Strike_P","Defend_P","Defend_P","Defend_P","Defend_P","Eruption","Vigilance","WheelKick","Wallop","CutThroughFate","Prostrate+1","FearNoEvil","FlurryOfBlows","Halt","FlurryOfBlows","Prostrate","BowlingBash"],"relics":["PureWater","Damaru","Bottled Lightning","The Courier"],"acts_visited":["Exordium"],"potions_floor_usage":[6],"damage_taken":[{"damage":0.0,"enemies":"Cultist","floor":1.0,"turns":2.0},{"damage":0,"enemies":"Small Slimes","floor":3,"turns":3},{"damage":0,"enemies":"2 Louse","floor":4,"turns":3},{"damage":15,"enemies":"Lots of Slimes","floor":5,"turns":6},{"damage":12,"enemies":"Lagavulin","floor":6,"turns":6},{"damage":0,"enemies":"Blue Slaver","floor":8,"turns":2},{"damage":0,"enemies":"Looter","floor":11,"turns":2},{"damage":45,"enemies":"Gremlin Nob","floor":12,"turns":3}],"seed_played":"-8882246970158031261","potions_obtained":[{"floor":1.0,"key":"SpeedPotion"},{"floor":4,"key":"DuplicationPotion"},{"floor":6,"key":"Swift Potion"}],"is_trial":false,"path_per_floor":["M","$","M","M","M","E","R","M","T","$","M","E"],"character_chosen":"WATCHER","items_purchased":["Damaru","Wallop","CutThroughFate","FlurryOfBlows","Prostrate","PowerPotion"],"campfire_rested":0,"item_purchase_floors":[2,2,2,10,10,10],"current_hp_per_floor":[51,51,51,51,36,24,24,24,24,24,24,0,0],"gold":113,"neow_bonus":"TWO_FIFTY_GOLD","is_daily":false,"chose_seed":false,"campfire_upgraded":1,"win_rate":0.0,"timestamp":1612855556,"path_taken":["M","$","M","M","M","E","R","M","T","?","M","E"],"items_purchased_type":["Relic","Card","Card","Card","Card","Potion"],"build_version":"2020-12-22","purchased_purges":0,"victory":false,"max_hp_per_floor":[72,72,72,72,72,72,72,72,72,72,72,72,72],"relic_stats":{"counters":[8,27],"obtain_stats":[{"Damaru":2,"The Courier":9,"Bottled Lightning":6,"PureWater":0},{"Damaru":1,"The Courier":6,"Bottled Lightning":5,"PureWater":0},{"Damaru":2,"The Courier":22,"Bottled Lightning":20,"PureWater":0}]},"card_choices":[{"not_picked":["Weave","CrushJoints"],"picked":"WheelKick","floor":1.0},{"not_picked":["Swivel","ThirdEye","Collect"],"picked":"SKIP","floor":3},{"not_picked":["FlurryOfBlows","Halt"],"picked":"Prostrate","floor":4},{"not_picked":["InnerPeace","PathToVictory"],"picked":"FearNoEvil","floor":5},{"not_picked":["Halt","ThirdEye"],"picked":"FlurryOfBlows","floor":6},{"not_picked":["Wireheading","Vengeance"],"picked":"Halt","floor":8},{"not_picked":["PathToVictory","Weave"],"picked":"BowlingBash","floor":11}],"player_experience":300810,"relics_obtained":[{"floor":6,"key":"Bottled Lightning"},{"floor":9,"key":"The Courier"}],"event_choices":[],"is_beta":false,"boss_relics":[],"items_purged_floors":[],"is_endless":false,"potions_floor_spawned":[1,4,6,11],"killed_by":"Gremlin Nob","ascension_level":4}}