{"host":"kh6fvhxn285ncg0o","time":1612836140,"event":{"mods":["Act Like it!","BaseMod","Colored Map","Friendly Minions","Keyboard Shortcuts","Minty Spire (QoL Compilation)","Quick Restart","Relic Stats","StSLib","SuperFastMode","UnlockEverythingMod"],"gold_per_floor":[14,14,30,41,54,54,85,112,112,130,130,156,166,91,91,162,162,180,191,106,156,171,171,190,201,201,230,230,260,271,301,301,374,374,387,169,183,183,183,217,217,242,242,254,269,289,289,323,323,323,323,323,323,44,77,77],"floor_reached":57,"language":"KOR","playtime":2174,"items_purged":["Strike_R","Strike_R","Strike_R"],"score":3303,"play_id":"cf5b86c7-bea9-476f-b60a-f3b63b133fd1","local_time":"20210209110220","is_ascension_mode":true,"campfire_choices":[{"data":"Battle Trance","floor":6.0,"key":"SMITH"},{"data":"Flame Barrier","floor":11.0,"key":"SMITH"},{"data":"Disarm","floor":15.0,"key":"SMITH"},{"data":"Juggernaut","floor":23.0,"key":"SMITH"},{"floor":32.0,"key":"REST"},{"data":"Feel No Pain","floor":41.0,"key":"SMITH"},{"floor":49.0,"key":"RECALL"},{"data":"Entrench","floor":53.0,"key":"SMITH"}],"circlet_count":0,"master_deck":["AscendersBane","Strike_R","Strike_R","Defend_R","Defend_R","Defend_R","Defend_R","Bash","Fiend Fire+1","Feel No Pain+1","Flame Barrier+1","Battle Trance+1","Power Through","Disarm+1","Exhume","Juggernaut+1","Uppercut","Power Through+1","Entrench+1","Body Slam","Shrug It Off","Feel No Pain+1","Barricade","Burning Pact","Dark Shackles","Disarm+1","Writhe","Second Wind","Evolve","Berserk"],"relics":["Burning Blood","Regal Pillow","Pen Nib","White Beast Statue","Bronze Scales","Snecko Eye","Smiling Mask","HornCleat","Mango","StrikeDummy","Bottled Tornado","Velvet Choker","OrangePellets","Akabeko","Sundial","Art of War","Nunchaku"],"acts_visited":["Exordium","TheCity","TheBeyond","TheEnding"],"potions_floor_usage":[56],"damage_taken":[{"damage":0.0,"enemies":"2 Louse","floor":1.0,"turns":2.0},{"damage":2.0,"enemies":"Jaw Worm","floor":3.0,"turns":3.0},{"damage":0.0,"enemies":"Cultist","floor":4.0,"turns":2.0},{"damage":7.0,"enemies":"Gremlin Gang","floor":5.0,"turns":6.0},{"damage":8.0,"enemies":"Gremlin Nob","floor":7.0,"turns":3.0},{"damage":1.0,"enemies":"Looter","floor":10.0,"turns":2.0},{"damage":2.0,"enemies":"3 Sentries","floor":12.0,"turns":13.0},{"damage":0.0,"enemies":"2 Fungi Beasts","floor":13.0,"turns":2.0},{"damage":0.0,"enemies":"The Guardian","floor":16.0,"turns":13.0},{"damage":4.0,"enemies":"3 Byrds","floor":18.0,"turns":3.0},{"damage":0.0,"enemies":"Shell Parasite","floor":19.0,"turns":1.0},{"damage":0.0,"enemies":"Centurion and Healer","floor":22.0,"turns":4.0},{"damage":0.0,"enemies":"Snecko","floor":24.0,"turns":5.0},{"damage":0.0,"enemies":"Chosen and Byrds","floor":25.0,"turns":4.0},{"damage":14.0,"enemies":"Book of Stabbing","floor":27.0,"turns":3.0},{"damage":38.0,"enemies":"Gremlin Leader","floor":29.0,"turns":9.0},{"damage":0.0,"enemies":"Centurion and Healer","floor":30.0,"turns":6.0},{"damage":13.0,"enemies":"Slavers","floor":31.0,"turns":2.0},{"damage":0.0,"enemies":"Champ","floor":33.0,"turns":9.0},{"damage":1.0,"enemies":"3 Shapes","floor":35.0,"turns":4.0},{"damage":19.0,"enemies":"3 Darklings","floor":37.0,"turns":5.0},{"damage":5.0,"enemies":"Nemesis","floor":40.0,"turns":7.0},{"damage":19.0,"enemies":"Reptomancer","floor":42.0,"turns":3.0},{"damage":10.0,"enemies":"Writhing Mass","floor":44.0,"turns":5.0},{"damage":0.0,"enemies":"Transient","floor":45.0,"turns":6.0},{"damage":0.0,"enemies":"3 Darklings","floor":46.0,"turns":3.0},{"damage":0.0,"enemies":"Nemesis","floor":48.0,"turns":5.0},{"damage":0.0,"enemies":"Awakened One","floor":50.0,"turns":8.0},{"damage":26.0,"enemies":"Time Eater","floor":51.0,"turns":10.0},{"damage":28,"enemies":"Shield and Spear","floor":55,"turns":6},{"damage":30,"enemies":"The Heart","floor":56,"turns":10}],"seed_played":"8610046007738703849","potions_obtained":[{"floor":1.0,"key":"SneckoOil"},{"floor":4.0,"key":"Strength Potion"},{"floor":10.0,"key":"ColorlessPotion"},{"floor":12.0,"key":"SmokeBomb"},{"floor":13.0,"key":"DuplicationPotion"},{"floor":16.0,"key":"Regen Potion"},{"floor":18.0,"key":"DistilledChaos"},{"floor":19.0,"key":"ElixirPotion"},{"floor":22.0,"key":"SteroidPotion"},{"floor":24.0,"key":"Dexterity Potion"},{"floor":29.0,"key":"HeartOfIron"},{"floor":30.0,"key":"ElixirPotion"},{"floor":31.0,"key":"AttackPotion"},{"floor":33.0,"key":"DistilledChaos"},{"floor":35.0,"key":"AttackPotion"},{"floor":37.0,"key":"FairyPotion"},{"floor":40.0,"key":"Swift Potion"},{"floor":42.0,"key":"Weak Potion"},{"floor":44.0,"key":"BlessingOfTheForge"},{"floor":45.0,"key":"ElixirPotion"}],"is_trial":false,"path_per_floor":["M","?","M","M","M","R","E","T","T","M","R","E","M","$","R","B",null,"M","M","?","?","M","R","M","M","T","E","?","E","M","E","R","B",null,"M","$","M","?","?","E","R","E","T","M","M","M","?","E","R","B","B",null,"R","$","E","B",null],"character_chosen":"IRONCLAD","items_purchased":["OrangePellets","Second Wind","Evolve","SpeedPotion"],"campfire_rested":1,"item_purchase_floors":[36,54,54,54],"current_hp_per_floor":[74,74,75,75,74,74,72,72,72,75,75,75,75,75,75,75,75,75,75,75,68,74,74,75,75,75,81,55,23,29,22,65,71,88,93,93,80,70,104,104,104,91,91,87,93,99,104,104,104,104,84,99,99,99,77,53],"gold":77,"neow_bonus":"THREE_RARE_CARDS","is_daily":false,"chose_seed":false,"campfire_upgraded":6,"win_rate":0.0,"timestamp":1612836140,"path_taken":["M","?","M","M","M","R","E","?","T","?","R","E","M","$","R","BOSS","M","?","?","?","M","R","M","?","T","E","?","E","M","E","R","BOSS","M","$","M","?","?","E","R","E","T","M","?","M","?","E","R","BOSS","BOSS","R","$","E","BOSS"],"items_purchased_type":["Relic","Card","Card","Potion"],"build_version":"2020-12-22","purchased_purges":3,"victory":true,"max_hp_per_floor":[75,75,75,75,75,75,75,75,75,75,75,75,75,75,75,75,75,75,75,75,75,75,75,75,75,75,89,94,94,94,94,94,94,94,94,94,94,94,104,104,104,104,104,104,104,104,104,104,104,104,104,104,104,104,104,104],"relic_stats":{"OrangePellets":[22],"Regal Pillow":15,"Nunchaku":[0],"counters":[31,164],"Sundial":[12],"Bronze Scales":[578],"Snecko Eye":[126,150,147,141],"Pen Nib":[15],"Art of War":[13],"Smiling Mask":125,"obtain_stats":[{"Regal Pillow":7,"Velvet Choker":34,"Mango":27,"Pen Nib":8,"Bottled Tornado":31,"Smiling Mask":20,"Burning Blood":0,"White Beast Statue":9,"Akabeko":40,"OrangePellets":36,"Nunchaku":55,"HornCleat":26,"Sundial":42,"Bronze Scales":12,"Snecko Eye":17,"Art of War":48,"StrikeDummy":29},{"Regal Pillow":5,"Velvet Choker":19,"Mango":15,"Pen Nib":5,"Bottled Tornado":18,"Smiling Mask":11,"Burning Blood":0,"White Beast Statue":5,"Akabeko":22,"OrangePellets":20,"Nunchaku":30,"HornCleat":14,"Sundial":23,"Bronze Scales":7,"Snecko Eye":9,"Art of War":27,"StrikeDummy":16},{"Regal Pillow":16,"Velvet Choker":92,"Mango":66,"Pen Nib":16,"Bottled Tornado":83,"Smiling Mask":50,"Burning Blood":0,"White Beast Statue":16,"Akabeko":108,"OrangePellets":96,"Nunchaku":154,"HornCleat":63,"Sundial":111,"Bronze Scales":31,"Snecko Eye":46,"Art of War":130,"StrikeDummy":75}],"Burning Blood":127},"card_choices":[{"not_picked":["Immolate","Berserk"],"picked":"Fiend Fire","floor":0.0},{"not_picked":["Seeing Red","Sentinel"],"picked":"Feel No Pain","floor":1.0},{"not_picked":["Armaments","Havoc"],"picked":"Flame Barrier","floor":3.0},{"not_picked":["Armaments","Second Wind"],"picked":"Battle Trance","floor":4.0},{"not_picked":["Warcry","Cleave","Armaments"],"picked":"SKIP","floor":5.0},{"not_picked":["Searing Blow","Heavy Blade"],"picked":"Power Through","floor":7.0},{"not_picked":["Shockwave","Anger"],"picked":"Disarm","floor":12.0},{"not_picked":["Clash","Shrug It Off"],"picked":"Exhume","floor":13.0},{"not_picked":["Fiend Fire","Exhume"],"picked":"Juggernaut","floor":16.0},{"not_picked":["Heavy Blade","Perfected Strike","Cleave"],"picked":"SKIP","floor":18.0},{"not_picked":["Armaments","Perfected Strike+1"],"picked":"Uppercut","floor":19.0},{"not_picked":["Inflame","Seeing Red"],"picked":"Power Through+1","floor":22.0},{"not_picked":["Rampage","True Grit","Combust"],"picked":"SKIP","floor":24.0},{"not_picked":["Thunderclap","Clothesline","Uppercut"],"picked":"SKIP","floor":25.0},{"not_picked":["Cleave","Havoc"],"picked":"Entrench","floor":27.0},{"not_picked":["Perfected Strike","Armaments"],"picked":"Body Slam","floor":29.0},{"not_picked":["Offering","Armaments"],"picked":"Shrug It Off","floor":30.0},{"not_picked":["True Grit","Heavy Blade"],"picked":"Feel No Pain+1","floor":31.0},{"not_picked":["Fiend Fire","Exhume"],"picked":"Barricade","floor":33.0},{"not_picked":["Thunderclap","Flame Barrier"],"picked":"Burning Pact","floor":35.0},{"not_picked":["Burning Pact","Wild Strike","Thunderclap+1"],"picked":"SKIP","floor":37.0},{"not_picked":["Forethought","Swift Strike"],"picked":"Master of Strategy","floor":38.0},{"not_picked":["Deep Breath","Bandage Up"],"picked":"Dark Shackles","floor":38.0},{"not_picked":["Twin Strike","Barricade","Sword Boomerang"],"picked":"SKIP","floor":40.0},{"not_picked":["Uppercut","Rampage","Searing Blow"],"picked":"SKIP","floor":42.0},{"not_picked":["Iron Wave+1","Feel No Pain"],"picked":"Disarm+1","floor":44.0},{"not_picked":["Flex","Barricade","Clothesline"],"picked":"SKIP","floor":45.0},{"not_picked":["Armaments","Hemokinesis+1","Pummel"],"picked":"SKIP","floor":46.0},{"not_picked":["Wild Strike+1","Feel No Pain","Perfected Strike"],"picked":"SKIP","floor":48.0},{"not_picked":["Iron Wave","Headbutt"],"picked":"Berserk","floor":55}],"player_experience":1337267,"relics_obtained":[{"floor":7.0,"key":"Regal Pillow"},{"floor":8.0,"key":"Pen Nib"},{"floor":9.0,"key":"White Beast Statue"},{"floor":12.0,"key":"Bronze Scales"},{"floor":26.0,"key":"HornCleat"},{"floor":27.0,"key":"Mango"},{"floor":29.0,"key":"StrikeDummy"},{"floor":31.0,"key":"Bottled Tornado"},{"floor":40.0,"key":"Akabeko"},{"floor":42.0,"key":"Sundial"},{"floor":48.0,"key":"Art of War"},{"floor":55,"key":"Nunchaku"}],"event_choices":[{"damage_healed":0.0,"max_hp_gain":0.0,"max_hp_loss":0.0,"gold_gain":0.0,"event_name":"Living Wall","player_choice":"Grow","floor":2.0,"gold_loss":0.0,"damage_taken":0.0,"cards_upgraded":["Fiend Fire"]},{"damage_healed":0.0,"max_hp_gain":0.0,"max_hp_loss":0.0,"gold_gain":0.0,"event_name":"Addict","player_choice":"Obtained Relic","floor":20.0,"gold_loss":85.0,"damage_taken":0.0,"relics_obtained":["Smiling Mask"]},{"damage_healed":0.0,"max_hp_gain":0.0,"max_hp_loss":0.0,"gold_gain":50.0,"event_name":"FaceTrader","player_choice":"Touch","floor":21.0,"gold_loss":0.0,"damage_taken":7.0},{"damage_healed":0.0,"max_hp_gain":5.0,"max_hp_loss":0.0,"gold_gain":0.0,"event_name":"Forgotten Altar","player_choice":"Shed Blood","floor":28.0,"gold_loss":0.0,"damage_taken":31.0},{"damage_healed":0.0,"max_hp_gain":0.0,"max_hp_loss":0.0,"gold_gain":0.0,"event_name":"SensoryStone","player_choice":"Memory 3","floor":38.0,"gold_loss":0.0,"damage_taken":10.0},{"cards_removed":["Master of Strategy"],"damage_healed":24.0,"max_hp_gain":10.0,"max_hp_loss":0.0,"gold_gain":0.0,"event_name":"Bonfire Elementals","player_choice":"Offered Rare","floor":39.0,"gold_loss":0.0,"damage_taken":0.0},{"damage_healed":21.0,"max_hp_gain":0.0,"max_hp_loss":0.0,"gold_gain":0.0,"event_name":"Winding Halls","player_choice":"Writhe","floor":47.0,"gold_loss":0.0,"damage_taken":0.0,"cards_obtained":["Writhe"]}],"is_beta":false,"boss_relics":[{"not_picked":["Runic Cube","Black Blood"],"picked":"Snecko Eye"},{"not_picked":["SlaversCollar","Runic Pyramid"],"picked":"Velvet Choker"}],"items_purged_floors":[14,36,54],"is_endless":false,"potions_floor_spawned":[1,4,5,10,12,13,16,18,19,22,24,25,27,29,30,31,33,35,37,40,42,44,45,46,48,55],"ascension_level":20}}