{"host":"jz4ul6vrcxqkcr33","time":1612833734,"event":{"mods":["BaseMod","Minty Spire (QoL Compilation)","StSLib"],"gold_per_floor":[112,124,124,124,138,138,169,179,179,34,34,51,84,145,145,247,247,263,277,296,70,70,70,82,82,82,82,98,98,98,115,115,217,217,230,248,266,318,318,346,357,385,438,457,482,261,261,288,288,288,288,288,35,63,63],"floor_reached":56,"language":"ENG","playtime":2884,"items_purged":["Strike_B","Defend_B"],"score":1713,"play_id":"d4327303-d795-4ccc-88b8-18375815a112","local_time":"20210208202214","is_ascension_mode":true,"campfire_choices":[{"floor":6.0,"key":"REST"},{"floor":11.0,"key":"REST"},{"data":"Defragment","floor":15.0,"key":"SMITH"},{"data":"Core Surge","floor":23.0,"key":"SMITH"},{"data":"Fission","floor":27.0,"key":"SMITH"},{"data":"Buffer","floor":32.0,"key":"SMITH"},{"floor":47.0,"key":"RECALL"},{"data":"Amplify","floor":49.0,"key":"SMITH"},{"data":"Double Energy","floor":52.0,"key":"SMITH"}],"circlet_count":0,"master_deck":["Defend_B","Defend_B","Zap","Dualcast","Storm","Ball Lightning","Fission+1","Chill","Electrodynamics","Force Field","Skim","Melter","Defragment+1","Amplify+1","Heatsinks+1","White Noise+1","Compile Driver+1","Force Field","Stack","Cold Snap","Core Surge+1","Rebound+1","Conserve Battery","Buffer+1","Biased Cognition","Biased Cognition","Turbo+1","Hologram+1","Storm","Compile Driver+1","Reinforced Body+1","Double Energy+1","Barrage+1","Double Energy","Storm","Static Discharge+1","Beam Cell+1"],"relics":["Runic Pyramid","Symbiotic Virus","Vajra","InkBottle","Orichalcum","Pen Nib","Oddly Smooth Stone","Astrolabe","Lee\u0027s Waffle","White Beast Statue","Coffee Dripper","Emotion Chip","Bird Faced Urn","Darkstone Periapt","Calipers","Lantern","Medical Kit","Mercury Hourglass","ClockworkSouvenir","Letter Opener"],"acts_visited":["Exordium","TheCity","TheBeyond","TheEnding"],"potions_floor_usage":[54,55],"damage_taken":[{"damage":1.0,"enemies":"Small Slimes","floor":1.0,"turns":4.0},{"damage":4.0,"enemies":"Jaw Worm","floor":2.0,"turns":6.0},{"damage":1.0,"enemies":"Cultist","floor":5.0,"turns":3.0},{"damage":31.0,"enemies":"Gremlin Nob","floor":7.0,"turns":5.0},{"damage":0.0,"enemies":"2 Fungi Beasts","floor":8.0,"turns":3.0},{"damage":6.0,"enemies":"Blue Slaver","floor":12.0,"turns":3.0},{"damage":1.0,"enemies":"3 Sentries","floor":13.0,"turns":2.0},{"damage":11.0,"enemies":"Gremlin Nob","floor":14.0,"turns":4.0},{"damage":9.0,"enemies":"Hexaghost","floor":16.0,"turns":8.0},{"damage":6.0,"enemies":"Shell Parasite","floor":18.0,"turns":4.0},{"damage":0.0,"enemies":"Spheric Guardian","floor":19.0,"turns":2.0},{"damage":0.0,"enemies":"Snecko","floor":20.0,"turns":4.0},{"damage":8.0,"enemies":"3 Cultists","floor":24.0,"turns":4.0},{"damage":0.0,"enemies":"Slavers","floor":25.0,"turns":1.0},{"damage":4.0,"enemies":"Shelled Parasite and Fungi","floor":28.0,"turns":4.0},{"damage":0.0,"enemies":"Sentry and Sphere","floor":31.0,"turns":3.0},{"damage":6.0,"enemies":"Champ","floor":33.0,"turns":9.0},{"damage":0.0,"enemies":"Orb Walker","floor":35.0,"turns":3.0},{"damage":0.0,"enemies":"3 Shapes","floor":36.0,"turns":2.0},{"damage":0.0,"enemies":"Jaw Worm Horde","floor":37.0,"turns":4.0},{"damage":0.0,"enemies":"2 Orb Walkers","floor":38.0,"turns":3.0},{"damage":0.0,"enemies":"Giant Head","floor":40.0,"turns":5.0},{"damage":0.0,"enemies":"3 Darklings","floor":41.0,"turns":4.0},{"damage":0.0,"enemies":"Nemesis","floor":42.0,"turns":5.0},{"damage":0.0,"enemies":"Maw","floor":44.0,"turns":5.0},{"damage":5.0,"enemies":"Giant Head","floor":45.0,"turns":6.0},{"damage":13.0,"enemies":"Nemesis","floor":48.0,"turns":7.0},{"damage":30.0,"enemies":"Time Eater","floor":50.0,"turns":7.0},{"damage":0,"enemies":"Shield and Spear","floor":54,"turns":2},{"damage":25,"enemies":"The Heart","floor":55,"turns":5}],"seed_played":"-2321778010382080039","potions_obtained":[{"floor":2.0,"key":"DuplicationPotion"},{"floor":7.0,"key":"ColorlessPotion"},{"floor":16.0,"key":"SmokeBomb"},{"floor":19.0,"key":"FearPotion"},{"floor":24.0,"key":"SkillPotion"},{"floor":28.0,"key":"Swift Potion"},{"floor":33.0,"key":"PowerPotion"},{"floor":35.0,"key":"Weak Potion"},{"floor":37.0,"key":"ColorlessPotion"},{"floor":38.0,"key":"Explosive Potion"},{"floor":41.0,"key":"FairyPotion"},{"floor":42.0,"key":"SteroidPotion"},{"floor":44.0,"key":"Energy Potion"},{"floor":48.0,"key":"DistilledChaos"},{"floor":54,"key":"DistilledChaos"}],"is_trial":false,"path_per_floor":["M","M","?","?","M","R","E","M","T","$","R","M","E","?","R","B",null,"M","M","M","$","?","R","M","E","T","R","M","$","?","M","R","B",null,"M","M","M","?","T","E","M","E","T","M","E","$","R","E","R","B",null,"R","$","E","B",null],"character_chosen":"DEFECT","items_purchased":["Orichalcum","Lee\u0027s Waffle","Core Surge","Medical Kit","ClockworkSouvenir"],"campfire_rested":2,"item_purchase_floors":[10,21,21,46,53],"current_hp_per_floor":[67,63,45,45,44,66,35,35,35,35,57,51,50,39,39,30,64,58,58,58,82,82,82,74,74,74,74,70,70,70,70,70,64,78,78,78,78,78,78,82,82,82,82,82,82,82,82,82,82,64,78,78,78,82,68],"gold":63,"neow_bonus":"BOSS_RELIC","is_daily":false,"chose_seed":false,"campfire_upgraded":6,"win_rate":0.0,"timestamp":1612833734,"path_taken":["M","M","?","?","M","R","E","M","T","$","R","?","E","?","R","BOSS","M","M","M","$","?","R","M","E","T","R","M","$","?","M","R","BOSS","M","M","M","?","?","E","?","E","T","M","E","$","R","E","R","BOSS","R","$","E","BOSS"],"items_purchased_type":["Relic","Relic","Card","Relic","Relic"],"build_version":"2020-12-13","purchased_purges":2,"victory":true,"max_hp_per_floor":[75,75,75,75,75,75,75,75,75,75,75,75,75,75,75,75,75,75,75,75,82,82,82,82,82,82,82,82,82,82,82,82,82,82,82,82,82,82,82,82,82,82,82,82,82,82,82,82,82,82,82,82,82,82,82],"card_choices":[{"not_picked":["Streamline","Gash"],"picked":"Storm","floor":1.0},{"not_picked":["Redo","Streamline"],"picked":"Ball Lightning","floor":2.0},{"not_picked":["Gash","Stack"],"picked":"Chill","floor":5.0},{"not_picked":["Blizzard","Rip and Tear"],"picked":"Electrodynamics","floor":7.0},{"not_picked":["Steam","Steam Power"],"picked":"Force Field","floor":8.0},{"not_picked":["Compile Driver","Hologram"],"picked":"Skim","floor":12.0},{"not_picked":["Skim","BootSequence"],"picked":"Melter","floor":13.0},{"not_picked":["Turbo","FTL"],"picked":"Defragment","floor":14.0},{"not_picked":["Biased Cognition","Meteor Strike"],"picked":"Amplify","floor":16.0},{"not_picked":["Leap","Scrape"],"picked":"Force Field","floor":18.0},{"not_picked":["Gash+1","Leap"],"picked":"Stack","floor":19.0},{"not_picked":["Stack","Redo"],"picked":"Cold Snap","floor":20.0},{"not_picked":["Stack+1","Sweeping Beam+1"],"picked":"Rebound+1","floor":24.0},{"not_picked":["Streamline","Darkness"],"picked":"Conserve Battery","floor":28.0},{"not_picked":["BootSequence","Sweeping Beam+1"],"picked":"Biased Cognition","floor":31.0},{"not_picked":["Reboot","Fission"],"picked":"Biased Cognition","floor":33.0},{"not_picked":["Streamline","Beam Cell+1"],"picked":"Turbo+1","floor":35.0},{"not_picked":["Barrage","Hello World"],"picked":"Hologram+1","floor":36.0},{"not_picked":["White Noise+1","Steam+1"],"picked":"Storm","floor":37.0},{"not_picked":["Cold Snap+1","Stack+1"],"picked":"Compile Driver+1","floor":38.0},{"not_picked":["Doom and Gloom+1","Steam"],"picked":"Reinforced Body+1","floor":40.0},{"not_picked":["Ball Lightning+1","Beam Cell"],"picked":"Double Energy","floor":41.0},{"not_picked":["Cold Snap","Reinforced Body"],"picked":"Barrage+1","floor":42.0},{"not_picked":["Undo","Sweeping Beam"],"picked":"Double Energy","floor":44.0},{"not_picked":["Rainbow","Coolheaded+1"],"picked":"Storm","floor":45.0},{"not_picked":["Stack","Barrage"],"picked":"Static Discharge+1","floor":48.0},{"not_picked":["Gash","Doom and Gloom"],"picked":"Beam Cell+1","floor":54}],"player_experience":208077,"relics_obtained":[{"floor":7.0,"key":"Vajra"},{"floor":9.0,"key":"InkBottle"},{"floor":13.0,"key":"Pen Nib"},{"floor":14.0,"key":"Oddly Smooth Stone"},{"floor":26.0,"key":"White Beast Statue"},{"floor":38.0,"key":"Emotion Chip"},{"floor":39.0,"key":"Bird Faced Urn"},{"floor":40.0,"key":"Darkstone Periapt"},{"floor":42.0,"key":"Calipers"},{"floor":45.0,"key":"Lantern"},{"floor":48.0,"key":"Mercury Hourglass"},{"floor":54,"key":"Letter Opener"}],"event_choices":[{"damage_healed":0.0,"max_hp_gain":0.0,"max_hp_loss":0.0,"gold_gain":0.0,"event_name":"Scrap Ooze","player_choice":"Success","floor":3.0,"gold_loss":0.0,"damage_taken":18.0,"relics_obtained":["Symbiotic Virus"]},{"damage_healed":0.0,"max_hp_gain":0.0,"max_hp_loss":0.0,"gold_gain":0.0,"cards_transformed":["Strike_B"],"event_name":"Transmorgrifier","player_choice":"Transformed","floor":4.0,"gold_loss":0.0,"damage_taken":0.0,"cards_obtained":["Fission"]},{"damage_healed":0.0,"max_hp_gain":0.0,"max_hp_loss":0.0,"gold_gain":0.0,"event_name":"Dead Adventurer","player_choice":"Searched \u00271\u0027 times","floor":14.0,"gold_loss":0.0,"damage_taken":0.0},{"damage_healed":0.0,"max_hp_gain":0.0,"max_hp_loss":0.0,"gold_gain":0.0,"event_name":"The Mausoleum","player_choice":"Ignored","floor":22.0,"gold_loss":0.0,"damage_taken":0.0},{"damage_healed":0.0,"max_hp_gain":0.0,"max_hp_loss":0.0,"gold_gain":0.0,"event_name":"The Library","player_choice":"Read","floor":30.0,"gold_loss":0.0,"damage_taken":0.0,"cards_obtained":["Buffer"]},{"damage_healed":0.0,"max_hp_gain":0.0,"max_hp_loss":0.0,"gold_gain":0.0,"event_name":"Mysterious Sphere","player_choice":"Fight","floor":38.0,"gold_loss":0.0,"damage_taken":0.0}],"is_beta":false,"boss_relics":[{"not_picked":["SlaversCollar","Nuclear Battery"],"picked":"Astrolabe"},{"not_picked":["Snecko Eye","Runic Dome"],"picked":"Coffee Dripper"}],"items_purged_floors":[46,53],"is_endless":false,"potions_floor_spawned":[2,7,16,19,24,28,31,33,35,36,37,38,40,41,42,44,45,48,54],"ascension_level":7}}