{"host":"syozzdlzcqop4jia","time":1612900233,"event":{"mods":["BaseMod","Colored Map","Colored Powertips","Minty Spire (QoL Compilation)","Quick Restart"],"gold_per_floor":[110,110,123,203,221,221,253,253,253,253,253,52,65,17,17,122,122,122,122],"floor_reached":18,"language":"ENG","playtime":672,"items_purged":[],"score":158,"play_id":"74fbacb7-981b-40ed-b0e5-dad32ca3a30e","local_time":"20210209205033","is_ascension_mode":false,"campfire_choices":[{"floor":6,"key":"RECALL"},{"floor":8,"key":"REST"},{"data":"Twin Strike","floor":11,"key":"SMITH"},{"data":"Anger","floor":15,"key":"SMITH"}],"circlet_count":0,"master_deck":["Strike_R","Strike_R","Strike_R","Strike_R","Strike_R","Defend_R","Defend_R","Defend_R","Bash","Twin Strike+1","Clash","Clothesline+1","Headbutt","Impervious+1","Anger+1","Pommel Strike","Wild Strike","Demon Form"],"relics":["Burning Blood","Toxic Egg 2","Bag of Preparation","Sozu"],"acts_visited":["Exordium","TheCity"],"potions_floor_usage":[],"damage_taken":[{"damage":0,"enemies":"2 Louse","floor":1,"turns":3},{"damage":5,"enemies":"Small Slimes","floor":3,"turns":3},{"damage":1,"enemies":"Jaw Worm","floor":5,"turns":2},{"damage":33,"enemies":"3 Sentries","floor":7,"turns":10},{"damage":4,"enemies":"Blue Slaver","floor":13,"turns":3},{"damage":17,"enemies":"Slime Boss","floor":16,"turns":11},{"damage":7,"enemies":"Shell Parasite","floor":18,"turns":1}],"seed_played":"-8743196077561156587","potions_obtained":[{"floor":3,"key":"SpeedPotion"},{"floor":7,"key":"AttackPotion"},{"floor":16,"key":"SpeedPotion"}],"is_trial":false,"path_per_floor":["M","?","M","?","M","R","E","R","T","?","R","$","M","$","R","B",null,"M"],"character_chosen":"IRONCLAD","items_purchased":["Anger","Bag of Preparation","Wild Strike"],"campfire_rested":1,"item_purchase_floors":[12,12,14],"current_hp_per_floor":[80,85,85,85,85,85,58,83,83,83,83,83,85,85,85,74,85,78,78],"gold":122,"neow_bonus":"TRANSFORM_CARD","is_daily":false,"chose_seed":false,"campfire_upgraded":2,"win_rate":0.0,"timestamp":1612900233,"path_taken":["M","?","M","?","M","R","E","R","T","?","R","?","M","$","R","BOSS","M"],"items_purchased_type":["Card","Relic","Card"],"build_version":"2020-12-22","purchased_purges":0,"victory":false,"max_hp_per_floor":[80,85,85,85,85,85,85,85,85,85,85,85,85,85,85,85,85,85,85],"card_choices":[{"not_picked":["Power Through","Burning Pact"],"picked":"Clash","floor":1},{"not_picked":["Body Slam","True Grit"],"picked":"Clothesline","floor":3},{"not_picked":["Iron Wave","Bloodletting"],"picked":"Headbutt","floor":5},{"not_picked":["Armaments+1","Blood for Blood"],"picked":"Impervious+1","floor":7},{"not_picked":["Feel No Pain","Sentinel+1"],"picked":"Pommel Strike","floor":13},{"not_picked":["Impervious+1","Reaper"],"picked":"Demon Form","floor":16}],"player_experience":651621,"relics_obtained":[{"floor":7,"key":"Toxic Egg 2"}],"event_choices":[{"damage_healed":0,"gold_gain":0,"player_choice":"Donut","damage_taken":0,"max_hp_gain":5,"max_hp_loss":0,"event_name":"Big Fish","floor":2,"gold_loss":0},{"damage_healed":0,"gold_gain":80,"player_choice":"Gained Gold","damage_taken":0,"max_hp_gain":0,"max_hp_loss":0,"event_name":"Golden Wing","floor":4,"gold_loss":0},{"damage_healed":0,"gold_gain":0,"player_choice":"Grow","damage_taken":0,"max_hp_gain":0,"max_hp_loss":0,"event_name":"Living Wall","floor":10,"gold_loss":0,"cards_upgraded":["Clothesline"]}],"is_beta":false,"boss_relics":[{"not_picked":["Tiny House","SlaversCollar"],"picked":"Sozu"}],"items_purged_floors":[],"is_endless":false,"potions_floor_spawned":[3,7,16],"killed_by":"Shell Parasite","ascension_level":0}}