{"host":"o6nndy8fvkon49s1","time":1612839850,"event":{"mods":["BaseMod","CapriCore","Hermit","Marisa????????","Minty Spire (QoL Compilation)","Prisma Mod","StSLib","Td1madao Mod","The Administrix","The Fake Hero","The Forsaken","The Immortal","The Marked","The Necromancer","The Servant 0.9.4"],"gold_per_floor":[510,66,80,92,108,108,108,8,35,35,60,60,73,97,97,226,226,249,348,369,78,101,101,51,51,77,90,90,114,114,135,135,265,265,280,303,30,30,53,53,53,53,100,113,127,52,76,28,28,28],"floor_reached":51,"language":"ENG","playtime":1455,"items_purged":["luka_mod:Surrender","luka_mod:Wait","Injury"],"score":699,"play_id":"08288169-61f3-457e-acbb-b992b93128ff","local_time":"20210208210410","is_ascension_mode":false,"campfire_choices":[{"data":"luka_mod:Meditation","floor":6,"key":"SMITH"},{"data":"luka_mod:Determination","floor":10,"key":"SMITH"},{"floor":15,"key":"REST"},{"data":"luka_mod:Undine","floor":23,"key":"SMITH"},{"data":"luka_mod:BladeOfStillWater","floor":28,"key":"SMITH"},{"data":"luka_mod:SpoilerForm","floor":30,"key":"SMITH"},{"floor":32,"key":"REST"},{"floor":40,"key":"REST"},{"data":"luka_mod:StrikeLukaOne","floor":49,"key":"SMITH"}],"circlet_count":0,"master_deck":["luka_mod:StrikeLukaOne+1","luka_mod:StrikeLukaTwo","luka_mod:StrikeLukaThree","luka_mod:StrikeLukaFour","luka_mod:StrikeLukaFive","luka_mod:StrikeLukaSix","luka_mod:Salt","luka_mod:Guard","luka_mod:Edging","luka_mod:FlailWildly","luka_mod:Meditation+1","luka_mod:AngryLuka","luka_mod:Determination+1","Flash of Steel","luka_mod:BladeOfStillWater+1","luka_mod:Undine+1","luka_mod:SpoilerForm+1","luka_mod:Salamander+1","luka_mod:VaporizingRebellionSword+1","luka_mod:Gnome+1","Sadistic Nature","luka_mod:Gnome+1","Decay","Decay","luka_mod:BladeOfSolidEarth"],"relics":["luka_mod:KeepsakeRing","Singing Bowl","Art of War","Vajra","Lizard Tail","Golden Idol","SlaversCollar","Ice Cream","Tiny Chest","Bronze Scales","Cursed Key","ClockworkSouvenir","Meat on the Bone","Anchor"],"acts_visited":["Exordium","TheCity","TheBeyond"],"potions_floor_usage":[11,11,16,22,27,39,45,45,45,45,47],"damage_taken":[{"damage":6,"enemies":"Cultist","floor":1,"turns":3},{"damage":11,"enemies":"Jaw Worm","floor":3,"turns":3},{"damage":7,"enemies":"Small Slimes","floor":4,"turns":3},{"damage":6,"enemies":"Exordium Wildlife","floor":5,"turns":3},{"damage":4,"enemies":"Gremlin Nob","floor":11,"turns":3},{"damage":24,"enemies":"Large Slime","floor":13,"turns":5},{"damage":12,"enemies":"Blue Slaver","floor":14,"turns":3},{"damage":95,"enemies":"The Guardian","floor":16,"turns":10},{"damage":33,"enemies":"3 Byrds","floor":18,"turns":6},{"damage":50,"enemies":"Spheric Guardian","floor":20,"turns":6},{"damage":33,"enemies":"Centurion and Healer","floor":22,"turns":8},{"damage":19,"enemies":"Snake Plant","floor":27,"turns":5},{"damage":29,"enemies":"Sentry and Sphere","floor":31,"turns":5},{"damage":14,"enemies":"Automaton","floor":33,"turns":6},{"damage":52,"enemies":"3 Shapes","floor":35,"turns":3},{"damage":0,"enemies":"Orb Walker","floor":36,"turns":2},{"damage":38,"enemies":"Jaw Worm Horde","floor":39,"turns":4},{"damage":4,"enemies":"3 Darklings","floor":44,"turns":3},{"damage":5,"enemies":"4 Shapes","floor":45,"turns":9},{"damage":27,"enemies":"Maw","floor":47,"turns":7},{"damage":87,"enemies":"Time Eater","floor":50,"turns":10}],"seed_played":"-2960416943642366290","potions_obtained":[{"floor":1,"key":"BlessingOfTheForge"},{"floor":5,"key":"BlessingOfTheForge"},{"floor":14,"key":"ColorlessPotion"},{"floor":18,"key":"Swift Potion"},{"floor":33,"key":"EssenceOfSteel"},{"floor":35,"key":"PowerPotion"},{"floor":36,"key":"Dexterity Potion"},{"floor":39,"key":"EntropicBrew"},{"floor":47,"key":"Dexterity Potion"}],"is_trial":false,"path_per_floor":["M","$","M","M","M","R","?","$","T","R","E","?","M","M","R","B",null,"M","?","M","$","M","R","$","?","T","M","R","T","R","M","R","B",null,"M","M","$","?","M","R","?","T","T","M","M","$","M","$","R","B",null],"character_chosen":"LUKA_CLASS","items_purchased":["Singing Bowl","luka_mod:Determination","Flash of Steel","Ice Cream","Fire Potion","ClockworkSouvenir","luka_mod:BladeOfSolidEarth","Dexterity Potion"],"campfire_rested":3,"item_purchase_floors":[2,2,2,21,24,37,46,48],"current_hp_per_floor":[38,38,35,46,42,42,39,39,39,39,3,3,44,34,50,23,54,23,23,31,31,50,50,50,50,50,39,39,39,39,38,55,60,60,10,12,12,12,26,45,45,45,45,43,68,68,70,70,70,70],"gold":28,"neow_bonus":"TEN_PERCENT_HP_BONUS","is_daily":false,"chose_seed":false,"campfire_upgraded":6,"win_rate":0.0,"timestamp":1612839850,"path_taken":["M","$","M","?","M","R","?","$","T","R","E","?","M","M","R","BOSS","M","?","M","$","M","R","$","?","T","M","R","?","R","M","R","BOSS","M","M","$","?","M","R","?","?","T","M","M","?","M","$","R","BOSS"],"items_purchased_type":["Relic","Card","Card","Relic","Potion","Relic","Card","Potion"],"build_version":"2020-12-22","purchased_purges":3,"victory":true,"max_hp_per_floor":[44,44,46,46,48,48,48,48,48,48,50,50,52,54,54,54,54,56,56,58,58,58,58,58,58,58,58,58,58,58,58,58,60,60,62,64,64,64,64,64,64,64,64,66,68,68,70,70,70,70],"card_choices":[{"not_picked":["luka_mod:WaterSlash","luka_mod:BladeOfRagingFire"],"picked":"luka_mod:AngryLuka","floor":1},{"not_picked":["luka_mod:Struggle","luka_mod:FireSlash","luka_mod:DemonSkullBeheading"],"picked":"Singing Bowl","floor":3},{"not_picked":["luka_mod:LightningSwordFlash","luka_mod:Struggle"],"picked":"luka_mod:BladeOfStillWater","floor":4},{"not_picked":["luka_mod:NotVerySharp","luka_mod:StrikeLuka","luka_mod:WindSlash"],"picked":"Singing Bowl","floor":5},{"not_picked":["luka_mod:Overexert","luka_mod:SuperAttack"],"picked":"luka_mod:Undine","floor":11},{"not_picked":["luka_mod:FireSlash","luka_mod:BladeOfSolidEarth","luka_mod:EarthSlash"],"picked":"Singing Bowl","floor":13},{"not_picked":["luka_mod:Request","luka_mod:DemonDecapitation","luka_mod:NotVerySharp"],"picked":"Singing Bowl","floor":14},{"not_picked":["luka_mod:Alice","luka_mod:Sensitive"],"picked":"luka_mod:SpoilerForm","floor":16},{"not_picked":["luka_mod:AngryLuka+1","luka_mod:FlashKill","luka_mod:ThunderThrust"],"picked":"Singing Bowl","floor":18},{"not_picked":["luka_mod:HeroicStrike","luka_mod:Intense+1","luka_mod:IliasesJudgement"],"picked":"Singing Bowl","floor":20},{"not_picked":["luka_mod:Intense+1","luka_mod:AlicesFist"],"picked":"luka_mod:Salamander+1","floor":22},{"not_picked":["luka_mod:Cutscene","luka_mod:StressRelief"],"picked":"luka_mod:VaporizingRebellionSword+1","floor":27},{"not_picked":["luka_mod:EarthRumblingDecapitation","luka_mod:GuardedStrike"],"picked":"luka_mod:Gnome+1","floor":31},{"not_picked":["luka_mod:Alice","luka_mod:Ilias","luka_mod:SpoilerForm"],"picked":"Singing Bowl","floor":33},{"not_picked":["luka_mod:Request","luka_mod:StressRelief","luka_mod:AngryLuka+1"],"picked":"Singing Bowl","floor":35},{"not_picked":["luka_mod:IliasesJudgement","luka_mod:VaporizingRebellionSword","luka_mod:GuardedStrike"],"picked":"Singing Bowl","floor":36},{"not_picked":["The Bomb","Trip"],"picked":"Sadistic Nature","floor":38},{"not_picked":["luka_mod:LightningSwordFlash","luka_mod:WaterSlash"],"picked":"luka_mod:Gnome+1","floor":39},{"not_picked":["luka_mod:Sara","luka_mod:FireSlash+1","luka_mod:Feel"],"picked":"Singing Bowl","floor":44},{"not_picked":["luka_mod:Gnome","luka_mod:StrikeLuka+1","luka_mod:StressRelief+1"],"picked":"Singing Bowl","floor":45},{"not_picked":["luka_mod:Intense","luka_mod:ThunderThrust","luka_mod:GuardedStrike+1"],"picked":"Singing Bowl","floor":47}],"player_experience":223059,"relics_obtained":[{"floor":9,"key":"Vajra"},{"floor":11,"key":"Lizard Tail"},{"floor":26,"key":"Tiny Chest"},{"floor":29,"key":"Bronze Scales"},{"floor":42,"key":"Meat on the Bone"},{"floor":43,"key":"Anchor"}],"event_choices":[{"damage_healed":0,"gold_gain":0,"player_choice":"Success","damage_taken":3,"relics_obtained":["Art of War"],"max_hp_gain":0,"max_hp_loss":0,"event_name":"Scrap Ooze","floor":7,"gold_loss":0},{"damage_healed":0,"gold_gain":0,"player_choice":"Take Wound","damage_taken":0,"relics_obtained":["Golden Idol"],"max_hp_gain":0,"max_hp_loss":0,"event_name":"Golden Idol","floor":12,"gold_loss":0,"cards_obtained":["Injury"]},{"damage_healed":0,"gold_gain":99,"player_choice":"Stole From Cult","damage_taken":0,"max_hp_gain":0,"max_hp_loss":0,"event_name":"Nest","floor":19,"gold_loss":0},{"damage_healed":0,"gold_gain":0,"player_choice":"Ignored","damage_taken":0,"max_hp_gain":0,"max_hp_loss":0,"event_name":"Cursed Tome","floor":25,"gold_loss":0},{"damage_healed":0,"gold_gain":0,"player_choice":"Memory 1","damage_taken":0,"max_hp_gain":0,"max_hp_loss":0,"event_name":"SensoryStone","floor":38,"gold_loss":0},{"damage_healed":0,"gold_gain":0,"player_choice":"Ignored","damage_taken":0,"max_hp_gain":0,"max_hp_loss":0,"event_name":"NoteForYourself","floor":41,"gold_loss":0}],"is_beta":false,"boss_relics":[{"not_picked":["Runic Dome","Fusion Hammer"],"picked":"SlaversCollar"},{"not_picked":["Black Star","SacredBark"],"picked":"Cursed Key"}],"items_purged_floors":[2,8,37],"is_endless":false,"potions_floor_spawned":[1,5,14,18,33,35,36,39,47],"ascension_level":0}}