{"host":"6azrrw3tf7wb0f4b","time":1612872356,"event":{"mods":["BaseMod","DeckTracker","Minty Spire (QoL Compilation)","SuperFastMode"],"gold_per_floor":[116,41,41,51,51,51,69,69,117,135,149,149,183,203,203,274,274,288,302,15,35,49,49,49,49],"floor_reached":24,"language":"KOR","playtime":437,"items_purged":[],"score":405,"play_id":"0c19c755-9f50-4f18-8a7b-5513b53f084a","local_time":"20210209210556","is_ascension_mode":true,"campfire_choices":[{"data":"Defragment","floor":6,"key":"SMITH"},{"data":"Dualcast","floor":8,"key":"SMITH"},{"data":"Doom and Gloom","floor":12,"key":"SMITH"},{"data":"Loop","floor":15,"key":"SMITH"},{"data":"Self Repair","floor":23,"key":"SMITH"}],"circlet_count":0,"master_deck":["AscendersBane","Strike_B","Strike_B","Strike_B","Defend_B","Defend_B+1","Defend_B+1","Zap","Dualcast+1","Defragment+1","Ball Lightning","Doom and Gloom+1","Loop+1","Conserve Battery","Reboot","Redo","Coolheaded","Self Repair+1"],"relics":["FrozenCore","NeowsBlessing","War Paint","Regal Pillow","Cables"],"acts_visited":["Exordium","TheCity"],"potions_floor_usage":[13,14,22,22],"damage_taken":[{"damage":0,"enemies":"Small Slimes","floor":1,"turns":1},{"damage":0,"enemies":"2 Louse","floor":4,"turns":1},{"damage":0,"enemies":"Jaw Worm","floor":7,"turns":1},{"damage":16,"enemies":"Exordium Wildlife","floor":10,"turns":4},{"damage":13,"enemies":"Blue Slaver","floor":11,"turns":3},{"damage":14,"enemies":"3 Sentries","floor":13,"turns":4},{"damage":4,"enemies":"Red Slaver","floor":14,"turns":4},{"damage":7,"enemies":"Hexaghost","floor":16,"turns":6},{"damage":2,"enemies":"Shell Parasite","floor":18,"turns":3},{"damage":2,"enemies":"Chosen","floor":19,"turns":5},{"damage":9,"enemies":"Snake Plant","floor":21,"turns":6},{"damage":1,"enemies":"Shelled Parasite and Fungi","floor":22,"turns":6},{"damage":49,"enemies":"Book of Stabbing","floor":24,"turns":8}],"seed_played":"-4643068229816159360","potions_obtained":[{"floor":11,"key":"Fire Potion"},{"floor":13,"key":"Swift Potion"},{"floor":14,"key":"SmokeBomb"},{"floor":18,"key":"Explosive Potion"},{"floor":19,"key":"Block Potion"}],"is_trial":false,"path_per_floor":["M","?","?","M","$","R","M","R","T","M","M","R","E","M","R","B",null,"M","M","$","M","M","R","E"],"character_chosen":"DEFECT","items_purchased":["Cables"],"campfire_rested":0,"item_purchase_floors":[20],"current_hp_per_floor":[64,64,57,57,57,57,57,57,57,41,28,28,14,10,10,3,54,52,50,50,41,47,47,0,0],"gold":49,"neow_bonus":"THREE_ENEMY_KILL","is_daily":false,"chose_seed":false,"campfire_upgraded":5,"win_rate":0.0,"timestamp":1612872356,"path_taken":["M","?","?","M","$","R","M","R","T","M","M","R","E","M","R","BOSS","M","M","$","M","M","R","E"],"items_purchased_type":["Relic"],"build_version":"2020-12-22","purchased_purges":0,"victory":false,"max_hp_per_floor":[71,71,71,71,71,71,71,71,71,71,71,71,71,71,71,71,71,71,71,71,71,71,71,71,71],"card_choices":[{"not_picked":["Steam","Hello World"],"picked":"Defragment","floor":1},{"not_picked":["Stack","Sunder"],"picked":"Ball Lightning","floor":4},{"not_picked":["Hologram","Conserve Battery"],"picked":"Doom and Gloom","floor":7},{"not_picked":["Rebound","Doom and Gloom","Rip and Tear"],"picked":"SKIP","floor":10},{"not_picked":["Conserve Battery","Fusion","Scrape"],"picked":"SKIP","floor":11},{"not_picked":["Lockon","Scrape"],"picked":"Loop","floor":13},{"not_picked":["Leap","Storm"],"picked":"Conserve Battery","floor":14},{"not_picked":["Buffer","All For One"],"picked":"Reboot","floor":16},{"not_picked":["Barrage","Reprogram"],"picked":"Redo","floor":18},{"not_picked":["Hello World","Steam"],"picked":"Coolheaded","floor":19},{"not_picked":["Sweeping Beam","Streamline+1"],"picked":"Self Repair","floor":21},{"not_picked":["Gash","Buffer","Barrage"],"picked":"SKIP","floor":22}],"player_experience":763801,"relics_obtained":[{"floor":9,"key":"War Paint"},{"floor":13,"key":"Regal Pillow"}],"event_choices":[{"cards_removed":["Strike_B"],"damage_healed":0,"gold_gain":0,"player_choice":"Card Removal","damage_taken":0,"max_hp_gain":0,"max_hp_loss":0,"event_name":"The Cleric","floor":2,"gold_loss":75},{"cards_removed":["Defend_B"],"damage_healed":0,"gold_gain":0,"player_choice":"Card Removal","damage_taken":7,"max_hp_gain":0,"max_hp_loss":0,"event_name":"Golden Wing","floor":3,"gold_loss":0}],"is_beta":false,"boss_relics":[{"not_picked":["Sozu","Black Star"],"picked":"FrozenCore"}],"items_purged_floors":[],"is_endless":false,"potions_floor_spawned":[11,13,14,18,19],"killed_by":"Book of Stabbing","ascension_level":16}}