{"host":"he07elbwfbprxmdo","time":1612892882,"event":{"mods":["BaseMod","Better Skull","Better Third Choice","Better Vampires","Block Reminder","Clockwork Mod","Colored Map","Downfall","Energized Spire","Fox Events","Halation","Hermit","Highlight Path","Marisa????????","Minty Spire (QoL Compilation)","Relic Stats","StSLib","The Animator","The Servant 0.9.4","Unceasing Turn Reminder"],"gold_per_floor":[99,118,218,237,512,526,526,559,559,559,586,605,620,19,33,133,133,133,149,164,174,174,174,174,174,174,186,221,240,240,240,250,349,349,349,364,378,478,496,513,536,536,536,536],"floor_reached":42,"language":"ENG","playtime":3615,"items_purged":["Regret"],"score":482,"play_id":"1339c2d2-1e06-47ca-b240-b5601c68fb09","local_time":"20210209194802","is_ascension_mode":false,"campfire_choices":[{"data":"bronze:Goto","floor":1,"key":"SMITH"},{"floor":10,"key":"REST"},{"data":"bronze:Replicate","floor":18,"key":"SMITH"},{"data":"bronze:ChosenStrike","floor":25,"key":"SMITH"},{"floor":30,"key":"REST"},{"floor":35,"key":"RECALL"}],"circlet_count":0,"master_deck":["bronze:Strike","bronze:Strike","bronze:Strike","bronze:Defend","bronze:Defend","bronze:Defend","bronze:Defend","bronze:Replicate+1","bronze:Repair","bronze:FineTuning","bronze:Flail","bronze:DelayedSlice","bronze:DelayedSlice","bronze:FineTuning","bronze:Optimize","bronze:CloningBeam","bronze:DelayedSlice","bronze:ChosenStrike+1","bronze:FineTuning","bronze:DelayedSlice+1","bronze:RecursiveStrike+1","bronze:Branch+1"],"relics":["bronze:BronzeCore","Nunchaku","Potion Belt","Centennial Puzzle","Eternal Feather","halation:Sosunser","Empty Cage","halation:StarCompass","Molten Egg 2","Shuriken","halation:PinkSoulGem","Busted Crown"],"acts_visited":["Exordium","TheCity","TheBeyond"],"potions_floor_usage":[14,14,16,27,27,33,39,42],"damage_taken":[{"damage":0,"enemies":"2 Louse","floor":2,"turns":3},{"damage":0,"enemies":"Jaw Worm","floor":4,"turns":6},{"damage":5,"enemies":"Cultist","floor":6,"turns":4},{"damage":51,"enemies":"Lagavulin","floor":8,"turns":8},{"damage":9,"enemies":"3 Sentries","floor":11,"turns":4},{"damage":13,"enemies":"Large Slime","floor":12,"turns":3},{"damage":10,"enemies":"Exordium Thugs","floor":13,"turns":2},{"damage":7,"enemies":"downfall:FleeingMerchant","floor":14,"turns":4},{"damage":3,"enemies":"3 Louse","floor":15,"turns":2},{"damage":11,"enemies":"SI_SHIV_ARCHETYPE","floor":16,"turns":5},{"damage":5,"enemies":"Chosen","floor":19,"turns":4},{"damage":29,"enemies":"Snake Plant","floor":20,"turns":4},{"damage":26,"enemies":"Centurion and Healer","floor":21,"turns":5},{"damage":11,"enemies":"Cultist and Chosen","floor":27,"turns":4},{"damage":40,"enemies":"Gremlin Leader","floor":28,"turns":5},{"damage":13,"enemies":"Shelled Parasite and Fungi","floor":29,"turns":2},{"damage":0,"enemies":"3 Cultists","floor":32,"turns":2},{"damage":61,"enemies":"DF_ARCHETYPE_CLAW","floor":33,"turns":6},{"damage":8,"enemies":"3 Darklings","floor":36,"turns":3},{"damage":0,"enemies":"Orb Walker","floor":37,"turns":2},{"damage":20,"enemies":"Writhing Mass","floor":39,"turns":4},{"damage":38,"enemies":"4 Shapes","floor":40,"turns":4},{"damage":51,"enemies":"Reptomancer","floor":42,"turns":2}],"seed_played":"6383687848978294724","potions_obtained":[{"floor":2,"key":"SmokeBomb"},{"floor":4,"key":"LiquidMemories"},{"floor":15,"key":"champ:CounterPotion"},{"floor":19,"key":"Energy Potion"},{"floor":21,"key":"SteroidPotion"},{"floor":27,"key":"CultistPotion"},{"floor":29,"key":"LiquidMemories"},{"floor":32,"key":"Slimebound:ThreeZeroPotion"},{"floor":36,"key":"Regen Potion"}],"is_trial":false,"path_per_floor":["R","M","?","M","?","M","T","E","?","R","E","M","M","$","M","B",null,"R","M","M","M","?","?","T","R","?","M","E","M","R","?","M","B",null,"R","M","M","?","M","M","T","E"],"character_chosen":"THE_AUTOMATON","items_purchased":["Eternal Feather","halation:Sosunser","Fruit Juice"],"campfire_rested":2,"item_purchase_floors":[14,14,14],"current_hp_per_floor":[77,77,77,77,77,72,72,27,27,50,48,42,32,45,51,50,82,82,77,55,49,76,76,76,82,82,71,42,29,65,65,65,15,82,82,82,82,82,62,31,31,0,0,0],"gold":536,"neow_bonus":"TEN_PERCENT_HP_BONUS","is_daily":false,"chose_seed":false,"campfire_upgraded":3,"win_rate":0.0,"timestamp":1612892882,"path_taken":["R","M","?","M","?","?","T","E","?","R","E","M","M","$","M","BOSS","R","M","M","M","?","?","T","R","?","M","E","M","R","?","M","BOSS","R","M","M","?","?","M","T","E"],"items_purchased_type":["Relic","Relic","Potion"],"build_version":"2020-12-22","purchased_purges":1,"victory":false,"max_hp_per_floor":[77,77,77,77,77,77,77,77,77,77,77,77,77,82,82,82,82,82,82,82,82,82,82,82,82,82,82,82,82,82,82,82,82,82,82,82,82,82,82,82,82,82,82,82],"relic_stats":{"Nunchaku":[21],"Centennial Puzzle":[48],"Busted Crown":8,"counters":[23,88],"Shuriken":[16],"Eternal Feather":18,"obtain_stats":[{"Potion Belt":8,"Nunchaku":7,"Centennial Puzzle":11,"bronze:BronzeCore":0,"Busted Crown":34,"halation:Sosunser":14,"Shuriken":28,"Eternal Feather":14,"Molten Egg 2":24,"Empty Cage":17,"halation:StarCompass":23,"halation:PinkSoulGem":31},{"Potion Belt":4,"Nunchaku":3,"Centennial Puzzle":5,"bronze:BronzeCore":0,"Busted Crown":18,"halation:Sosunser":8,"Shuriken":15,"Eternal Feather":8,"Molten Egg 2":13,"Empty Cage":10,"halation:StarCompass":13,"halation:PinkSoulGem":16},{"Potion Belt":21,"Nunchaku":13,"Centennial Puzzle":25,"bronze:BronzeCore":0,"Busted Crown":73,"halation:Sosunser":34,"Shuriken":63,"Eternal Feather":34,"Molten Egg 2":54,"Empty Cage":41,"halation:StarCompass":54,"halation:PinkSoulGem":65}]},"card_choices":[{"not_picked":["bronze:Overheat","bronze:BitShift"],"picked":"bronze:Repair","floor":2},{"not_picked":["bronze:Turbo","bronze:WildBeam"],"picked":"bronze:FineTuning","floor":4},{"not_picked":["bronze:DelayedGuard","bronze:Shell"],"picked":"bronze:Flail","floor":6},{"not_picked":["bronze:Frontload","bronze:Backtrace"],"picked":"bronze:DelayedSlice","floor":8},{"not_picked":["bronze:Invalidate","bronze:HyperBeam"],"picked":"bronze:FineTuning","floor":11},{"not_picked":["bronze:FollowUp","bronze:Frontload"],"picked":"bronze:Optimize","floor":12},{"not_picked":["bronze:BugBarrage","bronze:Flail"],"picked":"bronze:CloningBeam","floor":13},{"not_picked":["bronze:DelayedGuard","bronze:Frontload","bronze:BitShift"],"picked":"SKIP","floor":14},{"not_picked":["bronze:FineTuning","bronze:BitShift"],"picked":"bronze:DelayedSlice","floor":15},{"not_picked":["bronze:Iterate","bronze:Flail+1"],"picked":"bronze:ChosenStrike","floor":19},{"not_picked":["bronze:BronzeArmor","bronze:Overheat+1"],"picked":"bronze:FineTuning","floor":20},{"not_picked":["bronze:DigitalCarnage","bronze:NullPointer+1","bronze:DarkDash"],"picked":"SKIP","floor":21},{"not_picked":["bronze:Overload+1","bronze:FollowUp+1"],"picked":"bronze:DelayedSlice+1","floor":27},{"not_picked":["bronze:Invalidate","bronze:ForceShield","bronze:ShipIt+1"],"picked":"SKIP","floor":28},{"not_picked":["bronze:Deprecate","bronze:Invalidate","bronze:ForLoop+1"],"picked":"SKIP","floor":29},{"not_picked":["bronze:Frontload","bronze:Overload","bronze:Repulsor"],"picked":"SKIP","floor":32},{"not_picked":["bronze:Mutator","bronze:BurnOut+1"],"picked":"bronze:RecursiveStrike+1","floor":33},{"not_picked":[],"picked":"bronze:Branch+1","floor":36},{"not_picked":["bronze:DelayedGuard+1"],"picked":"SKIP","floor":37},{"not_picked":["bronze:Invalidate"],"picked":"SKIP","floor":39},{"not_picked":["bronze:DelayedGuard"],"picked":"SKIP","floor":40}],"player_experience":178512,"relics_obtained":[{"floor":7,"key":"Nunchaku"},{"floor":8,"key":"Potion Belt"},{"floor":11,"key":"Centennial Puzzle"},{"floor":24,"key":"Molten Egg 2"},{"floor":28,"key":"Shuriken"}],"event_choices":[{"damage_healed":27,"gold_gain":0,"player_choice":"Heal","damage_taken":0,"max_hp_gain":0,"max_hp_loss":0,"event_name":"The Library","floor":22,"gold_loss":0}],"is_beta":false,"boss_relics":[{"not_picked":["energizedSpire:SpiderWeb","halation:LoveArrow"],"picked":"Empty Cage"},{"not_picked":["Pandora\u0027s Box","energizedSpire:NeverEndingSparkler"],"picked":"Busted Crown"}],"items_purged_floors":[14],"is_endless":false,"potions_floor_spawned":[2,4,15,19,21,27,29,32,36],"killed_by":"Reptomancer","ascension_level":0}}