{"host":"swavyr4ofmkhu42f","time":1612851552,"event":{"mods":["BaseMod","Colored Map","Minty Spire (QoL Compilation)","StSLib"],"gold_per_floor":[110,128,146,146,159,184,184,30,53,53,73,92,110,121,121,225,275,293,106,31,43,61,61,86,86,86,121,36,67,14,14,14,112,112,130,130,180,200,23,23,52,52,52,85,85,99,117,0,0,0,0],"floor_reached":50,"language":"ENG","playtime":1861,"items_purged":["Defend_G","Strike_G","Strike_G"],"score":819,"play_id":"4e415c14-14fb-4bd9-a146-8ff53c41fa87","local_time":"20210209011912","is_ascension_mode":true,"campfire_choices":[{"data":"Finisher","floor":7,"key":"SMITH"},{"data":"Neutralize","floor":10,"key":"SMITH"},{"floor":15,"key":"REST"},{"data":"Blade Dance","floor":23,"key":"SMITH"},{"data":"Blade Dance","floor":25,"key":"SMITH"},{"floor":32,"key":"DIG"},{"data":"Blade Dance","floor":40,"key":"SMITH"},{"data":"Blade Dance","floor":42,"key":"SMITH"},{"data":"Adrenaline","floor":49,"key":"SMITH"}],"circlet_count":0,"master_deck":["Defend_G","Defend_G","Defend_G","Survivor+1","Neutralize+1","Finisher+1","Blade Dance+1","Adrenaline+1","Blade Dance+1","Backstab","Infinite Blades","Blade Dance+1","Adrenaline","Slice+1","Cloak And Dagger+1","Blade Dance+1","Blade Dance+1"],"relics":["Ring of the Snake","Centennial Puzzle","Nunchaku","Tiny House","Snake Skull","Letter Opener","Boot","Anchor","Shovel","Pen Nib","SacredBark","Torii","Blood Vial","HornCleat","Bottled Lightning","Red Mask"],"acts_visited":["Exordium","TheCity","TheBeyond"],"potions_floor_usage":[6,6,11,14,16,18,22,24,24,41,50],"damage_taken":[{"damage":4,"enemies":"Jaw Worm","floor":1,"turns":9},{"damage":2,"enemies":"Small Slimes","floor":2,"turns":5},{"damage":0,"enemies":"2 Louse","floor":3,"turns":2},{"damage":9,"enemies":"Blue Slaver","floor":5,"turns":3},{"damage":32,"enemies":"3 Sentries","floor":6,"turns":12},{"damage":2,"enemies":"Lots of Slimes","floor":11,"turns":4},{"damage":0,"enemies":"3 Louse","floor":12,"turns":2},{"damage":1,"enemies":"Large Slime","floor":13,"turns":4},{"damage":7,"enemies":"Exordium Thugs","floor":14,"turns":3},{"damage":45,"enemies":"The Guardian","floor":16,"turns":17},{"damage":2,"enemies":"2 Thieves","floor":18,"turns":2},{"damage":0,"enemies":"Shell Parasite","floor":21,"turns":2},{"damage":12,"enemies":"Snake Plant","floor":22,"turns":3},{"damage":8,"enemies":"Slavers","floor":24,"turns":4},{"damage":0,"enemies":"Gremlin Leader","floor":27,"turns":2},{"damage":2,"enemies":"Slavers","floor":29,"turns":5},{"damage":13,"enemies":"Collector","floor":33,"turns":4},{"damage":0,"enemies":"3 Shapes","floor":35,"turns":1},{"damage":0,"enemies":"Mind Bloom Boss Battle","floor":37,"turns":2},{"damage":0,"enemies":"Orb Walker","floor":38,"turns":1},{"damage":20,"enemies":"Reptomancer","floor":41,"turns":3},{"damage":0,"enemies":"Giant Head","floor":44,"turns":3},{"damage":0,"enemies":"Maw","floor":46,"turns":4},{"damage":0,"enemies":"Writhing Mass","floor":47,"turns":1},{"damage":55,"enemies":"Awakened One","floor":50,"turns":5}],"seed_played":"-5541212853582214261","potions_obtained":[{"floor":3,"key":"Poison Potion"},{"floor":5,"key":"Weak Potion"},{"floor":6,"key":"EssenceOfSteel"},{"floor":11,"key":"Weak Potion"},{"floor":13,"key":"FairyPotion"},{"floor":16,"key":"Dexterity Potion"},{"floor":17,"key":"EssenceOfSteel"},{"floor":18,"key":"DuplicationPotion"},{"floor":21,"key":"LiquidMemories"},{"floor":37,"key":"Poison Potion"},{"floor":38,"key":"BlessingOfTheForge"},{"floor":41,"key":"Poison Potion"}],"is_trial":false,"path_per_floor":["M","M","M","?","M","E","R","$","T","R","M","M","M","M","R","B",null,"M","$","?","M","M","R","E","R","T","E","?","E","$","?","R","B",null,"M","?","?","M","$","R","E","R","T","E","$","M","M","?","R","B"],"character_chosen":"THE_SILENT","items_purchased":["DuplicationPotion","Blade Dance","Backstab","Blade Dance","Blade Dance"],"campfire_rested":1,"item_purchase_floors":[8,19,19,30,39],"current_hp_per_floor":[66,64,64,57,48,16,16,16,16,16,14,14,13,6,27,9,60,58,58,58,58,46,46,38,38,38,38,38,36,36,36,36,23,62,62,62,62,62,62,62,42,42,42,44,44,46,48,48,48,0,0],"gold":0,"neow_bonus":"REMOVE_CARD","is_daily":false,"chose_seed":false,"campfire_upgraded":7,"win_rate":0.0,"timestamp":1612851552,"path_taken":["M","M","M","?","M","E","R","$","T","R","M","M","M","M","R","BOSS","M","$","?","M","M","R","E","R","T","E","?","E","$","?","R","BOSS","M","?","?","M","$","R","E","R","T","E","?","M","?","?","R","BOSS"],"items_purchased_type":["Potion","Card","Card","Card","Card"],"build_version":"2020-12-22","purchased_purges":3,"victory":false,"max_hp_per_floor":[70,70,70,70,70,70,70,70,70,70,70,70,70,70,70,70,75,75,75,75,75,75,75,75,75,75,75,75,75,75,75,75,75,75,75,75,75,75,75,75,75,75,75,75,75,75,75,75,75,75,75],"card_choices":[{"not_picked":["Sucker Punch","Flying Knee"],"picked":"Finisher","floor":1},{"not_picked":["Quick Slash","Acrobatics","Sucker Punch"],"picked":"SKIP","floor":2},{"not_picked":["Acrobatics","Riddle With Holes","Deflect"],"picked":"SKIP","floor":3},{"not_picked":["Caltrops","Poisoned Stab","Distraction"],"picked":"SKIP","floor":5},{"not_picked":["Eviscerate","Sucker Punch","Poisoned Stab"],"picked":"SKIP","floor":6},{"not_picked":["Setup","PiercingWail","Crippling Poison"],"picked":"SKIP","floor":11},{"not_picked":["Well Laid Plans","Leg Sweep","Reflex"],"picked":"SKIP","floor":12},{"not_picked":["Crippling Poison","Wraith Form v2"],"picked":"Blade Dance","floor":13},{"not_picked":["Quick Slash","Deflect","Dagger Spray"],"picked":"SKIP","floor":14},{"not_picked":["Bullet Time","Storm of Steel"],"picked":"Adrenaline","floor":16},{"not_picked":["Dagger Spray","Expertise+1","Prepared"],"picked":"SKIP","floor":18},{"not_picked":["Outmaneuver","Acrobatics"],"picked":"Infinite Blades","floor":21},{"not_picked":["Flying Knee+1","Acrobatics","Predator+1"],"picked":"SKIP","floor":22},{"not_picked":["Deflect","Deadly Poison","Night Terror"],"picked":"SKIP","floor":24},{"not_picked":["Dagger Spray","Caltrops","Dagger Throw"],"picked":"SKIP","floor":27},{"not_picked":["Adrenaline","Quick Slash","Dagger Throw+1"],"picked":"SKIP","floor":29},{"not_picked":["Die Die Die","Wraith Form v2"],"picked":"Adrenaline","floor":33},{"not_picked":["Sucker Punch","Choke"],"picked":"Slice+1","floor":35},{"not_picked":["Footwork+1","Outmaneuver"],"picked":"Cloak And Dagger+1","floor":37},{"not_picked":["Underhanded Strike+1","Prepared","Sucker Punch+1"],"picked":"SKIP","floor":38},{"not_picked":["Backflip","Outmaneuver+1","Tactician+1"],"picked":"SKIP","floor":41},{"not_picked":["Tools of the Trade","Blade Dance+1","Poisoned Stab"],"picked":"SKIP","floor":44},{"not_picked":["Bouncing Flask","Blur","Bane"],"picked":"SKIP","floor":46},{"not_picked":["Distraction+1","Catalyst"],"picked":"Blade Dance+1","floor":47}],"player_experience":197148,"relics_obtained":[{"floor":6,"key":"Centennial Puzzle"},{"floor":9,"key":"Nunchaku"},{"floor":24,"key":"Snake Skull"},{"floor":26,"key":"Letter Opener"},{"floor":27,"key":"Boot"},{"floor":29,"key":"Shovel"},{"floor":32,"key":"Pen Nib"},{"floor":37,"key":"Torii"},{"floor":41,"key":"Blood Vial"},{"floor":43,"key":"HornCleat"},{"floor":44,"key":"Bottled Lightning"}],"event_choices":[{"cards_removed":["Strike_G"],"damage_healed":0,"gold_gain":0,"player_choice":"Card Removal","damage_taken":7,"max_hp_gain":0,"max_hp_loss":0,"event_name":"Golden Wing","floor":4,"gold_loss":0},{"cards_removed":["Strike_G"],"damage_healed":0,"gold_gain":0,"player_choice":"Gave Gold","damage_taken":0,"max_hp_gain":0,"max_hp_loss":0,"event_name":"Beggar","floor":20,"gold_loss":75},{"damage_healed":0,"gold_gain":0,"player_choice":"Obtained Relic","damage_taken":0,"relics_obtained":["Anchor"],"max_hp_gain":0,"max_hp_loss":0,"event_name":"Addict","floor":28,"gold_loss":85},{"damage_healed":0,"gold_gain":0,"player_choice":"Ignored","damage_taken":0,"max_hp_gain":0,"max_hp_loss":0,"event_name":"Ghosts","floor":31,"gold_loss":0},{"cards_removed":["Defend_G"],"damage_healed":0,"gold_gain":0,"player_choice":"Removed Skill","damage_taken":0,"max_hp_gain":0,"max_hp_loss":0,"event_name":"Falling","floor":36,"gold_loss":0},{"damage_healed":0,"gold_gain":0,"player_choice":"Fight","damage_taken":0,"max_hp_gain":0,"max_hp_loss":0,"event_name":"MindBloom","floor":37,"gold_loss":0},{"damage_healed":0,"gold_gain":0,"player_choice":"Paid","damage_taken":0,"relics_obtained":["Red Mask"],"max_hp_gain":0,"max_hp_loss":0,"event_name":"Tomb of Lord Red Mask","floor":48,"gold_loss":117}],"is_beta":false,"boss_relics":[{"not_picked":["Astrolabe","HoveringKite"],"picked":"Tiny House"},{"not_picked":["Runic Dome","Sozu"],"picked":"SacredBark"}],"items_purged_floors":[8,19,39],"is_endless":false,"potions_floor_spawned":[3,5,6,11,13,16,18,21,37,38,41,44],"killed_by":"Awakened One","ascension_level":5}}