{"host":"w01zow3jg16g8jdh","time":1612878727,"event":{"mods":["2.2 Compatiblity","AchievementEnabler","BaseMod","DeckTracker","Hermit","Keyboard Shortcuts","Marisa£¨Ùöéë¡¡Øª×âÞÞ£©","Minty Spire (QoL Compilation)","Permanent Neow","StSLib","SuperFastMode"],"gold_per_floor":[111,142,142,168,200,248,248,298,298,329,329,128,128,171,171,291,341,352,252,299,29,64,95,124,174,174,201,213,213,128,159,159,277,277,297,297,317,331,211,211,251,1,1,51,80,147,165,209,209,209,209,209,33,83,83],"floor_reached":56,"language":"KOR","playtime":1163,"items_purged":["Strike_MRS","Strike_MRS","Defend_MRS","Strike_MRS","Strike_MRS"],"score":2011,"play_id":"73afc48a-7ad4-4a8f-910f-fa47aa67c46b","local_time":"20210209225207","is_ascension_mode":true,"campfire_choices":[{"data":"GrandCross","floor":7.0,"key":"SMITH"},{"data":"ManaRampage","floor":13.0,"key":"SMITH"},{"floor":15.0,"key":"REST"},{"floor":32,"key":"REST"},{"data":"CollectingQuirk","floor":40,"key":"SMITH"},{"floor":49,"key":"RECALL"},{"data":"GrandCross","floor":52,"key":"SMITH"}],"circlet_count":0,"master_deck":["Defend_MRS+1","Defend_MRS+1","MasterSpark","UpSweep","WitchOfGreed","GrandCross+1","GrandCross+1","ManaRampage+1","GrandCross","TreasureHunter","MagicChant+1","Acceleration+1","CollectingQuirk+1"],"relics":["MiniHakkero","Gremlin Horn","Mummified Hand","Matryoshka","Kunai","Question Card","FossilizedHelix","Tiny House","Red Mask","White Beast Statue","The Courier","StrikeDummy","Bag of Marbles","Mercury Hourglass","Omamori","HornCleat","Bird Faced Urn","AmplifyWand","Sundial","Calipers","SlaversCollar","War Paint","Mango","MagicBroom","MealTicket","Du-Vu Doll","Shuriken","CatCart","Smiling Mask","Akabeko","Membership Card","Letter Opener","Lantern"],"acts_visited":["Exordium","TheCity","TheBeyond","TheEnding"],"potions_floor_usage":[25,25,25,33,33,33,38,41,50,50,55,55],"damage_taken":[{"damage":8.0,"enemies":"Jaw Worm","floor":1.0,"turns":4.0},{"damage":3.0,"enemies":"Small Slimes","floor":2.0,"turns":4.0},{"damage":6.0,"enemies":"Cultist","floor":4.0,"turns":4.0},{"damage":16.0,"enemies":"Blue Slaver","floor":5.0,"turns":4.0},{"damage":2.0,"enemies":"3 Sentries","floor":6.0,"turns":3.0},{"damage":15.0,"enemies":"Lagavulin","floor":8.0,"turns":4.0},{"damage":16.0,"enemies":"Gremlin Nob","floor":10.0,"turns":3.0},{"damage":0.0,"enemies":"Lagavulin","floor":14.0,"turns":3.0},{"damage":0.0,"enemies":"Slime Boss","floor":16.0,"turns":2.0},{"damage":0.0,"enemies":"Spheric Guardian","floor":18.0,"turns":1.0},{"damage":0.0,"enemies":"Masked Bandits","floor":20.0,"turns":2.0},{"damage":8.0,"enemies":"Chosen","floor":22.0,"turns":2.0},{"damage":58.0,"enemies":"Book of Stabbing","floor":23.0,"turns":5.0},{"damage":17,"enemies":"Centurion and Healer","floor":24,"turns":3},{"damage":0,"enemies":"Slavers","floor":25,"turns":5},{"damage":0,"enemies":"Book of Stabbing","floor":27,"turns":2},{"damage":0,"enemies":"Sentry and Sphere","floor":28,"turns":1},{"damage":0,"enemies":"Gremlin Leader","floor":31,"turns":2},{"damage":12,"enemies":"Automaton","floor":33,"turns":5},{"damage":0,"enemies":"Orb Walker","floor":35,"turns":2},{"damage":8,"enemies":"3 Shapes","floor":37,"turns":1},{"damage":0,"enemies":"Writhing Mass","floor":38,"turns":2},{"damage":23,"enemies":"Giant Head","floor":41,"turns":6},{"damage":0,"enemies":"Mind Bloom Boss Battle","floor":44,"turns":1},{"damage":0,"enemies":"Nemesis","floor":45,"turns":1},{"damage":0,"enemies":"Orin","floor":46,"turns":3},{"damage":0,"enemies":"Spire Growth","floor":47,"turns":2},{"damage":0,"enemies":"Giant Head","floor":48,"turns":4},{"damage":26,"enemies":"Donu and Deca","floor":50,"turns":5},{"damage":12,"enemies":"Shield and Spear","floor":54,"turns":3},{"damage":95,"enemies":"The Heart","floor":55,"turns":5}],"seed_played":"-5177950675446091519","potions_obtained":[{"floor":0.0,"key":"SteroidPotion"},{"floor":0.0,"key":"Ancient Potion"},{"floor":0.0,"key":"ColorlessPotion"},{"floor":4.0,"key":"SteroidPotion"},{"floor":6.0,"key":"Explosive Potion"},{"floor":8.0,"key":"BlessingOfTheForge"},{"floor":10.0,"key":"Fire Potion"},{"floor":14.0,"key":"SkillPotion"},{"floor":14.0,"key":"AttackPotion"},{"floor":16.0,"key":"FairyPotion"},{"floor":16.0,"key":"Fruit Juice"},{"floor":17.0,"key":"ShroomBrew"},{"floor":18.0,"key":"Fire Potion"},{"floor":20.0,"key":"Explosive Potion"},{"floor":24,"key":"SkillPotion"},{"floor":24,"key":"FearPotion"},{"floor":25,"key":"Dexterity Potion"},{"floor":27,"key":"Strength Potion"},{"floor":28,"key":"BottledSpark"},{"floor":33,"key":"BottledSpark"},{"floor":35,"key":"BlessingOfTheForge"},{"floor":37,"key":"Regen Potion"},{"floor":38,"key":"SkillPotion"},{"floor":41,"key":"EssenceOfSteel"},{"floor":46,"key":"Strength Potion"},{"floor":48,"key":"Block Potion"},{"floor":48,"key":"DistilledChaos"},{"floor":54,"key":"SkillPotion"}],"is_trial":false,"path_per_floor":["M","M","?","M","M","E","R","E","T","E","?","$","R","E","R","B",null,"M","$","?","$","M","E","M","E","T","E","M","?","?","E","R","B",null,"M","?","M","M","$","R","E","$","T","?","E","?","M","E","R","B",null,"R","$","E","B",null],"character_chosen":"MARISA","items_purchased":["ManaRampage","GrandCross","TreasureHunter","MagicBroom","Membership Card"],"campfire_rested":2,"item_purchase_floors":[12,12,21,42,53],"current_hp_per_floor":[60,57,57,51,35,33,33,18,18,2,2,2,2,2,24,24,72,72,72,72,72,64,6,14,14,14,14,14,14,14,14,39,29,71,71,63,55,60,60,60,53,53,53,53,53,55,55,57,57,33,83,83,98,88,45],"gold":83,"neow_bonus":"THREE_SMALL_POTIONS","is_daily":false,"chose_seed":false,"campfire_upgraded":4,"win_rate":0.0,"timestamp":1612878727,"path_taken":["M","M","?","M","M","E","R","E","T","E","?","?","R","E","R","BOSS","M","$","?","$","M","E","M","E","T","E","M","?","?","E","R","BOSS","M","?","M","?","?","R","E","$","T","?","E","?","M","E","R","BOSS","R","$","E","BOSS"],"items_purchased_type":["Card","Card","Card","Relic","Relic"],"build_version":"2020-12-22","purchased_purges":5,"victory":true,"max_hp_per_floor":[75,75,75,75,75,75,75,75,75,75,75,75,75,75,75,75,85,85,85,85,85,85,85,85,85,85,85,85,85,85,85,85,85,85,85,85,85,85,85,85,99,99,99,99,99,99,99,99,99,99,99,99,99,99,99],"card_choices":[{"not_picked":["ShootingEcho","UnstableBomb"],"picked":"WitchOfGreed","floor":1.0},{"not_picked":["IllusionStar","AsteroidBelt","MilkyWay"],"picked":"SKIP","floor":2.0},{"not_picked":["OortCloud","StarlightTyphoon","IllusionStar"],"picked":"SKIP","floor":4.0},{"not_picked":["LuminesStrike","BinaryStars","UnstableBomb"],"picked":"SKIP","floor":5.0},{"not_picked":["UnstableBomb","GalacticHalo"],"picked":"GrandCross","floor":6.0},{"not_picked":["CollectingQuirk","BinaryStars"],"picked":"GrandCross","floor":8.0},{"not_picked":["DarkMatter","WitchOfGreed","MysteriousBeam"],"picked":"SKIP","floor":10.0},{"not_picked":["DragonMeteor","WitchLeyline","WitchOfGreed","6A"],"picked":"SKIP","floor":14.0},{"not_picked":["NonDirectionalLaser+1","IllusionStar+1","SporeBomb","EnergyFlow+1"],"picked":"SKIP","floor":18.0},{"not_picked":["MysteriousBeam","EnergyFlow","UnstableBomb+1","FairyDestructionRay+1"],"picked":"SKIP","floor":22.0},{"not_picked":["StarBarrage","6A","MilkyWay","DoubleSpark"],"picked":"SKIP","floor":23},{"not_picked":["MaximisePower","DoubleSpark","MeteoricShower+1","GravityBeat"],"picked":"SKIP","floor":24},{"not_picked":["MysteriousBeam","LuminesStrike","ShootingEcho","OneTimeOff+1"],"picked":"SKIP","floor":25},{"not_picked":["DoubleSpark+1","MaximisePower","GravityBeat","MagicChant+1"],"picked":"SKIP","floor":27},{"not_picked":["DoubleSpark+1","MaximisePower","GravityBeat"],"picked":"MagicChant+1","floor":27},{"not_picked":["SporeBomb","ChargeUpSpray","PowerUp","ShootingEcho"],"picked":"SKIP","floor":28},{"not_picked":["SatelliteIllusion","DC","GalacticHalo"],"picked":"Acceleration+1","floor":31},{"not_picked":["AbsoluteMagnitude","BigCrunch","EscapeVelocity"],"picked":"CollectingQuirk","floor":33},{"not_picked":["6A+1","PowerUp","ChargeUpSpray","DoubleSpark"],"picked":"SKIP","floor":35},{"not_picked":["AsteroidBelt+1","SporeBomb","WitchLeyline","WitchOfGreed"],"picked":"SKIP","floor":37},{"not_picked":["GravityBeat","PowerUp+1","6A","MilkyWay"],"picked":"SKIP","floor":38},{"not_picked":["Occultation","OortCloud+1","IllusionStar","BigCrunch"],"picked":"SKIP","floor":41},{"not_picked":["MeteoricShower+1","MagicAbsorber","EarthLightRay+1","ShootingEcho"],"picked":"SKIP","floor":45},{"not_picked":["AsteroidBelt+1","ChargeUpSpray","NonDirectionalLaser","EventHorizon+1"],"picked":"SKIP","floor":47},{"not_picked":["RefractionSpark+1","MysteriousBeam+1","ShootingEcho+1","SporeBomb+1"],"picked":"SKIP","floor":48},{"not_picked":["SatelliteIllusion","CasketOfStar","6A","EarthLightRay+1"],"picked":"SKIP","floor":54}],"player_experience":379075,"relics_obtained":[{"floor":6.0,"key":"Gremlin Horn"},{"floor":8.0,"key":"Mummified Hand"},{"floor":9.0,"key":"Matryoshka"},{"floor":10.0,"key":"Kunai"},{"floor":14.0,"key":"FossilizedHelix"},{"floor":20.0,"key":"Red Mask"},{"floor":23,"key":"White Beast Statue"},{"floor":25,"key":"The Courier"},{"floor":25,"key":"StrikeDummy"},{"floor":26,"key":"Bag of Marbles"},{"floor":26,"key":"Mercury Hourglass"},{"floor":27,"key":"Omamori"},{"floor":31,"key":"AmplifyWand"},{"floor":31,"key":"Sundial"},{"floor":33,"key":"Calipers"},{"floor":41,"key":"War Paint"},{"floor":41,"key":"Mango"},{"floor":43,"key":"MealTicket"},{"floor":44,"key":"Du-Vu Doll"},{"floor":45,"key":"Shuriken"},{"floor":46,"key":"CatCart"},{"floor":48,"key":"Smiling Mask"},{"floor":48,"key":"Akabeko"},{"floor":54,"key":"Letter Opener"},{"floor":54,"key":"Lantern"}],"event_choices":[{"cards_removed":["Defend_MRS"],"damage_healed":0.0,"max_hp_gain":0.0,"max_hp_loss":0.0,"gold_gain":0.0,"event_name":"Living Wall","player_choice":"Forget","floor":3.0,"gold_loss":0.0,"damage_taken":0.0},{"damage_healed":0.0,"max_hp_gain":0.0,"max_hp_loss":0.0,"gold_gain":0.0,"event_name":"Dead Adventurer","player_choice":"Searched \u00271\u0027 times","floor":11.0,"gold_loss":0.0,"damage_taken":0.0,"relics_obtained":["Question Card"]},{"damage_healed":0.0,"max_hp_gain":0.0,"max_hp_loss":0.0,"gold_gain":0.0,"event_name":"Masked Bandits","player_choice":"Fought Bandits","floor":20.0,"gold_loss":0.0,"damage_taken":0.0},{"damage_healed":0,"gold_gain":0,"player_choice":"Opened","damage_taken":0,"relics_obtained":["HornCleat"],"max_hp_gain":0,"max_hp_loss":0,"event_name":"The Mausoleum","floor":29,"gold_loss":0,"cards_obtained":["Writhe"]},{"damage_healed":0,"gold_gain":0,"player_choice":"Obtained Relic","damage_taken":0,"relics_obtained":["Bird Faced Urn"],"max_hp_gain":0,"max_hp_loss":0,"event_name":"Addict","floor":30,"gold_loss":85},{"damage_healed":0,"gold_gain":0,"player_choice":"Damaged","damage_taken":8,"max_hp_gain":0,"max_hp_loss":0,"event_name":"Wheel of Change","floor":36,"gold_loss":0},{"damage_healed":0,"gold_gain":0,"player_choice":"Fight","damage_taken":0,"max_hp_gain":0,"max_hp_loss":0,"event_name":"MindBloom","floor":44,"gold_loss":0},{"damage_healed":0,"gold_gain":0,"player_choice":"Fight","damage_taken":0,"max_hp_gain":0,"max_hp_loss":0,"event_name":"OrinTheCat","floor":46,"gold_loss":0}],"is_beta":false,"boss_relics":[{"not_picked":["Sozu","Cursed Key"],"picked":"Tiny House"},{"not_picked":["Runic Dome","Snecko Eye"],"picked":"SlaversCollar"}],"items_purged_floors":[12,19,21,39,53],"is_endless":false,"potions_floor_spawned":[6,10,14,16,18,24,25,27,28,31,33,35,37,38,41,44,45,46,47,48,54],"ascension_level":6}}