{"host":"my4gslufyvqsq7r2","time":1612903064,"event":{"mods":["BaseMod","Colored Powertips","Hubris","Infinite Spire","Minty Spire (QoL Compilation)","Replay The Spire","StSLib"],"gold_per_floor":[117,67,67,78,96,96,96,51,75,102,116,116,126,146,146,249,249,260,271,281,281,301,301,328,344,391,391,391,391,402,431,431,531,531,551,562,562,562,562],"floor_reached":38,"language":"ENG","playtime":2370,"items_purged":[],"score":485,"play_id":"8fef07ae-8a86-4b03-9cfa-6058abf1d270","local_time":"20210209153744","is_ascension_mode":true,"campfire_choices":[{"data":"Poisoned Stab","floor":6,"key":"SMITH"},{"floor":12,"key":"REST"},{"data":"Toxin Wave","floor":15,"key":"SMITH"},{"floor":23,"key":"REST"},{"floor":27,"key":"REST"},{"floor":29,"key":"REST"},{"floor":32,"key":"REST"}],"circlet_count":0,"master_deck":["Strike_G+1","Strike_G+1","Strike_G+1","Strike_G+1","Defend_G+1","Defend_G+1","Defend_G+1","Defend_G+1","Neutralize+1","Poisoned Stab+1","Bane","Toxin Wave+1","Deadly Poison","ReplayTheSpireMod:From All Sides","Dodge and Roll+1","Bane+1","Bouncing Flask+1","Deadly Poison+1","Bane+1","Bane","Envenom","Night Terror+1","Deflect+1","Setup+1","Crippling Poison+1"],"relics":["Ring of the Snake","Nunchaku","Art of War","SlaversCollar","infinitespire:EmpoweringShard","infinitespire:Satchel","Replay:Wax Seal","Astrolabe","hubris:Icosahedron"],"acts_visited":["Exordium","TheCity","TheBeyond"],"potions_floor_usage":[18,33],"damage_taken":[{"damage":6,"enemies":"Jaw Worm","floor":1,"turns":6},{"damage":2,"enemies":"2 Louse","floor":4,"turns":4},{"damage":0,"enemies":"Cultist","floor":5,"turns":4},{"damage":11,"enemies":"Lagavulin","floor":10,"turns":6},{"damage":0,"enemies":"Exordium Wildlife","floor":11,"turns":7},{"damage":7,"enemies":"3 Louse","floor":13,"turns":3},{"damage":2,"enemies":"Exordium Thugs","floor":14,"turns":4},{"damage":47,"enemies":"Fading Forest","floor":16,"turns":11},{"damage":7,"enemies":"3 Byrds","floor":18,"turns":4},{"damage":8,"enemies":"Spheric Guardian","floor":19,"turns":3},{"damage":2,"enemies":"Snecko","floor":20,"turns":4},{"damage":20,"enemies":"Centurion and Healer","floor":22,"turns":5},{"damage":32,"enemies":"Gremlin Leader","floor":24,"turns":5},{"damage":10,"enemies":"3 Cultists","floor":25,"turns":5},{"damage":8,"enemies":"Cultist and Chosen","floor":30,"turns":4},{"damage":19,"enemies":"Book of Stabbing","floor":31,"turns":4},{"damage":29,"enemies":"Champ","floor":33,"turns":9},{"damage":26,"enemies":"3 Shapes","floor":35,"turns":3},{"damage":12,"enemies":"Orb Walker","floor":36,"turns":4},{"damage":47,"enemies":"Spire Growth","floor":38,"turns":3}],"seed_played":"-6116208030745271227","potions_obtained":[{"floor":5,"key":"FearPotion"},{"floor":10,"key":"Block Potion"},{"floor":16,"key":"Energy Potion"},{"floor":19,"key":"Reflective Coating"}],"is_trial":false,"path_per_floor":["M","?","?","M","M","R","?","?","T","E","M","R","M","M","R","B",null,"M","M","M","?","M","R","E","M","T","R","?","R","M","E","R","B",null,"M","M","?","M"],"character_chosen":"THE_SILENT","items_purchased":[],"campfire_rested":5,"item_purchase_floors":[],"current_hp_per_floor":[64,64,64,62,62,62,62,62,62,51,51,70,63,61,61,32,70,63,55,53,53,33,54,22,12,12,33,56,70,62,43,64,35,70,44,32,32,0,0],"gold":562,"neow_bonus":"REMOVE_CARD","is_daily":false,"chose_seed":false,"campfire_upgraded":2,"win_rate":0.0,"timestamp":1612903064,"path_taken":["M","?","?","?","M","R","?","?","T","E","?","R","M","M","R","BOSS","M","?","M","?","M","R","E","M","T","R","?","R","M","E","R","BOSS","M","M","?","M"],"items_purchased_type":[],"build_version":"2020-12-22","purchased_purges":0,"victory":false,"max_hp_per_floor":[70,70,70,70,70,70,70,70,70,70,70,70,70,70,70,70,70,70,70,70,70,70,70,70,70,70,70,70,70,70,70,70,70,70,70,70,70,70,70],"card_choices":[{"not_picked":["Blade Dance","Cloak And Dagger"],"picked":"Fluid Movement","floor":1},{"not_picked":["Slice","Outmaneuver"],"picked":"Poisoned Stab","floor":4},{"not_picked":["Choke","Prepared"],"picked":"Deadly Poison","floor":5},{"not_picked":["Sucker Punch","Fluid Movement","hubris:SlightOfHand"],"picked":"SKIP","floor":10},{"not_picked":["Sucker Punch","Acrobatics"],"picked":"Bane","floor":11},{"not_picked":["PiercingWail","Cloak And Dagger"],"picked":"Toxin Wave","floor":13},{"not_picked":["Predator","Underhanded Strike"],"picked":"Deadly Poison","floor":14},{"not_picked":["Wraith Form v2","Night Terror"],"picked":"ReplayTheSpireMod:From All Sides","floor":16},{"not_picked":["hubris:TrickCloak","hubris:Sniper+1"],"picked":"Dodge and Roll+1","floor":18},{"not_picked":["ReplayTheSpireMod:The Works+1","Tactician"],"picked":"Bane+1","floor":19},{"not_picked":["Masterful Stab","Deflect+1"],"picked":"Bouncing Flask+1","floor":20},{"not_picked":["ReplayTheSpireMod:Exploit Weakness","Heel Hook"],"picked":"Deadly Poison+1","floor":22},{"not_picked":["Finisher","Sneak Up+1","Blade Dance"],"picked":"SKIP","floor":24},{"not_picked":["hubris:SlightOfHand","ReplayTheSpireMod:Shiv Toss","Fluid Movement"],"picked":"SKIP","floor":25},{"not_picked":["After Image","Quick Slash"],"picked":"Bane+1","floor":30},{"not_picked":["Caltrops","Prepared"],"picked":"Bane","floor":31},{"not_picked":["Wraith Form v2","Tools of the Trade"],"picked":"Envenom","floor":33},{"not_picked":["Quick Slash","Acrobatics+1"],"picked":"Crippling Poison+1","floor":35},{"not_picked":["Escape Plan","hubris:SlightOfHand+1","Dagger Throw+1"],"picked":"SKIP","floor":36}],"player_experience":446377,"relics_obtained":[{"floor":9,"key":"Nunchaku"},{"floor":10,"key":"Art of War"},{"floor":24,"key":"infinitespire:EmpoweringShard"},{"floor":26,"key":"infinitespire:Satchel"},{"floor":31,"key":"Replay:Wax Seal"}],"event_choices":[{"cards_removed":["Strike_G"],"damage_healed":0,"gold_gain":0,"player_choice":"Card Removal","damage_taken":0,"max_hp_gain":0,"max_hp_loss":0,"event_name":"The Cleric","floor":2,"gold_loss":50},{"damage_healed":0,"gold_gain":0,"player_choice":"Forge","damage_taken":0,"max_hp_gain":0,"max_hp_loss":0,"event_name":"Accursed Blacksmith","floor":3,"gold_loss":0,"cards_upgraded":["Neutralize"]},{"damage_healed":0,"gold_gain":0,"player_choice":"Left Gold","damage_taken":0,"max_hp_gain":0,"max_hp_loss":0,"event_name":"World of Goop","floor":8,"gold_loss":45},{"damage_healed":0,"gold_gain":0,"player_choice":"Simplicity","damage_taken":0,"max_hp_gain":0,"max_hp_loss":0,"event_name":"Back to Basics","floor":21,"gold_loss":0,"cards_upgraded":["Strike_G","Strike_G","Strike_G","Strike_G","Defend_G","Defend_G","Defend_G","Defend_G"]},{"damage_healed":23,"gold_gain":0,"player_choice":"Heal","damage_taken":0,"max_hp_gain":0,"max_hp_loss":0,"event_name":"The Library","floor":28,"gold_loss":0}],"is_beta":false,"boss_relics":[{"not_picked":["Fusion Hammer","hubris:BlackHole"],"picked":"SlaversCollar"},{"not_picked":["Pandora\u0027s Box","Cursed Key"],"picked":"Astrolabe"}],"items_purged_floors":[],"is_endless":false,"potions_floor_spawned":[5,10,16,19,20,31],"killed_by":"Spire Growth","ascension_level":2}}