{"host":"tml1x4ylw9tadh99","time":1612873302,"event":{"mods":["AchievementEnabler","Act Like it!","BaseMod","Bestiary","Colored Map","Colored Powertips","DeckTracker","Friendly Minions","GifTheSpireLib","Minty Spire (QoL Compilation)","Quick Restart","Random Character Button","Random Character Mod","Relic Stats","StSLib","Synergy Search"],"gold_per_floor":[111,211,66,86,86,86,86],"floor_reached":6,"language":"ENG","playtime":525,"items_purged":[],"score":34,"play_id":"012c5f1d-0405-4218-adc0-91a99ca1ae61","local_time":"20210209132142","is_ascension_mode":false,"campfire_choices":[],"circlet_count":0,"master_deck":["Strike_G","Strike_G","Strike_G","Strike_G","Strike_G","Defend_G","Defend_G","Defend_G","Defend_G","Defend_G","Survivor","Neutralize","Leg Sweep"],"relics":["Ring of the Snake","Incense Burner","PrismaticShard","Golden Idol"],"acts_visited":["Exordium"],"potions_floor_usage":[6],"damage_taken":[{"damage":0,"enemies":"2 Louse","floor":1,"turns":4},{"damage":0,"enemies":"Cultist","floor":4,"turns":4},{"damage":19,"enemies":"Gremlin Nob","floor":6,"turns":5}],"seed_played":"-3588670188566090861","potions_obtained":[{"floor":1,"key":"Strength Potion"}],"is_trial":false,"path_per_floor":["M","?","$","M","?","E"],"character_chosen":"THE_SILENT","items_purchased":["PrismaticShard"],"campfire_rested":0,"item_purchase_floors":[3],"current_hp_per_floor":[49,49,49,49,32,13,13],"gold":86,"neow_bonus":"ONE_RARE_RELIC","is_daily":false,"chose_seed":false,"campfire_upgraded":0,"win_rate":0.0,"timestamp":1612873302,"path_taken":["M","?","?","?","?","E"],"items_purchased_type":["Relic"],"build_version":"2020-12-22","purchased_purges":0,"victory":false,"max_hp_per_floor":[70,70,70,70,70,70,70],"relic_stats":{"counters":[3,13],"Golden Idol":0,"obtain_stats":[{"Golden Idol":5,"Incense Burner":0,"PrismaticShard":3,"Ring of the Snake":0},{"Golden Idol":2,"Incense Burner":0,"PrismaticShard":1,"Ring of the Snake":0},{"Golden Idol":8,"Incense Burner":0,"PrismaticShard":4,"Ring of the Snake":0}],"Ring of the Snake":[6]},"card_choices":[{"not_picked":["Tactician","Dagger Spray"],"picked":"Leg Sweep","floor":1},{"not_picked":["Sweeping Beam","Quick Slash","Dagger Spray"],"picked":"SKIP","floor":4}],"player_experience":31547,"relics_obtained":[],"event_choices":[{"damage_healed":0,"gold_gain":100,"player_choice":"Pray","damage_taken":0,"max_hp_gain":0,"max_hp_loss":0,"event_name":"Golden Shrine","floor":2,"gold_loss":0},{"damage_healed":0,"gold_gain":0,"player_choice":"Take Damage","damage_taken":17,"relics_obtained":["Golden Idol"],"max_hp_gain":0,"max_hp_loss":0,"event_name":"Golden Idol","floor":5,"gold_loss":0}],"is_beta":false,"boss_relics":[],"items_purged_floors":[],"is_endless":false,"potions_floor_spawned":[1],"killed_by":"Gremlin Nob","ascension_level":0}}