{"host":"x5w9zppki4gdwvc7","time":1612901404,"event":{"mods":["AchievementEnabler","BaseMod","Colored Powertips","DeckTracker","Minty Spire (QoL Compilation)","SuperFastMode"],"gold_per_floor":[113,113,133,143,158,158,458,489,489,489,508,538,562,591,603,712,724,749,761,773,798,6,6,34,34,60,60,72,92,191,207,207,207,207],"floor_reached":33,"language":"ENG","playtime":1457,"items_purged":["Zap"],"score":425,"play_id":"b8c54437-95ed-4458-b1b3-9fb6f0252630","local_time":"20210209211004","is_ascension_mode":true,"campfire_choices":[{"data":"Barrage","floor":6,"key":"SMITH"},{"floor":10,"key":"REST"},{"floor":15,"key":"REST"},{"floor":23,"key":"REST"},{"floor":25,"key":"REST"},{"floor":32,"key":"REST"}],"circlet_count":0,"master_deck":["Strike_B+1","Strike_B+1","Defend_B+1","Defend_B+1","Defend_B+1","Defend_B+1","Dualcast","Coolheaded","Electrodynamics","Go for the Eyes","Glacier","Barrage+1","Sweeping Beam","Reinforced Body","Defragment","Gash","Streamline","Hologram","Gash","Reinforced Body","Echo Form","Rebound+1","Rebound+1","Ball Lightning+1","Cold Snap","Melter","Machine Learning","Coolheaded+1","Scrape","FTL+1","Ball Lightning+1","Gash+1","Glacier+1"],"relics":["Cracked Core","Old Coin","Peace Pipe","Prayer Wheel","MawBank","Inserter","Enchiridion","Cables","Chemical X","Darkstone Periapt","Bottled Flame","Smiling Mask"],"acts_visited":["Exordium","TheCity"],"potions_floor_usage":[12,21,24,28,31],"damage_taken":[{"damage":4,"enemies":"Small Slimes","floor":1,"turns":4},{"damage":12,"enemies":"Jaw Worm","floor":3,"turns":3},{"damage":9,"enemies":"2 Louse","floor":4,"turns":2},{"damage":1,"enemies":"Large Slime","floor":5,"turns":5},{"damage":10,"enemies":"3 Sentries","floor":8,"turns":7},{"damage":2,"enemies":"Blue Slaver","floor":11,"turns":3},{"damage":18,"enemies":"Lagavulin","floor":12,"turns":4},{"damage":10,"enemies":"Exordium Thugs","floor":13,"turns":2},{"damage":0,"enemies":"Large Slime","floor":14,"turns":4},{"damage":0,"enemies":"Slime Boss","floor":16,"turns":8},{"damage":24,"enemies":"Chosen","floor":18,"turns":6},{"damage":36,"enemies":"2 Thieves","floor":21,"turns":3},{"damage":0,"enemies":"Gremlin Leader","floor":24,"turns":5},{"damage":5,"enemies":"Cultist and Chosen","floor":28,"turns":5},{"damage":23,"enemies":"Snake Plant","floor":29,"turns":5},{"damage":13,"enemies":"Snecko","floor":31,"turns":4},{"damage":42,"enemies":"Automaton","floor":33,"turns":8}],"seed_played":"8522169975137830137","potions_obtained":[{"floor":1,"key":"FocusPotion"},{"floor":11,"key":"BlessingOfTheForge"},{"floor":13,"key":"Regen Potion"},{"floor":18,"key":"FocusPotion"},{"floor":24,"key":"Regen Potion"},{"floor":29,"key":"DistilledChaos"},{"floor":31,"key":"SteroidPotion"}],"is_trial":false,"path_per_floor":["M","?","M","M","M","R","?","E","T","R","M","E","M","M","R","B",null,"M","?","?","M","$","R","E","R","T","?","M","M","?","M","R","B"],"character_chosen":"DEFECT","items_purchased":["Cables","Chemical X","Darkstone Periapt","Melter"],"campfire_rested":5,"item_purchase_floors":[22,22,22,22],"current_hp_per_floor":[71,71,59,50,49,49,49,39,39,61,59,41,31,31,53,53,75,51,35,35,4,4,26,26,48,48,48,52,29,29,16,38,0,0],"gold":207,"neow_bonus":"REMOVE_CARD","is_daily":false,"chose_seed":false,"campfire_upgraded":1,"win_rate":0.0,"timestamp":1612901404,"path_taken":["M","?","M","M","M","R","?","E","T","R","M","E","M","?","R","BOSS","M","?","?","M","$","R","E","R","T","?","M","M","?","?","R","BOSS"],"items_purchased_type":["Relic","Relic","Relic","Card"],"build_version":"2020-12-22","purchased_purges":1,"victory":false,"max_hp_per_floor":[75,75,75,75,75,75,75,75,75,75,75,75,75,75,75,75,75,75,75,75,75,75,75,75,75,75,75,75,75,75,75,75,75,75],"card_choices":[{"not_picked":["Hello World","White Noise"],"picked":"Coolheaded","floor":1},{"not_picked":["Compile Driver","Rebound"],"picked":"Go for the Eyes","floor":3},{"not_picked":["Undo","Barrage"],"picked":"Glacier","floor":4},{"not_picked":["Redo","Steam"],"picked":"Barrage","floor":5},{"not_picked":["Steam","Scrape"],"picked":"Sweeping Beam","floor":8},{"not_picked":["Genetic Algorithm","Amplify"],"picked":"Reinforced Body","floor":11},{"not_picked":["Conserve Battery","Sweeping Beam"],"picked":"Defragment","floor":11},{"not_picked":["Auto Shields","Turbo"],"picked":"Gash","floor":12},{"not_picked":["Conserve Battery","Ball Lightning"],"picked":"Streamline","floor":13},{"not_picked":["Redo","Leap"],"picked":"Hologram","floor":13},{"not_picked":["Hologram","Coolheaded"],"picked":"Gash","floor":14},{"not_picked":["Hello World","Chaos"],"picked":"Reinforced Body","floor":14},{"not_picked":["Machine Learning","Electrodynamics"],"picked":"Echo Form","floor":16},{"not_picked":["Ball Lightning","White Noise"],"picked":"Rebound+1","floor":18},{"not_picked":["Go for the Eyes","BootSequence"],"picked":"Rebound+1","floor":18},{"not_picked":["Compile Driver","Recycle"],"picked":"Ball Lightning+1","floor":21},{"not_picked":["Turbo","Hologram"],"picked":"Cold Snap","floor":21},{"not_picked":["Machine Learning","Cold Snap","Conserve Battery+1"],"picked":"SKIP","floor":24},{"not_picked":["Cold Snap","Conserve Battery+1"],"picked":"Machine Learning","floor":24},{"not_picked":["Steam","Leap+1"],"picked":"Coolheaded+1","floor":28},{"not_picked":["Static Discharge+1","Sunder"],"picked":"Scrape","floor":28},{"not_picked":["Darkness","Reprogram"],"picked":"FTL+1","floor":29},{"not_picked":["Machine Learning","Redo"],"picked":"Ball Lightning+1","floor":29},{"not_picked":["Redo+1","Leap"],"picked":"Gash+1","floor":31},{"not_picked":["Redo","Ball Lightning"],"picked":"Glacier+1","floor":31}],"player_experience":570821,"relics_obtained":[{"floor":8,"key":"Peace Pipe"},{"floor":9,"key":"Prayer Wheel"},{"floor":12,"key":"MawBank"},{"floor":19,"key":"Enchiridion"},{"floor":24,"key":"Bottled Flame"},{"floor":26,"key":"Smiling Mask"}],"event_choices":[{"damage_healed":0,"gold_gain":0,"cards_transformed":["Strike_B"],"player_choice":"Change","damage_taken":0,"max_hp_gain":0,"max_hp_loss":0,"event_name":"Living Wall","floor":2,"gold_loss":0,"cards_obtained":["Electrodynamics"]},{"damage_healed":0,"gold_gain":0,"player_choice":"Searched \u00272\u0027 times","damage_taken":0,"relics_obtained":["Old Coin"],"max_hp_gain":0,"max_hp_loss":0,"event_name":"Dead Adventurer","floor":7,"gold_loss":0},{"damage_healed":0,"gold_gain":0,"player_choice":"Obtained Book","damage_taken":16,"max_hp_gain":0,"max_hp_loss":0,"event_name":"Cursed Tome","floor":19,"gold_loss":0},{"damage_healed":0,"gold_gain":0,"player_choice":"Simplicity","damage_taken":0,"max_hp_gain":0,"max_hp_loss":0,"event_name":"Back to Basics","floor":20,"gold_loss":0,"cards_upgraded":["Strike_B","Strike_B","Defend_B","Defend_B","Defend_B","Defend_B"]},{"damage_healed":0,"gold_gain":0,"player_choice":"Ignored","damage_taken":0,"max_hp_gain":0,"max_hp_loss":0,"event_name":"Ghosts","floor":27,"gold_loss":0},{"damage_healed":0,"gold_gain":99,"player_choice":"Stole From Cult","damage_taken":0,"max_hp_gain":0,"max_hp_loss":0,"event_name":"Nest","floor":30,"gold_loss":0}],"is_beta":false,"boss_relics":[{"not_picked":["Calling Bell","Sozu"],"picked":"Inserter"}],"items_purged_floors":[22],"is_endless":false,"potions_floor_spawned":[1,11,13,18,24,29,31],"killed_by":"Automaton","ascension_level":4}}