{"host":"d52brwsy6af8zvaq","time":1612834465,"event":{"mods":["AchievementEnabler","BaseMod","Bestiary","Highlight Path","Minty Spire (QoL Compilation)","Quick Restart","Relic Stats","ojb\u0027s Better Paths Mod"],"gold_per_floor":[209,359,32,91,111,111,145,145,145,163,13,13,40,66,78,161,173,198,210,19,37,37,37,56,56,56],"floor_reached":25,"language":"ENG","playtime":1626,"items_purged":["Doubt","Strike_B","Strike_B+1"],"score":418,"play_id":"4800afdc-da3c-40ca-8170-75ff6c950544","local_time":"20210208183425","is_ascension_mode":true,"campfire_choices":[{"data":"Defragment","floor":6.0,"key":"SMITH"},{"floor":12.0,"key":"REST"},{"floor":15.0,"key":"REST"},{"data":"Zap","floor":23.0,"key":"SMITH"}],"circlet_count":0,"master_deck":["AscendersBane","Strike_B+1","Strike_B+1","Defend_B+1","Defend_B+1","Defend_B+1","Defend_B+1","Zap+1","Dualcast","Go for the Eyes","Defragment+1","Echo Form","Static Discharge","Turbo","Streamline","Hologram","Glacier","Rip and Tear","Conserve Battery","Reinforced Body","Barrage","Seek","Hologram","Self Repair"],"relics":["Cracked Core","Orrery","Kunai","HornCleat","MawBank","Nuclear Battery"],"acts_visited":["TheCity"],"potions_floor_usage":[25],"damage_taken":[{"damage":2.0,"enemies":"Jaw Worm","floor":1.0,"turns":3.0},{"damage":5.0,"enemies":"Small Slimes","floor":5.0,"turns":3.0},{"damage":32.0,"enemies":"3 Sentries","floor":7.0,"turns":5.0},{"damage":3.0,"enemies":"2 Louse","floor":10.0,"turns":3.0},{"damage":28.0,"enemies":"Gremlin Nob","floor":13.0,"turns":4.0},{"damage":2.0,"enemies":"Large Slime","floor":14.0,"turns":6.0},{"damage":1.0,"enemies":"The Guardian","floor":16.0,"turns":12.0},{"damage":9.0,"enemies":"Chosen","floor":18.0,"turns":7.0},{"damage":1.0,"enemies":"2 Thieves","floor":21.0,"turns":5.0},{"damage":9,"enemies":"3 Cultists","floor":24,"turns":5},{"damage":54,"enemies":"Slavers","floor":25,"turns":4}],"seed_played":"-4200551659389322617","potions_obtained":[{"floor":1.0,"key":"FearPotion"},{"floor":16.0,"key":"BlessingOfTheForge"},{"floor":21.0,"key":"Strength Potion"}],"is_trial":false,"path_per_floor":["M","?","$","?","M","R","E","?","T","M","$","R","E","M","R","B",null,"M","?","$","M","?","R","M","E"],"character_chosen":"DEFECT","items_purchased":["Defragment","Orrery","Conserve Battery","Self Repair"],"campfire_rested":2,"item_purchase_floors":[3,3,11,20],"current_hp_per_floor":[62,62,62,62,57,57,25,25,25,22,22,43,15,13,34,33,62,53,53,53,66,46,46,44,0,0],"gold":56,"neow_bonus":"HUNDRED_GOLD","is_daily":false,"chose_seed":false,"campfire_upgraded":2,"win_rate":0.0,"timestamp":1612834465,"path_taken":["M","?","$","?","M","R","E","?","T","M","$","R","E","M","R","BOSS","M","?","$","M","?","R","M","E"],"items_purchased_type":["Card","Relic","Card","Card"],"build_version":"2020-12-22","purchased_purges":3,"victory":false,"max_hp_per_floor":[71,71,71,71,71,71,71,71,71,71,71,71,71,71,71,71,71,71,71,71,71,76,76,76,76,76],"relic_stats":{"counters":[11,57],"Kunai":[6],"MawBank":84,"obtain_stats":[{"HornCleat":9,"Orrery":3,"Kunai":7,"Cracked Core":0,"MawBank":13,"Nuclear Battery":17},{"HornCleat":3,"Orrery":1,"Kunai":3,"Cracked Core":0,"MawBank":5,"Nuclear Battery":7},{"HornCleat":11,"Orrery":3,"Kunai":11,"Cracked Core":0,"MawBank":18,"Nuclear Battery":36}]},"card_choices":[{"not_picked":["Steam","Rebound"],"picked":"Go for the Eyes","floor":1.0},{"not_picked":["Leap","Streamline"],"picked":"Echo Form","floor":3.0},{"not_picked":["Leap","Lockon"],"picked":"Static Discharge","floor":3.0},{"not_picked":["Steam","Reinforced Body"],"picked":"Turbo","floor":3.0},{"not_picked":["Lockon","Steam"],"picked":"Streamline","floor":3.0},{"not_picked":["Darkness","Skim"],"picked":"Hologram","floor":3.0},{"not_picked":["Hologram","Steam","Go for the Eyes"],"picked":"SKIP","floor":5.0},{"not_picked":["Cold Snap","Rainbow"],"picked":"Glacier","floor":7.0},{"not_picked":["Gash","Turbo"],"picked":"Rip and Tear","floor":10.0},{"not_picked":["Turbo","Coolheaded"],"picked":"Reinforced Body","floor":13.0},{"not_picked":["Compile Driver","Melter"],"picked":"Barrage","floor":14.0},{"not_picked":["Biased Cognition","Hyperbeam"],"picked":"Seek","floor":16.0},{"not_picked":["Streamline+1","Rip and Tear+1"],"picked":"Hologram","floor":18.0},{"not_picked":["Consume","Auto Shields","Beam Cell+1"],"picked":"SKIP","floor":21.0},{"not_picked":["Conserve Battery","Turbo","Steam"],"picked":"SKIP","floor":24}],"player_experience":2190771,"relics_obtained":[{"floor":7.0,"key":"Kunai"},{"floor":9.0,"key":"HornCleat"},{"floor":13.0,"key":"MawBank"}],"event_choices":[{"damage_healed":0.0,"max_hp_gain":0.0,"max_hp_loss":0.0,"gold_gain":150.0,"event_name":"Liars Game","player_choice":"AGREE","floor":2.0,"gold_loss":0.0,"damage_taken":0.0,"cards_obtained":["Doubt"]},{"damage_healed":0.0,"max_hp_gain":0.0,"max_hp_loss":0.0,"gold_gain":59.0,"event_name":"Golden Wing","player_choice":"Gained Gold","floor":4.0,"gold_loss":0.0,"damage_taken":0.0},{"damage_healed":0.0,"max_hp_gain":0.0,"max_hp_loss":0.0,"gold_gain":0.0,"event_name":"Shining Light","player_choice":"Ignored","floor":8.0,"gold_loss":0.0,"damage_taken":0.0},{"damage_healed":0.0,"max_hp_gain":0.0,"max_hp_loss":0.0,"gold_gain":0.0,"event_name":"Back to Basics","player_choice":"Simplicity","floor":19.0,"gold_loss":0.0,"damage_taken":0.0,"cards_upgraded":["Strike_B","Strike_B","Strike_B","Defend_B","Defend_B","Defend_B","Defend_B"]},{"damage_healed":0.0,"max_hp_gain":5.0,"max_hp_loss":0.0,"gold_gain":0.0,"event_name":"Forgotten Altar","player_choice":"Shed Blood","floor":22.0,"gold_loss":0.0,"damage_taken":25.0}],"is_beta":false,"boss_relics":[{"not_picked":["Ectoplasm","Runic Pyramid"],"picked":"Nuclear Battery"}],"items_purged_floors":[3,11,20],"is_endless":false,"potions_floor_spawned":[1,16,21],"killed_by":"Slavers","ascension_level":20}}