{"host":"06gxn1c1bsk424jw","time":1612856825,"event":{"mods":["BaseMod","DeckTracker","Minty Spire (QoL Compilation)","SuperFastMode"],"gold_per_floor":[365,365,385,400,0,26,26,26,72,83,99,249,249,267,267,340,340,354,404,404,423,436,436,436,453,505,505,520,531,265,265,265,343,343,362,362,378,47,95,95,126,126,126,151,151,162,177,177,177,177],"floor_reached":51,"language":"KOR","playtime":4878,"items_purged":["Strike_R","Strike_R","Strike_R+1"],"score":1445,"play_id":"578d5ba8-197d-4dc4-9f78-9189fa41be46","local_time":"20210209164705","is_ascension_mode":true,"campfire_choices":[{"floor":8.0,"key":"REST"},{"data":"Limit Break","floor":15.0,"key":"SMITH"},{"data":"Barricade","floor":23.0,"key":"SMITH"},{"floor":27.0,"key":"REST"},{"data":"Second Wind","floor":32,"key":"SMITH"},{"floor":40,"key":"REST"},{"floor":42,"key":"REST"},{"data":"Dark Embrace","floor":45,"key":"SMITH"},{"data":"Battle Trance","floor":49,"key":"SMITH"}],"circlet_count":0,"master_deck":["AscendersBane","Defend_R+1","Defend_R","Defend_R","Defend_R","Bash","Whirlwind","Limit Break+1","Inflame","Battle Trance+1","Parasite","Second Wind+1","Doubt","Shockwave","Barricade+1","Power Through","Shrug It Off+1","Immolate","Bloodletting","Offering","Feel No Pain","Dark Embrace+1"],"relics":["Burning Blood","Pantograph","Blood Vial","Boot","Thread and Needle","Runic Pyramid","MutagenicStrength","Strawberry","Chemical X","Philosopher\u0027s Stone","Lantern","Peace Pipe","Red Skull","Pen Nib","Gambling Chip"],"acts_visited":["Exordium","TheCity","TheBeyond"],"potions_floor_usage":[39,50,50],"damage_taken":[{"damage":12.0,"enemies":"Cultist","floor":1.0,"turns":4.0},{"damage":2.0,"enemies":"Jaw Worm","floor":3.0,"turns":4.0},{"damage":0.0,"enemies":"Small Slimes","floor":4.0,"turns":2.0},{"damage":41.0,"enemies":"Lagavulin","floor":6.0,"turns":8.0},{"damage":9.0,"enemies":"2 Fungi Beasts","floor":10.0,"turns":3.0},{"damage":13.0,"enemies":"Blue Slaver","floor":11.0,"turns":4.0},{"damage":2.0,"enemies":"Looter","floor":14.0,"turns":4.0},{"damage":46.0,"enemies":"Hexaghost","floor":16.0,"turns":10.0},{"damage":29.0,"enemies":"Spheric Guardian","floor":18.0,"turns":6.0},{"damage":11.0,"enemies":"Shell Parasite","floor":21.0,"turns":8.0},{"damage":7.0,"enemies":"Centurion and Healer","floor":22.0,"turns":10.0},{"damage":23.0,"enemies":"Snake Plant","floor":25.0,"turns":7.0},{"damage":32.0,"enemies":"Sentry and Sphere","floor":28.0,"turns":10.0},{"damage":9.0,"enemies":"Shelled Parasite and Fungi","floor":29.0,"turns":10.0},{"damage":18,"enemies":"Automaton","floor":33,"turns":7},{"damage":3,"enemies":"3 Darklings","floor":35,"turns":4},{"damage":9,"enemies":"Orb Walker","floor":37,"turns":4},{"damage":63,"enemies":"2 Orb Walkers","floor":39,"turns":6},{"damage":12,"enemies":"Reptomancer","floor":41,"turns":6},{"damage":12,"enemies":"Mind Bloom Boss Battle","floor":44,"turns":4},{"damage":9,"enemies":"Transient","floor":46,"turns":6},{"damage":8,"enemies":"Sphere and 2 Shapes","floor":47,"turns":3},{"damage":24,"enemies":"Awakened One","floor":50,"turns":7}],"seed_played":"8496565486665762470","potions_obtained":[{"floor":3.0,"key":"ElixirPotion"},{"floor":10.0,"key":"AttackPotion"},{"floor":14.0,"key":"LiquidBronze"},{"floor":20.0,"key":"FairyPotion"},{"floor":20.0,"key":"Fire Potion"},{"floor":41,"key":"SkillPotion"},{"floor":47,"key":"PowerPotion"}],"is_trial":false,"path_per_floor":["M","?","M","M","$","E","?","R","T","M","M","?","?","M","R","B",null,"M","?","?","M","M","R","?","M","T","R","M","M","$","?","R","B",null,"M","?","M","$","?","R","E","R","T","?","R","M","M","?","R","B",null],"character_chosen":"IRONCLAD","items_purchased":["Inflame","Pantograph","Chemical X","Lantern","Dark Embrace"],"campfire_rested":4,"item_purchase_floors":[5,5,30,38,38],"current_hp_per_floor":[62,42,46,52,52,17,34,54,54,53,48,48,48,54,54,28,58,37,37,37,34,35,35,35,20,27,49,25,24,24,24,24,39,66,71,71,70,70,15,37,33,55,55,69,69,68,68,68,68,53],"gold":177,"neow_bonus":"TWO_FIFTY_GOLD","is_daily":false,"chose_seed":false,"campfire_upgraded":5,"win_rate":0.0,"timestamp":1612856825,"path_taken":["M","?","M","M","$","E","?","R","T","M","M","?","?","M","R","BOSS","M","?","?","?","?","R","?","M","T","R","M","M","$","?","R","BOSS","M","?","M","$","?","R","E","R","T","?","R","M","M","?","R","BOSS"],"items_purchased_type":["Card","Relic","Relic","Relic","Card"],"build_version":"2020-12-22","purchased_purges":3,"victory":true,"max_hp_per_floor":[68,68,68,68,68,68,68,68,68,68,68,68,68,68,68,68,68,68,68,68,68,68,68,68,68,75,75,75,75,75,75,75,75,75,75,75,75,75,75,75,75,75,75,75,75,75,75,71,71,71],"card_choices":[{"not_picked":["Thunderclap","Clash","Warcry"],"picked":"SKIP","floor":1.0},{"not_picked":["Havoc","Anger"],"picked":"Whirlwind","floor":3.0},{"not_picked":["Shrug It Off","Pummel"],"picked":"Limit Break","floor":4.0},{"not_picked":["Perfected Strike","Dark Embrace"],"picked":"Battle Trance","floor":6.0},{"not_picked":["Clash","Shrug It Off"],"picked":"Second Wind","floor":10.0},{"not_picked":["Sword Boomerang","Pommel Strike","Burning Pact"],"picked":"SKIP","floor":11.0},{"not_picked":["Sword Boomerang","Pommel Strike","Burning Pact"],"picked":"SKIP","floor":11.0},{"not_picked":["Sword Boomerang","Pommel Strike","Burning Pact"],"picked":"SKIP","floor":11.0},{"not_picked":["Heavy Blade","True Grit"],"picked":"Shockwave","floor":14.0},{"not_picked":["Feed","Corruption"],"picked":"Barricade","floor":16.0},{"not_picked":["Heavy Blade","Armaments"],"picked":"Power Through","floor":18.0},{"not_picked":["Perfected Strike","Headbutt","Flex"],"picked":"SKIP","floor":21.0},{"not_picked":["Shrug It Off","Dual Wield","Anger"],"picked":"SKIP","floor":22.0},{"not_picked":["Sever Soul","Battle Trance","True Grit"],"picked":"SKIP","floor":25.0},{"not_picked":["Evolve","True Grit"],"picked":"Shrug It Off+1","floor":28.0},{"not_picked":["Heavy Blade","Blood for Blood"],"picked":"Immolate","floor":29.0},{"not_picked":["Brutality","Exhume"],"picked":"Offering","floor":33},{"not_picked":["Combust","True Grit"],"picked":"Feel No Pain","floor":35},{"not_picked":["Warcry","Iron Wave","Heavy Blade"],"picked":"SKIP","floor":37},{"not_picked":["Carnage","Dark Embrace","Sentinel"],"picked":"SKIP","floor":41},{"not_picked":["Intimidate","Anger+1","Thunderclap"],"picked":"SKIP","floor":46},{"not_picked":["Barricade","Wild Strike+1","Havoc"],"picked":"SKIP","floor":47}],"player_experience":816458,"relics_obtained":[{"floor":6.0,"key":"Blood Vial"},{"floor":9.0,"key":"Boot"},{"floor":26.0,"key":"Strawberry"},{"floor":39,"key":"Peace Pipe"},{"floor":41,"key":"Red Skull"},{"floor":43,"key":"Pen Nib"},{"floor":44,"key":"Gambling Chip"}],"event_choices":[{"damage_healed":0.0,"max_hp_gain":0.0,"max_hp_loss":0.0,"gold_gain":0.0,"event_name":"Shining Light","player_choice":"Entered Light","floor":2.0,"gold_loss":0.0,"damage_taken":20.0,"cards_upgraded":["Defend_R","Strike_R"]},{"damage_healed":17.0,"max_hp_gain":0.0,"max_hp_loss":0.0,"gold_gain":0.0,"event_name":"Mushrooms","player_choice":"Healed and dodged fight","floor":7.0,"gold_loss":0.0,"damage_taken":0.0,"cards_obtained":["Parasite"]},{"damage_healed":0.0,"max_hp_gain":0.0,"max_hp_loss":0.0,"gold_gain":150.0,"event_name":"Liars Game","player_choice":"AGREE","floor":12.0,"gold_loss":0.0,"damage_taken":0.0,"cards_obtained":["Doubt"]},{"damage_healed":0.0,"max_hp_gain":0.0,"max_hp_loss":0.0,"gold_gain":0.0,"event_name":"Dead Adventurer","player_choice":"Searched \u00271\u0027 times","floor":13.0,"gold_loss":0.0,"damage_taken":0.0,"relics_obtained":["Thread and Needle"]},{"damage_healed":0.0,"max_hp_gain":0.0,"max_hp_loss":0.0,"gold_gain":50.0,"event_name":"Nest","player_choice":"Stole From Cult","floor":19.0,"gold_loss":0.0,"damage_taken":0.0},{"damage_healed":0.0,"max_hp_gain":0.0,"max_hp_loss":0.0,"gold_gain":0.0,"event_name":"Lab","player_choice":"Got Potions","floor":20.0,"gold_loss":0.0,"damage_taken":0.0},{"damage_healed":0.0,"max_hp_gain":0.0,"max_hp_loss":0.0,"gold_gain":0.0,"event_name":"Drug Dealer","player_choice":"Inject Mutagens","floor":24.0,"gold_loss":0.0,"damage_taken":0.0,"relics_obtained":["MutagenicStrength"]},{"damage_healed":0,"gold_gain":0,"cards_transformed":["Strike_R"],"player_choice":"Transformed","damage_taken":0,"max_hp_gain":0,"max_hp_loss":0,"event_name":"Transmorgrifier","floor":31,"gold_loss":0,"cards_obtained":["Bloodletting"]},{"cards_removed":["Strike_R"],"damage_healed":0,"gold_gain":0,"player_choice":"Removed Attack","damage_taken":0,"max_hp_gain":0,"max_hp_loss":0,"event_name":"Falling","floor":36,"gold_loss":0},{"damage_healed":0,"gold_gain":0,"player_choice":"Fight","damage_taken":0,"max_hp_gain":0,"max_hp_loss":0,"event_name":"Mysterious Sphere","floor":39,"gold_loss":0},{"damage_healed":0,"gold_gain":0,"player_choice":"Fight","damage_taken":0,"max_hp_gain":0,"max_hp_loss":0,"event_name":"MindBloom","floor":44,"gold_loss":0},{"damage_healed":0,"gold_gain":0,"player_choice":"Max HP","damage_taken":0,"max_hp_gain":0,"max_hp_loss":4,"event_name":"Winding Halls","floor":48,"gold_loss":0}],"is_beta":false,"boss_relics":[{"not_picked":["Black Blood","Black Star"],"picked":"Runic Pyramid"},{"not_picked":["Snecko Eye","Velvet Choker"],"picked":"Philosopher\u0027s Stone"}],"items_purged_floors":[5,30,38],"is_endless":false,"potions_floor_spawned":[3,10,14,21,22,29,35,41,47],"ascension_level":19}}