{"host":"rw1trt79hfpl7pom","time":1612859778,"event":{"mods":["BaseMod","Bestiary","Colored Map","Minty Spire (QoL Compilation)","Relic Stats","StSLib","SuperFastMode"],"gold_per_floor":[117,42,42,62,62,89,89,124,147,164,239,239,256,272,272,343,343,362,373,198,198,212,241,241,241,241,285,309,336,102,102,102,102,102],"floor_reached":33,"language":"ENG","playtime":1055,"items_purged":["Strike_B","Strike_B","Defend_B"],"score":640,"play_id":"ac7800d2-b2f9-41e0-8829-34693f83d770","local_time":"20210209003618","is_ascension_mode":true,"campfire_choices":[{"data":"Zap","floor":7.0,"key":"SMITH"},{"data":"Hologram","floor":12.0,"key":"SMITH"},{"data":"Defragment","floor":15.0,"key":"SMITH"},{"data":"Sunder","floor":24.0,"key":"SMITH"},{"floor":32,"key":"REST"}],"circlet_count":0,"master_deck":["AscendersBane","Defend_B","Defend_B","Defend_B","Zap+1","Dualcast","Glacier","Tempest","Hologram+1","Conserve Battery","Sweeping Beam","Genetic Algorithm","Defragment+1","Machine Learning","Melter","Turbo","Lockon","Sunder+1","Coolheaded","Cold Snap+1","Ball Lightning+1","Self Repair","Auto Shields"],"relics":["Cracked Core","NeowsBlessing","Strawberry","Happy Flower","PreservedInsect","Cursed Key","Molten Egg 2","CeramicFish"],"acts_visited":["Exordium","TheCity"],"potions_floor_usage":[29,33],"damage_taken":[{"damage":0.0,"enemies":"2 Louse","floor":1.0,"turns":1.0},{"damage":0.0,"enemies":"Cultist","floor":4.0,"turns":1.0},{"damage":0.0,"enemies":"Gremlin Nob","floor":6.0,"turns":1.0},{"damage":30.0,"enemies":"3 Sentries","floor":8.0,"turns":16.0},{"damage":0.0,"enemies":"Small Slimes","floor":10.0,"turns":2.0},{"damage":16.0,"enemies":"Exordium Wildlife","floor":13.0,"turns":6.0},{"damage":0.0,"enemies":"Looter","floor":14.0,"turns":4.0},{"damage":2.0,"enemies":"The Guardian","floor":16.0,"turns":16.0},{"damage":0.0,"enemies":"2 Thieves","floor":18.0,"turns":4.0},{"damage":22.0,"enemies":"Shell Parasite","floor":19.0,"turns":5.0},{"damage":0.0,"enemies":"Centurion and Healer","floor":22.0,"turns":6.0},{"damage":10.0,"enemies":"Gremlin Leader","floor":23.0,"turns":5.0},{"damage":9.0,"enemies":"Book of Stabbing","floor":27.0,"turns":4.0},{"damage":12.0,"enemies":"Snake Plant","floor":28.0,"turns":4.0},{"damage":8,"enemies":"Shelled Parasite and Fungi","floor":29,"turns":5},{"damage":30,"enemies":"Automaton","floor":33,"turns":6}],"seed_played":"980206972632212461","potions_obtained":[{"floor":6.0,"key":"SteroidPotion"},{"floor":13.0,"key":"Block Potion"},{"floor":18.0,"key":"Swift Potion"},{"floor":19.0,"key":"Weak Potion"},{"floor":23.0,"key":"ColorlessPotion"}],"is_trial":false,"path_per_floor":["M","$","?","M","$","E","R","E","T","M","?","R","M","M","R","B",null,"M","M","$","?","M","E","R","?","T","E","M","M","$","T","R","B"],"character_chosen":"DEFECT","items_purchased":["Lockon","Self Repair","Auto Shields"],"campfire_rested":1,"item_purchase_floors":[20,30,30],"current_hp_per_floor":[64,64,64,64,64,71,71,41,41,41,30,30,14,14,14,12,62,62,40,40,40,40,30,30,30,30,21,9,1,1,1,24,0,0],"gold":102,"neow_bonus":"THREE_ENEMY_KILL","is_daily":false,"chose_seed":false,"campfire_upgraded":4,"win_rate":0.0,"timestamp":1612859778,"path_taken":["M","$","?","?","$","E","R","E","T","M","?","R","M","M","R","BOSS","M","M","$","?","M","E","R","?","T","E","?","?","?","?","R","BOSS"],"items_purchased_type":["Card","Card","Card"],"build_version":"2020-12-22","purchased_purges":3,"victory":false,"max_hp_per_floor":[71,71,71,71,71,78,78,78,78,78,78,78,78,78,78,78,78,78,78,78,78,78,78,78,78,78,78,78,78,78,78,78,78,78],"relic_stats":{"Happy Flower":[22],"counters":[16,86],"CeramicFish":45,"PreservedInsect":91,"Cursed Key":0,"obtain_stats":[{"NeowsBlessing":0,"Happy Flower":8,"Strawberry":6,"CeramicFish":27,"Molten Egg 2":23,"PreservedInsect":9,"Cracked Core":0,"Cursed Key":17},{"NeowsBlessing":0,"Happy Flower":4,"Strawberry":3,"CeramicFish":13,"Molten Egg 2":12,"PreservedInsect":4,"Cracked Core":0,"Cursed Key":8},{"NeowsBlessing":0,"Happy Flower":19,"Strawberry":3,"CeramicFish":71,"Molten Egg 2":67,"PreservedInsect":19,"Cracked Core":0,"Cursed Key":47}]},"card_choices":[{"not_picked":["Redo","Darkness"],"picked":"Glacier","floor":1.0},{"not_picked":["Gash","Go for the Eyes"],"picked":"Hologram","floor":4.0},{"not_picked":["Rebound","Force Field"],"picked":"Conserve Battery","floor":6.0},{"not_picked":["Steam Power","Beam Cell"],"picked":"Sweeping Beam","floor":8.0},{"not_picked":["Beam Cell","Scrape"],"picked":"Genetic Algorithm","floor":10.0},{"not_picked":["Capacitor","Ball Lightning"],"picked":"Defragment","floor":13.0},{"not_picked":["Streamline","Chaos","Steam"],"picked":"SKIP","floor":14.0},{"not_picked":["Amplify","Hyperbeam"],"picked":"Machine Learning","floor":16.0},{"not_picked":["Compile Driver","Leap"],"picked":"Melter","floor":18.0},{"not_picked":["Compile Driver","Leap"],"picked":"Turbo","floor":19.0},{"not_picked":["Thunder Strike","Skim+1"],"picked":"Sunder","floor":22.0},{"not_picked":["BootSequence","Conserve Battery","Steam"],"picked":"SKIP","floor":23.0},{"not_picked":["Steam Power","Streamline+1"],"picked":"Coolheaded","floor":27.0},{"not_picked":["Conserve Battery+1","Chaos"],"picked":"Cold Snap+1","floor":28.0},{"not_picked":["Go for the Eyes+1","Coolheaded"],"picked":"Ball Lightning+1","floor":29}],"player_experience":2657115,"relics_obtained":[{"floor":6.0,"key":"Strawberry"},{"floor":8.0,"key":"Happy Flower"},{"floor":9.0,"key":"PreservedInsect"},{"floor":23.0,"key":"Molten Egg 2"},{"floor":27.0,"key":"CeramicFish"}],"event_choices":[{"damage_healed":0.0,"max_hp_gain":0.0,"max_hp_loss":0.0,"gold_gain":0.0,"cards_transformed":["Strike_B"],"event_name":"Transmorgrifier","player_choice":"Transformed","floor":3.0,"gold_loss":0.0,"damage_taken":0.0,"cards_obtained":["Tempest"]},{"damage_healed":0.0,"max_hp_gain":0.0,"max_hp_loss":0.0,"gold_gain":75.0,"event_name":"World of Goop","player_choice":"Gather Gold","floor":11.0,"gold_loss":0.0,"damage_taken":11.0},{"damage_healed":0.0,"max_hp_gain":0.0,"max_hp_loss":0.0,"gold_gain":0.0,"event_name":"Vampires","player_choice":"Ignored","floor":21.0,"gold_loss":0.0,"damage_taken":0.0},{"cards_removed":["Strike_B"],"damage_healed":0.0,"max_hp_gain":0.0,"max_hp_loss":0.0,"gold_gain":0.0,"event_name":"Purifier","player_choice":"Purged","floor":25.0,"gold_loss":0.0,"damage_taken":0.0}],"is_beta":false,"boss_relics":[{"not_picked":["Astrolabe","Pandora\u0027s Box"],"picked":"Cursed Key"}],"items_purged_floors":[2,20,30],"is_endless":false,"potions_floor_spawned":[6,13,18,19,23,28],"killed_by":"Automaton","ascension_level":20}}