{"host":"J","time":1612909779,"event":{"mods":["BaseMod","Minty Spire (QoL Compilation)","StSLib","The Marked"],"gold_per_floor":[117,128,128,128,148,181,256,256,279,296,5,5,5,5,5,107,107,121,133,133,133,133],"floor_reached":21,"language":"ENG","playtime":725,"items_purged":["theMarked:Strike"],"score":177,"play_id":"a58eb863-59f6-4936-bed2-ff636e758126","local_time":"20210209232939","is_ascension_mode":false,"campfire_choices":[{"floor":8,"key":"REST"},{"floor":13,"key":"REST"},{"data":"theMarked:Determination","floor":15,"key":"SMITH"}],"circlet_count":0,"master_deck":["theMarked:Strike","theMarked:Strike","theMarked:Strike","theMarked:Defend","theMarked:Defend","theMarked:Defend","theMarked:Defend","theMarked:SoldierOfQuellstein","theMarked:BanishingStrike","theMarked:MysticalArsenal","theMarked:Seal","theMarked:SwordAndMagic","theMarked:Improvise+1","theMarked:Determination+1","theMarked:UnarmedFury","theMarked:HeightenedSenses","theMarked:ElectricStrings+1"],"relics":["theMarked:ArtifactOfAir","Vajra","Matryoshka","Pen Nib","Juzu Bracelet","PreservedInsect","theMarked:SpiritSword"],"acts_visited":["Exordium","TheCity"],"potions_floor_usage":[6,16,18,19,21],"damage_taken":[{"damage":1,"enemies":"Cultist","floor":1,"turns":3},{"damage":0,"enemies":"Small Slimes","floor":2,"turns":2},{"damage":12,"enemies":"Jaw Worm","floor":5,"turns":4},{"damage":22,"enemies":"3 Sentries","floor":6,"turns":8},{"damage":21,"enemies":"Exordium Thugs","floor":10,"turns":5},{"damage":32,"enemies":"Slime Boss","floor":16,"turns":7},{"damage":6,"enemies":"3 Byrds","floor":18,"turns":4},{"damage":26,"enemies":"2 Thieves","floor":19,"turns":4},{"damage":48,"enemies":"Masked Bandits","floor":21,"turns":5}],"seed_played":"-2021414893122347915","potions_obtained":[{"floor":0,"key":"FearPotion"},{"floor":0,"key":"Dexterity Potion"},{"floor":0,"key":"SkillPotion"},{"floor":10,"key":"FearPotion"},{"floor":16,"key":"FearPotion"},{"floor":18,"key":"Block Potion"}],"is_trial":false,"path_per_floor":["M","M","?","?","M","E","?","R","T","M","$","?","R","$","R","B",null,"M","M","?","?"],"character_chosen":"THE_DEFAULT","items_purchased":["theMarked:Determination","PreservedInsect"],"campfire_rested":2,"item_purchase_floors":[11,11],"current_hp_per_floor":[69,69,57,57,45,23,12,33,33,12,12,12,33,33,33,1,70,64,38,38,0,0],"gold":133,"neow_bonus":"THREE_SMALL_POTIONS","is_daily":false,"chose_seed":false,"campfire_upgraded":1,"win_rate":0.0,"timestamp":1612909779,"path_taken":["M","M","?","?","M","E","?","R","T","M","$","?","R","?","R","BOSS","M","M","?","?"],"items_purchased_type":["Card","Relic"],"build_version":"2020-12-18","purchased_purges":1,"victory":false,"max_hp_per_floor":[70,70,70,70,70,70,70,70,70,70,70,70,70,70,70,70,70,70,70,70,70,70],"card_choices":[{"not_picked":["theMarked:Determination","theMarked:WastefulAttack"],"picked":"theMarked:BanishingStrike","floor":1},{"not_picked":["theMarked:ContemptForTheProud","theMarked:ChainLightning"],"picked":"theMarked:MysticalArsenal","floor":2},{"not_picked":["theMarked:Friction","theMarked:ShockingTouch"],"picked":"theMarked:Seal","floor":5},{"not_picked":["theMarked:Friction","theMarked:BanishingStrike"],"picked":"theMarked:SwordAndMagic","floor":6},{"not_picked":["theMarked:Polarize","theMarked:SwordAndMagic"],"picked":"theMarked:Improvise","floor":10},{"not_picked":["theMarked:Challenge","theMarked:Defy"],"picked":"theMarked:UnarmedFury","floor":16},{"not_picked":["theMarked:ShockingTouch+1","theMarked:Improvise"],"picked":"theMarked:HeightenedSenses","floor":18},{"not_picked":["theMarked:ContemptForTheProud+1","theMarked:ResourceFulStrike"],"picked":"theMarked:ElectricStrings+1","floor":19}],"player_experience":1222756,"relics_obtained":[{"floor":6,"key":"Matryoshka"},{"floor":9,"key":"Pen Nib"},{"floor":9,"key":"Juzu Bracelet"}],"event_choices":[{"damage_healed":0,"gold_gain":0,"player_choice":"Success","damage_taken":12,"relics_obtained":["Vajra"],"max_hp_gain":0,"max_hp_loss":0,"event_name":"Scrap Ooze","floor":3,"gold_loss":0},{"damage_healed":0,"gold_gain":0,"player_choice":"Ignored","damage_taken":0,"max_hp_gain":0,"max_hp_loss":0,"event_name":"Shining Light","floor":4,"gold_loss":0},{"damage_healed":0,"gold_gain":75,"player_choice":"Gather Gold","damage_taken":11,"max_hp_gain":0,"max_hp_loss":0,"event_name":"World of Goop","floor":7,"gold_loss":0},{"damage_healed":0,"gold_gain":0,"player_choice":"Forge","damage_taken":0,"max_hp_gain":0,"max_hp_loss":0,"event_name":"Accursed Blacksmith","floor":12,"gold_loss":0,"cards_upgraded":["theMarked:Improvise"]},{"cards_removed":["theMarked:Strike"],"damage_healed":0,"gold_gain":0,"player_choice":"Purged","damage_taken":0,"max_hp_gain":0,"max_hp_loss":0,"event_name":"Purifier","floor":20,"gold_loss":0},{"damage_healed":0,"gold_gain":0,"player_choice":"Fought Bandits","damage_taken":0,"max_hp_gain":0,"max_hp_loss":0,"event_name":"Masked Bandits","floor":21,"gold_loss":0}],"is_beta":true,"boss_relics":[{"not_picked":["SacredBark","Snecko Eye"],"picked":"theMarked:SpiritSword"}],"items_purged_floors":[11],"is_endless":false,"potions_floor_spawned":[1,10,16,18],"killed_by":"Masked Bandits","ascension_level":0}}