{"host":"xp5rvh2jwe2ejyfm","time":1612890846,"event":{"mods":["2.2 Compatiblity","Aspiration","BaseMod","Better Altar","Better Match","Better Note","Better Sensory Stone","Better Skull","BetterRewards","Colored Powertips","Conspire","Downfall","GifTheSpireLib","Gremlin Mod","GungeonMod","Hermit","Hubris","Jorbs\u0027s Wanderer Trilogy","Minty Spire (QoL Compilation)","Potionbrewer","Quick Restart","Replay The Spire","Robot Space Explorer","Shade Mod","Somnambulant","StSLib","The Bug Knight","The Clintock","The Construct","The Cursed","The Disciple","The Forsaken","The Hierophant","The Necromancer","The Runesmith","The Servant 0.9.4","The Valiant","The Witch","TheFirefly","thorton"],"gold_per_floor":[110,125,140,160,160,187,187,203,257,257,270,282,311,331,331,426,426,437,387,397,412,431,431,448,448,448,462,462,462,310,326,326,326,326],"floor_reached":33,"language":"ENG","playtime":1365,"items_purged":[],"score":290,"play_id":"05a623cc-1fe1-4bd6-8f7e-7ea8d5b3f9f7","local_time":"20210209121406","is_ascension_mode":false,"campfire_choices":[{"floor":7,"key":"RECALL"},{"data":"Shade:AnimateDead","floor":15,"key":"SMITH"},{"floor":23,"key":"REST"},{"floor":25,"key":"REST"},{"floor":32,"key":"REST"}],"circlet_count":0,"master_deck":["Shade:Strike_Shade","Shade:Strike_Shade","Shade:Strike_Shade","Shade:Strike_Shade","Shade:Defend_Shade","Shade:Defend_Shade","Shade:Defend_Shade","Shade:Defend_Shade","Shade:AnimateDead+1","Shade:CarefulCut","conspire:Banana+1","Shade:FingerOfDeath","Shade:GraveStillness","Shade:FreshBones","Shade:OpenGraves","Shade:ScuttlingHand","Shade:PressTheAttack","Shade:SkeletonHug","Shade:SkeletonArmy","Shade:Excise","Shade:GraveStillness","Shade:UnbarTheGrave","Shade:ExtraLimbs+1","Shade:FreshBones+1","Shade:CommandSoldier+1","Shade:FreshBones+1","Shade:GraveStillness","Shade:DangerousRitual","Shade:ClawBack","Shade:FingerOfDeath","Shade:SpectralStrikes+1","Shade:LichForm","Shade:ClawBack","Shade:WallOfFlesh"],"relics":["Shade:YorickSkull","Replay:Mystery Machine","Regal Pillow","hubris:Towel","aspiration:FetidBarrel","aspiration:MobileForge","Orrery"],"acts_visited":["Exordium","TheCity"],"potions_floor_usage":[3,6,13,16,16,18,22,24,33],"damage_taken":[{"damage":0,"enemies":"conspire:RoseBush","floor":1,"turns":2},{"damage":0,"enemies":"2 Louse","floor":2,"turns":3},{"damage":0,"enemies":"Cultist","floor":3,"turns":2},{"damage":4,"enemies":"Blue Slaver","floor":4,"turns":3},{"damage":8,"enemies":"Replay:BlueRogue","floor":6,"turns":5},{"damage":4,"enemies":"3 Louse","floor":8,"turns":5},{"damage":0,"enemies":"Looter","floor":11,"turns":3},{"damage":2,"enemies":"conspire:2 RoseBushes","floor":12,"turns":5},{"damage":5,"enemies":"Gremlin Nob","floor":13,"turns":4},{"damage":7,"enemies":"Blue Slaver","floor":14,"turns":2},{"damage":6,"enemies":"Hexaghost","floor":16,"turns":10},{"damage":44,"enemies":"conspire:FuzzyDice","floor":18,"turns":5},{"damage":14,"enemies":"Shell Parasite","floor":20,"turns":7},{"damage":9,"enemies":"conspire:HollyBat","floor":21,"turns":7},{"damage":6,"enemies":"Chosen and Byrds","floor":22,"turns":5},{"damage":12,"enemies":"Cultist and Chosen","floor":24,"turns":6},{"damage":38,"enemies":"Sentry and Sphere","floor":27,"turns":5},{"damage":21,"enemies":"Chosen and Byrds","floor":31,"turns":5},{"damage":71,"enemies":"Collector","floor":33,"turns":6}],"seed_played":"8074391279075056074","potions_obtained":[{"floor":2,"key":"AttackPotion"},{"floor":3,"key":"Strength Potion"},{"floor":8,"key":"SpeedPotion"},{"floor":11,"key":"potionbrewer:AcidPotion"},{"floor":12,"key":"Block Potion"},{"floor":13,"key":"FearPotion"},{"floor":18,"key":"PowerPotion"},{"floor":21,"key":"Fire Potion"},{"floor":27,"key":"bronze:BurnAndBuffPotion"},{"floor":31,"key":"potionbrewer:AcidPotion"}],"is_trial":false,"path_per_floor":["M","M","M","M","?","E","R","M","T","?","M","M","E","M","R","B",null,"M","?","M","M","M","R","M","R","T","M","?","?","$","M","R","B"],"character_chosen":"SHADE","items_purchased":["Orrery"],"campfire_rested":3,"item_purchase_floors":[30],"current_hp_per_floor":[66,67,68,65,70,63,63,60,60,60,61,60,56,50,50,45,81,38,38,25,17,12,52,41,81,81,44,44,44,44,23,64,0,0],"gold":326,"neow_bonus":"RANDOM_COLORLESS","is_daily":false,"chose_seed":false,"campfire_upgraded":1,"win_rate":0.0,"timestamp":1612890846,"path_taken":["M","M","M","M","?","E","R","M","T","?","M","M","E","M","R","BOSS","M","?","M","M","M","R","M","R","T","?","?","?","$","M","R","BOSS"],"items_purchased_type":["Relic"],"build_version":"2020-12-22","purchased_purges":0,"victory":false,"max_hp_per_floor":[66,67,68,69,74,75,75,76,76,76,77,78,79,80,80,81,81,82,82,83,84,85,85,86,86,86,87,87,87,87,87,87,87,87],"card_choices":[{"not_picked":["Replay:Parry","DemoMod:Spice"],"picked":"conspire:Banana","floor":0},{"not_picked":["Shade:Doomsay","Shade:FeralStrike"],"picked":"Shade:FingerOfDeath","floor":1},{"not_picked":["Shade:Premonition","Shade:FeralStrike"],"picked":"Shade:GraveStillness","floor":2},{"not_picked":["Shade:AncientSpear","Shade:Premonition"],"picked":"Shade:FreshBones","floor":3},{"not_picked":["Shade:Premonition","Shade:CoffinDance"],"picked":"Shade:OpenGraves","floor":4},{"not_picked":["Shade:BoneShards","Shade:Carnophage"],"picked":"Shade:ScuttlingHand","floor":6},{"not_picked":["Shade:GraveStillness","Shade:CallWraith"],"picked":"Shade:PressTheAttack","floor":8},{"not_picked":["Shade:CoffinDance","Shade:GreyBargain"],"picked":"Shade:SkeletonHug","floor":11},{"not_picked":["Shade:GraveStillness","Shade:FingerOfDeath"],"picked":"Shade:SkeletonArmy","floor":12},{"not_picked":["Shade:Trample","Shade:SkeletonHug"],"picked":"Shade:Excise","floor":13},{"not_picked":["Shade:SensePrey","Shade:Premonition"],"picked":"Shade:GraveStillness","floor":14},{"not_picked":["Shade:GreaterAnimation","Shade:OfferingToTheBeyond"],"picked":"Shade:UnbarTheGrave","floor":16},{"not_picked":["Shade:FuneraryArmor+1","Shade:SkeletonHug+1"],"picked":"Shade:ExtraLimbs+1","floor":18},{"not_picked":["Shade:Premonition+1","Shade:Trample"],"picked":"Shade:FreshBones+1","floor":20},{"not_picked":["Shade:ScuttlingHand","Shade:ExtraLimbs"],"picked":"Shade:CommandSoldier+1","floor":21},{"not_picked":["Shade:SanguineRitual","Shade:AblativeArmor"],"picked":"Shade:FreshBones+1","floor":22},{"not_picked":["Shade:SkeletonHug","Shade:AncientSpear+1"],"picked":"Shade:GraveStillness","floor":24},{"not_picked":["Shade:LyeBath","Shade:CallOfTheGrave+1"],"picked":"Shade:DangerousRitual","floor":27},{"not_picked":["Shade:BoneShards","Shade:MadHubris"],"picked":"Shade:ClawBack","floor":30},{"not_picked":["Shade:StitchTogether","Shade:SoulToxin"],"picked":"Shade:FingerOfDeath","floor":30},{"not_picked":["Shade:CoffinDance","Shade:SkeletonHug"],"picked":"Shade:SpectralStrikes+1","floor":30},{"not_picked":["Shade:WallOfFlesh","Shade:Bonestorm"],"picked":"Shade:LichForm","floor":30},{"not_picked":["Shade:AblativeArmor","Shade:ExtraLimbs"],"picked":"Shade:ClawBack","floor":30},{"not_picked":["Shade:Frenzy","Shade:RitualOffering"],"picked":"Shade:WallOfFlesh","floor":31}],"player_experience":475796,"relics_obtained":[{"floor":6,"key":"Replay:Mystery Machine"},{"floor":9,"key":"Regal Pillow"},{"floor":13,"key":"aspiration:FetidBarrel"}],"event_choices":[{"damage_healed":0,"gold_gain":0,"player_choice":"Donut","damage_taken":0,"max_hp_gain":5,"max_hp_loss":0,"event_name":"Big Fish","floor":5,"gold_loss":0},{"damage_healed":0,"gold_gain":0,"player_choice":"Bet on Owner","damage_taken":0,"max_hp_gain":0,"max_hp_loss":0,"event_name":"The Joust","floor":19,"gold_loss":50},{"damage_healed":0,"gold_gain":0,"player_choice":"Forge","damage_taken":0,"max_hp_gain":0,"max_hp_loss":0,"event_name":"Accursed Blacksmith","floor":28,"gold_loss":0,"cards_upgraded":["conspire:Banana"]},{"damage_healed":0,"gold_gain":0,"player_choice":"Ignored","damage_taken":0,"max_hp_gain":0,"max_hp_loss":0,"event_name":"Purifier","floor":29,"gold_loss":0}],"is_beta":false,"boss_relics":[{"not_picked":["hubris:RunicObelisk","Velvet Choker"],"picked":"aspiration:MobileForge"}],"items_purged_floors":[],"is_endless":false,"potions_floor_spawned":[2,3,8,11,12,13,18,21,27,31],"killed_by":"Collector","ascension_level":0}}