{"host":"ljaiy5ygc2blx6r2","time":1612879443,"event":{"mods":["BaseMod","Challenge The Spire","Colored Powertips","Conspire","Highlight Path","HornydragonMod","Koishi","Marisa（F雨　魔理沙）","Minty Spire (QoL Compilation)","Reimu（博丽灵梦）","Remilia（蕾米莉亚）","Replay The Spire","RumiaBox-露米娅的神秘盒子","SOS（斯巴达之子）","StSLib","TestMod","The Animator","The Bug Knight","The Cursed","The Disciple","The Gatherer","The Hierophant","The Necromancer","The Runesmith","The Senshi","UnlockEverythingMod","Yuri Mod","Yuyuko","[IsaacMod]以撒尖塔","【功能Mod】聪明的最终Boss","篝火指南"],"gold_per_floor":[172,187,97,113,133,133,150,250,250,279,279,279,292,319,340,437,437,449,219,319,319,330,338,338,338,365,7,40,40,70,90,90,195,195,214,234,136,391,491,491,517,533,584,62,62,62],"floor_reached":45,"language":"ZHS","playtime":2025,"items_purged":["Koishi:Provoke","Shame","CommonCold","SwitchConfidence"],"score":672,"play_id":"f607371b-de64-4fd9-9910-7b8483abb8f7","local_time":"20210209220403","is_ascension_mode":true,"campfire_choices":[{"data":"conspire:Banana","floor":6.0,"key":"SMITH"},{"floor":11.0,"key":"REST"},{"floor":15.0,"key":"REST"},{"floor":24.0,"key":"REST"},{"floor":29.0,"key":"REST"},{"floor":32.0,"key":"REST"},{"data":"Koishi:RollingInRichesHeart","floor":40.0,"key":"SMITH"}],"circlet_count":0,"master_deck":["Koishi:BasicStrike","Koishi:BasicStrike","Koishi:BasicStrike","Koishi:BasicDefend","Koishi:BasicDefend","Koishi:BasicDefend","Koishi:BasicDefend","Koishi:HauntingSlash","EpicFetus","Koishi:UnconsciousUrges","conspire:Banana+1","Koishi:BloodcurdlingScream","Koishi:MindStellarRelief","Koishi:SpiritedAway","Koishi:StrangeCloudFist","Koishi:Heartbroken","Koishi:PhantomBarrier+1","Koishi:GeneticsOfTheUnconscious","Koishi:SilentAndRestless","Koishi:UnconsciousUrges","Koishi:RollingInRichesHeart+1","Koishi:RacingHeart+1","Koishi:PhantomBarrier","testmod-PocketStoneCalender","Koishi:Jaunt+1","Koishi:Whimsy","Hallucinations","Koishi:FidgetySnatcher"],"relics":["Koishi:ImaginaryFriend","testmod-TestBox","HushsDoor","testmod-RainbowHikingShoes","NeowsBlessing","Baka","testmod-TestBox","Singing Bowl","Juzu Bracelet","BloodDonationBag","Cursed Key","Incubus","Vajra","Art of War","Ccalipers","testmod-Hope","Pen Nib","GodSword6","conspire:RoyalGoblet","Golden Idol","ReplayTheSpireMod:CursedCoin","Chameleon Ring","Replay:Wax Seal","SteamSale","Bag of Marbles"],"acts_visited":["Exordium","TheCity","TheBeyond"],"potions_floor_usage":[],"damage_taken":[{"damage":0.0,"enemies":"Cultist","floor":1.0,"turns":1.0},{"damage":0.0,"enemies":"Jaw Worm","floor":2.0,"turns":1.0},{"damage":0.0,"enemies":"Small Slimes","floor":4.0,"turns":1.0},{"damage":0.0,"enemies":"Looter","floor":5.0,"turns":2.0},{"damage":17.0,"enemies":"Large Slime","floor":7.0,"turns":6.0},{"damage":15.0,"enemies":"Gremlin Nob","floor":10.0,"turns":6.0},{"damage":11.0,"enemies":"Blue Slaver","floor":13.0,"turns":4.0},{"damage":54.0,"enemies":"Slime Boss","floor":16.0,"turns":7.0},{"damage":8.0,"enemies":"Spheric Guardian","floor":18.0,"turns":3.0},{"damage":5.0,"enemies":"Chosen","floor":22.0,"turns":3.0},{"damage":21.0,"enemies":"conspire:SneckoGhost","floor":23.0,"turns":3.0},{"damage":18.0,"enemies":"conspire:Head Lice","floor":28.0,"turns":4.0},{"damage":11.0,"enemies":"Gremlin Leader","floor":30.0,"turns":4.0},{"damage":6.0,"enemies":"Snecko","floor":31.0,"turns":3.0},{"damage":3.0,"enemies":"Champ","floor":33.0,"turns":10.0},{"damage":24.0,"enemies":"3 Shapes","floor":35.0,"turns":5.0},{"damage":9.0,"enemies":"Nemesis","floor":41.0,"turns":5.0},{"damage":0.0,"enemies":"Orb Walker","floor":42.0,"turns":3.0},{"damage":0,"enemies":"Sphere and 2 Shapes","floor":45,"turns":1}],"seed_played":"-3824588797086600492","potions_obtained":[{"floor":1.0,"key":"FairyPotion"},{"floor":10.0,"key":"BlessingOfTheForge"},{"floor":13.0,"key":"ColorlessPotion"},{"floor":22.0,"key":"Ancient Potion"},{"floor":30.0,"key":"SkillPotion"},{"floor":33.0,"key":"Adrenaline Potion"},{"floor":35.0,"key":"Swift Potion"}],"is_trial":false,"path_per_floor":["M","M","$","M","M","R","M","?","T","E","R","?","M","T","R","B",null,"M","$","?","?","M","E","R","?","T","$","E","R","E","M","R","B",null,"M","?","$","?","?","R","E","M","T","R","M"],"character_chosen":"KOISHI","items_purchased":["conspire:Banana","Incubus","Vajra","testmod-Hope","ReplayTheSpireMod:CursedCoin","Koishi:PhantomBarrier","testmod-PocketStoneCalender","SteamSale","Koishi:FidgetySnatcher","Bag of Marbles"],"campfire_rested":5,"item_purchase_floors":[3,17,19,27,37,37,37,44,44,44],"current_hp_per_floor":[55,55,55,55,55,55,40,40,40,31,50,43,35,35,47,23,52,50,50,50,50,49,31,50,39,39,39,39,60,54,58,81,81,83,63,60,60,60,60,60,68,79,79,79,79,79],"gold":62,"neow_bonus":"THREE_ENEMY_KILL","is_daily":false,"chose_seed":false,"campfire_upgraded":2,"win_rate":0.0,"timestamp":1612879443,"path_taken":["M","M","$","?","M","R","M","?","T","E","R","?","M","?","R","BOSS","M","$","?","?","M","E","R","?","T","?","E","R","E","M","R","BOSS","M","?","?","?","?","R","E","M","T","R","M"],"items_purchased_type":["Card","Relic","Relic","Relic","Relic","Card","Card","Relic","Card","Relic"],"build_version":"2020-12-22","purchased_purges":4,"victory":false,"max_hp_per_floor":[60,60,60,60,60,60,62,62,62,66,66,66,68,68,68,72,52,58,58,58,58,62,64,64,69,69,69,71,71,75,81,81,83,83,87,87,87,87,87,87,91,95,95,95,95,95],"card_choices":[{"not_picked":[],"picked":"EpicFetus","floor":0.0},{"not_picked":["Koishi:DreadfulBlow","Koishi:RacingHeart"],"picked":"Bomb","floor":1.0},{"not_picked":["Koishi:IdleWhim","Koishi:FleetingPhantom"],"picked":"Koishi:UnconsciousUrges","floor":2.0},{"not_picked":["Koishi:PhantomStrike","Koishi:GhostParty"],"picked":"Koishi:BloodcurdlingScream","floor":4.0},{"not_picked":["Koishi:UnconsciousUprising","Koishi:DreadfulBlow"],"picked":"Koishi:MindStellarRelief","floor":5.0},{"not_picked":["Koishi:ReflexRadar","Bomb"],"picked":"Koishi:SpiritedAway","floor":7.0},{"not_picked":["Koishi:UnconsciousUprising","Koishi:ReleaseOfTheId"],"picked":"Koishi:StrangeCloudFist","floor":8.0},{"not_picked":["Koishi:UnconsciousUprising","Koishi:DreadfulBlow","Koishi:StingingMind"],"picked":"Singing Bowl","floor":10.0},{"not_picked":["Koishi:Possession","Koishi:BramblyRoseGarden"],"picked":"Koishi:Heartbroken","floor":13.0},{"not_picked":["Koishi:RuptureMind","Koishi:FormlessExistence","Koishi:Heartbroken"],"picked":"Singing Bowl","floor":16.0},{"not_picked":["Koishi:RacingHeart","Koishi:BloodcurdlingScream+1","Koishi:Prune"],"picked":"Singing Bowl","floor":18.0},{"not_picked":["Koishi:ConditionedTeleport","Koishi:Catatonia"],"picked":"Koishi:PhantomBarrier+1","floor":20.0},{"not_picked":["Koishi:FreudianInstinct","Koishi:MindNumbingTerror","Koishi:ReflexRadar"],"picked":"Singing Bowl","floor":22.0},{"not_picked":["Koishi:RorschachInDanmaku","Koishi:BloodcurdlingScream"],"picked":"Koishi:GeneticsOfTheUnconscious","floor":23.0},{"not_picked":["Koishi:SubterraneanRose","Koishi:RacingHeart+1"],"picked":"Koishi:SilentAndRestless","floor":28.0},{"not_picked":["Koishi:ConditionedTeleport","Koishi:HeartfeltFancy"],"picked":"Koishi:UnconsciousUrges","floor":30.0},{"not_picked":["Koishi:Possession","Koishi:HeartfeltFancy+1","Koishi:StingingMind"],"picked":"Singing Bowl","floor":31.0},{"not_picked":["Koishi:Ego","Koishi:SuperEgo"],"picked":"Koishi:RollingInRichesHeart","floor":33.0},{"not_picked":["Koishi:ReleaseOfTheId+1","Koishi:FleetingPhantom"],"picked":"Koishi:RacingHeart+1","floor":35.0},{"not_picked":["Koishi:IdleWhim+1","Koishi:SubconsciousSweep"],"picked":"Koishi:Jaunt+1","floor":38.0},{"not_picked":["Koishi:Prune+1","Koishi:IdleWhim+1"],"picked":"Koishi:Whimsy","floor":41.0},{"not_picked":["Koishi:JumpScare","Koishi:UnconsciousUprising+1","Koishi:CatchAndRose+1"],"picked":"Singing Bowl","floor":42.0}],"player_experience":199481,"relics_obtained":[{"floor":1.0,"key":"Baka"},{"floor":7.0,"key":"testmod-TestBox"},{"floor":10.0,"key":"Singing Bowl"},{"floor":14.0,"key":"Juzu Bracelet"},{"floor":23.0,"key":"Art of War"},{"floor":26.0,"key":"Ccalipers"},{"floor":28.0,"key":"Quantum Egg"},{"floor":30.0,"key":"Pen Nib"},{"floor":33.0,"key":"GodSword6"},{"floor":41.0,"key":"Chameleon Ring"},{"floor":43.0,"key":"Replay:Wax Seal"}],"event_choices":[{"cards_removed":["Koishi:BasicStrike"],"damage_healed":0.0,"max_hp_gain":0.0,"max_hp_loss":0.0,"gold_gain":0.0,"event_name":"Golden Wing","player_choice":"Card Removal","floor":12.0,"gold_loss":0.0,"damage_taken":7.0},{"damage_healed":0.0,"max_hp_gain":0.0,"max_hp_loss":0.0,"gold_gain":0.0,"event_name":"Ghosts","player_choice":"Ignored","floor":21.0,"gold_loss":0.0,"damage_taken":0.0},{"damage_healed":0.0,"max_hp_gain":5.0,"max_hp_loss":0.0,"gold_gain":0.0,"event_name":"Forgotten Altar","player_choice":"Shed Blood","floor":25.0,"gold_loss":0.0,"damage_taken":16.0},{"damage_healed":0.0,"max_hp_gain":0.0,"max_hp_loss":0.0,"gold_gain":0.0,"event_name":"给自己的盒子","player_choice":"Swap Relic","floor":36.0,"relics_lost":["Quantum Egg"],"gold_loss":0.0,"damage_taken":0.0,"relics_obtained":["Golden Idol"]},{"damage_healed":0.0,"max_hp_gain":0.0,"max_hp_loss":0.0,"gold_gain":100.0,"event_name":"Golden Shrine","player_choice":"Pray","floor":39.0,"gold_loss":0.0,"damage_taken":0.0}],"is_beta":false,"boss_relics":[{"not_picked":["Sozu","Snecko Eye"],"picked":"Cursed Key"},{"not_picked":[]},{"not_picked":["ReplayTheSpireMod:DimensionalGlitch","Honey Jar"],"picked":"conspire:RoyalGoblet"},{"not_picked":[]}],"items_purged_floors":[19,27,37,44],"is_endless":false,"potions_floor_spawned":[1,10,13,16,22,30,33,35],"killed_by":"Sphere and 2 Shapes","ascension_level":1}}