{"host":"3a1ypf1irl30q4k8","time":1612871942,"event":{"mods":["AchievementEnabler","BaseMod","Bestiary","Colored Map","Minty Spire (QoL Compilation)","Relic Stats","ojb\u0027s Info Mod"],"gold_per_floor":[111,111,125,125,203,231,246,261,285,4,4,36,36,47,47,147,147,166,181,106,106,120,133,167,167,192,210,241,241,258,268,268,368,368,381,381,397,397,465,500,500,500,500,245,274,274,285,298,298,298,298,298,111,144,144],"floor_reached":56,"language":"ENG","playtime":3172,"items_purged":["Strike_R"],"score":1584,"play_id":"85916128-4c41-4cc0-acf8-7903edcc2506","local_time":"20210209115902","is_ascension_mode":true,"campfire_choices":[{"floor":11.0,"key":"REST"},{"data":"Thunderclap","floor":13.0,"key":"SMITH"},{"data":"Perfected Strike","floor":15.0,"key":"SMITH"},{"data":"Shockwave","floor":25.0,"key":"SMITH"},{"floor":29.0,"key":"REST"},{"floor":32.0,"key":"REST"},{"floor":42,"key":"REST"},{"floor":49,"key":"RECALL"},{"data":"Feel No Pain","floor":52,"key":"SMITH"}],"circlet_count":0,"master_deck":["Strike_R","Strike_R","Strike_R","Defend_R","Defend_R","Defend_R","Bash+1","Master of Strategy","Perfected Strike+1","Infernal Blade","Thunderclap+1","Shrug It Off","Armaments","Offering","Uppercut+1","Corruption","Iron Wave+1","Inflame","Intimidate","Shockwave+1","Spot Weakness","Flame Barrier+1","Feed+1","Second Wind","Cleave+1","Rupture+1","Parasite","Feel No Pain+1","Reaper+1","Warcry+1","Rupture+1","Body Slam+1"],"relics":["Burning Blood","Lantern","Vajra","Orichalcum","Membership Card","HornCleat","Molten Egg 2","Runic Pyramid","Paper Frog","Tiny Chest","Cursed Key","InkBottle","Blue Candle","Bottled Lightning","CaptainsWheel","Kunai","ClockworkSouvenir","Bag of Marbles"],"acts_visited":["Exordium","TheCity","TheBeyond","TheEnding"],"potions_floor_usage":[50,50,54,55],"damage_taken":[{"damage":12.0,"enemies":"Jaw Worm","floor":1.0,"turns":2.0},{"damage":3.0,"enemies":"Small Slimes","floor":3.0,"turns":3.0},{"damage":25.0,"enemies":"3 Sentries","floor":6.0,"turns":9.0},{"damage":0.0,"enemies":"2 Louse","floor":7.0,"turns":2.0},{"damage":14.0,"enemies":"Exordium Thugs","floor":8.0,"turns":3.0},{"damage":0.0,"enemies":"Gremlin Nob","floor":12.0,"turns":3.0},{"damage":0.0,"enemies":"2 Fungi Beasts","floor":14.0,"turns":2.0},{"damage":6.0,"enemies":"Slime Boss","floor":16.0,"turns":5.0},{"damage":10.0,"enemies":"Shell Parasite","floor":18.0,"turns":3.0},{"damage":10.0,"enemies":"Chosen","floor":19.0,"turns":4.0},{"damage":6.0,"enemies":"Snecko","floor":22.0,"turns":3.0},{"damage":8.0,"enemies":"Centurion and Healer","floor":23.0,"turns":5.0},{"damage":11.0,"enemies":"Gremlin Leader","floor":24.0,"turns":8.0},{"damage":21.0,"enemies":"Shelled Parasite and Fungi","floor":27.0,"turns":2.0},{"damage":25.0,"enemies":"Slavers","floor":28.0,"turns":5.0},{"damage":6.0,"enemies":"3 Cultists","floor":30.0,"turns":4.0},{"damage":0.0,"enemies":"Chosen and Byrds","floor":31.0,"turns":3.0},{"damage":60.0,"enemies":"Automaton","floor":33.0,"turns":9.0},{"damage":15,"enemies":"3 Darklings","floor":35,"turns":3},{"damage":5,"enemies":"3 Shapes","floor":37,"turns":5},{"damage":56,"enemies":"Reptomancer","floor":40,"turns":6},{"damage":25,"enemies":"Nemesis","floor":45,"turns":5},{"damage":2,"enemies":"Sphere and 2 Shapes","floor":47,"turns":4},{"damage":14,"enemies":"Spire Growth","floor":48,"turns":5},{"damage":78,"enemies":"Awakened One","floor":50,"turns":9},{"damage":26,"enemies":"Shield and Spear","floor":54,"turns":6},{"damage":28,"enemies":"The Heart","floor":55,"turns":8}],"seed_played":"-494766374894544884","potions_obtained":[{"floor":1.0,"key":"SmokeBomb"},{"floor":6.0,"key":"LiquidBronze"},{"floor":8.0,"key":"GamblersBrew"},{"floor":12.0,"key":"FairyPotion"},{"floor":19.0,"key":"Fire Potion"},{"floor":21.0,"key":"DuplicationPotion"},{"floor":27.0,"key":"Ancient Potion"},{"floor":28.0,"key":"Energy Potion"},{"floor":31.0,"key":"LiquidMemories"},{"floor":35,"key":"Weak Potion"},{"floor":45,"key":"DuplicationPotion"}],"is_trial":false,"path_per_floor":["M","?","M","?","?","E","M","M","T","$","R","E","R","M","R","B",null,"M","M","?","?","M","M","E","R","T","M","E","R","M","M","R","B",null,"M","?","M","?","T","E","T","R","T","$","E","?","M","M","R","B",null,"R","$","E","B",null],"character_chosen":"IRONCLAD","items_purchased":["Membership Card","HornCleat","CaptainsWheel","Feel No Pain","Reaper+1","ClockworkSouvenir","Fruit Juice","Block Potion"],"campfire_rested":4,"item_purchase_floors":[10,10,44,44,44,53,53,53],"current_hp_per_floor":[50,32,35,35,35,16,22,14,14,14,38,44,44,50,50,50,73,69,65,65,65,65,63,58,58,58,43,24,48,48,54,78,24,66,57,57,62,62,62,12,12,37,37,37,32,32,45,51,51,33,77,77,77,95,77],"gold":144,"neow_bonus":"RANDOM_COLORLESS_2","is_daily":false,"chose_seed":false,"campfire_upgraded":4,"win_rate":0.0,"timestamp":1612871942,"path_taken":["M","?","M","?","?","E","M","M","T","?","R","E","R","?","R","BOSS","M","M","?","?","M","M","E","R","T","?","E","R","M","M","R","BOSS","M","?","M","?","?","E","?","R","T","?","E","?","M","?","R","BOSS","R","$","E","BOSS"],"items_purchased_type":["Relic","Relic","Relic","Card","Card","Relic","Potion","Potion"],"build_version":"2020-12-22","purchased_purges":1,"victory":true,"max_hp_per_floor":[80,80,80,80,80,80,80,80,80,80,80,80,80,80,80,80,80,80,80,80,80,80,80,80,80,80,80,80,80,80,80,80,80,80,80,80,84,84,84,84,84,84,84,84,88,88,88,92,92,92,92,92,92,97,97],"relic_stats":{"counters":[27,126],"Blue Candle":[7],"Tiny Chest":1,"Kunai":[10],"Orichalcum":[108],"Cursed Key":2,"obtain_stats":[{"Lantern":2,"Blue Candle":40,"Vajra":6,"Orichalcum":9,"Cursed Key":34,"Burning Blood":0,"ClockworkSouvenir":53,"CaptainsWheel":44,"HornCleat":10,"Molten Egg 2":12,"Tiny Chest":28,"Bag of Marbles":54,"Membership Card":10,"Bottled Lightning":41,"Kunai":45,"InkBottle":39,"Runic Pyramid":17,"Paper Frog":24},{"Lantern":1,"Blue Candle":21,"Vajra":3,"Orichalcum":5,"Cursed Key":18,"Burning Blood":0,"ClockworkSouvenir":25,"CaptainsWheel":21,"HornCleat":5,"Molten Egg 2":6,"Tiny Chest":15,"Bag of Marbles":26,"Membership Card":5,"Bottled Lightning":21,"Kunai":22,"InkBottle":20,"Runic Pyramid":8,"Paper Frog":13},{"Lantern":2,"Blue Candle":89,"Vajra":14,"Orichalcum":19,"Cursed Key":75,"Burning Blood":0,"ClockworkSouvenir":112,"CaptainsWheel":89,"HornCleat":19,"Molten Egg 2":22,"Tiny Chest":59,"Bag of Marbles":118,"Membership Card":19,"Bottled Lightning":89,"Kunai":94,"InkBottle":83,"Runic Pyramid":29,"Paper Frog":52}],"Burning Blood":162,"InkBottle":[21]},"card_choices":[{"not_picked":["Chrysalis","Magnetism"],"picked":"Master of Strategy","floor":0.0},{"not_picked":["Iron Wave","Havoc"],"picked":"Perfected Strike","floor":1.0},{"not_picked":["Ghostly Armor","Blood for Blood"],"picked":"Infernal Blade","floor":3.0},{"not_picked":["Juggernaut","Spot Weakness"],"picked":"Thunderclap","floor":6.0},{"not_picked":["Wild Strike","Searing Blow"],"picked":"Shrug It Off","floor":7.0},{"not_picked":["Clash","Havoc"],"picked":"Armaments","floor":8.0},{"not_picked":["Headbutt+1","Flame Barrier"],"picked":"Offering","floor":12.0},{"not_picked":["Clash+1","Seeing Red"],"picked":"Uppercut+1","floor":14.0},{"not_picked":["Limit Break","Berserk"],"picked":"Corruption","floor":16.0},{"not_picked":["Clash+1","Hemokinesis+1"],"picked":"Iron Wave+1","floor":18.0},{"not_picked":["Flex","Thunderclap+1"],"picked":"Inflame","floor":19.0},{"not_picked":["Battle Trance+1","Perfected Strike+1","Rampage+1"],"picked":"SKIP","floor":22.0},{"not_picked":["Havoc","Twin Strike+1"],"picked":"Intimidate","floor":23.0},{"not_picked":["Corruption","Sword Boomerang+1"],"picked":"Shockwave","floor":24.0},{"not_picked":["Sword Boomerang+1","Flex"],"picked":"Spot Weakness","floor":27.0},{"not_picked":["Twin Strike+1","Brutality","Rampage+1"],"picked":"SKIP","floor":28.0},{"not_picked":["Inflame","Bloodletting"],"picked":"Flame Barrier+1","floor":30.0},{"not_picked":["Twin Strike+1","Iron Wave+1","Flex"],"picked":"SKIP","floor":31.0},{"not_picked":["Bludgeon+1","Exhume"],"picked":"Feed+1","floor":33.0},{"not_picked":["Wild Strike+1","Twin Strike+1"],"picked":"Second Wind","floor":35},{"not_picked":["Anger+1","Inflame"],"picked":"Cleave+1","floor":37},{"not_picked":["Pommel Strike+1","Anger+1"],"picked":"Rupture+1","floor":40},{"not_picked":["Reaper+1","Second Wind"],"picked":"Warcry+1","floor":45},{"not_picked":["Perfected Strike+1","Sword Boomerang+1","Pommel Strike+1"],"picked":"SKIP","floor":47},{"not_picked":["Anger+1","Iron Wave+1"],"picked":"Rupture+1","floor":48},{"not_picked":["Battle Trance","Spot Weakness"],"picked":"Body Slam+1","floor":54}],"player_experience":1372378,"relics_obtained":[{"floor":6.0,"key":"Vajra"},{"floor":9.0,"key":"Orichalcum"},{"floor":12.0,"key":"Molten Egg 2"},{"floor":24.0,"key":"Paper Frog"},{"floor":28.0,"key":"Tiny Chest"},{"floor":39,"key":"InkBottle"},{"floor":40,"key":"Blue Candle"},{"floor":41,"key":"Bottled Lightning"},{"floor":45,"key":"Kunai"},{"floor":54,"key":"Bag of Marbles"}],"event_choices":[{"damage_healed":0.0,"max_hp_gain":0.0,"max_hp_loss":0.0,"gold_gain":0.0,"event_name":"Scrap Ooze","player_choice":"Success","floor":2.0,"gold_loss":0.0,"damage_taken":18.0,"relics_obtained":["Lantern"]},{"damage_healed":0.0,"max_hp_gain":0.0,"max_hp_loss":0.0,"gold_gain":0.0,"event_name":"Living Wall","player_choice":"Grow","floor":4.0,"gold_loss":0.0,"damage_taken":0.0,"cards_upgraded":["Bash"]},{"damage_healed":0.0,"max_hp_gain":0.0,"max_hp_loss":0.0,"gold_gain":78.0,"event_name":"Golden Wing","player_choice":"Gained Gold","floor":5.0,"gold_loss":0.0,"damage_taken":0.0},{"cards_removed":["Strike_R"],"damage_healed":0.0,"max_hp_gain":0.0,"max_hp_loss":0.0,"gold_gain":0.0,"event_name":"Beggar","player_choice":"Gave Gold","floor":20.0,"gold_loss":75.0,"damage_taken":0.0},{"damage_healed":0.0,"max_hp_gain":0.0,"max_hp_loss":0.0,"gold_gain":0.0,"event_name":"Lab","player_choice":"Got Potions","floor":21.0,"gold_loss":0.0,"damage_taken":0.0},{"damage_healed":0,"gold_gain":0,"player_choice":"Ignored","damage_taken":0,"max_hp_gain":0,"max_hp_loss":0,"event_name":"Tomb of Lord Red Mask","floor":36,"gold_loss":0},{"cards_removed":["Defend_R"],"damage_healed":0,"gold_gain":0,"player_choice":"Removed Skill","damage_taken":0,"max_hp_gain":0,"max_hp_loss":0,"event_name":"Falling","floor":38,"gold_loss":0},{"cards_removed":["Pain"],"damage_healed":0,"gold_gain":0,"player_choice":"Purged","damage_taken":0,"max_hp_gain":0,"max_hp_loss":0,"event_name":"Purifier","floor":46,"gold_loss":0}],"is_beta":false,"boss_relics":[{"not_picked":["Black Star","Busted Crown"],"picked":"Runic Pyramid"},{"not_picked":["Mark of Pain","Runic Dome"],"picked":"Cursed Key"}],"items_purged_floors":[53],"is_endless":false,"potions_floor_spawned":[1,6,8,12,19,24,27,28,31,35,45,48],"ascension_level":5}}