{"host":"j5j96s76v36ug78u","time":1612881129,"event":{"mods":["BaseMod","Better Third Choice","Hermit","Highlight Path","JesterMod","Jorbs\u0027s Wanderer Trilogy","Marisa????????","Minty Spire (QoL Compilation)","Onozuka Komachi Mod","Potion Indicator Mod","Reliquary","Robot Space Explorer","StSLib","The Animator","The Blue Laboratory","The Bug Knight","The Clintock","The Cursed","The Hayseed","The Marked","The Spell Scribe","The Valiant"],"gold_per_floor":[125,75,93,104,129,129,160,160,208,62,94,94,48,148,148,266,266,294,344,350,350],"floor_reached":20,"language":"ENG","playtime":2215,"items_purged":["Parasite"],"score":172,"play_id":"686c2ffe-fe60-49f2-b3e7-b5b23909bb53","local_time":"20210209113209","is_ascension_mode":false,"campfire_choices":[{"data":"animator:Viivi","floor":6,"key":"SMITH"},{"data":"animator:Chris","floor":12,"key":"SMITH"},{"data":"animator:AcuraTooru","floor":15,"key":"SMITH"}],"circlet_count":0,"master_deck":["animator:Strike_Konosuba","animator:Defend_Konosuba","animator:Strike","animator:Strike","animator:Defend+1","animator:Defend+1","animator:Defend","animator:Kazuma","animator:Aqua","animator:Viivi+1","animator:Viivi","animator:AcuraTooru+1","animator:Chris+1","animator:Gillette","animator:Kazuma","animator:Envy","CurseOfTheBell","animator:Kazuma","animator:YuiTsuruno"],"relics":["animator:LivingPicture","animator:TheMissingPiece","animator:PurgingStone","Ancient Tea Set","War Paint","Strawberry","Calling Bell","Smiling Mask","Sundial","animator:WizardHat"],"acts_visited":["Exordium","TheCity"],"potions_floor_usage":[16,20,20],"damage_taken":[{"damage":0,"enemies":"Small Slimes","floor":1,"turns":7},{"damage":0,"enemies":"Jaw Worm","floor":3,"turns":5},{"damage":0,"enemies":"Cultist","floor":4,"turns":4},{"damage":56,"enemies":"Lagavulin","floor":7,"turns":7},{"damage":5,"enemies":"Blue Slaver","floor":11,"turns":3},{"damage":6,"enemies":"Hexaghost","floor":16,"turns":7},{"damage":30,"enemies":"Chosen","floor":18,"turns":7},{"damage":34,"enemies":"Centurion and Healer","floor":19,"turns":11},{"damage":20,"enemies":"Masked Bandits","floor":20,"turns":3}],"seed_played":"-3149275540010255464","potions_obtained":[{"floor":7,"key":"FearPotion"},{"floor":11,"key":"Dexterity Potion"},{"floor":19,"key":"Block Potion"}],"is_trial":false,"path_per_floor":["M","?","M","M","T","R","E","?","T","$","M","R","$","?","R","B",null,"M","M","?"],"character_chosen":"THE_ANIMATOR","items_purchased":["animator:Chris","animator:Kazuma"],"campfire_rested":0,"item_purchase_floors":[10,13],"current_hp_per_floor":[72,72,72,72,72,72,17,35,42,42,37,37,37,37,37,33,77,49,17,0,0],"gold":350,"neow_bonus":"TEN_PERCENT_HP_BONUS","is_daily":false,"chose_seed":false,"campfire_upgraded":3,"win_rate":0.0,"timestamp":1612881129,"path_taken":["M","?","M","M","?","R","E","?","T","$","M","R","$","?","R","BOSS","M","M","?"],"items_purchased_type":["Card","Card"],"build_version":"2020-12-22","purchased_purges":1,"victory":false,"max_hp_per_floor":[72,72,72,72,72,72,73,73,80,77,77,77,77,77,77,77,77,77,77,77,77],"card_choices":[{"not_picked":["animator:Illya","animator:NagisaMomoe"],"picked":"animator:Viivi","floor":1},{"not_picked":["animator:Spearman","animator:WinryRockbell","animator:SayakaMiki"],"picked":"SKIP","floor":3},{"not_picked":["animator:Priestess","animator:ElricEdward"],"picked":"animator:Viivi","floor":4},{"not_picked":["animator:Viivi","animator:AcuraShin"],"picked":"animator:AcuraTooru","floor":7},{"not_picked":["animator:DwarfShaman","animator:ElricEdward"],"picked":"animator:Gillette","floor":11},{"not_picked":["animator:HomuraAkemi","animator:ItamiYouji"],"picked":"animator:Envy","floor":16},{"not_picked":["animator:Shuna","animator:SayakaMiki"],"picked":"animator:Kazuma","floor":18},{"not_picked":["animator:Shion+1","animator:Benimaru+1"],"picked":"animator:YuiTsuruno","floor":19}],"player_experience":172773,"relics_obtained":[{"floor":5,"key":"Ancient Tea Set"},{"floor":7,"key":"War Paint"},{"floor":9,"key":"Strawberry"},{"floor":17,"key":"Smiling Mask"},{"floor":17,"key":"Sundial"},{"floor":17,"key":"animator:WizardHat"}],"event_choices":[{"cards_removed":["animator:Strike"],"damage_healed":0,"gold_gain":0,"player_choice":"Card Removal","damage_taken":0,"max_hp_gain":0,"max_hp_loss":0,"event_name":"The Cleric","floor":2,"gold_loss":50},{"damage_healed":18,"gold_gain":0,"player_choice":"Healed and dodged fight","damage_taken":0,"max_hp_gain":0,"max_hp_loss":0,"event_name":"Mushrooms","floor":8,"gold_loss":0,"cards_obtained":["Parasite"]},{"damage_healed":0,"gold_gain":100,"player_choice":"Pray","damage_taken":0,"max_hp_gain":0,"max_hp_loss":0,"event_name":"Golden Shrine","floor":14,"gold_loss":0},{"damage_healed":0,"gold_gain":0,"player_choice":"Fought Bandits","damage_taken":0,"max_hp_gain":0,"max_hp_loss":0,"event_name":"Masked Bandits","floor":20,"gold_loss":0}],"is_beta":false,"boss_relics":[{"not_picked":["Runic Dome","Fusion Hammer"],"picked":"Calling Bell"}],"items_purged_floors":[10],"is_endless":false,"potions_floor_spawned":[7,11,19],"killed_by":"Masked Bandits","ascension_level":0}}