{"host":"vyjryxuuuxkt43k4","time":1612882800,"event":{"mods":["AchievementEnabler","BaseMod","Colored Map","DeckTracker","Keyboard Shortcuts","Minty Spire (QoL Compilation)","Permanent Neow","Quick Restart","StSLib","SuperFastMode","everything is the same but u backflip on backflip"],"gold_per_floor":[110,56,67,85,85,85,85,106,106,120,120,4,4,29,29,119,119,144,24,24,24,24],"floor_reached":21,"language":"KOR","playtime":749,"items_purged":["Strike_G"],"score":338,"play_id":"7fcb2f25-dc21-4d9f-b289-e6d33e45ef1f","local_time":"20210210000000","is_ascension_mode":true,"campfire_choices":[{"data":"Quick Slash","floor":6,"key":"SMITH"},{"floor":11,"key":"REST"},{"data":"Skewer","floor":13,"key":"SMITH"},{"data":"Footwork","floor":15,"key":"SMITH"}],"circlet_count":0,"master_deck":["AscendersBane","Strike_G","Strike_G","Defend_G","Defend_G","Defend_G","Defend_G","Defend_G","Survivor","Neutralize","Malaise","Dodge and Roll","Quick Slash+1","Dagger Spray","Blur","Accuracy","Skewer+1","Footwork+1","Noxious Fumes","A Thousand Cuts","CurseOfTheBell","Cloak And Dagger"],"relics":["Ring of the Snake","Golden Idol","InkBottle","Calling Bell","Art of War","Eternal Feather","Calipers"],"acts_visited":["Exordium","TheCity"],"potions_floor_usage":[16,18,19],"damage_taken":[{"damage":4,"enemies":"2 Louse","floor":1,"turns":4},{"damage":9,"enemies":"Jaw Worm","floor":3,"turns":7},{"damage":0,"enemies":"Cultist","floor":4,"turns":4},{"damage":7,"enemies":"Looter","floor":8,"turns":4},{"damage":0,"enemies":"2 Fungi Beasts","floor":10,"turns":2},{"damage":1,"enemies":"Large Slime","floor":14,"turns":6},{"damage":5,"enemies":"The Guardian","floor":16,"turns":16},{"damage":22,"enemies":"3 Byrds","floor":18,"turns":3},{"damage":32,"enemies":"2 Thieves","floor":19,"turns":5},{"damage":39,"enemies":"Shelled Parasite and Fungi","floor":21,"turns":3}],"seed_played":"-2625524171257628850","potions_obtained":[{"floor":3,"key":"LiquidBronze"},{"floor":8,"key":"FairyPotion"},{"floor":10,"key":"ColorlessPotion"},{"floor":16,"key":"PowerPotion"},{"floor":18,"key":"Explosive Potion"}],"is_trial":false,"path_per_floor":["M","$","M","M","?","R","?","M","T","M","R","$","R","M","R","B",null,"M","M","?","M"],"character_chosen":"THE_SILENT","items_purchased":["Quick Slash","Footwork"],"campfire_rested":1,"item_purchase_floors":[2,12],"current_hp_per_floor":[55,55,46,46,46,46,23,16,16,16,35,35,35,34,34,29,57,35,3,3,0,0],"gold":24,"neow_bonus":"ONE_RANDOM_RARE_CARD","is_daily":false,"chose_seed":false,"campfire_upgraded":3,"win_rate":0.0,"timestamp":1612882800,"path_taken":["M","$","M","M","?","R","?","M","T","M","R","?","R","?","R","BOSS","M","M","?","M"],"items_purchased_type":["Card","Card"],"build_version":"2020-12-22","purchased_purges":1,"victory":false,"max_hp_per_floor":[66,66,66,66,66,66,66,66,66,66,66,66,66,66,66,66,66,66,66,66,66,66],"card_choices":[{"not_picked":["Blur","Sucker Punch"],"picked":"Dodge and Roll","floor":1},{"not_picked":["Quick Slash","Catalyst"],"picked":"Dagger Spray","floor":3},{"not_picked":["Poisoned Stab","Dagger Spray"],"picked":"Blur","floor":4},{"not_picked":["Dagger Spray","Reflex"],"picked":"Skewer","floor":8},{"not_picked":["Sucker Punch","Flying Knee","Deadly Poison"],"picked":"SKIP","floor":10},{"not_picked":["Accuracy","Underhanded Strike"],"picked":"Noxious Fumes","floor":14},{"not_picked":["Bullet Time","Glass Knife"],"picked":"A Thousand Cuts","floor":16},{"not_picked":["Riddle With Holes","Sucker Punch","Choke"],"picked":"SKIP","floor":18},{"not_picked":["Flying Knee","Slice"],"picked":"Cloak And Dagger","floor":19}],"player_experience":878552,"relics_obtained":[{"floor":9,"key":"InkBottle"},{"floor":17,"key":"Art of War"},{"floor":17,"key":"Eternal Feather"},{"floor":17,"key":"Calipers"}],"event_choices":[{"damage_healed":0,"gold_gain":0,"cards_transformed":["Strike_G"],"player_choice":"Change","damage_taken":0,"max_hp_gain":0,"max_hp_loss":0,"event_name":"Living Wall","floor":5,"gold_loss":0,"cards_obtained":["Accuracy"]},{"damage_healed":0,"gold_gain":0,"player_choice":"Take Damage","damage_taken":23,"relics_obtained":["Golden Idol"],"max_hp_gain":0,"max_hp_loss":0,"event_name":"Golden Idol","floor":7,"gold_loss":0},{"cards_removed":["Strike_G"],"damage_healed":0,"gold_gain":0,"player_choice":"Elegance","damage_taken":0,"max_hp_gain":0,"max_hp_loss":0,"event_name":"Back to Basics","floor":20,"gold_loss":0}],"is_beta":false,"boss_relics":[{"not_picked":["HoveringKite","Tiny House"],"picked":"Calling Bell"}],"items_purged_floors":[12],"is_endless":false,"potions_floor_spawned":[3,8,10,16,18],"killed_by":"Shelled Parasite and Fungi","ascension_level":20}}