{"host":"92wx9z21c4p52du4","time":1612893808,"event":{"mods":["Act Like it!","Arknights","Bard","BaseMod","ChefMod","Elementarium","Evolution","Infinite Spire","Lobotomy","Minty Spire (QoL Compilation)","Relic Stats","Reliquary","Robot Space Explorer","StSLib","SuperFastMode","The Blue Laboratory","The Disciple","The Hierophant","The Jungle","The Runesmith","TheSurvivalist"],"gold_per_floor":[20,20,34,34,54,79,98,98,98,112,131,10,27,27,27,132,132,149,149,166,166,178,178,178],"floor_reached":23,"language":"ENG","playtime":1038,"items_purged":["ats:Defend","ats:Defend"],"score":195,"play_id":"4125b52c-7f16-4491-8329-733ac5f1cdfd","local_time":"20210209120328","is_ascension_mode":false,"campfire_choices":[{"data":"infinitespire:Oblivion","floor":8,"key":"SMITH"},{"data":"ats:Calcification","floor":15,"key":"SMITH"}],"circlet_count":0,"master_deck":["ats:Strike G","ats:Strike S","ats:Strike V","ats:Armor Crushing Shot","ats:Defend","ats:Emotion Absorption","ats:Powerful Strike","ats:Counter Healing Mode","ats:Leaping Hammer","infinitespire:Oblivion+1","ats:Overload","ats:Magnetic Hammer","ats:Steam Pump","ats:Absolute Focus","ats:Blood Oath","ats:Shell Defense","ats:Calcification+1","ats:Dogmatic Field","ats:Shell Defense","ats:Closed Bolt Burst Fire+1"],"relics":["ats:Sanity","EVO:Axolotl","ats:Originium","Mercury Hourglass","Mummified Hand","Black Star","ats:Arts"],"acts_visited":["Exordium","TheCity"],"potions_floor_usage":[6,23],"damage_taken":[{"damage":3,"enemies":"Jaw Worm","floor":1,"turns":4},{"damage":0,"enemies":"2 Louse","floor":3,"turns":2},{"damage":0,"enemies":"Cultist","floor":5,"turns":2},{"damage":21,"enemies":"Lagavulin","floor":6,"turns":7},{"damage":0,"enemies":"Looter","floor":7,"turns":2},{"damage":11,"enemies":"Exordium Wildlife","floor":10,"turns":3},{"damage":0,"enemies":"Large Slime","floor":11,"turns":3},{"damage":0,"enemies":"Blue Slaver","floor":13,"turns":1},{"damage":12,"enemies":"Hexaghost","floor":16,"turns":9},{"damage":7,"enemies":"3 Byrds","floor":18,"turns":5},{"damage":9,"enemies":"Shell Parasite","floor":20,"turns":5},{"damage":49,"enemies":"Shelled Parasite and Fungi","floor":22,"turns":7},{"damage":64,"enemies":"Book of Stabbing","floor":23,"turns":7}],"seed_played":"-5062595432947830065","potions_obtained":[{"floor":3,"key":"Regen Potion"},{"floor":6,"key":"SpeedPotion"},{"floor":7,"key":"blueLaboratory:BottleOfRum"},{"floor":10,"key":"blueLaboratory:HorrorPotion"}],"is_trial":false,"path_per_floor":["M","?","M","?","M","E","M","R","T","M","M","$","M","?","R","B",null,"M","AVR","M","?","M","E"],"character_chosen":"DOCTOR_CLASS","items_purchased":["ats:Shell Defense"],"campfire_rested":0,"item_purchase_floors":[12],"current_hp_per_floor":[69,51,51,51,51,42,42,42,42,31,34,34,34,34,34,42,72,65,65,65,65,43,0,0],"gold":178,"neow_bonus":"TRANSFORM_TWO_CARDS","is_daily":false,"chose_seed":false,"campfire_upgraded":2,"win_rate":0.0,"timestamp":1612893808,"path_taken":["M","?","M","?","M","E","M","R","T","M","?","$","M","?","R","BOSS","M","AVR","M","?","M","E"],"items_purchased_type":["Card"],"build_version":"2020-12-22","purchased_purges":2,"victory":false,"max_hp_per_floor":[72,72,72,72,72,72,72,72,72,72,72,72,72,72,72,72,72,72,72,72,72,72,72,72],"relic_stats":{"counters":[13,56],"Mummified Hand":[7],"Black Star":0,"obtain_stats":[{"ats:Originium":6,"Mummified Hand":9,"ats:Arts":19,"Black Star":17,"EVO:Axolotl":0,"ats:Sanity":0,"Mercury Hourglass":6},{"ats:Originium":4,"Mummified Hand":5,"ats:Arts":10,"Black Star":9,"EVO:Axolotl":0,"ats:Sanity":0,"Mercury Hourglass":4},{"ats:Originium":15,"Mummified Hand":17,"ats:Arts":37,"Black Star":33,"EVO:Axolotl":0,"ats:Sanity":0,"Mercury Hourglass":15}],"Mercury Hourglass":[122]},"card_choices":[{"not_picked":["ats:Chain Hook","ats:Hammer On"],"picked":"ats:Leaping Hammer","floor":1},{"not_picked":["infinitespire:SealOfDarkness+","infinitespire:FinalStrike"],"picked":"infinitespire:Oblivion","floor":2},{"not_picked":["ats:Encircling Forest","ats:Apocalypse"],"picked":"ats:Overload","floor":3},{"not_picked":["ats:Powerful Strike","ats:Revitalization"],"picked":"ats:Magnetic Hammer","floor":5},{"not_picked":["ats:Red Shift","ats:Shadow Raid"],"picked":"ats:Steam Pump","floor":6},{"not_picked":["ats:Leaping Hammer","ats:Explosion Area Strengthen"],"picked":"ats:Absolute Focus","floor":7},{"not_picked":["ats:Collapsing Strike","ats:Ignite"],"picked":"ats:Blood Oath","floor":10},{"not_picked":["ats:Explosion Area Strengthen","ats:Flame Of Heaven","ats:Steam Pump"],"picked":"SKIP","floor":11},{"not_picked":["ats:Chain Hook","ats:Leaping Hammer"],"picked":"ats:Calcification","floor":13},{"not_picked":["ats:Nebulous Foxfire","ats:True Silver Slash"],"picked":"ats:Dogmatic Field","floor":16},{"not_picked":["ats:Curse Doll","ats:Apocalypse"],"picked":"ats:Shell Defense","floor":18},{"not_picked":["ats:Hammer On+1","ats:Rapid Magazine+1"],"picked":"ats:Closed Bolt Burst Fire+1","floor":20},{"not_picked":["ats:Curse Doll","ats:Hammer On+1","ats:Defend Order"],"picked":"SKIP","floor":22}],"player_experience":242616,"relics_obtained":[{"floor":6,"key":"ats:Originium"},{"floor":6,"key":"Mercury Hourglass"},{"floor":9,"key":"Mummified Hand"}],"event_choices":[{"damage_healed":0,"gold_gain":0,"player_choice":"Ignored","damage_taken":0,"max_hp_gain":0,"max_hp_loss":0,"event_name":"NoteForYourself","floor":4,"gold_loss":0},{"damage_healed":0,"gold_gain":0,"player_choice":"Ignored","damage_taken":0,"max_hp_gain":0,"max_hp_loss":0,"event_name":"Vampires","floor":21,"gold_loss":0}],"is_beta":false,"boss_relics":[{"not_picked":["ats:Sanity Plus","Ectoplasm"],"picked":"Black Star"}],"items_purged_floors":[12,19],"is_endless":false,"potions_floor_spawned":[3,6,7,10,16],"killed_by":"Book of Stabbing","ascension_level":0}}