{"host":"mi0eibewekhugwl1","time":1612858491,"event":{"mods":["AchievementEnabler","BaseMod","Colored Map","Colored Powertips","DeckTracker","Keyboard Shortcuts","Minty Spire (QoL Compilation)","Quick Restart","Rare Cards Sparkle","Relic Stats","StSLib","SuperFastMode","everything is the same but u backflip on backflip"],"gold_per_floor":[113,127,402,414,0,0,17,34,34,34,44,44,60,60,60,60,60],"floor_reached":16,"language":"KOR","playtime":173,"items_purged":["Regret"],"score":188,"play_id":"76049f4c-f033-4f5c-ba54-44e0e9b9e4c8","local_time":"20210209171451","is_ascension_mode":true,"campfire_choices":[{"data":"Eruption","floor":6.0,"key":"SMITH"},{"data":"WindmillStrike","floor":10.0,"key":"SMITH"},{"floor":12.0,"key":"REST"},{"data":"SandsOfTime","floor":15.0,"key":"SMITH"}],"circlet_count":0,"master_deck":["AscendersBane","Strike_P","Strike_P","Strike_P","Strike_P","Defend_P","Defend_P","Defend_P","Defend_P","Eruption+1","Vigilance","Tantrum","SandsOfTime+1","WindmillStrike+1"],"relics":["PureWater","NeowsBlessing","Incense Burner","Juzu Bracelet"],"acts_visited":["Exordium"],"potions_floor_usage":[],"damage_taken":[{"damage":0.0,"enemies":"Small Slimes","floor":1.0,"turns":1.0},{"damage":0.0,"enemies":"Cultist","floor":2.0,"turns":1.0},{"damage":4.0,"enemies":"Jaw Worm","floor":4.0,"turns":2.0},{"damage":19.0,"enemies":"Exordium Thugs","floor":7.0,"turns":4.0},{"damage":8.0,"enemies":"Large Slime","floor":8.0,"turns":4.0},{"damage":19.0,"enemies":"3 Louse","floor":11.0,"turns":4.0},{"damage":6.0,"enemies":"Looter","floor":13.0,"turns":3.0},{"damage":0,"enemies":"Hexaghost","floor":16,"turns":1}],"seed_played":"-4980488096429273493","potions_obtained":[{"floor":4.0,"key":"DuplicationPotion"},{"floor":8.0,"key":"Swift Potion"},{"floor":14.0,"key":"Weak Potion"}],"is_trial":false,"path_per_floor":["M","M","?","M","$","R","M","M","T","R","M","R","M","?","R","B"],"character_chosen":"WATCHER","items_purchased":["Incense Burner"],"campfire_rested":1,"item_purchase_floors":[5],"current_hp_per_floor":[61,61,61,57,57,57,38,30,30,30,11,31,25,25,25,25,25],"gold":60,"neow_bonus":"THREE_ENEMY_KILL","is_daily":false,"chose_seed":false,"campfire_upgraded":3,"win_rate":0.0,"timestamp":1612858491,"path_taken":["M","M","?","?","$","R","M","M","T","R","M","R","M","?","R","BOSS"],"items_purchased_type":["Relic"],"build_version":"2020-12-22","purchased_purges":1,"victory":false,"max_hp_per_floor":[68,68,68,68,68,68,68,68,68,68,68,68,68,68,68,68,68],"relic_stats":{"counters":[8,20],"Juzu Bracelet":0,"obtain_stats":[{"NeowsBlessing":0,"Incense Burner":5,"Juzu Bracelet":9,"PureWater":0},{"NeowsBlessing":0,"Incense Burner":3,"Juzu Bracelet":5,"PureWater":0},{"NeowsBlessing":0,"Incense Burner":4,"Juzu Bracelet":12,"PureWater":0}]},"card_choices":[{"not_picked":["PathToVictory","Wallop"],"picked":"Tantrum","floor":1.0},{"not_picked":["FlyingSleeves","Worship","PathToVictory"],"picked":"SKIP","floor":2.0},{"not_picked":["Sanctity","Consecrate"],"picked":"SandsOfTime","floor":4.0},{"not_picked":["ThirdEye","SignatureMove"],"picked":"WindmillStrike","floor":7.0},{"not_picked":["JustLucky","DeceiveReality","FollowUp"],"picked":"SKIP","floor":8.0},{"not_picked":["BowlingBash","WheelKick","Swivel"],"picked":"SKIP","floor":11.0},{"not_picked":["WheelKick","DeceiveReality","WreathOfFlame"],"picked":"SKIP","floor":13.0}],"player_experience":1789596,"relics_obtained":[{"floor":9.0,"key":"Juzu Bracelet"}],"event_choices":[{"damage_healed":0.0,"max_hp_gain":0.0,"max_hp_loss":0.0,"gold_gain":275.0,"event_name":"Golden Shrine","player_choice":"Desecrate","floor":3.0,"gold_loss":0.0,"damage_taken":0.0,"cards_obtained":["Regret"]},{"damage_healed":0.0,"max_hp_gain":0.0,"max_hp_loss":0.0,"gold_gain":0.0,"event_name":"Lab","player_choice":"Got Potions","floor":14.0,"gold_loss":0.0,"damage_taken":0.0}],"is_beta":false,"boss_relics":[],"items_purged_floors":[5],"is_endless":false,"potions_floor_spawned":[4,8],"killed_by":"Hexaghost","ascension_level":20}}