{"host":"vit9b6u76k1y61sh","time":1612839607,"event":{"mods":["BaseMod","Block Reminder","Colored Powertips","Highlight Path","Minty Spire (QoL Compilation)","Rare Cards Sparkle","Relic Sorter","Relic Stats","StSLib"],"gold_per_floor":[116,134,309,141,216,216,249,249,275,300,300,300,315,338,338,338,338],"floor_reached":16,"language":"ENG","playtime":772,"items_purged":["Strike_R"],"score":110,"play_id":"dc589c42-45b7-4535-853e-705c8d28e0a4","local_time":"20210208220007","is_ascension_mode":true,"campfire_choices":[{"data":"Cleave","floor":6,"key":"SMITH"},{"data":"Limit Break","floor":11,"key":"SMITH"},{"floor":15,"key":"REST"}],"circlet_count":0,"master_deck":["Strike_R","Strike_R","Strike_R","Strike_R","Defend_R","Defend_R+1","Defend_R","Defend_R+1","Bash","Flash of Steel","Anger","Cleave+1","Doubt","Dark Shackles","Limit Break+1","Anger","Twin Strike"],"relics":["Burning Blood","Regal Pillow","Golden Idol","War Paint","Ginger"],"acts_visited":["Exordium"],"potions_floor_usage":[10,16,16],"damage_taken":[{"damage":1,"enemies":"Cultist","floor":1,"turns":4},{"damage":18,"enemies":"2 Louse","floor":2,"turns":3},{"damage":27,"enemies":"Lagavulin","floor":7,"turns":7},{"damage":0,"enemies":"Jaw Worm","floor":10,"turns":3},{"damage":6,"enemies":"Looter","floor":13,"turns":4},{"damage":14,"enemies":"3 Louse","floor":14,"turns":3},{"damage":73,"enemies":"Hexaghost","floor":16,"turns":11}],"seed_played":"29416","potions_obtained":[{"floor":2,"key":"SteroidPotion"},{"floor":10,"key":"EssenceOfSteel"},{"floor":14,"key":"GamblersBrew"}],"is_trial":false,"path_per_floor":["M","M","?","$","?","R","E","?","T","M","R","T","M","M","R","B"],"character_chosen":"IRONCLAD","items_purchased":["Dark Shackles"],"campfire_rested":1,"item_purchase_floors":[4],"current_hp_per_floor":[80,68,68,68,57,57,36,36,36,42,42,42,42,34,71,0,0],"gold":338,"neow_bonus":"RANDOM_COLORLESS","is_daily":false,"chose_seed":true,"campfire_upgraded":2,"win_rate":0.0,"timestamp":1612839607,"path_taken":["M","?","?","?","?","R","E","?","T","M","R","?","?","M","R","BOSS"],"items_purchased_type":["Card"],"build_version":"2020-12-22","purchased_purges":1,"victory":false,"max_hp_per_floor":[80,80,80,80,80,80,80,74,74,74,74,74,74,74,74,74,74],"relic_stats":{"Regal Pillow":15,"counters":[7,35],"Golden Idol":13,"Ginger":[5],"War Paint":["Defend_R","Defend_R"],"obtain_stats":[{"Regal Pillow":7,"Golden Idol":8,"Ginger":12,"War Paint":9,"Burning Blood":0},{"Regal Pillow":3,"Golden Idol":3,"Ginger":4,"War Paint":3,"Burning Blood":0},{"Regal Pillow":14,"Golden Idol":14,"Ginger":17,"War Paint":14,"Burning Blood":0}],"Burning Blood":31},"card_choices":[{"not_picked":["Dramatic Entrance","Finesse"],"picked":"Flash of Steel","floor":0},{"not_picked":["Searing Blow","Thunderclap"],"picked":"Anger","floor":1},{"not_picked":["Rupture","Sword Boomerang"],"picked":"Cleave","floor":2},{"not_picked":["Flame Barrier","Warcry"],"picked":"Limit Break","floor":7},{"not_picked":["Sword Boomerang","Wild Strike","True Grit"],"picked":"SKIP","floor":10},{"not_picked":["Sever Soul","Entrench"],"picked":"Anger","floor":13},{"not_picked":["True Grit","Clothesline"],"picked":"Twin Strike","floor":14}],"player_experience":143020,"relics_obtained":[{"floor":7,"key":"Regal Pillow"},{"floor":9,"key":"War Paint"},{"floor":12,"key":"Ginger"}],"event_choices":[{"damage_healed":0,"gold_gain":175,"player_choice":"AGREE","damage_taken":0,"max_hp_gain":0,"max_hp_loss":0,"event_name":"Liars Game","floor":3,"gold_loss":0,"cards_obtained":["Doubt"]},{"damage_healed":0,"gold_gain":75,"player_choice":"Gather Gold","damage_taken":11,"max_hp_gain":0,"max_hp_loss":0,"event_name":"World of Goop","floor":5,"gold_loss":0},{"damage_healed":0,"gold_gain":0,"player_choice":"Lose Max HP","damage_taken":0,"relics_obtained":["Golden Idol"],"max_hp_gain":0,"max_hp_loss":6,"event_name":"Golden Idol","floor":8,"gold_loss":0}],"is_beta":false,"boss_relics":[],"items_purged_floors":[4],"is_endless":false,"potions_floor_spawned":[2,10,14],"killed_by":"Hexaghost","ascension_level":2}}