{"host":"665g8wmplxs7g59h","time":1612884413,"event":{"mods":["AchievementEnabler","BaseMod","Colored Map","DeckTracker","Minty Spire (QoL Compilation)","Permanent Neow","SuperFastMode"],"gold_per_floor":[119,119,119,119,44,44,120,120,147,172,196,210,225,77,77,196,196,215,65,65,88,88,88,101,119,146,167,188,221,234,252,252,377,377,392,413,413,288,307,330,330,330],"floor_reached":41,"language":"KOR","playtime":2825,"items_purged":["Strike_G","Sucker Punch","Defend_G"],"score":484,"play_id":"06b2031c-54b1-4490-a98c-1e9b05c894dc","local_time":"20210210002653","is_ascension_mode":false,"campfire_choices":[{"data":"Survivor","floor":6,"key":"SMITH"},{"data":"Prepared","floor":15,"key":"SMITH"},{"data":"Reflex","floor":23,"key":"SMITH"},{"data":"Acrobatics","floor":32,"key":"SMITH"}],"circlet_count":0,"master_deck":["Strike_G","Defend_G","Defend_G","Defend_G+1","Defend_G+1","Survivor+1","Neutralize","Reflex","Prepared+1","Reflex+1","Well Laid Plans","Grand Finale","Quick Slash","Prepared","Acrobatics+1","Concentrate"],"relics":["Ring of the Snake","Golden Idol","Oddly Smooth Stone","Kunai","MealTicket","SlaversCollar","Happy Flower","Matryoshka","Black Star"],"acts_visited":["Exordium","TheCity","TheBeyond"],"potions_floor_usage":[12,16,24,25,35,41],"damage_taken":[{"damage":0,"enemies":"Small Slimes","floor":1,"turns":5},{"damage":0,"enemies":"Jaw Worm","floor":10,"turns":7},{"damage":0,"enemies":"2 Louse","floor":11,"turns":4},{"damage":0,"enemies":"Large Slime","floor":12,"turns":6},{"damage":0,"enemies":"Looter","floor":13,"turns":4},{"damage":3,"enemies":"The Guardian","floor":16,"turns":16},{"damage":11,"enemies":"3 Byrds","floor":18,"turns":6},{"damage":7,"enemies":"Shell Parasite","floor":21,"turns":5},{"damage":36,"enemies":"Snecko","floor":24,"turns":8},{"damage":0,"enemies":"Centurion and Healer","floor":25,"turns":3},{"damage":0,"enemies":"3 Cultists","floor":27,"turns":3},{"damage":0,"enemies":"Snake Plant","floor":28,"turns":4},{"damage":0,"enemies":"Gremlin Leader","floor":29,"turns":6},{"damage":0,"enemies":"Cultist and Chosen","floor":30,"turns":4},{"damage":0,"enemies":"Centurion and Healer","floor":31,"turns":2},{"damage":0,"enemies":"Collector","floor":33,"turns":5},{"damage":7,"enemies":"Orb Walker","floor":35,"turns":4},{"damage":0,"enemies":"3 Darklings","floor":36,"turns":2},{"damage":6,"enemies":"4 Shapes","floor":39,"turns":1},{"damage":0,"enemies":"Jaw Worm Horde","floor":40,"turns":1},{"damage":62,"enemies":"Nemesis","floor":41,"turns":9}],"seed_played":"-1681054043230495040","potions_obtained":[{"floor":10,"key":"Fire Potion"},{"floor":12,"key":"DuplicationPotion"},{"floor":16,"key":"PowerPotion"},{"floor":24,"key":"SkillPotion"},{"floor":28,"key":"CunningPotion"},{"floor":29,"key":"Explosive Potion"},{"floor":31,"key":"Explosive Potion"},{"floor":40,"key":"CunningPotion"}],"is_trial":false,"path_per_floor":["M","?","?","?","$","R","T","?","T","M","M","M","M","$","R","B",null,"M","$","?","M","$","R","M","M","T","M","M","E","M","M","R","B",null,"M","M","?","$","M","M","E"],"character_chosen":"THE_SILENT","items_purchased":["Grand Finale","Quick Slash"],"campfire_rested":0,"item_purchase_floors":[14,19],"current_hp_per_floor":[63,68,51,26,26,26,26,12,12,12,12,12,12,27,27,24,68,57,68,68,61,68,68,32,32,32,32,32,32,32,32,32,32,68,61,61,61,68,62,62,0,0],"gold":330,"neow_bonus":"TRANSFORM_TWO_CARDS","is_daily":false,"chose_seed":false,"campfire_upgraded":4,"win_rate":0.0,"timestamp":1612884413,"path_taken":["M","?","?","?","$","R","?","?","T","M","M","M","?","$","R","BOSS","M","$","?","M","$","R","M","M","T","M","M","E","M","?","R","BOSS","M","?","?","$","M","M","E"],"items_purchased_type":["Card","Card"],"build_version":"2020-12-22","purchased_purges":3,"victory":false,"max_hp_per_floor":[63,68,68,68,68,68,68,68,68,68,68,68,68,68,68,68,68,68,68,68,68,68,68,68,68,68,68,68,68,68,68,68,68,68,68,68,68,68,68,68,68,68],"card_choices":[{"not_picked":["Deadly Poison","Eviscerate"],"picked":"Prepared","floor":1},{"not_picked":["Flechettes","Poisoned Stab","Dodge and Roll"],"picked":"SKIP","floor":10},{"not_picked":["Flying Knee","Masterful Stab"],"picked":"Reflex","floor":11},{"not_picked":["Blade Dance","Finisher","Dagger Spray"],"picked":"SKIP","floor":12},{"not_picked":["Slice","Noxious Fumes"],"picked":"Well Laid Plans","floor":13},{"not_picked":["Deflect","Underhanded Strike+1","Predator"],"picked":"SKIP","floor":18},{"not_picked":["Blade Dance","Quick Slash"],"picked":"Prepared","floor":21},{"not_picked":["Quick Slash","Predator","Sucker Punch"],"picked":"SKIP","floor":24},{"not_picked":["Slice+1","Sucker Punch+1","Well Laid Plans"],"picked":"SKIP","floor":25},{"not_picked":["Accuracy","Blade Dance+1","Riddle With Holes"],"picked":"SKIP","floor":27},{"not_picked":["Malaise","Deflect+1","Dodge and Roll"],"picked":"SKIP","floor":28},{"not_picked":["Underhanded Strike","Deflect+1","Bane+1"],"picked":"SKIP","floor":29},{"not_picked":["Prepared","Underhanded Strike"],"picked":"Acrobatics","floor":30},{"not_picked":["Dodge and Roll+1","Backflip+1","Acrobatics"],"picked":"SKIP","floor":31},{"not_picked":["Deflect+1","Acrobatics+1","Outmaneuver"],"picked":"SKIP","floor":35},{"not_picked":["Slice+1","Deflect","Outmaneuver"],"picked":"SKIP","floor":36},{"not_picked":["Well Laid Plans","Prepared+1","Poisoned Stab+1"],"picked":"SKIP","floor":39},{"not_picked":["Reflex","Blade Dance+1"],"picked":"Concentrate","floor":40}],"player_experience":81183,"relics_obtained":[{"floor":7,"key":"Kunai"},{"floor":9,"key":"MealTicket"},{"floor":26,"key":"Happy Flower"},{"floor":29,"key":"Matryoshka"}],"event_choices":[{"damage_healed":0,"gold_gain":0,"player_choice":"Donut","damage_taken":0,"max_hp_gain":5,"max_hp_loss":0,"event_name":"Big Fish","floor":2,"gold_loss":0},{"damage_healed":0,"gold_gain":0,"player_choice":"Take Damage","damage_taken":17,"relics_obtained":["Golden Idol"],"max_hp_gain":0,"max_hp_loss":0,"event_name":"Golden Idol","floor":3,"gold_loss":0},{"damage_healed":0,"gold_gain":0,"player_choice":"Success","damage_taken":25,"relics_obtained":["Oddly Smooth Stone"],"max_hp_gain":0,"max_hp_loss":0,"event_name":"Scrap Ooze","floor":4,"gold_loss":0},{"damage_healed":0,"gold_gain":0,"player_choice":"Entered Light","damage_taken":14,"max_hp_gain":0,"max_hp_loss":0,"event_name":"Shining Light","floor":8,"gold_loss":0,"cards_upgraded":["Defend_G","Defend_G"]},{"cards_removed":["Strike_G"],"damage_healed":0,"gold_gain":0,"player_choice":"Purged","damage_taken":0,"max_hp_gain":0,"max_hp_loss":0,"event_name":"Purifier","floor":20,"gold_loss":0},{"damage_healed":0,"gold_gain":0,"player_choice":"Memory 1","damage_taken":0,"max_hp_gain":0,"max_hp_loss":0,"event_name":"SensoryStone","floor":37,"gold_loss":0}],"is_beta":false,"boss_relics":[{"not_picked":["WristBlade","Coffee Dripper"],"picked":"SlaversCollar"},{"not_picked":["Runic Pyramid","Velvet Choker"],"picked":"Black Star"}],"items_purged_floors":[5,19,38],"is_endless":false,"potions_floor_spawned":[10,12,16,24,28,29,31,40],"killed_by":"Nemesis","ascension_level":0}}