{"host":"7caq7bqinjqlxdab","time":1612896337,"event":{"mods":["AchievementEnabler","Aspiration","BaseMod","Better Third Choice","BetterRewards","Bossed Relics","Colored Map","Colored Powertips","Conspire","Curses Come First","Downfall","Hermit","Highlight Path","Hubris","Infinite Spire","Minty Spire (QoL Compilation)","Quick Restart","Rare Cards Sparkle","Replay The Spire","Shop Mod","StSLib","Transform Curses"],"gold_per_floor":[119,132,145,156,156,200,200,200,226,251,251,304,304,329,329,453,453,468,468,468,468],"floor_reached":20,"language":"ENG","playtime":1972,"items_purged":[],"score":174,"play_id":"431a5305-b918-4f5e-bd1f-a3f0a42b73db","local_time":"20210209194537","is_ascension_mode":false,"campfire_choices":[{"floor":7,"key":"REST"},{"floor":13,"key":"REST"},{"floor":15,"key":"REST"}],"circlet_count":0,"master_deck":["Strike_B","Strike_B","Strike_B","Strike_B","Defend_B","Defend_B","Defend_B","Defend_B","Zap","Dualcast","hubris:DoWhile","ReplaySort","Streamline","Reinforced Body","Genetic Algorithm","aspiration:Polymerization","Storm","Thunder Strike","Leap"],"relics":["Cracked Core","Golden Idol","Replay:Wax Seal","Bag of Preparation","hubris:VirtuousBlindfold","Quantum Egg"],"acts_visited":["Exordium","TheCity"],"potions_floor_usage":[2,4,6,16,18],"damage_taken":[{"damage":1.0,"enemies":"Jaw Worm","floor":1.0,"turns":4.0},{"damage":0,"enemies":"2 Louse","floor":2,"turns":2},{"damage":0,"enemies":"Cultist","floor":3,"turns":3},{"damage":0,"enemies":"Looter","floor":4,"turns":2},{"damage":28,"enemies":"Gremlin Nob","floor":6,"turns":4},{"damage":16,"enemies":"Exordium Wildlife","floor":10,"turns":5},{"damage":11,"enemies":"Red Slaver","floor":14,"turns":3},{"damage":53,"enemies":"Fading Forest","floor":16,"turns":11},{"damage":4,"enemies":"Chosen","floor":18,"turns":6},{"damage":0,"enemies":"2 Thieves","floor":20,"turns":1}],"seed_played":"-1291267936121844924","potions_obtained":[{"floor":1.0,"key":"BlessingOfTheForge"},{"floor":2,"key":"SkillPotion"},{"floor":4,"key":"SkillPotion"},{"floor":10,"key":"Adrenaline Potion"},{"floor":16,"key":"AttackPotion"}],"is_trial":false,"path_per_floor":["M","M","M","M","?","E","R","?","T","M","?","T","R","M","R","B",null,"M","T","M"],"character_chosen":"DEFECT","items_purchased":[],"campfire_rested":3,"item_purchase_floors":[],"current_hp_per_floor":[74,74,74,74,74,46,68,68,68,52,52,52,74,63,75,31,75,71,71,71,71],"gold":468,"neow_bonus":"ONE_RANDOM_RARE_CARD","is_daily":false,"chose_seed":false,"campfire_upgraded":0,"win_rate":0.0,"timestamp":1612896337,"path_taken":["M","M","M","M","?","E","R","?","T","?","?","?","R","M","R","BOSS","M","?","?"],"items_purchased_type":[],"build_version":"2020-12-22","purchased_purges":0,"victory":false,"max_hp_per_floor":[75,75,75,75,75,75,75,75,75,75,75,75,75,75,75,75,75,75,75,75,75],"card_choices":[{"not_picked":["Redo","hubris:Ukulele","Chill"],"picked":"SKIP","floor":1.0},{"not_picked":["Redo","Beam Cell"],"picked":"ReplaySort","floor":2},{"not_picked":["BootSequence","Melter"],"picked":"Streamline","floor":3},{"not_picked":["Redo","Stack"],"picked":"Reinforced Body","floor":4},{"not_picked":["Barrage","FTL","BasicCrystalCard"],"picked":"SKIP","floor":6},{"not_picked":["Barrage","Hologram"],"picked":"aspiration:Polymerization","floor":10},{"not_picked":["Conserve Battery","Hologram"],"picked":"Storm","floor":14},{"not_picked":["ReplayTheSpireMod:Omega Cannon","Meteor Strike"],"picked":"Thunder Strike","floor":16},{"not_picked":["BasicCrystalCard","Blizzard+1"],"picked":"Leap","floor":18}],"player_experience":654176,"relics_obtained":[{"floor":6,"key":"Replay:Wax Seal"},{"floor":12,"key":"Bag of Preparation"},{"floor":19,"key":"Quantum Egg"}],"event_choices":[{"damage_healed":0,"gold_gain":0,"player_choice":"Take Wound","damage_taken":0,"relics_obtained":["Golden Idol"],"max_hp_gain":0,"max_hp_loss":0,"event_name":"Golden Idol","floor":5,"gold_loss":0,"cards_obtained":["Injury"]},{"damage_healed":0,"gold_gain":0,"cards_transformed":["Injury"],"player_choice":"Transformed","damage_taken":0,"max_hp_gain":0,"max_hp_loss":0,"event_name":"Transmorgrifier","floor":8,"gold_loss":0,"cards_obtained":["Genetic Algorithm"]}],"is_beta":false,"boss_relics":[{"not_picked":["Velvet Choker","aspiration:IroncladSkillbook"],"picked":"hubris:VirtuousBlindfold"}],"items_purged_floors":[],"is_endless":false,"potions_floor_spawned":[1,2,4,10,16],"killed_by":"2 Thieves","ascension_level":0}}