{"host":"qhn6g0owdgjb77rz","time":1612883718,"event":{"mods":["BaseMod","BetterRewards","Colored Map","Downfall","Minty Spire (QoL Compilation)","Relic Sorter","Reliquary","Spire Arcade","StSLib"],"gold_per_floor":[0,19,31,51,51,61,61,61,61,94,111,11,42,58,68,170,170,170,186,202,202,214,224,274,174,5,32,52,52,37,37,52,52,52,52],"floor_reached":33,"language":"ENG","playtime":1555,"items_purged":[],"score":377,"play_id":"7e0f5915-daa4-4d2c-a36a-10eb79b0c6fc","local_time":"20210210001518","is_ascension_mode":true,"campfire_choices":[{"floor":1.0,"key":"RECALL"},{"data":"bronze:Fortify","floor":9.0,"key":"SMITH"},{"floor":12.0,"key":"REST"},{"data":"bronze:HardenedForm","floor":18.0,"key":"SMITH"},{"data":"bronze:Flail","floor":25,"key":"SMITH"},{"data":"bronze:AlphaBuild","floor":29,"key":"SMITH"}],"circlet_count":0,"master_deck":["bronze:Strike","bronze:Strike","bronze:Strike","bronze:Defend","bronze:Defend","bronze:Defend","bronze:Replicate+1","bronze:Goto+1","bronze:Shell","bronze:Fortify+1","bronze:Flail+1","bronze:Boost+1","bronze:Frontload+1","bronze:HardenedForm+1","bronze:Branch+1","bronze:FineTuning","downfall:Malfunctioning","Parasite","bronze:AlphaBuild+1","bronze:AlphaBuild"],"relics":["bronze:BronzeCore","downfall:ShatteredFragment","Turnip","downfall:ExtraCursedKey","Blue Candle","downfall:HeartBlessingRed","Mango","Sozu","downfall:HeartBlessingBlue","reliquary:SharkskinSheath"],"acts_visited":["Exordium","TheCity"],"potions_floor_usage":[],"damage_taken":[{"damage":7.0,"enemies":"2 Louse","floor":2.0,"turns":3.0},{"damage":4.0,"enemies":"Jaw Worm","floor":3.0,"turns":6.0},{"damage":0.0,"enemies":"Cultist","floor":4.0,"turns":4.0},{"damage":28.0,"enemies":"Large Slime","floor":6.0,"turns":4.0},{"damage":1.0,"enemies":"Lagavulin","floor":10.0,"turns":6.0},{"damage":6.0,"enemies":"Red Slaver","floor":11.0,"turns":3.0},{"damage":0.0,"enemies":"Gremlin Nob","floor":13.0,"turns":3.0},{"damage":0.0,"enemies":"3 Louse","floor":14.0,"turns":1.0},{"damage":1.0,"enemies":"Large Slime","floor":15.0,"turns":3.0},{"damage":4.0,"enemies":"SI_SHIV_ARCHETYPE","floor":16.0,"turns":6.0},{"damage":2.0,"enemies":"Chosen","floor":19.0,"turns":4.0},{"damage":0.0,"enemies":"Shell Parasite","floor":20.0,"turns":4.0},{"damage":0.0,"enemies":"Cultist and Chosen","floor":22.0,"turns":4.0},{"damage":0.0,"enemies":"Centurion and Healer","floor":23.0,"turns":5.0},{"damage":0,"enemies":"downfall:FleeingMerchant","floor":26,"turns":4},{"damage":29,"enemies":"Slavers","floor":27,"turns":3},{"damage":14,"enemies":"Snake Plant","floor":28,"turns":3},{"damage":1,"enemies":"downfall:FleeingMerchant","floor":30,"turns":4},{"damage":0,"enemies":"Snecko","floor":32,"turns":4},{"damage":52,"enemies":"WA_ARCHETYPE_CALM","floor":33,"turns":5}],"seed_played":"-8562408067491225098","potions_obtained":[{"floor":4.0,"key":"FearPotion"},{"floor":11.0,"key":"Fire Potion"},{"floor":13.0,"key":"Ancient Potion"},{"floor":15.0,"key":"champ:CounterPotion"}],"is_trial":false,"path_per_floor":["R","M","M","M","?","M","T","?","R","E","M","R","E","M","M","B",null,"R","M","M","?","M","M","T","R","$","E","M","R","$","?","M","B"],"character_chosen":"THE_AUTOMATON","items_purchased":["bronze:AlphaBuild"],"campfire_rested":1,"item_purchase_floors":[26],"current_hp_per_floor":[70,63,59,59,38,10,10,10,10,9,3,24,38,38,37,33,84,84,82,82,82,82,82,82,92,92,63,49,49,48,48,48,0,0,0],"gold":52,"neow_bonus":"REMOVE_TWO","is_daily":false,"chose_seed":false,"campfire_upgraded":4,"win_rate":0.0,"timestamp":1612883718,"path_taken":["R","M","M","M","?","M","T","?","R","E","M","R","E","M","M","BOSS","R","M","M","?","?","M","T","R","$","E","M","R","$","?","M","BOSS"],"items_purchased_type":["Card"],"build_version":"2020-12-22","purchased_purges":0,"victory":false,"max_hp_per_floor":[70,70,70,70,70,70,70,70,70,70,70,70,84,84,84,84,84,84,84,84,84,84,84,84,94,94,94,94,94,94,94,94,94,94,94],"card_choices":[{"not_picked":["bronze:BuggyMess","bronze:WhirlingStrike"],"picked":"bronze:Shell","floor":2.0},{"not_picked":["bronze:GetLatest","bronze:Branch"],"picked":"bronze:Fortify","floor":3.0},{"not_picked":["bronze:Constructor","bronze:Shield"],"picked":"bronze:Flail","floor":4.0},{"not_picked":["bronze:DelayedGuard","bronze:InfiniteBeams"],"picked":"bronze:Boost","floor":6.0},{"not_picked":["bronze:Format","bronze:CleanCode"],"picked":"bronze:Frontload","floor":10.0},{"not_picked":["bronze:Invalidate","bronze:Separator","bronze:BitShift"],"picked":"SKIP","floor":11.0},{"not_picked":["bronze:Separator","bronze:CutThrough","bronze:WildBeam"],"picked":"SKIP","floor":13.0},{"not_picked":["bronze:DelayedGuard","bronze:Turbo","bronze:ShipIt"],"picked":"SKIP","floor":14.0},{"not_picked":["bronze:OilSpill","bronze:BitShift","bronze:Terminator"],"picked":"SKIP","floor":15.0},{"not_picked":["bronze:Mutator","bronze:FindAndReplace"],"picked":"bronze:HardenedForm","floor":16.0},{"not_picked":["bronze:BitShift","bronze:WhirlingStrike"],"picked":"bronze:Branch+1","floor":19.0},{"not_picked":["bronze:CutThrough","bronze:Frontload"],"picked":"bronze:FineTuning","floor":20.0},{"not_picked":["bronze:OilSpill","bronze:Constructor","bronze:CloningBeam"],"picked":"SKIP","floor":22.0},{"not_picked":["bronze:Branch","bronze:DigitalCarnage","bronze:BugBarrage"],"picked":"SKIP","floor":23.0},{"not_picked":["bronze:Separator","bronze:ChosenStrike","bronze:WhirlingStrike"],"picked":"SKIP","floor":26},{"not_picked":["bronze:Overload","bronze:DelayedGuard"],"picked":"bronze:AlphaBuild","floor":27},{"not_picked":["bronze:Overheat","bronze:Separator","bronze:Iterate+1"],"picked":"SKIP","floor":28},{"not_picked":["bronze:CutThrough","bronze:WhirlingStrike","bronze:FollowUp"],"picked":"SKIP","floor":30},{"not_picked":["bronze:Constructor","bronze:DigitalCarnage","bronze:Refactor"],"picked":"SKIP","floor":32}],"player_experience":686733,"relics_obtained":[{"floor":7.0,"key":"Turnip"},{"floor":10.0,"key":"Blue Candle"},{"floor":13.0,"key":"Mango"},{"floor":27,"key":"reliquary:SharkskinSheath"}],"event_choices":[],"is_beta":false,"boss_relics":[{"not_picked":["reliquary:Ember","Velvet Choker"],"picked":"Sozu"}],"items_purged_floors":[],"is_endless":false,"potions_floor_spawned":[4,11,13,15,20,23,27,28,32],"killed_by":"WA_ARCHETYPE_CALM","ascension_level":3}}