{"host":"9eojso4kl4lidi9b","time":1612841651,"event":{"mods":["BaseMod","Beaked The Cultist","Better Skull","Colored Map","Colored Powertips","Conspire","Downfall","GifTheSpireLib","Minty Spire (QoL Compilation)","Random Character Button","Small Relic Pack","StSLib","Stuff the Spire","The Blackbeard","The Necromancer","The Poker Player","The Wild Card","Trackpad","Unceasing Turn Reminder","Yuri Mod"],"gold_per_floor":[99,119,119,119,156,185,185,204,204,252,252,252,266,266,286,391,391,391,404,404,419,437,437,437,437,466,4,4,4,4],"floor_reached":28,"language":"ENG","playtime":4765,"items_purged":["downfall:Bewildered"],"score":259,"play_id":"4752af66-ff7c-471b-9c59-c61e5401ad68","local_time":"20210208213411","is_ascension_mode":false,"campfire_choices":[{"data":"champ:Taunt","floor":1,"key":"SMITH"},{"floor":9,"key":"REST"},{"floor":12,"key":"REST"},{"data":"champ:TornadoPunch","floor":18,"key":"SMITH"}],"circlet_count":0,"master_deck":["champ:Strike","champ:Strike","champ:Strike","champ:Strike","champ:Defend","champ:Defend","champ:Defend","champ:Defend","champ:Execute","champ:Taunt+1","champ:BringItOn","PokerPlayerMod:Club2","PokerPlayerMod:Club3","PokerPlayerMod:Club4","PokerPlayerMod:Club5","PokerPlayerMod:Club6","champ:Endure","champ:TornadoPunch+1","champ:ShieldSlam","champ:BladeFlurry","champ:StanceDance","champ:GladiatorForm","champ:GladiatorStyle","champ:EnGarde","champ:HeartStrike+1","champ:CrownThrow+1","champ:FanOfKnives","champ:ShieldWall","Swift Strike"],"relics":["champ:ChampionCrown","conspire:DecoderRing","Potion Belt","conspire:Flyswatter","StuffTheSpire:GrapeVine","Philosopher\u0027s Stone","relicPack:OneForAll","MutagenicStrength","trackpad:WondrousWand","sneckomod:BabySnecko","Question Card","Bottled Flame"],"acts_visited":["Exordium","TheCity"],"potions_floor_usage":[6,16,16],"damage_taken":[{"damage":39,"enemies":"Small Slimes","floor":2,"turns":5},{"damage":41,"enemies":"conspire:MimicChest","floor":5,"turns":7},{"damage":55,"enemies":"Gremlin Nob","floor":6,"turns":6},{"damage":7,"enemies":"2 Louse","floor":8,"turns":3},{"damage":0,"enemies":"Cultist","floor":11,"turns":1},{"damage":14,"enemies":"Exordium Wildlife","floor":13,"turns":3},{"damage":9,"enemies":"2 Fungi Beasts","floor":15,"turns":3},{"damage":82,"enemies":"IC_STATUS_ARCHETYPE","floor":16,"turns":10},{"damage":34,"enemies":"conspire:FuzzyDice","floor":19,"turns":6},{"damage":34,"enemies":"Chosen","floor":21,"turns":7},{"damage":48,"enemies":"Centurion and Healer","floor":22,"turns":8},{"damage":52,"enemies":"conspire:SneckoGhost","floor":26,"turns":7},{"damage":10,"enemies":"downfall:FleeingMerchant","floor":27,"turns":4},{"damage":1,"enemies":"Snake Plant","floor":28,"turns":1}],"seed_played":"4225697833996142355","potions_obtained":[{"floor":2,"key":"Guardian:BlockOnCardUsePotion"},{"floor":6,"key":"hexamod:SoulburnPotion"},{"floor":15,"key":"Energy Potion"},{"floor":21,"key":"Strength Potion"}],"is_trial":false,"path_per_floor":["R","M","?","?","?","E","T","M","R","T","M","R","M","?","M","B",null,"R","M","?","M","M","?","T","?","E","$","M"],"character_chosen":"THE_CHAMP","items_purchased":["Bottled Flame","champ:ShieldWall","Swift Strike"],"campfire_rested":2,"item_purchase_floors":[27,27,27],"current_hp_per_floor":[99,85,85,85,54,14,14,7,36,36,36,65,61,109,100,38,109,109,85,85,61,38,38,38,38,11,1,0,0,0],"gold":4,"neow_bonus":"TEN_PERCENT_HP_BONUS","is_daily":false,"chose_seed":false,"campfire_upgraded":2,"win_rate":0.0,"timestamp":1612841651,"path_taken":["R","M","?","?","?","E","T","M","R","?","M","R","M","?","M","BOSS","R","?","?","M","M","?","T","?","E","?","M"],"items_purchased_type":["Relic","Card","Card"],"build_version":"2020-12-22","purchased_purges":1,"victory":false,"max_hp_per_floor":[99,99,99,99,99,99,99,99,99,99,99,99,99,109,109,109,109,109,109,109,109,109,109,109,109,109,109,109,109,109],"card_choices":[{"not_picked":["champ:Circumvent","champ:BerserkersShout"],"picked":"champ:BringItOn","floor":2},{"not_picked":["champ:RecklessLeap","champ:FocusedDefense"],"picked":"champ:Endure","floor":5},{"not_picked":["champ:Encircle","champ:AdrenalArmor"],"picked":"champ:TornadoPunch","floor":6},{"not_picked":["champ:TornadoPunch","champ:FocusedBerserking"],"picked":"champ:VampiricStrike","floor":8},{"not_picked":["champ:FocusedBerserking","champ:Circumvent"],"picked":"champ:ShieldSlam","floor":11},{"not_picked":["champ:Backstep","champ:BerserkersShout"],"picked":"champ:BladeFlurry","floor":13},{"not_picked":["champ:DefensiveShout","champ:EndlessRage"],"picked":"champ:StanceDance","floor":15},{"not_picked":["champ:IgnorePain","champ:VampiricStrike"],"picked":"champ:GladiatorForm","floor":16},{"not_picked":["champ:EnGarde+1","champ:BringItOn"],"picked":"champ:GladiatorStyle","floor":19},{"not_picked":["champ:SetATrap","champ:Endure"],"picked":"champ:EnGarde","floor":21},{"not_picked":["champ:FlashCut","champ:SkillfulDodge"],"picked":"champ:HeartStrike+1","floor":22},{"not_picked":["champ:ShieldSlam","champ:EnGarde"],"picked":"champ:CrownThrow+1","floor":26},{"not_picked":["champ:MurderStrike","champ:Shatter","champ:RecklessLeap+1"],"picked":"champ:FanOfKnives","floor":27}],"player_experience":1095027,"relics_obtained":[{"floor":5,"key":"conspire:DecoderRing"},{"floor":6,"key":"Potion Belt"},{"floor":7,"key":"conspire:Flyswatter"},{"floor":10,"key":"StuffTheSpire:GrapeVine"},{"floor":24,"key":"trackpad:WondrousWand"},{"floor":26,"key":"Question Card"}],"event_choices":[{"damage_healed":0,"gold_gain":0,"player_choice":"Jackpot","damage_taken":0,"max_hp_gain":0,"max_hp_loss":0,"event_name":"PokerPlayerMod:ExordiumClub","floor":3,"gold_loss":0,"cards_obtained":["PokerPlayerMod:Club2","PokerPlayerMod:Club3","PokerPlayerMod:Club4","PokerPlayerMod:Club5","PokerPlayerMod:Club6"]},{"damage_healed":0,"gold_gain":0,"player_choice":"Jackpot","damage_taken":0,"max_hp_gain":0,"max_hp_loss":0,"event_name":"PokerPlayerMod:ExordiumClub","floor":3,"gold_loss":0,"cards_obtained":["PokerPlayerMod:Club2","PokerPlayerMod:Club3","PokerPlayerMod:Club4","PokerPlayerMod:Club5","PokerPlayerMod:Club6"]},{"damage_healed":0,"gold_gain":0,"player_choice":"Jackpot","damage_taken":0,"max_hp_gain":0,"max_hp_loss":0,"event_name":"PokerPlayerMod:ExordiumClub","floor":3,"gold_loss":0,"cards_obtained":["PokerPlayerMod:Club2","PokerPlayerMod:Club3","PokerPlayerMod:Club4","PokerPlayerMod:Club5","PokerPlayerMod:Club6"]},{"damage_healed":0,"gold_gain":0,"player_choice":"Jackpot","damage_taken":0,"max_hp_gain":0,"max_hp_loss":0,"event_name":"PokerPlayerMod:ExordiumClub","floor":3,"gold_loss":0,"cards_obtained":["PokerPlayerMod:Club2","PokerPlayerMod:Club3","PokerPlayerMod:Club4","PokerPlayerMod:Club5","PokerPlayerMod:Club6"]},{"damage_healed":0,"gold_gain":0,"player_choice":"Jackpot","damage_taken":0,"max_hp_gain":0,"max_hp_loss":0,"event_name":"PokerPlayerMod:ExordiumClub","floor":3,"gold_loss":0,"cards_obtained":["PokerPlayerMod:Club2","PokerPlayerMod:Club3","PokerPlayerMod:Club4","PokerPlayerMod:Club5","PokerPlayerMod:Club6"]},{"cards_removed":["champ:VampiricStrike"],"damage_healed":38,"gold_gain":0,"player_choice":"Offered Rare","damage_taken":0,"max_hp_gain":10,"max_hp_loss":0,"event_name":"Bonfire Elementals","floor":14,"gold_loss":0},{"damage_healed":0,"gold_gain":0,"player_choice":"Inject Mutagens","damage_taken":0,"relics_obtained":["MutagenicStrength"],"max_hp_gain":0,"max_hp_loss":0,"event_name":"Drug Dealer","floor":23,"gold_loss":0}],"is_beta":false,"boss_relics":[{"not_picked":["Sozu","Astrolabe"],"picked":"Philosopher\u0027s Stone"}],"items_purged_floors":[27],"is_endless":false,"potions_floor_spawned":[2,6,15,21],"killed_by":"Snake Plant","ascension_level":0}}