{"host":"jpcy2bclvs7juczu","time":1612847191,"event":{"mods":["Alarm Clock","BaseMod","Bestiary","Block Reminder","Colored Map","Colored Powertips","Current Relic Mod","Curses Come First","Dark Map","Filter the Spire","Minty Spire (QoL Compilation)","Quick Restart","RNG Fix","Relic Stats","Slay the Relics Exporter","Smile Girya","StSLib","everything is the same but u backflip on backflip","ojb\u0027s Better Paths Mod","ojb\u0027s Info Mod","slay the spire mod where everything is the same but ironclad has a cowboy hat"],"gold_per_floor":[118,193,209,221,221,221,252,252,279,308,327,327,12,32,32,110,110,124,136,136,154,171,200,14,49,118,150,150,150,163,76,76,155,155,175,0,16,34,44,71,71,84,157,157,189,14,47,57,57,57,57,57,57,3,30,30,30],"floor_reached":56,"language":"ENG","playtime":2979,"items_purged":["Strike_P","Strike_P+1"],"score":2264,"play_id":"6209cc3e-e800-449c-b481-c8e2b3bd11f3","local_time":"20210209000631","is_ascension_mode":true,"campfire_choices":[{"data":"BowlingBash","floor":6,"key":"SMITH"},{"data":"Consecrate","floor":8,"key":"SMITH"},{"data":"CrushJoints","floor":12,"key":"SMITH"},{"data":"LessonLearned","floor":15,"key":"SMITH"},{"floor":28,"key":"REST"},{"floor":32,"key":"RECALL"},{"floor":41,"key":"REST"},{"floor":49,"key":"REST"},{"floor":53,"key":"REST"}],"circlet_count":0,"master_deck":["AscendersBane","Strike_P+1","Strike_P+1","Defend_P+1","Defend_P+1","Defend_P","Defend_P","Eruption+1","Vigilance+1","Consecrate+1","BowlingBash+1","CrushJoints+1","FollowUp+1","LessonLearned+1","Protect+1","SpiritShield+1","Protect+1","ClearTheMind+1","RitualDagger+1","TalkToTheHand+1","Adaptation+1","BowlingBash","EmptyBody+1","EmptyFist+1","Crescendo+1","Tantrum+1","SandsOfTime","Blasphemy+1","EmptyBody+1","Conclude+1","TalkToTheHand+1","FearNoEvil","Wallop"],"relics":["PureWater","CaptainsWheel","Meat on the Bone","Whetstone","Pocketwatch","Sling","Fusion Hammer","Mercury Hourglass","White Beast Statue","HornCleat","Art of War","Ginger","Black Star","Red Mask","Du-Vu Doll","War Paint","Potion Belt","MealTicket","Ancient Tea Set","Lantern","Happy Flower","Oddly Smooth Stone"],"acts_visited":["Exordium","TheCity","TheBeyond","TheEnding"],"potions_floor_usage":[10,16,22,23,25,33,33,38,50,55,55,56,56,56,56,56,56,56,56,56,56,56,56,56,56],"damage_taken":[{"damage":0,"enemies":"Small Slimes","floor":1,"turns":4},{"damage":4,"enemies":"Jaw Worm","floor":3,"turns":3},{"damage":0,"enemies":"Cultist","floor":4,"turns":2},{"damage":17,"enemies":"3 Sentries","floor":7,"turns":9},{"damage":0,"enemies":"Gremlin Nob","floor":10,"turns":2},{"damage":3,"enemies":"Looter","floor":11,"turns":2},{"damage":7,"enemies":"3 Louse","floor":14,"turns":3},{"damage":0,"enemies":"Slime Boss","floor":16,"turns":4},{"damage":21,"enemies":"Shell Parasite","floor":18,"turns":4},{"damage":3,"enemies":"3 Byrds","floor":19,"turns":5},{"damage":4,"enemies":"Centurion and Healer","floor":21,"turns":3},{"damage":1,"enemies":"Snake Plant","floor":22,"turns":2},{"damage":8,"enemies":"Slavers","floor":23,"turns":6},{"damage":0,"enemies":"Gremlin Leader","floor":25,"turns":6},{"damage":0,"enemies":"Slavers","floor":27,"turns":4},{"damage":0,"enemies":"Cultist and Chosen","floor":30,"turns":5},{"damage":37,"enemies":"Automaton","floor":33,"turns":10},{"damage":0,"enemies":"3 Darklings","floor":35,"turns":3},{"damage":6,"enemies":"3 Shapes","floor":37,"turns":3},{"damage":16,"enemies":"Spire Growth","floor":38,"turns":4},{"damage":0,"enemies":"Maw","floor":39,"turns":5},{"damage":2,"enemies":"Nemesis","floor":40,"turns":7},{"damage":6,"enemies":"Sphere and 2 Shapes","floor":42,"turns":4},{"damage":24,"enemies":"Giant Head","floor":45,"turns":6},{"damage":1,"enemies":"Reptomancer","floor":47,"turns":4},{"damage":0,"enemies":"Spire Growth","floor":48,"turns":3},{"damage":17,"enemies":"Time Eater","floor":50,"turns":8},{"damage":17,"enemies":"Donu and Deca","floor":51,"turns":9},{"damage":26,"enemies":"Shield and Spear","floor":55,"turns":9},{"damage":48,"enemies":"The Heart","floor":56,"turns":8}],"seed_played":"-8923529710922994327","potions_obtained":[{"floor":7,"key":"EssenceOfSteel"},{"floor":11,"key":"DistilledChaos"},{"floor":14,"key":"Fruit Juice"},{"floor":21,"key":"SpeedPotion"},{"floor":22,"key":"SpeedPotion"},{"floor":23,"key":"SkillPotion"},{"floor":27,"key":"SpeedPotion"},{"floor":33,"key":"SneckoOil"},{"floor":35,"key":"SkillPotion"},{"floor":37,"key":"Energy Potion"},{"floor":38,"key":"EntropicBrew"},{"floor":40,"key":"Block Potion"},{"floor":45,"key":"SmokeBomb"},{"floor":47,"key":"ColorlessPotion"},{"floor":48,"key":"DuplicationPotion"},{"floor":55,"key":"DuplicationPotion"}],"is_trial":false,"path_per_floor":["M","?","M","M","?","R","E","R","T","E","M","R","$","M","R","B",null,"M","M","?","M","M","E","$","E","T","E","R","T","M","$","R","B",null,"M","?","M","M","M","E","R","M","T","$","E","$","E","M","R","B","B",null,"R","$","E","B"],"character_chosen":"WATCHER","items_purchased":["Sling","LessonLearned","EmptyBody","EmptyFist","SandsOfTime","FearNoEvil","PowerPotion"],"campfire_rested":4,"item_purchase_floors":[13,13,24,24,31,46,54],"current_hp_per_floor":[61,50,46,46,46,46,29,29,29,41,38,38,38,43,43,43,57,36,33,27,35,34,43,43,43,43,43,63,63,63,63,63,38,60,60,60,54,38,38,36,56,50,50,50,38,53,52,52,67,50,45,62,67,67,41,0,0],"gold":30,"neow_bonus":"ONE_RARE_RELIC","is_daily":false,"chose_seed":false,"campfire_upgraded":4,"win_rate":0.0,"timestamp":1612847191,"path_taken":["M","?","M","M","?","R","E","R","T","E","M","R","$","M","R","BOSS","M","M","?","M","M","E","$","E","T","E","R","?","M","$","R","BOSS","M","?","?","M","M","E","R","M","T","?","E","$","E","M","R","BOSS","BOSS","R","$","E","BOSS"],"items_purchased_type":["Relic","Card","Card","Card","Card","Card","Potion"],"build_version":"2020-12-22","purchased_purges":2,"victory":false,"max_hp_per_floor":[62,62,62,62,62,62,62,62,62,62,62,62,62,62,62,62,62,62,62,62,62,62,67,67,67,67,67,67,67,67,67,67,67,67,67,67,67,67,67,67,67,67,67,67,67,67,67,67,67,67,67,67,67,67,67,67,67],"relic_stats":{"Happy Flower":[2],"counters":[30,147],"MealTicket":15,"Art of War":[4],"Black Star":4,"Whetstone":["Strike_P","Strike_P"],"Ginger":[13],"War Paint":["Blasphemy","EmptyBody"],"obtain_stats":[{"Potion Belt":45,"Lantern":47,"Happy Flower":55,"Oddly Smooth Stone":55,"Whetstone":9,"Ginger":29,"War Paint":40,"Sling":13,"Ancient Tea Set":47,"White Beast Statue":25,"Mercury Hourglass":23,"Du-Vu Doll":40,"CaptainsWheel":0,"HornCleat":26,"MealTicket":45,"Fusion Hammer":17,"Art of War":27,"Black Star":34,"Red Mask":36,"PureWater":0,"Meat on the Bone":7,"Pocketwatch":10},{"Potion Belt":24,"Lantern":25,"Happy Flower":29,"Oddly Smooth Stone":29,"Whetstone":4,"Ginger":15,"War Paint":22,"Sling":6,"Ancient Tea Set":25,"White Beast Statue":14,"Mercury Hourglass":13,"Du-Vu Doll":22,"CaptainsWheel":0,"HornCleat":14,"MealTicket":24,"Fusion Hammer":8,"Art of War":15,"Black Star":17,"Red Mask":18,"PureWater":0,"Meat on the Bone":4,"Pocketwatch":5},{"Potion Belt":106,"Lantern":110,"Happy Flower":139,"Oddly Smooth Stone":139,"Whetstone":18,"Ginger":59,"War Paint":96,"Sling":22,"Ancient Tea Set":110,"White Beast Statue":55,"Mercury Hourglass":49,"Du-Vu Doll":96,"CaptainsWheel":0,"HornCleat":55,"MealTicket":106,"Fusion Hammer":29,"Art of War":59,"Black Star":74,"Red Mask":77,"PureWater":0,"Meat on the Bone":18,"Pocketwatch":20}],"Meat on the Bone":84,"Pocketwatch":[99],"Mercury Hourglass":[338]},"card_choices":[{"not_picked":["JustLucky","Crescendo","InnerPeace"],"picked":"SKIP","floor":1},{"not_picked":["SashWhip","Prostrate"],"picked":"Consecrate","floor":3},{"not_picked":["ClearTheMind","Halt"],"picked":"BowlingBash","floor":4},{"not_picked":["Consecrate","JustLucky","Swivel"],"picked":"SKIP","floor":7},{"not_picked":["Crescendo","InnerPeace"],"picked":"CrushJoints","floor":10},{"not_picked":["Consecrate","FlyingSleeves"],"picked":"FollowUp","floor":11},{"not_picked":["Halt","Nirvana"],"picked":"Protect","floor":14},{"not_picked":["ConjureBlade","Alpha"],"picked":"SpiritShield","floor":16},{"not_picked":["ClearTheMind","BowlingBash"],"picked":"Protect","floor":18},{"not_picked":["EmptyFist","CarveReality"],"picked":"ClearTheMind+1","floor":19},{"not_picked":["CrushJoints","Indignation"],"picked":"TalkToTheHand","floor":21},{"not_picked":["LikeWater","InnerPeace"],"picked":"Adaptation","floor":22},{"not_picked":["JustLucky","BattleHymn"],"picked":"BowlingBash","floor":23},{"not_picked":["MasterReality","CarveReality"],"picked":"Crescendo","floor":25},{"not_picked":["Indignation","Prostrate"],"picked":"Tantrum","floor":27},{"not_picked":["Consecrate","Halt+1","FlyingSleeves"],"picked":"SKIP","floor":30},{"not_picked":["Brilliance","Establishment"],"picked":"Blasphemy","floor":33},{"not_picked":["Consecrate+1","Study","PathToVictory+1"],"picked":"SKIP","floor":35},{"not_picked":["FlyingSleeves+1","Evaluate"],"picked":"EmptyBody+1","floor":37},{"not_picked":["FlurryOfBlows","PathToVictory"],"picked":"Conclude+1","floor":38},{"not_picked":["PathToVictory","EmptyFist","Perseverance"],"picked":"SKIP","floor":39},{"not_picked":["Perseverance","Prostrate","Conclude"],"picked":"SKIP","floor":40},{"not_picked":["WreathOfFlame+1","Protect","FlyingSleeves+1"],"picked":"SKIP","floor":42},{"not_picked":["FlurryOfBlows","Sanctity"],"picked":"TalkToTheHand","floor":45},{"not_picked":["Collect","DeusExMachina","Halt+1"],"picked":"SKIP","floor":47},{"not_picked":["ThirdEye","SandsOfTime"],"picked":"Wallop","floor":48},{"not_picked":["WindmillStrike","SignatureMove","Protect"],"picked":"SKIP","floor":55}],"player_experience":1609746,"relics_obtained":[{"floor":7,"key":"Meat on the Bone"},{"floor":9,"key":"Whetstone"},{"floor":10,"key":"Pocketwatch"},{"floor":23,"key":"Mercury Hourglass"},{"floor":25,"key":"White Beast Statue"},{"floor":26,"key":"HornCleat"},{"floor":27,"key":"Art of War"},{"floor":29,"key":"Ginger"},{"floor":40,"key":"Du-Vu Doll"},{"floor":40,"key":"War Paint"},{"floor":45,"key":"Potion Belt"},{"floor":45,"key":"MealTicket"},{"floor":47,"key":"Ancient Tea Set"},{"floor":47,"key":"Lantern"},{"floor":55,"key":"Happy Flower"},{"floor":55,"key":"Oddly Smooth Stone"}],"event_choices":[{"damage_healed":0,"gold_gain":75,"player_choice":"Gather Gold","damage_taken":11,"max_hp_gain":0,"max_hp_loss":0,"event_name":"World of Goop","floor":2,"gold_loss":0},{"damage_healed":0,"gold_gain":0,"player_choice":"Upgraded","damage_taken":0,"max_hp_gain":0,"max_hp_loss":0,"event_name":"Upgrade Shrine","floor":5,"gold_loss":0,"cards_upgraded":["Eruption"]},{"damage_healed":0,"gold_gain":0,"player_choice":"Joined the Cult","damage_taken":6,"max_hp_gain":0,"max_hp_loss":0,"event_name":"Nest","floor":20,"gold_loss":0,"cards_obtained":["RitualDagger"]},{"damage_healed":0,"gold_gain":0,"player_choice":"Paid","damage_taken":0,"relics_obtained":["Red Mask"],"max_hp_gain":0,"max_hp_loss":0,"event_name":"Tomb of Lord Red Mask","floor":36,"gold_loss":175}],"is_beta":false,"boss_relics":[{"not_picked":["HolyWater","SacredBark"],"picked":"Fusion Hammer"},{"not_picked":["Astrolabe","Runic Dome"],"picked":"Black Star"}],"items_purged_floors":[24,46],"is_endless":false,"potions_floor_spawned":[7,11,14,21,22,23,27,30,33,35,37,38,39,40,42,45,47,48,55],"killed_by":"The Heart","ascension_level":20}}