{"host":"¿à÷økuyou","time":1612882207,"event":{"mods":["ATMod(°¢èªMod)","Act Like it!","BaseMod","BetterRewards","Minty Spire (QoL Compilation)","Quick Restart","StSLib"],"gold_per_floor":[114,114,114,129,144,174,174,189,189,219,249,249,279,279,279,404,404,444,484,549,589,589,744,834,899,924,964,1069,469,534,599,599,774,774,864,1004,1004,1004,354,409,109,214,214,214,269,399,80,120,120,145],"floor_reached":51,"language":"ZHS","playtime":1592,"items_purged":[],"score":1462,"play_id":"e565629f-a4de-4e38-bcbf-976b45f7f41f","local_time":"20210209225007","daily_mods":["Draft","Hoarder","DeadlyEvents"],"is_ascension_mode":false,"campfire_choices":[{"data":"AT_FamilyPortrait","floor":7.0,"key":"SMITH"},{"data":"AT_Desolate","floor":12.0,"key":"SMITH"},{"data":"AT_Desolate","floor":15.0,"key":"SMITH"},{"data":"AT_WindFlip","floor":32.0,"key":"SMITH"},{"floor":44,"key":"DIG"},{"floor":49,"key":"DIG"}],"circlet_count":0,"master_deck":["AT_FamilyPortrait+1","AT_FamilyPortrait","AT_FamilyPortrait+1","Blade Dance","Blade Dance","Blade Dance","AT_Desolate+1","AT_Desolate","AT_Desolate+1","AT_WindFlip+1","AT_WindFlip","AT_WindFlip","Deadly Poison","Deadly Poison","Deadly Poison","Concentrate","Concentrate","Concentrate","Deadly Poison","Deadly Poison","Deadly Poison","Acrobatics","Acrobatics","Acrobatics","Blade Dance","Blade Dance","Blade Dance+1","Blade Dance","Blade Dance","Blade Dance","AT_WindFlip","AT_WindFlip","AT_WindFlip","Caltrops","Caltrops","Blade Dance","Blade Dance","Blade Dance","Acrobatics+1","Acrobatics","Acrobatics","Outmaneuver","Outmaneuver","Outmaneuver","Acrobatics","Acrobatics","Acrobatics","Backflip","Backflip","Backflip","AT_ArcaneSupremacy","AT_ArcaneSupremacy","AT_ArcaneSupremacy","Noxious Fumes","Noxious Fumes","Noxious Fumes","AT_KneejerkReflex","AT_KneejerkReflex","AT_KneejerkReflex","After Image","After Image","After Image","Acrobatics+1","Acrobatics+1","Acrobatics+1","AT_WindFlip+1","AT_WindFlip+1","AT_WindFlip+1","AT_TwilightShroud","AT_TwilightShroud","AT_TwilightShroud","After Image","After Image","After Image","Noxious Fumes+1","Noxious Fumes+1","Noxious Fumes+1","Die Die Die","Die Die Die","Die Die Die","AT_Desolate","AT_Desolate","AT_Desolate","AT_TwilightShroud+1","AT_TwilightShroud+1","AT_TwilightShroud+1","Accuracy","Accuracy","Accuracy","Accuracy","Accuracy","Accuracy"],"relics":["Ring of the Snake","AT_ATBox","Akabeko","Question Card","Bag of Marbles","AT_MibuBalloonWealth","AT_TrinityForce","Nloth\u0027s Gift","Calipers","Regal Pillow","Sundial","Bird Faced Urn","Medical Kit","Orichalcum","Cursed Key","HornCleat","TwistedFunnel","Ornamental Fan","Oddly Smooth Stone","Shovel","War Paint","AT_ForceNature","AT_SpeedBoots","StrikeDummy","PrismaticShard","AT_Kusabimaru"],"acts_visited":["Exordium","TheCity","TheBeyond"],"potions_floor_usage":[50,50,50],"damage_taken":[{"damage":8.0,"enemies":"Small Slimes","floor":1.0,"turns":2.0},{"damage":0.0,"enemies":"Cultist","floor":4.0,"turns":2.0},{"damage":0.0,"enemies":"2 Louse","floor":5.0,"turns":1.0},{"damage":0.0,"enemies":"Gremlin Nob","floor":6.0,"turns":1.0},{"damage":1.0,"enemies":"Exordium Thugs","floor":8.0,"turns":3.0},{"damage":0.0,"enemies":"Lagavulin","floor":10.0,"turns":5.0},{"damage":0.0,"enemies":"Gremlin Nob","floor":11.0,"turns":2.0},{"damage":0.0,"enemies":"3 Sentries","floor":13.0,"turns":2.0},{"damage":10.0,"enemies":"The Guardian","floor":16.0,"turns":6.0},{"damage":0.0,"enemies":"Spheric Guardian","floor":18.0,"turns":1.0},{"damage":0.0,"enemies":"Shell Parasite","floor":19.0,"turns":1.0},{"damage":0.0,"enemies":"Centurion and Healer","floor":20.0,"turns":1.0},{"damage":0.0,"enemies":"Snecko","floor":21.0,"turns":2.0},{"damage":0.0,"enemies":"Gremlin Leader","floor":23.0,"turns":4.0},{"damage":0.0,"enemies":"3 Cultists","floor":24.0,"turns":1.0},{"damage":0.0,"enemies":"Cultist and Chosen","floor":25.0,"turns":1.0},{"damage":0.0,"enemies":"Snake Plant","floor":27.0,"turns":1.0},{"damage":0.0,"enemies":"Slavers","floor":28.0,"turns":1.0},{"damage":4.0,"enemies":"Sentry and Sphere","floor":30.0,"turns":3.0},{"damage":0.0,"enemies":"Centurion and Healer","floor":31.0,"turns":1.0},{"damage":32.0,"enemies":"Collector","floor":33.0,"turns":6.0},{"damage":5.0,"enemies":"3 Shapes","floor":35.0,"turns":1.0},{"damage":0.0,"enemies":"3 Darklings","floor":36.0,"turns":1.0},{"damage":6.0,"enemies":"Giant Head","floor":40.0,"turns":3.0},{"damage":0.0,"enemies":"Reptomancer","floor":42.0,"turns":1.0},{"damage":0,"enemies":"Nemesis","floor":45,"turns":3},{"damage":0,"enemies":"Reptomancer","floor":46,"turns":2},{"damage":0,"enemies":"Spire Growth","floor":48,"turns":2},{"damage":5,"enemies":"Time Eater","floor":50,"turns":9}],"seed_played":"-878916022338446095","potions_obtained":[{"floor":1.0,"key":"BlessingOfTheForge"},{"floor":6.0,"key":"ColorlessPotion"},{"floor":13.0,"key":"DuplicationPotion"},{"floor":23.0,"key":"Strength Potion"},{"floor":30.0,"key":"PowerPotion"}],"is_trial":false,"path_per_floor":["M","?","$","M","M","E","R","M","T","E","E","R","E","?","R","B",null,"M","M","M","M","?","E","M","M","T","M","E","$","M","M","R","B",null,"M","M","?","?","$","E","$","E","T","R","E","E","$","M","R","B",null],"character_chosen":"THE_SILENT","items_purchased":["Bird Faced Urn","Medical Kit","Orichalcum","HornCleat","TwistedFunnel","Ornamental Fan","Shovel","CultistPotion","PrismaticShard","Accuracy"],"campfire_rested":0,"item_purchase_floors":[29,29,29,39,39,39,41,47,47,47],"current_hp_per_floor":[62,62,62,62,62,62,62,61,61,61,61,61,61,61,61,51,70,70,70,70,70,70,70,70,70,70,70,70,70,70,70,70,44,70,65,65,65,65,65,70,70,70,70,70,70,70,70,70,70,70],"gold":145,"neow_bonus":"","is_daily":true,"chose_seed":false,"campfire_upgraded":4,"win_rate":0.0,"timestamp":1612882207,"path_taken":["M","?","$","?","M","E","R","M","T","E","?","R","?","?","R","BOSS","M","M","M","M","?","E","M","M","T","M","E","$","?","M","R","BOSS","M","M","?","?","$","E","$","E","T","R","?","E","?","M","R","BOSS"],"items_purchased_type":["Relic","Relic","Relic","Relic","Relic","Relic","Relic","Potion","Relic","Card"],"build_version":"2020-12-18","purchased_purges":0,"victory":true,"max_hp_per_floor":[70,70,70,70,70,70,70,70,70,70,70,70,70,70,70,70,70,70,70,70,70,70,70,70,70,70,70,70,70,70,70,70,70,70,70,70,70,70,70,70,70,70,70,70,70,70,70,70,70,70],"card_choices":[{"not_picked":["Endless Agony","Dagger Spray"],"picked":"Blade Dance","floor":0.0},{"not_picked":["Prepared","AT_WomanClash"],"picked":"AT_Desolate","floor":0.0},{"not_picked":["AT_ThistleTea","Bane"],"picked":"AT_WindFlip","floor":0.0},{"not_picked":["Sucker Punch","Well Laid Plans"],"picked":"Deadly Poison","floor":0.0},{"not_picked":["Poisoned Stab","Cloak And Dagger"],"picked":"Concentrate","floor":0.0},{"not_picked":["Prepared","Flying Knee"],"picked":"Deadly Poison","floor":0.0},{"not_picked":["Finisher","Outmaneuver"],"picked":"Acrobatics","floor":0.0},{"not_picked":["AT_WindFlip","Cloak And Dagger"],"picked":"Blade Dance","floor":0.0},{"not_picked":["Deadly Poison","Dagger Throw"],"picked":"Blade Dance","floor":0.0},{"not_picked":["Sucker Punch","Bane"],"picked":"AT_WindFlip","floor":0.0},{"not_picked":["Slice","Infinite Blades"],"picked":"Caltrops","floor":0.0},{"not_picked":["Dodge and Roll","Poisoned Stab"],"picked":"Blade Dance","floor":0.0},{"not_picked":["Setup","Quick Slash"],"picked":"Acrobatics","floor":0.0},{"not_picked":["Slice","Poisoned Stab"],"picked":"Outmaneuver","floor":0.0},{"not_picked":["Prepared","Flying Knee"],"picked":"Acrobatics","floor":0.0},{"not_picked":["Blade Dance","Dagger Throw"],"picked":"Backflip","floor":1.0},{"not_picked":["Prepared","Flying Knee"],"picked":"AT_ArcaneSupremacy","floor":4.0},{"not_picked":["Underhanded Strike","Blade Dance","AT_ThistleTea"],"picked":"SKIP","floor":5.0},{"not_picked":["Deflect","Slice","Doppelganger"],"picked":"SKIP","floor":6.0},{"not_picked":["Quick Slash","Dodge and Roll","AT_WindRun"],"picked":"SKIP","floor":8.0},{"not_picked":["Quick Slash","Footwork"],"picked":"Noxious Fumes","floor":10.0},{"not_picked":["Flying Knee","AT_FocusSwordFire","Skewer","Caltrops"],"picked":"SKIP","floor":11.0},{"not_picked":["Choke","Concentrate","PiercingWail"],"picked":"AT_KneejerkReflex","floor":13.0},{"not_picked":["Bullet Time","Venomology","Phantasmal Killer"],"picked":"After Image","floor":16.0},{"not_picked":["Sucker Punch","Heel Hook","Deflect+1","Flying Knee"],"picked":"SKIP","floor":18.0},{"not_picked":["Escape Plan","Dagger Spray+1","Slice"],"picked":"Acrobatics+1","floor":19.0},{"not_picked":["Blur","Slice","Wraith Form v2"],"picked":"AT_WindFlip+1","floor":20.0},{"not_picked":["Heel Hook+1","PiercingWail","Slice","Dodge and Roll"],"picked":"SKIP","floor":21.0},{"not_picked":["AT_ShadowStep","Flying Knee","Envenom","AT_TinkerSharpsword"],"picked":"SKIP","floor":23.0},{"not_picked":["Prepared","Finisher","Noxious Fumes","AT_TwilightShroud"],"picked":"SKIP","floor":24.0},{"not_picked":["Prepared","Finisher","Noxious Fumes"],"picked":"AT_TwilightShroud","floor":24.0},{"not_picked":["Backstab+1","Prepared","AT_WomanClash","PiercingWail+1"],"picked":"SKIP","floor":25.0},{"not_picked":["Quick Slash+1","Cloak And Dagger","Bouncing Flask+1","Unload"],"picked":"SKIP","floor":27.0},{"not_picked":["Endless Agony","Doppelganger","Underhanded Strike+1","Unload"],"picked":"SKIP","floor":28.0},{"not_picked":["Cloak And Dagger","PiercingWail+1","Slice","Leg Sweep"],"picked":"SKIP","floor":30.0},{"not_picked":["Caltrops","Slice+1","Blade Dance","Masterful Stab"],"picked":"SKIP","floor":31.0},{"not_picked":["Unload","Glass Knife","AT_KingSlayer"],"picked":"After Image","floor":33.0},{"not_picked":["Predator","AT_TwilightShroud+1","Blade Dance+1"],"picked":"Noxious Fumes+1","floor":35.0},{"not_picked":["Expertise","Cloak And Dagger+1","Poisoned Stab"],"picked":"Die Die Die","floor":36.0},{"not_picked":["Night Terror","Heel Hook","Poisoned Stab+1"],"picked":"AT_Desolate","floor":40.0},{"not_picked":["PiercingWail","AT_TinkerSharpsword","Malaise"],"picked":"AT_TwilightShroud+1","floor":42.0},{"not_picked":["Flying Knee+1","Leg Sweep","Night Terror"],"picked":"Accuracy","floor":45},{"not_picked":["Acrobatics","Phantasmal Killer","Deadly Poison","Infinite Blades+1"],"picked":"SKIP","floor":46},{"not_picked":["Choke","Purity","Slice+1","CrushJoints+1"],"picked":"SKIP","floor":48}],"player_experience":205273,"relics_obtained":[{"floor":6.0,"key":"Bronze Scales"},{"floor":9.0,"key":"Akabeko"},{"floor":10.0,"key":"Question Card"},{"floor":11.0,"key":"Bag of Marbles"},{"floor":13.0,"key":"AT_MibuBalloonWealth"},{"floor":23.0,"key":"Calipers"},{"floor":26.0,"key":"Regal Pillow"},{"floor":28.0,"key":"Sundial"},{"floor":40.0,"key":"Oddly Smooth Stone"},{"floor":42.0,"key":"War Paint"},{"floor":44,"key":"AT_ForceNature"},{"floor":45,"key":"AT_SpeedBoots"},{"floor":46,"key":"StrikeDummy"},{"floor":49,"key":"AT_Kusabimaru"}],"event_choices":[{"damage_healed":0.0,"max_hp_gain":0.0,"max_hp_loss":0.0,"gold_gain":0.0,"event_name":"Accursed Blacksmith","player_choice":"Forge","floor":2.0,"gold_loss":0.0,"damage_taken":0.0,"cards_upgraded":["AT_FamilyPortrait"]},{"damage_healed":0.0,"max_hp_gain":0.0,"max_hp_loss":0.0,"gold_gain":0.0,"event_name":"Liars Game","player_choice":"Ignored","floor":14.0,"gold_loss":0.0,"damage_taken":0.0},{"damage_healed":0.0,"max_hp_gain":0.0,"max_hp_loss":0.0,"gold_gain":0.0,"event_name":"N\u0027loth","player_choice":"Traded Relic","floor":22.0,"relics_lost":["Bronze Scales"],"gold_loss":0.0,"damage_taken":0.0,"relics_obtained":["Nloth\u0027s Gift"]},{"damage_healed":0.0,"max_hp_gain":0.0,"max_hp_loss":0.0,"gold_gain":0.0,"event_name":"Tomb of Lord Red Mask","player_choice":"Ignored","floor":37.0,"gold_loss":0.0,"damage_taken":0.0},{"cards_removed":["Caltrops"],"damage_healed":0.0,"max_hp_gain":0.0,"max_hp_loss":0.0,"gold_gain":0.0,"event_name":"Purifier","player_choice":"Purged","floor":38.0,"gold_loss":0.0,"damage_taken":0.0}],"is_beta":true,"boss_relics":[{"not_picked":["Fusion Hammer","Philosopher\u0027s Stone"],"picked":"AT_TrinityForce"},{"not_picked":["Tiny House","WristBlade"],"picked":"Cursed Key"}],"items_purged_floors":[],"is_endless":false,"potions_floor_spawned":[1,6,13,23,25,28,30,33,42,46,48],"ascension_level":0}}