{"host":"v8fyz8q94mb7vc4s","time":1612853435,"event":{"mods":["ATMod(阿瑾Mod)","Act Like it!","Arknights","BaseMod","BetterRewards","CapriCore","Custom Start","Gensokyo","Jedi Mod","Marisa（F雨　魔理沙）","Marked Mod","Minty Spire (QoL Compilation)","MostiFishMod","Pale of the Ancients","Quick Restart","Replay The Spire","RumiaBox-露米娅的神秘盒子","Shop Mod","Spicy Shops","StSLib","Td1madao Mod","The Immortal","The Servant 0.9.4","UnlockEverythingMod","Waifu the Spire","WarShipGirlsR/战舰少女R mod","Yakumo Yukari mod","noobMod","【遗物卡牌】REMEMod","残留之物"],"gold_per_floor":[116,116,116,116,41,41,41],"floor_reached":6,"language":"ZHS","playtime":189,"items_purged":["ats:Strike G"],"score":34,"play_id":"17fd3e6d-fd25-4715-ba81-b56b41847248","local_time":"20210209145035","is_ascension_mode":true,"campfire_choices":[],"circlet_count":0,"master_deck":["ats:Strike C+1","ats:Strike S","ats:Strike V","ats:Armor Crushing Shot","ats:Defend","ats:Defend+1","ats:Defend","ats:Defend+1","ats:Emotion Absorption","ats:Spore Proliferation","ats:Spore Proliferation"],"relics":["ats:Sanity","ice","DaveBox","AT_ATBox","REME_ComplimentaryCards","Transparent"],"acts_visited":["Exordium"],"potions_floor_usage":[],"damage_taken":[{"damage":32,"enemies":"ats:Genji","floor":1,"turns":2},{"damage":46,"enemies":"3 Sentries","floor":6,"turns":3}],"seed_played":"4777622398757855721","potions_obtained":[],"is_trial":false,"path_per_floor":["M","?","?","?","$","E"],"character_chosen":"DOCTOR_CLASS","items_purchased":[],"campfire_rested":0,"item_purchase_floors":[],"current_hp_per_floor":[77,77,77,62,62,16,16],"gold":41,"neow_bonus":"RANDOM_EVENT","is_daily":false,"chose_seed":false,"campfire_upgraded":0,"win_rate":0.0,"timestamp":1612853435,"path_taken":["M","?","?","?","$","E"],"items_purchased_type":[],"build_version":"2020-12-22","purchased_purges":1,"victory":false,"max_hp_per_floor":[77,77,77,77,77,77,77],"card_choices":[{"not_picked":["ats:Assault Order","ats:Consecutive Shot Auto"],"picked":"ats:Spore Proliferation","floor":1}],"player_experience":369619,"relics_obtained":[],"event_choices":[{"damage_healed":0,"gold_gain":0,"player_choice":"Donut","damage_taken":0,"max_hp_gain":5,"max_hp_loss":0,"event_name":"Big Fish","floor":0,"gold_loss":0},{"damage_healed":0,"gold_gain":0,"player_choice":"Entered Light","damage_taken":15,"max_hp_gain":0,"max_hp_loss":0,"event_name":"Shining Light","floor":4,"gold_loss":0,"cards_upgraded":["ats:Defend","ats:Defend"]}],"is_beta":false,"boss_relics":[],"items_purged_floors":[5],"is_endless":false,"potions_floor_spawned":[],"killed_by":"3 Sentries","ascension_level":1}}