{"host":"bgyhjzqafgkxdxsh","time":1612864304,"event":{"mods":["BaseMod","Colored Map","Minty Spire (QoL Compilation)","Relic Stats","StSLib","everything is the same but u backflip on backflip"],"gold_per_floor":[112,112,128,128,140,173,173,191,191,218,218,238,203,231,231,231,231],"floor_reached":16,"language":"ENG","playtime":532,"items_purged":[],"score":144,"play_id":"f5cf24ab-fc3f-4ba2-af9f-11d6919125c8","local_time":"20210209195144","is_ascension_mode":true,"campfire_choices":[{"data":"Corruption","floor":7,"key":"SMITH"},{"data":"Intimidate","floor":11,"key":"SMITH"},{"data":"Uppercut","floor":15,"key":"SMITH"}],"circlet_count":0,"master_deck":["Strike_R","Strike_R","Strike_R","Strike_R","Strike_R","Defend_R","Defend_R","Defend_R","Defend_R","Bash","Power Through","Flame Barrier","Intimidate+1","Corruption+1","Spot Weakness","Cleave","Uppercut+1"],"relics":["Burning Blood","NeowsBlessing","GremlinMask","Anchor","Oddly Smooth Stone","Paper Frog","Eternal Feather"],"acts_visited":["Exordium"],"potions_floor_usage":[6,6,14,16,16],"damage_taken":[{"damage":0.0,"enemies":"Small Slimes","floor":1.0,"turns":1.0},{"damage":0.0,"enemies":"Cultist","floor":3.0,"turns":1.0},{"damage":0.0,"enemies":"Jaw Worm","floor":5.0,"turns":1.0},{"damage":23,"enemies":"Gremlin Nob","floor":6,"turns":4},{"damage":9,"enemies":"Lots of Slimes","floor":8,"turns":5},{"damage":42,"enemies":"3 Sentries","floor":10,"turns":9},{"damage":3,"enemies":"3 Louse","floor":12,"turns":3},{"damage":22,"enemies":"Gremlin Nob","floor":14,"turns":4},{"damage":54,"enemies":"Hexaghost","floor":16,"turns":13}],"seed_played":"-1360606464194572817","potions_obtained":[{"floor":3.0,"key":"Strength Potion"},{"floor":4.0,"key":"Strength Potion"},{"floor":4.0,"key":"FearPotion"},{"floor":6,"key":"Ancient Potion"},{"floor":8,"key":"Regen Potion"},{"floor":14,"key":"Fruit Juice"}],"is_trial":false,"path_per_floor":["M","?","M","?","M","E","R","M","T","E","R","M","?","E","R","B"],"character_chosen":"IRONCLAD","items_purchased":[],"campfire_rested":0,"item_purchase_floors":[],"current_hp_per_floor":[80,80,80,80,80,63,63,60,60,24,24,27,47,31,40,0,0],"gold":231,"neow_bonus":"THREE_ENEMY_KILL","is_daily":false,"chose_seed":false,"campfire_upgraded":3,"win_rate":0.0,"timestamp":1612864304,"path_taken":["M","?","?","?","M","E","R","M","T","E","R","?","?","E","R","BOSS"],"items_purchased_type":[],"build_version":"2020-12-22","purchased_purges":0,"victory":false,"max_hp_per_floor":[80,80,80,80,80,80,80,80,80,80,80,80,80,80,80,85,85],"relic_stats":{"counters":[9,41],"Eternal Feather":9,"obtain_stats":[{"Anchor":6,"NeowsBlessing":0,"Oddly Smooth Stone":9,"GremlinMask":2,"Eternal Feather":14,"Burning Blood":0,"Paper Frog":10},{"Anchor":4,"NeowsBlessing":0,"Oddly Smooth Stone":5,"GremlinMask":1,"Eternal Feather":8,"Burning Blood":0,"Paper Frog":6},{"Anchor":7,"NeowsBlessing":0,"Oddly Smooth Stone":12,"GremlinMask":1,"Eternal Feather":28,"Burning Blood":0,"Paper Frog":21}],"Burning Blood":30},"card_choices":[{"not_picked":["True Grit","Twin Strike"],"picked":"Power Through","floor":1.0},{"not_picked":["Havoc","Inflame"],"picked":"Flame Barrier","floor":3.0},{"not_picked":["Thunderclap","Clothesline"],"picked":"Intimidate","floor":5.0},{"not_picked":["Blood for Blood","Clothesline"],"picked":"Corruption","floor":6},{"not_picked":["Infernal Blade","Heavy Blade"],"picked":"Spot Weakness","floor":8},{"not_picked":["Clothesline","Headbutt"],"picked":"Cleave","floor":10},{"not_picked":["Flex","Sever Soul","Bloodletting"],"picked":"SKIP","floor":12},{"not_picked":["Shrug It Off","Searing Blow"],"picked":"Uppercut","floor":14}],"player_experience":494246,"relics_obtained":[{"floor":6,"key":"Anchor"},{"floor":9,"key":"Oddly Smooth Stone"},{"floor":10,"key":"Paper Frog"},{"floor":14,"key":"Eternal Feather"}],"event_choices":[{"damage_healed":0.0,"max_hp_gain":0.0,"max_hp_loss":0.0,"gold_gain":0.0,"event_name":"FaceTrader","player_choice":"Trade","floor":2.0,"gold_loss":0.0,"damage_taken":0.0,"relics_obtained":["GremlinMask"]},{"damage_healed":0.0,"max_hp_gain":0.0,"max_hp_loss":0.0,"gold_gain":0.0,"event_name":"Lab","player_choice":"Got Potions","floor":4.0,"gold_loss":0.0,"damage_taken":0.0},{"damage_healed":20,"gold_gain":0,"player_choice":"Healed","damage_taken":0,"max_hp_gain":0,"max_hp_loss":0,"event_name":"The Cleric","floor":13,"gold_loss":35}],"is_beta":false,"boss_relics":[],"items_purged_floors":[],"is_endless":false,"potions_floor_spawned":[3,6,8,14],"killed_by":"Hexaghost","ascension_level":4}}