{"host":"miejrq8yypas90n2","time":1612853200,"event":{"mods":["100% Spire Juice","Act Like it!","BaseMod","Colored Powertips","Gensokyo","Marisa£®ÏF”Í°°ƒß¿Ì…≥£©","Minty Spire (QoL Compilation)","StSLib"],"gold_per_floor":[112,11,11,11,29,62,62,62,94,117,117,117],"floor_reached":11,"language":"ZHS","playtime":566,"items_purged":[],"score":93,"play_id":"6bc756ef-83fe-4bb5-9dcf-8245c220d4f5","local_time":"20210209144640","is_ascension_mode":true,"campfire_choices":[{"data":"Moonworks:AccelHyper","floor":8,"key":"SMITH"}],"circlet_count":0,"master_deck":["Moonworks:Strike","Moonworks:Strike","Moonworks:Strike","Moonworks:Strike","Moonworks:Defend","Moonworks:Defend+1","Moonworks:Defend+1","Moonworks:Defend","Moonworks:Ambush+1","Moonworks:LongDistanceShot","Moonworks:FullSpeedAlicianrone","Moonworks:ImOnFire","Moonworks:LuckyCharm","Moonworks:AccelHyper+1","Pain"],"relics":["Moonworks:BrokenBomb","Moonworks:Homemark","Art of War","Gensokyo:LunaticRedEyes","War Paint","Juzu Bracelet"],"acts_visited":["Gensokyo:Gensokyo"],"potions_floor_usage":[11],"damage_taken":[{"damage":0.0,"enemies":"Gensokyo:Python","floor":1.0,"turns":2.0},{"damage":0.0,"enemies":"Gensokyo:2_Kodama","floor":2.0,"turns":3.0},{"damage":0,"enemies":"Gensokyo:3_Fairies","floor":5,"turns":3},{"damage":16,"enemies":"Gensokyo:Aya","floor":6,"turns":4},{"damage":3,"enemies":"Gensokyo:Cirno","floor":9,"turns":5},{"damage":47,"enemies":"Gensokyo:Aya","floor":11,"turns":6}],"seed_played":"-5576185131039870677","potions_obtained":[{"floor":1.0,"key":"Regen Potion"},{"floor":6,"key":"DuplicationPotion"},{"floor":9,"key":"SpeedPotion"}],"is_trial":false,"path_per_floor":["M","M","?","?","M","E","?","R","E","T","E"],"character_chosen":"THE_STARBREAKER","items_purchased":[],"campfire_rested":0,"item_purchase_floors":[],"current_hp_per_floor":[60,60,66,66,66,50,50,50,47,47,0,0],"gold":117,"neow_bonus":"UPGRADE_CARD","is_daily":false,"chose_seed":false,"campfire_upgraded":1,"win_rate":0.0,"timestamp":1612853200,"path_taken":["M","M","?","?","?","E","?","R","E","T","E"],"items_purchased_type":[],"build_version":"2020-12-22","purchased_purges":0,"victory":false,"max_hp_per_floor":[60,60,66,66,66,66,66,66,66,66,66,66],"card_choices":[{"not_picked":["Moonworks:BigBangBell","Moonworks:JonathanRush"],"picked":"Moonworks:FullSpeedAlicianrone","floor":1.0},{"not_picked":["Moonworks:CloudOfSeagulls","Moonworks:JonathanRush"],"picked":"Moonworks:ImOnFire","floor":2.0},{"not_picked":["Moonworks:BeyondHell","Moonworks:BindingChains"],"picked":"Moonworks:LuckyCharm","floor":5},{"not_picked":["Moonworks:BigBangBell","Moonworks:Poppoformation"],"picked":"Moonworks:AccelHyper","floor":6},{"not_picked":["Moonworks:LulusLuckyEgg","Moonworks:Accelerator","Moonworks:CloudOfSeagulls"],"picked":"SKIP","floor":9}],"player_experience":367615,"relics_obtained":[{"floor":6,"key":"Art of War"},{"floor":9,"key":"War Paint"},{"floor":10,"key":"Juzu Bracelet"}],"event_choices":[],"is_beta":false,"boss_relics":[],"items_purged_floors":[],"is_endless":false,"potions_floor_spawned":[1,6,9],"killed_by":"Gensokyo:Aya","ascension_level":4}}