{"host":"za1qviwhp34x909e","time":1612862413,"event":{"mods":["BaseMod","Colored Map","Colored Powertips","Highlight Path","Minty Spire (QoL Compilation)","Quick Restart"],"gold_per_floor":[115,134,134,144,144,178,178,213,213,289,289,317,492,59,59,59,59],"floor_reached":16,"language":"ENG","playtime":541,"items_purged":["Regret"],"score":168,"play_id":"bfbb7a55-64da-4631-8706-7785e68b465d","local_time":"20210209032013","is_ascension_mode":true,"campfire_choices":[{"floor":7,"key":"REST"},{"floor":11,"key":"REST"},{"floor":15,"key":"REST"}],"circlet_count":0,"master_deck":["Strike_G","Strike_G","Strike_G","Strike_G","Strike_G","Defend_G","Defend_G","Defend_G","Defend_G","Defend_G+1","Survivor","Neutralize+1","Sucker Punch","Dagger Spray","Blade Dance","Accuracy","Dash","Heel Hook","Calculated Gamble","Doubt","Footwork","Dagger Throw+1","Finisher+1"],"relics":["Ring of the Snake","NeowsBlessing","Smiling Mask","Eternal Feather","Dream Catcher","Juzu Bracelet","Bottled Lightning","Molten Egg 2"],"acts_visited":["Exordium"],"potions_floor_usage":[8,16,16],"damage_taken":[{"damage":0,"enemies":"Cultist","floor":1,"turns":1},{"damage":0,"enemies":"Jaw Worm","floor":2,"turns":1},{"damage":0,"enemies":"2 Louse","floor":4,"turns":1},{"damage":42,"enemies":"Lagavulin","floor":6,"turns":8},{"damage":27,"enemies":"3 Sentries","floor":8,"turns":7},{"damage":25,"enemies":"Gremlin Nob","floor":12,"turns":5},{"damage":49,"enemies":"Slime Boss","floor":16,"turns":9}],"seed_played":"6407653062340246001","potions_obtained":[{"floor":2,"key":"Ancient Potion"},{"floor":6,"key":"PowerPotion"},{"floor":12,"key":"GamblersBrew"}],"is_trial":false,"path_per_floor":["M","M","?","M","?","E","R","E","T","?","R","E","?","$","R","B"],"character_chosen":"THE_SILENT","items_purchased":["Molten Egg 2","Footwork","Dagger Throw+1"],"campfire_rested":3,"item_purchase_floors":[14,14,14],"current_hp_per_floor":[63,63,49,49,49,7,37,10,10,10,40,15,15,15,48,0,0],"gold":59,"neow_bonus":"THREE_ENEMY_KILL","is_daily":false,"chose_seed":false,"campfire_upgraded":0,"win_rate":0.0,"timestamp":1612862413,"path_taken":["M","?","?","M","?","E","R","E","T","?","R","E","?","?","R","BOSS"],"items_purchased_type":["Relic","Card","Card"],"build_version":"2020-12-22","purchased_purges":1,"victory":false,"max_hp_per_floor":[70,70,70,70,70,70,70,70,70,70,70,70,70,70,70,70,70],"card_choices":[{"not_picked":["PiercingWail","Acrobatics"],"picked":"Sucker Punch","floor":1},{"not_picked":["Endless Agony","Sucker Punch"],"picked":"Dagger Spray","floor":2},{"not_picked":["Acrobatics","Envenom"],"picked":"Blade Dance","floor":4},{"not_picked":["Endless Agony","Heel Hook"],"picked":"Accuracy","floor":6},{"not_picked":["Slice","Dagger Spray"],"picked":"Dash","floor":8},{"not_picked":["Deadly Poison","Concentrate"],"picked":"Heel Hook","floor":11},{"not_picked":["Bouncing Flask","Reflex"],"picked":"Calculated Gamble","floor":12},{"not_picked":["Escape Plan","Slice+1"],"picked":"Finisher+1","floor":15}],"player_experience":659438,"relics_obtained":[{"floor":6,"key":"Eternal Feather"},{"floor":8,"key":"Dream Catcher"},{"floor":9,"key":"Juzu Bracelet"},{"floor":12,"key":"Bottled Lightning"}],"event_choices":[{"damage_healed":0,"gold_gain":0,"player_choice":"Entered Light","damage_taken":14,"max_hp_gain":0,"max_hp_loss":0,"event_name":"Shining Light","floor":3,"gold_loss":0,"cards_upgraded":["Neutralize","Defend_G"]},{"damage_healed":0,"gold_gain":0,"player_choice":"Box","damage_taken":0,"relics_obtained":["Smiling Mask"],"max_hp_gain":0,"max_hp_loss":0,"event_name":"Big Fish","floor":5,"gold_loss":0,"cards_obtained":["Regret"]},{"damage_healed":0,"gold_gain":76,"player_choice":"Gained Gold","damage_taken":0,"max_hp_gain":0,"max_hp_loss":0,"event_name":"Golden Wing","floor":10,"gold_loss":0},{"damage_healed":0,"gold_gain":175,"player_choice":"AGREE","damage_taken":0,"max_hp_gain":0,"max_hp_loss":0,"event_name":"Liars Game","floor":13,"gold_loss":0,"cards_obtained":["Doubt"]}],"is_beta":false,"boss_relics":[],"items_purged_floors":[14],"is_endless":false,"potions_floor_spawned":[2,6,12],"killed_by":"Slime Boss","ascension_level":9}}