{"host":"dm3der2z84gf27js","time":1612904934,"event":{"mods":["AchievementEnabler","BaseMod","Bestiary","Better Note","Better Third Choice","Colored Map","Colored Powertips","Marisa????????","Minty Spire (QoL Compilation)","Onozuka Komachi Mod","StSLib","The Marked","The Servant 0.9.4"],"gold_per_floor":[119,130,130,10,25,59,101,132,132,171,220,261,275,285,285,415,415,437,472,522,622,10,62,100,100,100,100,100,100,100,131,131,241,241,252,252,272,156,156,243,312,312,312,341,351,382,411,447,447,447,447],"floor_reached":50,"language":"ENG","playtime":4542,"items_purged":["Pain","Defend_MRS"],"score":884,"play_id":"1f5202a1-c4e4-45d6-aa89-e04647c9e5e8","local_time":"20210209160854","is_ascension_mode":true,"campfire_choices":[{"floor":15.0,"key":"REST"},{"floor":25,"key":"REST"},{"floor":27,"key":"RECALL"},{"floor":29,"key":"DIG"},{"floor":32,"key":"REST"},{"floor":42,"key":"DIG"},{"floor":49,"key":"REST"}],"circlet_count":0,"master_deck":["Strike_MRS","Strike_MRS","Strike_MRS","Defend_MRS","Defend_MRS+1","Defend_MRS","MasterSpark","UpSweep","MilkyWay","WitchLeyline","IllusionStar","GrandCross","Robbery","FairyDestructionRay","WitchLeyline","Parasite","Parasite","CollectingQuirk+1","PowerUp+1","ChargeUpSpray","MeteoricShower","AbsoluteMagnitude+1","CurseOfTheBell","WitchOfGreed+1","IllusionStar+1","6A","SatelliteIllusion+1","IllusionStar","OortCloud+1","EnergyFlow+1","StarDustReverie","EnergyFlow+1","MilkyWay+1","SporeBomb","GasGiant+1","NonDirectionalLaser+1","MysteriousBeam","MachineGunSpark","GrandCross","6A+1","ChargeUpSpray+1"],"relics":["MiniHakkero","Art of War","WarpedTongs","The Courier","ShroomBag","Happy Flower","Letter Opener","Calling Bell","Pen Nib","Frozen Egg 2","CaptainsWheel","Lee\u0027s Waffle","Matryoshka","Tiny Chest","MealTicket","Shovel","Nunchaku","Sundial","War Paint","Whetstone","TungstenRod","AmplifyWand","ExperimentalFamiliar","Bottled Lightning","Blue Candle","Omamori","Juzu Bracelet","Vajra","Smiling Mask","StoneCalendar","Meat on the Bone"],"acts_visited":["Exordium","TheCity","TheBeyond"],"potions_floor_usage":[21,23,24,31,35,40,41,46,47,48,50],"damage_taken":[{"damage":0.0,"enemies":"2 Louse","floor":1.0,"turns":2.0},{"damage":0.0,"enemies":"Cultist","floor":2.0,"turns":3.0},{"damage":0.0,"enemies":"Jaw Worm","floor":5.0,"turns":2.0},{"damage":9.0,"enemies":"3 Sentries","floor":6.0,"turns":7.0},{"damage":0.0,"enemies":"2 Fungi Beasts","floor":7.0,"turns":3.0},{"damage":2.0,"enemies":"Large Slime","floor":8.0,"turns":4.0},{"damage":2.0,"enemies":"Gremlin Nob","floor":10.0,"turns":3.0},{"damage":20.0,"enemies":"3 Sentries","floor":12.0,"turns":3.0},{"damage":7.0,"enemies":"Blue Slaver","floor":13.0,"turns":2.0},{"damage":0.0,"enemies":"Lots of Slimes","floor":14.0,"turns":1.0},{"damage":24.0,"enemies":"Hexaghost","floor":16.0,"turns":7.0},{"damage":20,"enemies":"Shell Parasite","floor":18,"turns":4},{"damage":10,"enemies":"Spheric Guardian","floor":19,"turns":3},{"damage":32,"enemies":"Snake Plant","floor":21,"turns":3},{"damage":51,"enemies":"Slavers","floor":23,"turns":5},{"damage":10,"enemies":"Cultist and Chosen","floor":24,"turns":4},{"damage":0,"enemies":"Gremlin Leader","floor":31,"turns":2},{"damage":9,"enemies":"Automaton","floor":33,"turns":6},{"damage":0,"enemies":"3 Darklings","floor":35,"turns":2},{"damage":18,"enemies":"3 Shapes","floor":37,"turns":2},{"damage":6,"enemies":"Giant Head","floor":40,"turns":3},{"damage":6,"enemies":"Maw","floor":41,"turns":5},{"damage":0,"enemies":"Reptomancer","floor":44,"turns":2},{"damage":15,"enemies":"4 Shapes","floor":45,"turns":2},{"damage":0,"enemies":"Giant Head","floor":46,"turns":4},{"damage":1,"enemies":"Sphere and 2 Shapes","floor":47,"turns":4},{"damage":0,"enemies":"Reptomancer","floor":48,"turns":4},{"damage":97,"enemies":"Awakened One","floor":50,"turns":5}],"seed_played":"-5043053148330850309","potions_obtained":[{"floor":2.0,"key":"EssenceOfSteel"},{"floor":5.0,"key":"LiquidMemories"},{"floor":6.0,"key":"SteroidPotion"},{"floor":10.0,"key":"BlessingOfTheForge"},{"floor":13.0,"key":"Block Potion"},{"floor":19,"key":"FearPotion"},{"floor":19,"key":"Regen Potion"},{"floor":21,"key":"Swift Potion"},{"floor":23,"key":"LiquidMemories"},{"floor":31,"key":"Block Potion"},{"floor":33,"key":"ColorlessPotion"},{"floor":35,"key":"DistilledChaos"},{"floor":37,"key":"Weak Potion"},{"floor":41,"key":"LiquidBronze"},{"floor":45,"key":"Dexterity Potion"},{"floor":46,"key":"SkillPotion"}],"is_trial":false,"path_per_floor":["M","M","?","$","M","E","M","M","T","E","T","E","M","M","R","B",null,"M","M","?","M","$","E","M","R","T","R","?","R","T","E","R","B",null,"M","?","M","$","T","E","M","R","T","E","M","E","M","E","R","B"],"character_chosen":"MARISA","items_purchased":["IllusionStar","Lee\u0027s Waffle","Matryoshka","SatelliteIllusion+1","Tiny Chest","MealTicket","SporeBomb"],"campfire_rested":4,"item_purchase_floors":[4,22,22,22,22,22,38],"current_hp_per_floor":[75,75,75,75,75,66,66,64,64,66,66,50,45,45,67,47,75,59,53,53,32,82,33,27,51,51,51,51,51,51,53,77,72,82,82,82,66,81,81,75,73,73,73,75,62,66,65,69,82,0,0],"gold":447,"neow_bonus":"RANDOM_COMMON_RELIC","is_daily":false,"chose_seed":false,"campfire_upgraded":0,"win_rate":0.0,"timestamp":1612904934,"path_taken":["M","M","?","$","M","E","?","?","T","E","?","E","M","M","R","BOSS","M","M","?","M","$","E","M","R","T","R","?","R","?","E","R","BOSS","M","?","M","$","?","E","M","R","T","E","M","E","M","E","R","BOSS"],"items_purchased_type":["Card","Relic","Relic","Card","Relic","Relic","Card"],"build_version":"2020-12-22","purchased_purges":2,"victory":false,"max_hp_per_floor":[75,75,75,75,75,75,75,75,75,75,75,75,75,75,75,75,75,75,75,75,75,82,82,82,82,82,82,82,82,82,82,82,82,82,82,82,82,82,82,82,82,82,82,82,82,82,82,82,82,82,82],"card_choices":[{"not_picked":["Acceleration","ShootingEcho"],"picked":"MilkyWay","floor":1.0},{"not_picked":["SporeBomb","SuperPerseids"],"picked":"WitchLeyline","floor":2.0},{"not_picked":["AsteroidBelt","DC"],"picked":"GrandCross","floor":5.0},{"not_picked":["IllusionStar","GrandCross"],"picked":"Robbery","floor":6.0},{"not_picked":["Acceleration","Occultation"],"picked":"FairyDestructionRay","floor":7.0},{"not_picked":["GalacticHalo","Acceleration"],"picked":"WitchLeyline","floor":8.0},{"not_picked":["GalacticHalo","DC"],"picked":"CollectingQuirk","floor":10.0},{"not_picked":["DoubleSpark","MilkyWay"],"picked":"PowerUp","floor":12.0},{"not_picked":["MagicChant","EnergyRecoil"],"picked":"ChargeUpSpray","floor":13.0},{"not_picked":["LuminesStrike","PowerUp"],"picked":"MeteoricShower","floor":14.0},{"not_picked":["CollectingQuirk","TreasureHunter"],"picked":"AbsoluteMagnitude","floor":16.0},{"not_picked":["ManaConvection","GravityBeat"],"picked":"WitchOfGreed+1","floor":18},{"not_picked":["BlazeAway","GravityBeat"],"picked":"IllusionStar+1","floor":19},{"not_picked":["IllusionStar","NonDirectionalLaser"],"picked":"6A","floor":21},{"not_picked":["UltimateShortwave","MysteriousBeam"],"picked":"IllusionStar","floor":23},{"not_picked":["BlazeAway+1","UnstableBomb"],"picked":"OortCloud+1","floor":24},{"not_picked":["WitchLeyline+1","PropBag+1"],"picked":"EnergyFlow+1","floor":31},{"not_picked":["SatelliteIllusion+1","TreasureHunter"],"picked":"StarDustReverie","floor":33},{"not_picked":["DeepEcoloBomb+1","PowerUp"],"picked":"EnergyFlow+1","floor":35},{"not_picked":["SuperPerseids","ShootTheMoon"],"picked":"MilkyWay+1","floor":37},{"not_picked":["RefractionSpark+1","WitchOfGreed+1"],"picked":"GasGiant+1","floor":40},{"not_picked":["Occultation","StarBarrage"],"picked":"NonDirectionalLaser+1","floor":41},{"not_picked":["EnergyRecoil","SatelliteIllusion+1"],"picked":"MysteriousBeam","floor":44},{"not_picked":["DC+1","EnergyFlow+1"],"picked":"MachineGunSpark","floor":45},{"not_picked":["MachineGunSpark","GravityBeat"],"picked":"GrandCross","floor":46},{"not_picked":["UnstableBomb","JA"],"picked":"6A+1","floor":47},{"not_picked":["EnergyFlow+1","GrandCross"],"picked":"ChargeUpSpray+1","floor":48}],"player_experience":198155,"relics_obtained":[{"floor":6.0,"key":"The Courier"},{"floor":9.0,"key":"ShroomBag"},{"floor":10.0,"key":"Happy Flower"},{"floor":12.0,"key":"Letter Opener"},{"floor":17,"key":"Pen Nib"},{"floor":17,"key":"Frozen Egg 2"},{"floor":17,"key":"CaptainsWheel"},{"floor":23,"key":"Shovel"},{"floor":26,"key":"Nunchaku"},{"floor":26,"key":"Sundial"},{"floor":29,"key":"War Paint"},{"floor":30,"key":"Whetstone"},{"floor":30,"key":"TungstenRod"},{"floor":31,"key":"AmplifyWand"},{"floor":39,"key":"Bottled Lightning"},{"floor":40,"key":"Blue Candle"},{"floor":42,"key":"Omamori"},{"floor":43,"key":"Juzu Bracelet"},{"floor":44,"key":"Vajra"},{"floor":46,"key":"Smiling Mask"},{"floor":48,"key":"StoneCalendar"}],"event_choices":[{"damage_healed":0.0,"max_hp_gain":0.0,"max_hp_loss":0.0,"gold_gain":0.0,"event_name":"Accursed Blacksmith","player_choice":"Rummage","floor":3.0,"gold_loss":0.0,"damage_taken":0.0,"relics_obtained":["WarpedTongs"],"cards_obtained":["Pain"]},{"damage_healed":0,"gold_gain":100,"player_choice":"Bet on Murderer","damage_taken":0,"max_hp_gain":0,"max_hp_loss":0,"event_name":"The Joust","floor":20,"gold_loss":50},{"cards_removed":["Defend_MRS"],"damage_healed":0,"gold_gain":0,"player_choice":"Give","damage_taken":0,"max_hp_gain":0,"max_hp_loss":0,"event_name":"betterNote:BetterNote","floor":28,"gold_loss":0,"cards_obtained":["Strike_MRS"]},{"cards_removed":["Strike_MRS"],"damage_healed":0,"gold_gain":0,"player_choice":"Removed Attack","damage_taken":0,"max_hp_gain":0,"max_hp_loss":0,"event_name":"Falling","floor":36,"gold_loss":0}],"is_beta":false,"boss_relics":[{"not_picked":["Snecko Eye","BewitchedHakkero"],"picked":"Calling Bell"},{"not_picked":["SacredBark","Cursed Key"],"picked":"ExperimentalFamiliar"}],"items_purged_floors":[4,38],"is_endless":false,"potions_floor_spawned":[2,5,6,10,13,19,31,33,35,37,45,46],"killed_by":"Awakened One","ascension_level":1}}