{"host":"gtkw0hh8g0porc44","time":1612838509,"event":{"mods":["AchievementEnabler","BaseMod","BetterRewards","Colored Map","Colored Powertips","DeckTracker","Highlight Path","Minty Spire (QoL Compilation)","Relic Stats","Slay-I","StSLib","Synergy Search"],"gold_per_floor":[114,126,143,143,45,45,75,94,139,139,139,166,185,213,213,213,213],"floor_reached":16,"language":"ENG","playtime":1466,"items_purged":[],"score":126,"play_id":"992f67e7-6ced-4643-ba6d-fd8ec78945ba","local_time":"20210208214149","is_ascension_mode":true,"campfire_choices":[{"data":"Berserk","floor":6,"key":"SMITH"},{"floor":15,"key":"REST"}],"circlet_count":0,"master_deck":["Strike_R","Strike_R","Strike_R","Strike_R","Strike_R","Defend_R","Defend_R","Defend_R","Bash","Berserk+1","Seeing Red","Anger","Flex","Anger","Parasite","Anger","Warcry","Dropkick"],"relics":["Burning Blood","Question Card","Lantern","Meat on the Bone","Ancient Tea Set","Centennial Puzzle"],"acts_visited":["Exordium"],"potions_floor_usage":[2,7,12,14,16],"damage_taken":[{"damage":3,"enemies":"Cultist","floor":1,"turns":4},{"damage":6,"enemies":"Jaw Worm","floor":2,"turns":2},{"damage":0,"enemies":"Small Slimes","floor":3,"turns":3},{"damage":31,"enemies":"Lagavulin","floor":7,"turns":4},{"damage":7,"enemies":"Blue Slaver","floor":8,"turns":2},{"damage":46,"enemies":"3 Sentries","floor":12,"turns":9},{"damage":9,"enemies":"3 Louse","floor":13,"turns":3},{"damage":46,"enemies":"Lagavulin","floor":14,"turns":7},{"damage":53,"enemies":"Hexaghost","floor":16,"turns":8}],"seed_played":"6039752449465918189","potions_obtained":[{"floor":1,"key":"Fire Potion"},{"floor":3,"key":"DistilledChaos"},{"floor":13,"key":"Block Potion"},{"floor":14,"key":"SpeedPotion"}],"is_trial":false,"path_per_floor":["M","M","M","?","$","R","E","M","T","T","?","E","M","E","R","B"],"character_chosen":"IRONCLAD","items_purchased":["Anger","Energy Potion"],"campfire_rested":1,"item_purchase_floors":[5,5],"current_hp_per_floor":[80,80,80,80,80,80,55,54,54,54,74,46,55,27,51,0,0],"gold":213,"neow_bonus":"ONE_RANDOM_RARE_CARD","is_daily":false,"chose_seed":false,"campfire_upgraded":1,"win_rate":0.0,"timestamp":1612838509,"path_taken":["M","?","M","?","$","R","E","M","T","?","?","E","?","E","R","BOSS"],"items_purchased_type":["Card","Potion"],"build_version":"2020-12-22","purchased_purges":0,"victory":false,"max_hp_per_floor":[80,80,80,80,80,80,80,80,80,80,80,80,80,80,80,80,80],"relic_stats":{"Centennial Puzzle":[3],"counters":[9,42],"Question Card":4,"obtain_stats":[{"Lantern":9,"Centennial Puzzle":14,"Question Card":7,"Ancient Tea Set":12,"Burning Blood":0,"Meat on the Bone":10},{"Lantern":5,"Centennial Puzzle":8,"Question Card":4,"Ancient Tea Set":6,"Burning Blood":0,"Meat on the Bone":5},{"Lantern":15,"Centennial Puzzle":34,"Question Card":13,"Ancient Tea Set":24,"Burning Blood":0,"Meat on the Bone":15}],"Burning Blood":39,"Meat on the Bone":36},"card_choices":[{"not_picked":["Dark Embrace","Sever Soul"],"picked":"Seeing Red","floor":1},{"not_picked":["Shrug It Off","Sword Boomerang"],"picked":"Anger","floor":2},{"not_picked":["Heavy Blade","Clothesline"],"picked":"Flex","floor":3},{"not_picked":["Thunderclap","Wild Strike","Heavy Blade"],"picked":"SKIP","floor":7},{"not_picked":["Berserk","Hemokinesis","Evolve","Clothesline"],"picked":"SKIP","floor":8},{"not_picked":["Carnage","Heavy Blade","Metallicize"],"picked":"Anger","floor":12},{"not_picked":["Perfected Strike","Heavy Blade","Shrug It Off"],"picked":"Warcry","floor":13},{"not_picked":["Uppercut","Havoc","True Grit"],"picked":"Dropkick","floor":14}],"player_experience":95170,"relics_obtained":[{"floor":7,"key":"Question Card"},{"floor":9,"key":"Lantern"},{"floor":10,"key":"Meat on the Bone"},{"floor":12,"key":"Ancient Tea Set"},{"floor":14,"key":"Centennial Puzzle"}],"event_choices":[{"cards_removed":["Defend_R"],"damage_healed":0,"gold_gain":0,"player_choice":"Forget","damage_taken":0,"max_hp_gain":0,"max_hp_loss":0,"event_name":"Living Wall","floor":4,"gold_loss":0},{"damage_healed":20,"gold_gain":0,"player_choice":"Healed and dodged fight","damage_taken":0,"max_hp_gain":0,"max_hp_loss":0,"event_name":"Mushrooms","floor":11,"gold_loss":0,"cards_obtained":["Parasite"]}],"is_beta":false,"boss_relics":[],"items_purged_floors":[],"is_endless":false,"potions_floor_spawned":[1,3,13,14],"killed_by":"Hexaghost","ascension_level":1}}