{"host":"sc0o2qwpf9j16a4i","time":1612858774,"event":{"mods":["AchievementEnabler","BaseMod","BetterRewards","Block Reminder","Colored Map","Colored Powertips","Custom Start","Highlight Path","Minty Spire (QoL Compilation)","Relic Stats"],"gold_per_floor":[117,117,117,42,67,105,105,139,190,231,231,275,350,634,634,774,774,810,53,85,19,53,120,120,164,164,189,242,284,284,337,337,475,502,530,530,548,625,16,89,139,139,139,187,44,77,101,434,434,454],"floor_reached":51,"language":"ENG","playtime":2233,"items_purged":["Injury","Regret"],"score":1188,"play_id":"4b5b26bf-6c77-497f-ac93-c73c07f5b681","local_time":"20210209101934","daily_mods":["Draft","Colorless Cards","Elite Swarm"],"is_ascension_mode":false,"campfire_choices":[{"data":"Armaments","floor":7.0,"key":"SMITH"},{"data":"Disarm","floor":15.0,"key":"SMITH"},{"floor":24,"key":"DIG"},{"floor":30,"key":"DIG"},{"floor":32,"key":"DIG"},{"floor":42,"key":"DIG"},{"floor":49,"key":"DIG"}],"circlet_count":0,"master_deck":["Spot Weakness","Feel No Pain","Discovery+1","Intimidate","Havoc","Whirlwind+1","Disarm+1","Headbutt","Armaments+1","Heavy Blade","Battle Trance","Thunderclap","Twin Strike","Shrug It Off","Shrug It Off","Corruption","Demon Form","Exhume","Flame Barrier+1","Armaments+1","Shockwave","True Grit","Flame Barrier","Headbutt+1","Dark Embrace","Shrug It Off+1","Shrug It Off","Chrysalis","Reaper","Enlightenment+1","Exhume","Warcry+1","Pommel Strike+1","Offering","Swift Strike+1","Mayhem+1","Discovery+1","Power Through+1","Madness","Madness","Shrug It Off+1","Feel No Pain","HandOfGreed","Limit Break","Juggernaut","Barricade","Panacea+1"],"relics":["Burning Blood","Boot","Darkstone Periapt","Bag of Marbles","Torii","Prayer Wheel","CeramicFish","Fusion Hammer","PreservedInsect","Shovel","Sling","Letter Opener","HornCleat","InkBottle","Blue Candle","Turnip","Peace Pipe","Meat on the Bone","Dream Catcher","Astrolabe","WingedGreaves","OrangePellets","Singing Bowl","Mango","Akabeko","Sundial","Charon\u0027s Ashes","Gremlin Horn","Chemical X","Happy Flower","Centennial Puzzle"],"acts_visited":["Exordium","TheCity","TheBeyond"],"potions_floor_usage":[31,33,46,50,50],"damage_taken":[{"damage":0.0,"enemies":"2 Louse","floor":1.0,"turns":3.0},{"damage":0.0,"enemies":"Cultist","floor":5.0,"turns":3.0},{"damage":25.0,"enemies":"Gremlin Nob","floor":6.0,"turns":4.0},{"damage":17.0,"enemies":"3 Sentries","floor":8.0,"turns":3.0},{"damage":0.0,"enemies":"Gremlin Nob","floor":10.0,"turns":1.0},{"damage":0.0,"enemies":"Lagavulin","floor":12.0,"turns":4.0},{"damage":14,"enemies":"Hexaghost","floor":16,"turns":8},{"damage":1,"enemies":"Shell Parasite","floor":18,"turns":3},{"damage":2,"enemies":"Chosen","floor":20,"turns":5},{"damage":7,"enemies":"Centurion and Healer","floor":22,"turns":2},{"damage":2,"enemies":"Slavers","floor":23,"turns":4},{"damage":2,"enemies":"Book of Stabbing","floor":25,"turns":4},{"damage":6,"enemies":"Cultist and Chosen","floor":27,"turns":6},{"damage":18,"enemies":"Gremlin Leader","floor":28,"turns":2},{"damage":1,"enemies":"Snecko","floor":29,"turns":3},{"damage":0,"enemies":"Slavers","floor":31,"turns":1},{"damage":57,"enemies":"Automaton","floor":33,"turns":10},{"damage":0,"enemies":"3 Shapes","floor":35,"turns":2},{"damage":22,"enemies":"2 Orb Walkers","floor":38,"turns":4},{"damage":6,"enemies":"Nemesis","floor":40,"turns":5},{"damage":7,"enemies":"Giant Head","floor":41,"turns":5},{"damage":13,"enemies":"Nemesis","floor":44,"turns":5},{"damage":6,"enemies":"Reptomancer","floor":46,"turns":4},{"damage":6,"enemies":"3 Darklings","floor":47,"turns":2},{"damage":52,"enemies":"Awakened One","floor":50,"turns":10}],"seed_played":"2189099581454336702","potions_obtained":[{"floor":1.0,"key":"SteroidPotion"},{"floor":5.0,"key":"SteroidPotion"},{"floor":6.0,"key":"Energy Potion"},{"floor":27,"key":"GamblersBrew"},{"floor":29,"key":"Strength Potion"},{"floor":38,"key":"FearPotion"},{"floor":41,"key":"HeartOfIron"},{"floor":46,"key":"FearPotion"},{"floor":47,"key":"Dexterity Potion"}],"is_trial":true,"path_per_floor":["M","?","?","$","M","E","R","E","T","E","?","E","?","?","R","B",null,"M","$","M","$","M","E","R","E","T","M","E","M","R","E","R","B",null,"M","?","?","?","$","E","E","R","T","E","$","E","M","?","R","B",null],"character_chosen":"IRONCLAD","items_purchased":["PreservedInsect","Shovel","Shockwave","Sling","True Grit","Dark Embrace","OrangePellets","Singing Bowl","Feel No Pain","HandOfGreed","Chemical X"],"campfire_rested":0,"item_purchase_floors":[19,19,19,19,19,21,39,39,39,39,45],"current_hp_per_floor":[80,80,64,64,70,51,51,40,40,46,28,34,23,29,29,21,86,86,86,86,86,85,86,86,86,86,86,74,79,79,85,85,46,86,86,86,75,77,77,100,99,99,99,92,92,94,96,96,96,62],"gold":454,"neow_bonus":"","is_daily":false,"chose_seed":false,"campfire_upgraded":2,"win_rate":0.0,"timestamp":1612858774,"path_taken":["M","?","?","$","?","E","R","E","T","E","?","E","?","?","R","BOSS","M","?","?","$","M","E","R","E","T","M","E","M","R","E","R","BOSS","M","?","?","?","$","E","E","R","T","E","?","E","?","?","R","BOSS"],"items_purchased_type":["Relic","Relic","Card","Relic","Card","Card","Relic","Relic","Card","Card","Relic"],"build_version":"2020-12-22","purchased_purges":2,"victory":true,"max_hp_per_floor":[80,80,80,80,80,80,80,80,80,80,80,80,80,86,86,86,86,86,86,86,86,86,86,86,86,86,86,86,86,86,86,86,86,86,86,86,86,86,86,100,100,100,100,100,100,102,104,104,104,104],"relic_stats":{"Darkstone Periapt":6,"Torii":31,"Singing Bowl":4,"Gremlin Horn":[9,9],"CeramicFish":288,"Boot":[39],"Burning Blood":121,"Dream Catcher":0,"Centennial Puzzle":[3],"Shovel":5,"Sundial":[0],"Prayer Wheel":7,"Chemical X":[2],"InkBottle":[30],"Happy Flower":[4],"counters":[25,103],"Blue Candle":[0],"Astrolabe":["Swift Strike","Mayhem","Discovery"],"PreservedInsect":443,"Charon\u0027s Ashes":[208],"Letter Opener":[324],"Peace Pipe":0,"OrangePellets":[3],"Turnip":[0],"obtain_stats":[{"Darkstone Periapt":8,"Torii":10,"Singing Bowl":39,"Gremlin Horn":44,"CeramicFish":12,"Mango":40,"Boot":6,"Sling":19,"Burning Blood":0,"Dream Catcher":32,"Centennial Puzzle":49,"Shovel":19,"HornCleat":24,"Sundial":42,"Prayer Wheel":11,"Fusion Hammer":17,"WingedGreaves":38,"Chemical X":45,"InkBottle":25,"Happy Flower":46,"Golden Idol":2,"Blue Candle":26,"Astrolabe":34,"PreservedInsect":19,"Charon\u0027s Ashes":43,"Letter Opener":23,"Akabeko":41,"Peace Pipe":30,"OrangePellets":39,"Turnip":28,"Bag of Marbles":9,"Meat on the Bone":31},{"Darkstone Periapt":4,"Torii":5,"Singing Bowl":19,"Gremlin Horn":22,"CeramicFish":6,"Mango":20,"Boot":3,"Sling":8,"Burning Blood":0,"Dream Catcher":16,"Centennial Puzzle":24,"Shovel":8,"HornCleat":11,"Sundial":21,"Prayer Wheel":5,"Fusion Hammer":7,"WingedGreaves":19,"Chemical X":22,"InkBottle":12,"Happy Flower":23,"Golden Idol":1,"Blue Candle":12,"Astrolabe":17,"PreservedInsect":8,"Charon\u0027s Ashes":21,"Letter Opener":11,"Akabeko":21,"Peace Pipe":15,"OrangePellets":19,"Turnip":14,"Bag of Marbles":4,"Meat on the Bone":16},{"Darkstone Periapt":13,"Torii":14,"Singing Bowl":72,"Gremlin Horn":87,"CeramicFish":18,"Mango":77,"Boot":10,"Sling":29,"Burning Blood":0,"Dream Catcher":56,"Centennial Puzzle":93,"Shovel":29,"HornCleat":40,"Sundial":82,"Prayer Wheel":14,"Fusion Hammer":26,"WingedGreaves":72,"Chemical X":87,"InkBottle":44,"Happy Flower":91,"Golden Idol":3,"Blue Candle":44,"Astrolabe":66,"PreservedInsect":29,"Charon\u0027s Ashes":82,"Letter Opener":40,"Akabeko":82,"Peace Pipe":55,"OrangePellets":72,"Turnip":52,"Bag of Marbles":13,"Meat on the Bone":56}],"Meat on the Bone":24},"card_choices":[{"not_picked":["Iron Wave","Cleave"],"picked":"Spot Weakness","floor":0.0},{"not_picked":["PanicButton","Armaments"],"picked":"Feel No Pain","floor":0.0},{"not_picked":["Iron Wave","Warcry"],"picked":"Anger","floor":0.0},{"not_picked":["Headbutt","PanicButton"],"picked":"Discovery","floor":0.0},{"not_picked":["Rage","Armaments"],"picked":"Intimidate","floor":0.0},{"not_picked":["Blood for Blood","Deep Breath"],"picked":"Havoc","floor":0.0},{"not_picked":["Forethought","Sword Boomerang"],"picked":"Whirlwind","floor":0.0},{"not_picked":["Body Slam","Dark Embrace"],"picked":"Disarm","floor":0.0},{"not_picked":["Madness","Swift Strike"],"picked":"Headbutt","floor":0.0},{"not_picked":["Clothesline","Wild Strike"],"picked":"Armaments","floor":0.0},{"not_picked":["Armaments","Cleave"],"picked":"Heavy Blade","floor":0.0},{"not_picked":["Twin Strike","Entrench"],"picked":"Battle Trance","floor":0.0},{"not_picked":["Havoc","Reckless Charge"],"picked":"Thunderclap","floor":0.0},{"not_picked":["Anger","True Grit"],"picked":"Jack Of All Trades","floor":0.0},{"not_picked":["Impatience","Heavy Blade"],"picked":"Twin Strike","floor":0.0},{"not_picked":["Headbutt","True Grit"],"picked":"Shrug It Off","floor":1.0},{"not_picked":["Flex","Intimidate"],"picked":"Shrug It Off","floor":5.0},{"not_picked":["Brutality","Exhume"],"picked":"Corruption","floor":6.0},{"not_picked":["Double Tap","The Bomb"],"picked":"Demon Form","floor":8.0},{"not_picked":["Brutality","Demon Form"],"picked":"Immolate","floor":10.0},{"not_picked":["Metamorphosis","Transmutation","Demon Form"],"picked":"SKIP","floor":12.0},{"not_picked":["Secret Technique","Double Tap"],"picked":"Exhume","floor":16},{"not_picked":["Thunderclap","Forethought"],"picked":"Flame Barrier+1","floor":18},{"not_picked":["Intimidate","Thunderclap"],"picked":"Armaments+1","floor":18},{"not_picked":["Iron Wave","Exhume"],"picked":"Flame Barrier","floor":20},{"not_picked":["Wild Strike","Clash"],"picked":"Headbutt+1","floor":20},{"not_picked":["Clothesline","Bloodletting+1"],"picked":"Shrug It Off+1","floor":22},{"not_picked":["Thunderclap+1","Wild Strike+1"],"picked":"Shrug It Off","floor":22},{"not_picked":["Panache","Thinking Ahead"],"picked":"Chrysalis","floor":23},{"not_picked":["Demon Form","Metamorphosis"],"picked":"Reaper","floor":25},{"not_picked":["Thunderclap","Carnage"],"picked":"Enlightenment+1","floor":27},{"not_picked":["Anger","Wild Strike","Bandage Up+1"],"picked":"SKIP","floor":27},{"not_picked":["Panache","Mayhem"],"picked":"Exhume","floor":28},{"not_picked":["Body Slam","Headbutt"],"picked":"Warcry+1","floor":29},{"not_picked":["Clash","Heavy Blade"],"picked":"Pommel Strike+1","floor":29},{"not_picked":["Bludgeon","Secret Weapon"],"picked":"Offering","floor":31},{"not_picked":["Corruption","Berserk"],"picked":"Chrysalis","floor":33},{"not_picked":["Cleave","Rage+1"],"picked":"Power Through+1","floor":35},{"not_picked":["Perfected Strike","Thunderclap+1","Flex+1"],"picked":"SKIP","floor":35},{"not_picked":["Thunderclap+1","Forethought"],"picked":"Shrug It Off+1","floor":38},{"not_picked":["Brutality","The Bomb"],"picked":"Limit Break","floor":40},{"not_picked":["Secret Weapon","Master of Strategy"],"picked":"Juggernaut","floor":41},{"not_picked":["Juggernaut","Transmutation"],"picked":"Barricade","floor":44},{"not_picked":["Demon Form","HandOfGreed","Magnetism"],"picked":"Singing Bowl","floor":46},{"not_picked":["Power Through","Warcry","Pummel+1"],"picked":"Singing Bowl","floor":47},{"not_picked":["Sword Boomerang+1","Iron Wave"],"picked":"Panacea+1","floor":47}],"player_experience":1276900,"relics_obtained":[{"floor":6.0,"key":"Boot"},{"floor":8.0,"key":"Darkstone Periapt"},{"floor":9.0,"key":"Bag of Marbles"},{"floor":10.0,"key":"Torii"},{"floor":12.0,"key":"CeramicFish"},{"floor":23,"key":"Letter Opener"},{"floor":24,"key":"HornCleat"},{"floor":25,"key":"InkBottle"},{"floor":26,"key":"Blue Candle"},{"floor":28,"key":"Turnip"},{"floor":30,"key":"Peace Pipe"},{"floor":31,"key":"Meat on the Bone"},{"floor":32,"key":"Dream Catcher"},{"floor":38,"key":"WingedGreaves"},{"floor":40,"key":"Mango"},{"floor":41,"key":"Akabeko"},{"floor":42,"key":"Sundial"},{"floor":43,"key":"Charon\u0027s Ashes"},{"floor":44,"key":"Gremlin Horn"},{"floor":46,"key":"Happy Flower"},{"floor":49,"key":"Centennial Puzzle"}],"event_choices":[{"damage_healed":0.0,"max_hp_gain":0.0,"max_hp_loss":0.0,"gold_gain":0.0,"event_name":"Golden Idol","player_choice":"Take Wound","floor":2.0,"gold_loss":0.0,"damage_taken":0.0,"relics_obtained":["Golden Idol"],"cards_obtained":["Injury"]},{"damage_healed":0.0,"max_hp_gain":0.0,"max_hp_loss":0.0,"gold_gain":0.0,"event_name":"Shining Light","player_choice":"Entered Light","floor":3.0,"gold_loss":0.0,"damage_taken":16.0,"cards_upgraded":["Discovery","Whirlwind"]},{"damage_healed":0.0,"max_hp_gain":0.0,"max_hp_loss":0.0,"gold_gain":0.0,"event_name":"Scrap Ooze","player_choice":"Success","floor":11.0,"gold_loss":0.0,"damage_taken":18.0,"relics_obtained":["Prayer Wheel"]},{"damage_healed":0.0,"max_hp_gain":0.0,"max_hp_loss":0.0,"gold_gain":75.0,"event_name":"World of Goop","player_choice":"Gather Gold","floor":13.0,"gold_loss":0.0,"damage_taken":11.0},{"damage_healed":0.0,"max_hp_gain":0.0,"max_hp_loss":0.0,"gold_gain":275.0,"event_name":"Golden Shrine","player_choice":"Desecrate","floor":14.0,"gold_loss":0.0,"damage_taken":0.0,"cards_obtained":["Regret"]},{"cards_removed":["Immolate"],"damage_healed":0,"gold_gain":0,"player_choice":"Removed Attack","damage_taken":0,"max_hp_gain":0,"max_hp_loss":0,"event_name":"Falling","floor":36,"gold_loss":0},{"damage_healed":0,"gold_gain":0,"player_choice":"Embrace Madness","damage_taken":11,"max_hp_gain":0,"max_hp_loss":0,"event_name":"Winding Halls","floor":37,"gold_loss":0,"cards_obtained":["Madness","Madness"]},{"damage_healed":0,"gold_gain":0,"player_choice":"Fight","damage_taken":0,"max_hp_gain":0,"max_hp_loss":0,"event_name":"Mysterious Sphere","floor":38,"gold_loss":0},{"damage_healed":0,"gold_gain":333,"player_choice":"Gave Idol","damage_taken":0,"max_hp_gain":0,"max_hp_loss":0,"event_name":"The Moai Head","floor":48,"relics_lost":["Golden Idol"],"gold_loss":0}],"is_beta":false,"boss_relics":[{"not_picked":["Runic Pyramid","Black Star"],"picked":"Fusion Hammer"},{"not_picked":["Busted Crown","Empty Cage"],"picked":"Astrolabe"}],"items_purged_floors":[4,19],"is_endless":false,"potions_floor_spawned":[1,5,6,27,29,38,41,46,47],"ascension_level":0}}