{"host":"fdq5pmhluajjrf8d","time":1612913833,"event":{"mods":["BaseMod","Minty Spire (QoL Compilation)"],"gold_per_floor":[116,116,127,145,156,156,182,182,182,182,196,223,61,74,74,148,148,165,80,97,112,112,112,137,137,137,150,167,178,178,196,196,196,196],"floor_reached":33,"language":"ENG","playtime":1389,"items_purged":[],"score":621,"play_id":"49245939-e69e-4c6e-8cbd-5831f2f1635e","local_time":"20210209183713","is_ascension_mode":true,"campfire_choices":[{"data":"Collect","floor":6,"key":"SMITH"},{"data":"Adaptation","floor":10,"key":"SMITH"},{"data":"WreathOfFlame","floor":15,"key":"SMITH"},{"floor":23,"key":"REST"},{"data":"Vault","floor":25,"key":"SMITH"},{"data":"SignatureMove","floor":30,"key":"SMITH"},{"floor":32,"key":"REST"}],"circlet_count":0,"master_deck":["AscendersBane","Strike_P","Strike_P","Strike_P","Strike_P","Defend_P","Defend_P","Defend_P","Defend_P","Eruption","Vigilance","SignatureMove+1","Halt","WreathOfFlame+1","Collect+1","Adaptation+1","Parasite","FlyingSleeves","Vault+1","EmptyFist","Conclude+1"],"relics":["PureWater","Pantograph","TeardropLocket","Eternal Feather","HandDrill","VioletLotus","Bronze Scales","Nloth\u0027s Gift","StoneCalendar","Kunai"],"acts_visited":["Exordium","TheCity"],"potions_floor_usage":[16,24,27,29,33],"damage_taken":[{"damage":0,"enemies":"Cultist","floor":1,"turns":2},{"damage":2,"enemies":"2 Louse","floor":3,"turns":3},{"damage":3,"enemies":"Small Slimes","floor":4,"turns":2},{"damage":0,"enemies":"2 Fungi Beasts","floor":5,"turns":2},{"damage":46,"enemies":"3 Sentries","floor":7,"turns":6},{"damage":10,"enemies":"Red Slaver","floor":11,"turns":3},{"damage":0,"enemies":"Gremlin Nob","floor":12,"turns":2},{"damage":5,"enemies":"Gremlin Gang","floor":14,"turns":3},{"damage":45,"enemies":"The Guardian","floor":16,"turns":9},{"damage":3,"enemies":"Shell Parasite","floor":18,"turns":3},{"damage":16,"enemies":"3 Byrds","floor":20,"turns":2},{"damage":36,"enemies":"Snecko","floor":21,"turns":4},{"damage":0,"enemies":"Slavers","floor":24,"turns":1},{"damage":6,"enemies":"Shelled Parasite and Fungi","floor":27,"turns":3},{"damage":6,"enemies":"Centurion and Healer","floor":28,"turns":3},{"damage":5,"enemies":"Chosen and Byrds","floor":29,"turns":4},{"damage":27,"enemies":"Cultist and Chosen","floor":31,"turns":6},{"damage":143,"enemies":"Collector","floor":33,"turns":8}],"seed_played":"-4321745603742396490","potions_obtained":[{"floor":1,"key":"SpeedPotion"},{"floor":4,"key":"EssenceOfSteel"},{"floor":5,"key":"Ambrosia"},{"floor":14,"key":"LiquidMemories"},{"floor":21,"key":"LiquidMemories"},{"floor":27,"key":"BottledMiracle"},{"floor":28,"key":"AttackPotion"}],"is_trial":false,"path_per_floor":["M","T","M","M","M","R","E","?","T","R","M","E","$","M","R","B",null,"M","?","M","M","?","R","E","R","T","M","M","M","R","M","R","B"],"character_chosen":"WATCHER","items_purchased":["HandDrill"],"campfire_rested":2,"item_purchase_floors":[13],"current_hp_per_floor":[67,67,65,62,62,62,30,52,52,52,42,42,42,37,46,26,73,70,70,54,18,18,56,56,68,68,62,56,51,63,36,74,0,0],"gold":196,"neow_bonus":"TEN_PERCENT_HP_BONUS","is_daily":false,"chose_seed":false,"campfire_upgraded":5,"win_rate":0.0,"timestamp":1612913833,"path_taken":["M","?","M","M","?","R","E","?","T","R","M","E","$","M","R","BOSS","M","?","M","M","?","R","E","R","T","?","M","?","R","M","R","BOSS"],"items_purchased_type":["Relic"],"build_version":"2020-12-22","purchased_purges":0,"victory":false,"max_hp_per_floor":[74,74,74,74,74,74,88,88,88,88,88,88,88,88,88,88,88,88,88,88,88,88,88,88,88,88,88,88,88,88,88,88,88,88],"card_choices":[{"not_picked":["Study","Prostrate"],"picked":"SignatureMove","floor":1},{"not_picked":["CutThroughFate","Study"],"picked":"Halt","floor":3},{"not_picked":["Halt","EmptyBody"],"picked":"WreathOfFlame","floor":4},{"not_picked":["Perseverance","PathToVictory"],"picked":"Collect","floor":5},{"not_picked":["SashWhip","FlyingSleeves"],"picked":"Adaptation","floor":7},{"not_picked":["JustLucky","FollowUp","EmptyBody"],"picked":"SKIP","floor":11},{"not_picked":["Alpha","ThirdEye","Crescendo"],"picked":"SKIP","floor":12},{"not_picked":["FlurryOfBlows","Adaptation"],"picked":"FlyingSleeves","floor":14},{"not_picked":["DevaForm","Wish"],"picked":"Vault","floor":16},{"not_picked":["PathToVictory","DeceiveReality"],"picked":"EmptyFist","floor":18},{"not_picked":["Collect","ThirdEye","BowlingBash"],"picked":"SKIP","floor":20},{"not_picked":["Pray","Nirvana"],"picked":"Conclude+1","floor":21},{"not_picked":["ReachHeaven","Devotion","Nirvana"],"picked":"SKIP","floor":24},{"not_picked":["EmptyMind","EmptyFist","InnerPeace"],"picked":"SKIP","floor":27},{"not_picked":["CarveReality","CutThroughFate","Prostrate"],"picked":"SKIP","floor":28},{"not_picked":["CrushJoints","FlyingSleeves+1","Judgement"],"picked":"SKIP","floor":29},{"not_picked":["FollowUp","Crescendo+1","Weave"],"picked":"SKIP","floor":31}],"player_experience":1979276,"relics_obtained":[{"floor":2,"key":"Pantograph"},{"floor":7,"key":"Mango"},{"floor":9,"key":"TeardropLocket"},{"floor":12,"key":"Eternal Feather"},{"floor":24,"key":"StoneCalendar"},{"floor":26,"key":"Kunai"}],"event_choices":[{"damage_healed":22,"gold_gain":0,"player_choice":"Healed and dodged fight","damage_taken":0,"max_hp_gain":0,"max_hp_loss":0,"event_name":"Mushrooms","floor":8,"gold_loss":0,"cards_obtained":["Parasite"]},{"damage_healed":0,"gold_gain":0,"player_choice":"Obtained Relic","damage_taken":0,"relics_obtained":["Bronze Scales"],"max_hp_gain":0,"max_hp_loss":0,"event_name":"Addict","floor":19,"gold_loss":85},{"damage_healed":0,"gold_gain":0,"player_choice":"Traded Relic","damage_taken":0,"relics_obtained":["Nloth\u0027s Gift"],"max_hp_gain":0,"max_hp_loss":0,"event_name":"N\u0027loth","floor":22,"relics_lost":["Mango"],"gold_loss":0}],"is_beta":false,"boss_relics":[{"not_picked":["Sozu","Calling Bell"],"picked":"VioletLotus"}],"items_purged_floors":[],"is_endless":false,"potions_floor_spawned":[1,4,5,7,14,21,27,28],"killed_by":"Collector","ascension_level":16}}