{"host":"9czo1ewqehy3yunx","time":1612870289,"event":{"mods":["Act Like it!","BaseMod","CapriCore","Colored Powertips","DeckTracker","GifTheSpireLib","Keyboard Shortcuts","Lobotomy","Minty Spire (QoL Compilation)","Permanent Neow","Quick Restart","StSLib","SuperFastMode"],"gold_per_floor":[118,133,150,165,179,179,199,199,246,262,282,282,28,56,56,155,155,167,181,191,191,209,209,209,209],"floor_reached":24,"language":"KOR","playtime":1094,"items_purged":["Defend_R"],"score":244,"play_id":"75bf15dc-57a8-487c-a7db-3db712bac693","local_time":"20210209203129","is_ascension_mode":false,"campfire_choices":[{"data":"Perfected Strike","floor":6,"key":"SMITH"},{"data":"Pommel Strike","floor":8,"key":"SMITH"},{"data":"Warcry","floor":12,"key":"SMITH"},{"data":"Demon Form","floor":15,"key":"SMITH"},{"data":"Pommel Strike","floor":23,"key":"SMITH"}],"circlet_count":0,"master_deck":["Strike_R","Strike_R","Strike_R","Strike_R","Strike_R","Defend_R","Defend_R","Defend_R","Bash","Pommel Strike+1","OldLady","Perfected Strike+1","UniverseFragment","Wild Strike","VoidDream","Wild Strike","Woodsman","Warcry+1","Murderer","Wild Strike","MHz","Twin Strike","FairyFestival","Thunderclap","Spot Weakness","Demon Form+1","Bloodbath","Double Tap","QueenOfHatred","Limit Break","OSAHOGD","Evolve","BeautyBeast","Armaments","WallGazer","Dual Wield","Exhume","LittlePrince","Pommel Strike+1"],"relics":["Burning Blood","CogitoBucket","BehaviorAdjustment","Vajra","Odd Mushroom","Snecko Eye","SkinProphecy"],"acts_visited":["Exordium","TheCity"],"potions_floor_usage":[2,3],"damage_taken":[{"damage":17,"enemies":"Small Slimes","floor":1,"turns":4},{"damage":11,"enemies":"2 Louse","floor":2,"turns":2},{"damage":6,"enemies":"Cultist","floor":3,"turns":3},{"damage":23,"enemies":"Exordium Wildlife","floor":4,"turns":4},{"damage":12,"enemies":"3 Louse","floor":5,"turns":2},{"damage":37,"enemies":"2 Fungi Beasts","floor":7,"turns":6},{"damage":10,"enemies":"Exordium Thugs","floor":10,"turns":2},{"damage":1,"enemies":"Exordium Wildlife","floor":11,"turns":3},{"damage":38,"enemies":"The Mushroom Lair","floor":14,"turns":4},{"damage":53,"enemies":"The Guardian","floor":16,"turns":6},{"damage":77,"enemies":"2 Thieves","floor":18,"turns":7},{"damage":38,"enemies":"Shell Parasite","floor":19,"turns":4},{"damage":16,"enemies":"Cultist and Chosen","floor":20,"turns":3},{"damage":47,"enemies":"Shelled Parasite and Fungi","floor":22,"turns":6},{"damage":21,"enemies":"Book of Stabbing","floor":24,"turns":1}],"seed_played":"5859331932845843687","potions_obtained":[{"floor":2,"key":"Fruit Juice"},{"floor":3,"key":"Fruit Juice"},{"floor":7,"key":"FairyPotion"},{"floor":10,"key":"AttackPotion"},{"floor":11,"key":"ElixirPotion"},{"floor":16,"key":"ElixirPotion"},{"floor":18,"key":"EssenceOfSteel"}],"is_trial":false,"path_per_floor":["M","M","M","M","M","R","M","R","T","M","M","R","$","?","R","B",null,"M","M","M","?","M","R","E"],"character_chosen":"IRONCLAD","items_purchased":["Spot Weakness","Demon Form"],"campfire_rested":0,"item_purchase_floors":[13,13],"current_hp_per_floor":[69,69,74,57,51,51,44,44,44,52,69,69,69,55,55,14,90,45,15,16,16,22,22,0,0],"gold":209,"neow_bonus":"","is_daily":false,"chose_seed":false,"campfire_upgraded":5,"win_rate":0.0,"timestamp":1612870289,"path_taken":["M","M","M","M","M","R","M","R","T","M","M","R","$","?","R","BOSS","M","M","M","?","M","R","E"],"items_purchased_type":["Card","Card"],"build_version":"2020-12-22","purchased_purges":1,"victory":false,"max_hp_per_floor":[80,85,90,90,90,90,90,90,90,90,90,90,90,90,90,90,90,90,92,94,94,96,96,98,98],"card_choices":[{"not_picked":["Thunderclap","Wild Strike"],"picked":"Pommel Strike","floor":1},{"not_picked":["PunishingBird","Murderer"],"picked":"OldLady","floor":2},{"not_picked":["Heavy Blade","Thunderclap"],"picked":"Perfected Strike","floor":2},{"not_picked":["OSAHOGD","GreedKing"],"picked":"UniverseFragment","floor":3},{"not_picked":["Ghostly Armor","Fire Breathing"],"picked":"Wild Strike","floor":3},{"not_picked":["BeautyBeast","OSAHOGD"],"picked":"VoidDream","floor":4},{"not_picked":["Clothesline","Sword Boomerang"],"picked":"Wild Strike","floor":4},{"not_picked":["DreamingCurrent","ShyLook"],"picked":"Woodsman","floor":5},{"not_picked":["True Grit","Cleave"],"picked":"Warcry","floor":5},{"not_picked":["BlackSwan","Laetitia"],"picked":"Murderer","floor":7},{"not_picked":["Warcry","Ghostly Armor"],"picked":"Wild Strike","floor":7},{"not_picked":["ShyLook","DespairKnight"],"picked":"MHz","floor":10},{"not_picked":["Iron Wave","Shrug It Off"],"picked":"Twin Strike","floor":10},{"not_picked":["CherryBlossoms","DreamingCurrent"],"picked":"FairyFestival","floor":11},{"not_picked":["Cleave","Sever Soul"],"picked":"Thunderclap","floor":11},{"not_picked":["PunishingBird","ShyLook"],"picked":"Bloodbath","floor":14},{"not_picked":["Clothesline","Sword Boomerang"],"picked":"Double Tap","floor":14},{"not_picked":["SilentOrchestra","Wellcheers"],"picked":"QueenOfHatred","floor":16},{"not_picked":["Feed","Bludgeon"],"picked":"Limit Break","floor":16},{"not_picked":["CherryBlossoms","RedShoes"],"picked":"OSAHOGD","floor":18},{"not_picked":["Havoc","Warcry+1"],"picked":"Evolve","floor":18},{"not_picked":["BlackSwan","Variant"],"picked":"BeautyBeast","floor":19},{"not_picked":["Blood for Blood","Disarm"],"picked":"Armaments","floor":19},{"not_picked":["NothingThere","SpiderBud"],"picked":"WallGazer","floor":20},{"not_picked":["Cleave","Shrug It Off"],"picked":"Dual Wield","floor":20},{"not_picked":["CrumblingArmor","Mercenary"],"picked":"LittlePrince","floor":22},{"not_picked":["Iron Wave","Metallicize"],"picked":"Pommel Strike","floor":22}],"player_experience":203225,"relics_obtained":[{"floor":9,"key":"Vajra"},{"floor":14,"key":"Odd Mushroom"}],"event_choices":[{"damage_healed":0,"gold_gain":0,"player_choice":"Fought Mushrooms","damage_taken":0,"max_hp_gain":0,"max_hp_loss":0,"event_name":"Mushrooms","floor":14,"gold_loss":0},{"damage_healed":0,"gold_gain":0,"player_choice":"1 cards matched","damage_taken":0,"max_hp_gain":0,"max_hp_loss":0,"event_name":"Match and Keep!","floor":21,"gold_loss":0,"cards_obtained":["Exhume"]}],"is_beta":false,"boss_relics":[{"not_picked":["Philosopher\u0027s Stone","Ectoplasm"],"picked":"Snecko Eye"}],"items_purged_floors":[13],"is_endless":false,"potions_floor_spawned":[2,3,7,10,11,16,18,20],"killed_by":"Book of Stabbing","ascension_level":0}}