{"host":"2lo6hma6kymb0g9i","time":1612894184,"event":{"mods":["BaseMod","Colored Map","DeckTracker","Minty Spire (QoL Compilation)"],"gold_per_floor":[116,116,41,41,60,91,91,126,126,126,201,201,89,100,100,100,100],"floor_reached":16,"language":"JPN","playtime":1162,"items_purged":["Strike_R"],"score":212,"play_id":"3144b1c7-7f2e-4594-b3c2-bffb868ac59a","local_time":"20210210030944","is_ascension_mode":true,"campfire_choices":[{"data":"Fiend Fire","floor":7,"key":"SMITH"},{"data":"Pommel Strike","floor":10,"key":"SMITH"},{"floor":15,"key":"DIG"}],"circlet_count":0,"master_deck":["AscendersBane","Strike_R","Strike_R","Defend_R","Defend_R","Defend_R","Defend_R","Bash","Fiend Fire+1","Second Wind","Pommel Strike+1","Headbutt","Metallicize","Dropkick"],"relics":["Burning Blood","Champion Belt","Mummified Hand","Shovel","HornCleat"],"acts_visited":["Exordium"],"potions_floor_usage":[6,8],"damage_taken":[{"damage":2.0,"enemies":"2 Louse","floor":1.0,"turns":3.0},{"damage":16.0,"enemies":"Small Slimes","floor":5.0,"turns":4.0},{"damage":12,"enemies":"3 Sentries","floor":6,"turns":18},{"damage":22,"enemies":"Gremlin Nob","floor":8,"turns":4},{"damage":0,"enemies":"Cultist","floor":14,"turns":2},{"damage":43,"enemies":"The Guardian","floor":16,"turns":15}],"seed_played":"-1677448776737503493","potions_obtained":[{"floor":1.0,"key":"Energy Potion"},{"floor":5.0,"key":"PowerPotion"}],"is_trial":false,"path_per_floor":["M","$","?","?","M","E","R","E","T","R","?","?","$","M","R","B"],"character_chosen":"IRONCLAD","items_purchased":["Dropkick"],"campfire_rested":0,"item_purchase_floors":[13],"current_hp_per_floor":[54,54,54,54,44,38,38,22,22,22,11,36,36,42,42,0,0],"gold":100,"neow_bonus":"THREE_RARE_CARDS","is_daily":false,"chose_seed":false,"campfire_upgraded":2,"win_rate":0.0,"timestamp":1612894184,"path_taken":["M","$","?","?","M","E","R","E","T","R","?","?","$","M","R","BOSS"],"items_purchased_type":["Card"],"build_version":"2020-12-22","purchased_purges":1,"victory":false,"max_hp_per_floor":[75,75,75,75,75,75,75,75,75,75,75,75,75,75,75,75,75],"card_choices":[{"not_picked":["Feed","Limit Break"],"picked":"Fiend Fire","floor":0.0},{"not_picked":["Thunderclap","Clash"],"picked":"Second Wind","floor":1.0},{"not_picked":["True Grit","Wild Strike"],"picked":"Pommel Strike","floor":5.0},{"not_picked":["Combust","Rampage"],"picked":"Headbutt","floor":6},{"not_picked":["Fire Breathing","Dark Embrace"],"picked":"Metallicize","floor":8},{"not_picked":["Heavy Blade","Feed","Second Wind"],"picked":"SKIP","floor":14}],"player_experience":1165164,"relics_obtained":[{"floor":6,"key":"Champion Belt"},{"floor":8,"key":"Mummified Hand"},{"floor":9,"key":"Shovel"},{"floor":15,"key":"HornCleat"}],"event_choices":[{"cards_removed":["Strike_R"],"damage_healed":0.0,"max_hp_gain":0.0,"max_hp_loss":0.0,"gold_gain":0.0,"event_name":"The Cleric","player_choice":"Card Removal","floor":3.0,"gold_loss":75.0,"damage_taken":0.0},{"cards_removed":["Strike_R"],"damage_healed":0.0,"max_hp_gain":0.0,"max_hp_loss":0.0,"gold_gain":0.0,"event_name":"Living Wall","player_choice":"Forget","floor":4.0,"gold_loss":0.0,"damage_taken":0.0},{"damage_healed":0,"gold_gain":75,"player_choice":"Gather Gold","damage_taken":11,"max_hp_gain":0,"max_hp_loss":0,"event_name":"World of Goop","floor":11,"gold_loss":0},{"damage_healed":25,"gold_gain":0,"player_choice":"Banana","damage_taken":0,"max_hp_gain":0,"max_hp_loss":0,"event_name":"Big Fish","floor":12,"gold_loss":0}],"is_beta":false,"boss_relics":[],"items_purged_floors":[13],"is_endless":false,"potions_floor_spawned":[1,5],"killed_by":"The Guardian","ascension_level":20}}