{"host":"y3h3n3f7seyagppx","time":1612848723,"event":{"mods":["AlwaysNeverKeys","BaseMod","Better Vampires","Colored Powertips","DeckTracker","Emptier Cage","Minty Spire (QoL Compilation)","Permanent Neow","Quick Restart","Rare Cards Sparkle","Relic Sorter","Relic Stats","StSLib","Transform Curses"],"gold_per_floor":[16,35,55,65,65,100,100,113,161,192,209,209,238,263,263,337,337,352,352,8,8,24,24,55,70,70,70,83,83,83,93,93,171,171,189,189,208,208,6,38,38,67,67,77,89,122,152,152,152,152,152,152,152,17,42,42],"floor_reached":57,"language":"ENG","playtime":8558,"items_purged":["Strike_B"],"score":3465,"play_id":"0c406cab-5fc3-4e45-aace-5b64e87bdd34","local_time":"20210209003203","is_ascension_mode":true,"campfire_choices":[{"floor":7.0,"key":"REST"},{"data":"Sunder","floor":12.0,"key":"SMITH"},{"data":"Fission","floor":15.0,"key":"SMITH"},{"floor":23.0,"key":"REST"},{"floor":29.0,"key":"REST"},{"floor":32.0,"key":"REST"},{"floor":41.0,"key":"REST"},{"data":"Coolheaded","floor":49.0,"key":"SMITH"},{"data":"Seek","floor":53.0,"key":"SMITH"}],"circlet_count":0,"master_deck":["AscendersBane","Strike_B","Strike_B","Defend_B","Defend_B","Defend_B","Defend_B","Zap","Dualcast","Streamline+1","Leap","Rebound","Sunder+1","Echo Form","Doom and Gloom+1","Fission+1","Turbo","Electrodynamics","Undo+1","Stack","Cold Snap","Coolheaded","Chaos+1","Defragment+1","Undo","Reprogram","Coolheaded+1","Defragment+1","Seek+1","Secret Technique","Clumsy","Capacitor+1","Capacitor+1","Reinforced Body","Static Discharge+1","Shame","Cold Snap","Barrage+1","Blind"],"relics":["Cracked Core","WingedGreaves","Turnip","Dream Catcher","Singing Bowl","Whetstone","Bottled Flame","Cursed Key","Enchiridion","Membership Card","Frozen Egg 2","Gremlin Horn","Smiling Mask","StrikeDummy","Sozu","Eternal Feather","Incense Burner","Toy Ornithopter","InkBottle","Calipers","Shuriken","Akabeko","Strange Spoon","Bottled Tornado"],"acts_visited":["Exordium","TheCity","TheBeyond","TheEnding"],"potions_floor_usage":[56],"damage_taken":[{"damage":4.0,"enemies":"Small Slimes","floor":1.0,"turns":4.0},{"damage":1.0,"enemies":"Cultist","floor":2.0,"turns":3.0},{"damage":1.0,"enemies":"2 Louse","floor":3.0,"turns":2.0},{"damage":26.0,"enemies":"Gremlin Gang","floor":4.0,"turns":4.0},{"damage":8.0,"enemies":"Gremlin Nob","floor":6.0,"turns":3.0},{"damage":1.0,"enemies":"Exordium Thugs","floor":8.0,"turns":4.0},{"damage":5.0,"enemies":"Lagavulin","floor":10.0,"turns":6.0},{"damage":6.0,"enemies":"Lots of Slimes","floor":11.0,"turns":2.0},{"damage":10.0,"enemies":"3 Sentries","floor":13.0,"turns":3.0},{"damage":8.0,"enemies":"Gremlin Nob","floor":14.0,"turns":3.0},{"damage":22.0,"enemies":"The Guardian","floor":16.0,"turns":10.0},{"damage":23.0,"enemies":"Shell Parasite","floor":18.0,"turns":4.0},{"damage":0.0,"enemies":"Chosen","floor":22.0,"turns":3.0},{"damage":11.0,"enemies":"Gremlin Leader","floor":24.0,"turns":5.0},{"damage":17.0,"enemies":"Snake Plant","floor":25.0,"turns":3.0},{"damage":12.0,"enemies":"Chosen and Byrds","floor":28.0,"turns":6.0},{"damage":0.0,"enemies":"Centurion and Healer","floor":31.0,"turns":5.0},{"damage":24.0,"enemies":"Automaton","floor":33.0,"turns":15.0},{"damage":18.0,"enemies":"3 Darklings","floor":35.0,"turns":4.0},{"damage":7.0,"enemies":"Orb Walker","floor":37.0,"turns":2.0},{"damage":19.0,"enemies":"Giant Head","floor":40.0,"turns":9.0},{"damage":16.0,"enemies":"Nemesis","floor":42.0,"turns":13.0},{"damage":0.0,"enemies":"Maw","floor":44.0,"turns":8.0},{"damage":21.0,"enemies":"3 Darklings","floor":45.0,"turns":3.0},{"damage":5.0,"enemies":"Giant Head","floor":46.0,"turns":13.0},{"damage":0.0,"enemies":"Nemesis","floor":47.0,"turns":7.0},{"damage":40.0,"enemies":"Awakened One","floor":50.0,"turns":17.0},{"damage":9.0,"enemies":"Donu and Deca","floor":51.0,"turns":18.0},{"damage":28,"enemies":"Shield and Spear","floor":55,"turns":12},{"damage":23,"enemies":"The Heart","floor":56,"turns":15}],"seed_played":"-1848699114437979398","potions_obtained":[{"floor":4.0,"key":"Block Potion"},{"floor":5.0,"key":"CultistPotion"},{"floor":5.0,"key":"SteroidPotion"},{"floor":6.0,"key":"Ancient Potion"},{"floor":8.0,"key":"FairyPotion"},{"floor":10.0,"key":"Explosive Potion"},{"floor":18.0,"key":"BlessingOfTheForge"},{"floor":28.0,"key":"Ancient Potion"}],"is_trial":false,"path_per_floor":["M","M","M","M","?","E","R","M","T","E","M","R","E","E","R","B",null,"M","?","$","?","M","R","E","M","T","T","M","R","?","M","R","B",null,"M","?","M","T","$","E","R","E","T","M","M","E","E","?","R","B","B",null,"R","$","E","B",null],"character_chosen":"DEFECT","items_purchased":["Membership Card","Frozen Egg 2","Incense Burner","Capacitor+1","Blind","Strange Spoon"],"campfire_rested":5,"item_purchase_floors":[20,20,39,39,54,54],"current_hp_per_floor":[60,59,58,32,32,24,45,44,44,41,35,35,25,19,19,22,62,39,18,18,18,18,40,31,14,14,14,2,27,27,27,50,26,66,50,44,39,39,39,20,64,48,48,48,29,24,26,75,75,35,26,63,75,75,49,31],"gold":42,"neow_bonus":"ONE_RARE_RELIC","is_daily":false,"chose_seed":false,"campfire_upgraded":4,"win_rate":0.0,"timestamp":1612848723,"path_taken":["M","M","M","M","?","E","R","M","T","E","?","R","E","E","R","BOSS","M","?","$","?","?","R","E","M","T","?","?","R","?","M","R","BOSS","M","?","M","?","$","E","R","E","T","M","?","E","E","?","R","BOSS","BOSS","R","$","E","BOSS"],"items_purchased_type":["Relic","Relic","Relic","Card","Card","Relic"],"build_version":"2020-12-22","purchased_purges":1,"victory":true,"max_hp_per_floor":[71,71,71,71,71,71,71,71,71,73,73,73,73,75,75,75,75,75,75,75,75,75,75,77,77,77,77,77,79,79,79,79,79,79,81,85,87,87,87,87,87,87,87,87,89,89,91,75,75,75,75,75,75,75,77,77],"relic_stats":{"Singing Bowl":22,"Gremlin Horn":[10,11],"counters":[30,206],"Eternal Feather":30,"Whetstone":["Doom and Gloom","Streamline"],"Cursed Key":4,"Smiling Mask":0,"Sozu":3,"Strange Spoon":[3],"Dream Catcher":4,"Shuriken":[13],"Turnip":[33],"obtain_stats":[{"Calipers":43,"Singing Bowl":10,"Gremlin Horn":24,"Enchiridion":19,"Eternal Feather":38,"Incense Burner":39,"Whetstone":13,"Frozen Egg 2":20,"Bottled Tornado":55,"Cursed Key":17,"Smiling Mask":26,"Akabeko":47,"Sozu":34,"Strange Spoon":54,"Dream Catcher":9,"Bottled Flame":14,"Shuriken":46,"WingedGreaves":0,"Turnip":6,"Membership Card":20,"Cracked Core":0,"StrikeDummy":27,"Toy Ornithopter":40,"InkBottle":42},{"Calipers":22,"Singing Bowl":7,"Gremlin Horn":14,"Enchiridion":12,"Eternal Feather":20,"Incense Burner":20,"Whetstone":9,"Frozen Egg 2":12,"Bottled Tornado":29,"Cursed Key":11,"Smiling Mask":15,"Akabeko":26,"Sozu":18,"Strange Spoon":28,"Dream Catcher":6,"Bottled Flame":10,"Shuriken":25,"WingedGreaves":0,"Turnip":5,"Membership Card":12,"Cracked Core":0,"StrikeDummy":15,"Toy Ornithopter":21,"InkBottle":22},{"Calipers":113,"Singing Bowl":26,"Gremlin Horn":56,"Enchiridion":48,"Eternal Feather":91,"Incense Burner":91,"Whetstone":31,"Frozen Egg 2":48,"Bottled Tornado":191,"Cursed Key":44,"Smiling Mask":59,"Akabeko":144,"Sozu":85,"Strange Spoon":179,"Dream Catcher":20,"Bottled Flame":34,"Shuriken":137,"WingedGreaves":0,"Turnip":16,"Membership Card":48,"Cracked Core":0,"StrikeDummy":59,"Toy Ornithopter":100,"InkBottle":113}],"Toy Ornithopter":5,"InkBottle":[40]},"card_choices":[{"not_picked":["Hologram","Recycle"],"picked":"Streamline","floor":1.0},{"not_picked":["Leap","Redo","Heatsinks"],"picked":"SKIP","floor":2.0},{"not_picked":["Redo","Heatsinks"],"picked":"Leap","floor":2.0},{"not_picked":["Hologram","Conserve Battery"],"picked":"Rebound","floor":3.0},{"not_picked":["Capacitor","Barrage"],"picked":"Sunder","floor":4.0},{"not_picked":["Stack","Redo"],"picked":"Echo Form","floor":6.0},{"not_picked":["Streamline","Rebound"],"picked":"Doom and Gloom","floor":8.0},{"not_picked":["Streamline","Hologram","Reprogram"],"picked":"Singing Bowl","floor":10.0},{"not_picked":["Tempest","Genetic Algorithm"],"picked":"Fission","floor":11.0},{"not_picked":["Beam Cell","Redo"],"picked":"Turbo","floor":13.0},{"not_picked":["Rip and Tear","Sweeping Beam","Steam"],"picked":"Singing Bowl","floor":14.0},{"not_picked":["Amplify","Creative AI"],"picked":"Electrodynamics","floor":16.0},{"not_picked":["Barrage","Ball Lightning"],"picked":"Undo+1","floor":18.0},{"not_picked":["Conserve Battery","Barrage"],"picked":"Cold Snap","floor":22.0},{"not_picked":["Leap","Hello World+1"],"picked":"Coolheaded","floor":23.0},{"not_picked":["Stack","Redo","Consume"],"picked":"Singing Bowl","floor":24.0},{"not_picked":["Steam","Leap"],"picked":"Chaos+1","floor":25.0},{"not_picked":["Compile Driver","Cold Snap"],"picked":"Defragment+1","floor":28.0},{"not_picked":["Rainbow","Go for the Eyes","Steam"],"picked":"Singing Bowl","floor":29.0},{"not_picked":["Compile Driver","Hologram"],"picked":"Coolheaded","floor":31.0},{"not_picked":["Blizzard","Auto Shields"],"picked":"Defragment+1","floor":32.0},{"not_picked":["Electrodynamics+1","Machine Learning+1"],"picked":"Seek","floor":33.0},{"not_picked":["Ball Lightning","Undo","Redo"],"picked":"Singing Bowl","floor":35.0},{"not_picked":["Magnetism+1","Dramatic Entrance"],"picked":"Secret Technique","floor":36.0},{"not_picked":["Madness","Panacea","The Bomb"],"picked":"Singing Bowl","floor":36.0},{"not_picked":["Sadistic Nature+1","Purity","Madness"],"picked":"Singing Bowl","floor":36.0},{"not_picked":["Steam","Rebound","Beam Cell"],"picked":"Singing Bowl","floor":37.0},{"not_picked":["Reinforced Body","Rebound"],"picked":"Capacitor+1","floor":40.0},{"not_picked":["Rip and Tear","Rebound"],"picked":"Reinforced Body","floor":41.0},{"not_picked":["Leap","Cold Snap"],"picked":"Static Discharge+1","floor":42.0},{"not_picked":["Barrage","Hologram"],"picked":"Cold Snap","floor":44.0},{"not_picked":["Force Field","Gash","Compile Driver"],"picked":"Singing Bowl","floor":45.0},{"not_picked":["Cold Snap+1","Rip and Tear"],"picked":"Barrage+1","floor":46.0},{"not_picked":["Self Repair+1","Auto Shields","Rip and Tear"],"picked":"Singing Bowl","floor":47.0},{"not_picked":["Fission","Blizzard","Sweeping Beam"],"picked":"Singing Bowl","floor":55}],"player_experience":22018618,"relics_obtained":[{"floor":6.0,"key":"Turnip"},{"floor":9.0,"key":"Dream Catcher"},{"floor":10.0,"key":"Singing Bowl"},{"floor":13.0,"key":"Whetstone"},{"floor":14.0,"key":"Bottled Flame"},{"floor":19.0,"key":"Enchiridion"},{"floor":24.0,"key":"Gremlin Horn"},{"floor":26.0,"key":"Smiling Mask"},{"floor":27.0,"key":"StrikeDummy"},{"floor":38.0,"key":"Eternal Feather"},{"floor":40.0,"key":"Toy Ornithopter"},{"floor":42.0,"key":"InkBottle"},{"floor":43.0,"key":"Calipers"},{"floor":46.0,"key":"Shuriken"},{"floor":47.0,"key":"Akabeko"},{"floor":55,"key":"Bottled Tornado"}],"event_choices":[{"damage_healed":0.0,"max_hp_gain":0.0,"max_hp_loss":0.0,"gold_gain":0.0,"event_name":"Lab","player_choice":"Got Potions","floor":5.0,"gold_loss":0.0,"damage_taken":0.0},{"damage_healed":0.0,"max_hp_gain":0.0,"max_hp_loss":0.0,"gold_gain":0.0,"event_name":"Cursed Tome","player_choice":"Obtained Book","floor":19.0,"gold_loss":0.0,"damage_taken":21.0},{"damage_healed":0.0,"max_hp_gain":0.0,"max_hp_loss":0.0,"gold_gain":0.0,"cards_transformed":["Strike_B"],"event_name":"Transmorgrifier","player_choice":"Transformed","floor":21.0,"gold_loss":0.0,"damage_taken":0.0,"cards_obtained":["Stack"]},{"damage_healed":0.0,"max_hp_gain":0.0,"max_hp_loss":0.0,"gold_gain":0.0,"cards_transformed":["Regret","Regret"],"event_name":"Drug Dealer","player_choice":"Became Test Subject","floor":30.0,"gold_loss":0.0,"damage_taken":0.0,"cards_obtained":["Undo","Reprogram"]},{"damage_healed":0.0,"max_hp_gain":0.0,"max_hp_loss":0.0,"gold_gain":0.0,"event_name":"SensoryStone","player_choice":"Memory 3","floor":36.0,"gold_loss":0.0,"damage_taken":10.0},{"damage_healed":75.0,"max_hp_gain":0.0,"max_hp_loss":16.0,"gold_gain":0.0,"event_name":"The Moai Head","player_choice":"Heal","floor":48.0,"gold_loss":0.0,"damage_taken":0.0}],"is_beta":false,"boss_relics":[{"not_picked":["Runic Pyramid","FrozenCore"],"picked":"Cursed Key"},{"not_picked":["SacredBark","Empty Cage"],"picked":"Sozu"}],"items_purged_floors":[20],"is_endless":false,"potions_floor_spawned":[4,6,8,10,11,18,28,33,37,44,46,55],"ascension_level":20}}