{"host":"v3qphhcqhwfpabne","time":1612855176,"event":{"mods":["100% Spire Juice","2.2 Compatiblity","AchievementEnabler","BaseMod","CapriCore","DeckTracker","KinomotoSakuraMod(ÙÊñýÜâ?)","Koishi","Marisa£¨Ùöéë¡¡Øª×âÞÞ£©","Minty Spire (QoL Compilation)","Permanent Neow","Prisma Mod","StSLib","Td1madao Mod","The Bug Knight","The Cursed","The Immortal","The Runesmith","WarShipGirlsR/??á´Ò³R mod"],"gold_per_floor":[10,20,39,50,62,95,95,108,108,118,132,57,89,67,67,67,67],"floor_reached":16,"language":"KOR","playtime":652,"items_purged":["Strike_R"],"score":183,"play_id":"1cf86789-fa77-4357-bf06-9557d495c129","local_time":"20210209161936","is_ascension_mode":true,"campfire_choices":[{"data":"Bludgeon","floor":7,"key":"SMITH"},{"floor":15,"key":"REST"}],"circlet_count":0,"master_deck":["Strike_R","Strike_R","Strike_R","Strike_R","Defend_R","Defend_R","Defend_R","Defend_R","Bash","Feed","Sentinel","Bludgeon+1","Body Slam","Rampage"],"relics":["Burning Blood","Blood Vial","Orichalcum"],"acts_visited":["Exordium"],"potions_floor_usage":[6,16,16],"damage_taken":[{"damage":13,"enemies":"Jaw Worm","floor":1,"turns":4},{"damage":3,"enemies":"2 Louse","floor":2,"turns":3},{"damage":2,"enemies":"Small Slimes","floor":3,"turns":4},{"damage":30,"enemies":"Gremlin Gang","floor":4,"turns":5},{"damage":10,"enemies":"2 Fungi Beasts","floor":5,"turns":3},{"damage":40,"enemies":"3 Sentries","floor":6,"turns":8},{"damage":10,"enemies":"Large Slime","floor":8,"turns":5},{"damage":11,"enemies":"Blue Slaver","floor":10,"turns":5},{"damage":10,"enemies":"2 Fungi Beasts","floor":11,"turns":4},{"damage":29,"enemies":"Gremlin Nob","floor":13,"turns":4},{"damage":62,"enemies":"Slime Boss","floor":16,"turns":12}],"seed_played":"3664827672759780549","potions_obtained":[{"floor":1,"key":"AttackPotion"},{"floor":3,"key":"BlessingOfTheForge"},{"floor":8,"key":"Strength Potion"},{"floor":10,"key":"Dexterity Potion"}],"is_trial":false,"path_per_floor":["M","M","M","M","M","E","R","M","T","M","M","$","E","?","R","B"],"character_chosen":"IRONCLAD","items_purchased":[],"campfire_rested":1,"item_purchase_floors":[],"current_hp_per_floor":[76,82,89,68,67,36,36,37,37,37,38,38,20,20,53,0,0],"gold":67,"neow_bonus":"THREE_RARE_CARDS","is_daily":false,"chose_seed":false,"campfire_upgraded":1,"win_rate":0.0,"timestamp":1612855176,"path_taken":["M","M","M","M","M","E","R","M","T","M","M","$","E","?","R","BOSS"],"items_purchased_type":[],"build_version":"2020-12-22","purchased_purges":1,"victory":false,"max_hp_per_floor":[83,86,89,92,95,98,98,101,101,104,107,107,110,110,110,113,113],"card_choices":[{"not_picked":["Exhume","Limit Break"],"picked":"Feed","floor":0},{"not_picked":["Rage","Havoc"],"picked":"Sentinel","floor":1},{"not_picked":["Clothesline","Twin Strike","Sword Boomerang"],"picked":"SKIP","floor":2},{"not_picked":["Perfected Strike","Searing Blow"],"picked":"Bludgeon","floor":3},{"not_picked":["Pommel Strike","Rage","Heavy Blade"],"picked":"SKIP","floor":4},{"not_picked":["Havoc","Combust","Clothesline"],"picked":"SKIP","floor":5},{"not_picked":["Second Wind","Sword Boomerang","Warcry"],"picked":"SKIP","floor":6},{"not_picked":["Clash","Warcry","Iron Wave"],"picked":"SKIP","floor":8},{"not_picked":["Dropkick","Warcry"],"picked":"Body Slam","floor":10},{"not_picked":["Flex","Pommel Strike"],"picked":"Rampage","floor":11},{"not_picked":["Evolve","Pommel Strike","Dual Wield"],"picked":"SKIP","floor":13}],"player_experience":139758,"relics_obtained":[{"floor":6,"key":"Blood Vial"},{"floor":13,"key":"Orichalcum"}],"event_choices":[{"damage_healed":0,"gold_gain":0,"player_choice":"Left Gold","damage_taken":0,"max_hp_gain":0,"max_hp_loss":0,"event_name":"World of Goop","floor":14,"gold_loss":22}],"is_beta":false,"boss_relics":[],"items_purged_floors":[12],"is_endless":false,"potions_floor_spawned":[1,3,8,10],"killed_by":"Slime Boss","ascension_level":3}}