{"host":"c4wbe3youf5363qr","time":1612837476,"event":{"mods":["BaseMod","Colored Powertips","Minty Spire (QoL Compilation)","Morshu Shopkeeper","Rare Cards Sparkle","Relic Stats","Reliquary","StSLib","The Cursed"],"gold_per_floor":[114,132,307,382,382,413,260,280,280,312,326,291,321,15,15,119,119,137,236,236,249,269,269,42,71,71,71,99,111,143,159,159,258,258,276,276,296,316,335,360,113,131,131,131,131,151,151,179,179,179,179],"floor_reached":50,"language":"ENG","playtime":2802,"items_purged":["Doubt","Strike_R"],"score":655,"play_id":"91d0db83-1c3a-4d92-ad50-ce5f7188044b","local_time":"20210208182436","is_ascension_mode":false,"campfire_choices":[{"data":"Bash","floor":15,"key":"SMITH"},{"data":"Barricade","floor":23,"key":"SMITH"},{"data":"Dual Wield","floor":27,"key":"SMITH"},{"data":"Demon Form","floor":32,"key":"SMITH"},{"data":"Inflame","floor":47,"key":"SMITH"},{"data":"Double Tap","floor":49,"key":"SMITH"}],"circlet_count":0,"master_deck":["Strike_R","Strike_R","Defend_R","Defend_R","Defend_R","Defend_R","Bash+1","Heavy Blade","Carnage","Metallicize","Headbutt","Twin Strike","Demon Form+1","Pummel","Barricade+1","Inflame+1","Dual Wield+1","Battle Trance","Double Tap+1","Headbutt+1","Reaper","Sever Soul","Searing Blow+1","Infernal Blade","Disarm+1"],"relics":["Burning Blood","Incense Burner","reliquary:PurpleTingedLeaf","CaptainsWheel","White Beast Statue","Omamori","FossilizedHelix","Coffee Dripper","Nloth\u0027s Gift","Vajra","PreservedInsect","Lizard Tail","Gambling Chip","reliquary:SharkskinSheath","Mark of Pain","WingedGreaves","reliquary:Knoch","Torii","TungstenRod"],"acts_visited":["Exordium","TheCity","TheBeyond"],"potions_floor_usage":[25,33,33,33,35,48,50,50],"damage_taken":[{"damage":0,"enemies":"Small Slimes","floor":1,"turns":1},{"damage":0,"enemies":"2 Louse","floor":2,"turns":1},{"damage":0,"enemies":"3 Sentries","floor":6,"turns":2},{"damage":8,"enemies":"Jaw Worm","floor":8,"turns":3},{"damage":14,"enemies":"Gremlin Nob","floor":10,"turns":4},{"damage":16,"enemies":"Large Slime","floor":11,"turns":5},{"damage":0,"enemies":"Lagavulin","floor":13,"turns":6},{"damage":61,"enemies":"Slime Boss","floor":16,"turns":13},{"damage":0,"enemies":"Chosen","floor":18,"turns":4},{"damage":0,"enemies":"Shell Parasite","floor":21,"turns":4},{"damage":0,"enemies":"Cultist and Chosen","floor":22,"turns":6},{"damage":38,"enemies":"Slavers","floor":25,"turns":6},{"damage":15,"enemies":"Gremlin Leader","floor":28,"turns":10},{"damage":14,"enemies":"Snake Plant","floor":29,"turns":5},{"damage":11,"enemies":"Slavers","floor":30,"turns":7},{"damage":21,"enemies":"Shelled Parasite and Fungi","floor":31,"turns":4},{"damage":106,"enemies":"Automaton","floor":33,"turns":13},{"damage":24,"enemies":"3 Darklings","floor":35,"turns":5},{"damage":0,"enemies":"3 Shapes","floor":37,"turns":3},{"damage":33,"enemies":"3 Darklings","floor":38,"turns":6},{"damage":0,"enemies":"Jaw Worm Horde","floor":39,"turns":4},{"damage":20,"enemies":"Giant Head","floor":40,"turns":6},{"damage":0,"enemies":"Transient","floor":42,"turns":5},{"damage":27,"enemies":"Sphere and 2 Shapes","floor":46,"turns":5},{"damage":62,"enemies":"Nemesis","floor":48,"turns":5},{"damage":66,"enemies":"Donu and Deca","floor":50,"turns":5}],"seed_played":"-7320875722207826849","potions_obtained":[{"floor":2,"key":"Weak Potion"},{"floor":8,"key":"Swift Potion"},{"floor":10,"key":"DuplicationPotion"},{"floor":16,"key":"Dexterity Potion"},{"floor":18,"key":"BloodPotion"},{"floor":25,"key":"BloodPotion"},{"floor":31,"key":"BloodPotion"},{"floor":33,"key":"Weak Potion"},{"floor":35,"key":"LiquidMemories"},{"floor":37,"key":"LiquidBronze"},{"floor":38,"key":"Weak Potion"},{"floor":48,"key":"SmokeBomb"}],"is_trial":false,"path_per_floor":["M","M","?","?","?","E","$","M","T","E","M","?","E","$","R","B",null,"M","?","?","M","M","R","$","E","T","R","E","M","E","M","R","B",null,"M","?","M","M","M","E","$","M","T","$","?","M","R","E","R","B"],"character_chosen":"IRONCLAD","items_purchased":["Metallicize","FossilizedHelix","Vajra","Inflame","reliquary:Knoch"],"campfire_rested":0,"item_purchase_floors":[7,14,24,24,41],"current_hp_per_floor":[80,80,80,69,66,72,72,71,71,64,55,75,80,80,80,26,80,80,80,80,80,80,80,80,65,65,65,61,53,50,35,35,16,80,80,80,80,55,80,67,67,80,80,80,80,68,68,21,21,0,0],"gold":179,"neow_bonus":"THREE_ENEMY_KILL","is_daily":false,"chose_seed":false,"campfire_upgraded":6,"win_rate":0.0,"timestamp":1612837476,"path_taken":["M","M","?","?","?","E","?","M","T","E","M","?","E","$","R","BOSS","M","?","?","M","?","R","$","E","T","R","E","M","E","M","R","BOSS","M","?","?","M","M","E","$","?","T","$","?","?","R","E","R","BOSS"],"items_purchased_type":["Card","Relic","Relic","Card","Relic"],"build_version":"2020-12-22","purchased_purges":2,"victory":false,"max_hp_per_floor":[80,80,80,80,80,80,80,80,80,80,80,80,80,80,80,80,80,80,80,80,80,80,80,80,80,80,80,80,80,80,80,80,80,80,80,80,80,80,80,80,80,80,80,80,80,80,80,80,80,80,80],"relic_stats":{"Lizard Tail":40,"Torii":2,"counters":[26,138],"Gambling Chip":[30],"PreservedInsect":254,"Nloth\u0027s Gift":4,"obtain_stats":[{"NeowsBlessing":0,"Torii":43,"Vajra":24,"PreservedInsect":25,"Incense Burner":5,"Omamori":13,"Burning Blood":0,"White Beast Statue":10,"CaptainsWheel":9,"Lizard Tail":26,"Gambling Chip":28,"Mark of Pain":34,"WingedGreaves":40,"Coffee Dripper":17,"Nloth\u0027s Gift":20,"reliquary:Knoch":41,"reliquary:PurpleTingedLeaf":6,"FossilizedHelix":14,"TungstenRod":48,"reliquary:SharkskinSheath":30},{"NeowsBlessing":0,"Torii":23,"Vajra":11,"PreservedInsect":12,"Incense Burner":2,"Omamori":7,"Burning Blood":0,"White Beast Statue":5,"CaptainsWheel":4,"Lizard Tail":12,"Gambling Chip":13,"Mark of Pain":17,"WingedGreaves":22,"Coffee Dripper":8,"Nloth\u0027s Gift":9,"reliquary:Knoch":22,"reliquary:PurpleTingedLeaf":3,"FossilizedHelix":7,"TungstenRod":25,"reliquary:SharkskinSheath":15},{"NeowsBlessing":0,"Torii":123,"Vajra":49,"PreservedInsect":55,"Incense Burner":2,"Omamori":22,"Burning Blood":0,"White Beast Statue":11,"CaptainsWheel":7,"Lizard Tail":55,"Gambling Chip":65,"Mark of Pain":94,"WingedGreaves":118,"Coffee Dripper":35,"Nloth\u0027s Gift":39,"reliquary:Knoch":118,"reliquary:PurpleTingedLeaf":4,"FossilizedHelix":22,"TungstenRod":133,"reliquary:SharkskinSheath":77}],"Burning Blood":98,"TungstenRod":6},"card_choices":[{"not_picked":["True Grit","Power Through"],"picked":"Heavy Blade","floor":1},{"not_picked":["Second Wind","Hemokinesis","Thunderclap"],"picked":"SKIP","floor":2},{"not_picked":["Searing Blow","Evolve"],"picked":"Carnage","floor":6},{"not_picked":["Combust","Wild Strike"],"picked":"Headbutt","floor":8},{"not_picked":["Warcry","Flex","Body Slam"],"picked":"SKIP","floor":10},{"not_picked":["Evolve","Sword Boomerang"],"picked":"Twin Strike","floor":11},{"not_picked":["Pommel Strike","Perfected Strike","Searing Blow"],"picked":"SKIP","floor":13},{"not_picked":["Corruption","Reaper"],"picked":"Demon Form","floor":16},{"not_picked":["Perfected Strike+1","Shrug It Off","Warcry"],"picked":"SKIP","floor":18},{"not_picked":["Warcry","Bloodletting+1"],"picked":"Pummel","floor":21},{"not_picked":["Flex","Rage"],"picked":"Barricade","floor":22},{"not_picked":["Feel No Pain","Dropkick+1"],"picked":"Dual Wield","floor":25},{"not_picked":["Clothesline+1","Wild Strike"],"picked":"Battle Trance","floor":28},{"not_picked":["Sword Boomerang+1","Body Slam","Headbutt"],"picked":"SKIP","floor":29},{"not_picked":["Bloodletting+1","Carnage"],"picked":"Double Tap","floor":30},{"not_picked":["Wild Strike","Heavy Blade"],"picked":"Headbutt+1","floor":31},{"not_picked":["Barricade","Impervious"],"picked":"Reaper","floor":33},{"not_picked":["True Grit","Havoc+1","Shrug It Off"],"picked":"SKIP","floor":35},{"not_picked":["Dual Wield+1","Thunderclap","Headbutt+1"],"picked":"SKIP","floor":37},{"not_picked":["Twin Strike","Clothesline"],"picked":"Searing Blow+1","floor":38},{"not_picked":["Thunderclap","Flex+1","Anger"],"picked":"SKIP","floor":39},{"not_picked":["Rupture+1","Cleave+1"],"picked":"Infernal Blade","floor":40},{"not_picked":["Offering","Bludgeon","Shrug It Off"],"picked":"SKIP","floor":42},{"not_picked":["Rampage+1","Clash+1","Thunderclap+1"],"picked":"SKIP","floor":46},{"not_picked":["Rampage","Double Tap"],"picked":"Disarm+1","floor":48}],"player_experience":305942,"relics_obtained":[{"floor":6,"key":"reliquary:PurpleTingedLeaf"},{"floor":9,"key":"CaptainsWheel"},{"floor":10,"key":"White Beast Statue"},{"floor":13,"key":"Omamori"},{"floor":25,"key":"PreservedInsect"},{"floor":26,"key":"Lizard Tail"},{"floor":28,"key":"Gambling Chip"},{"floor":30,"key":"reliquary:SharkskinSheath"},{"floor":40,"key":"WingedGreaves"},{"floor":43,"key":"Torii"},{"floor":48,"key":"TungstenRod"}],"event_choices":[{"damage_healed":0,"gold_gain":175,"player_choice":"AGREE","damage_taken":0,"max_hp_gain":0,"max_hp_loss":0,"event_name":"Liars Game","floor":3,"gold_loss":0,"cards_obtained":["Doubt"]},{"damage_healed":0,"gold_gain":75,"player_choice":"Gather Gold","damage_taken":11,"max_hp_gain":0,"max_hp_loss":0,"event_name":"World of Goop","floor":4,"gold_loss":0},{"damage_healed":0,"gold_gain":0,"player_choice":"Success","damage_taken":3,"relics_obtained":["Incense Burner"],"max_hp_gain":0,"max_hp_loss":0,"event_name":"Scrap Ooze","floor":5,"gold_loss":0},{"damage_healed":20,"gold_gain":0,"player_choice":"Healed","damage_taken":0,"max_hp_gain":0,"max_hp_loss":0,"event_name":"The Cleric","floor":12,"gold_loss":35},{"damage_healed":0,"gold_gain":99,"player_choice":"Stole From Cult","damage_taken":0,"max_hp_gain":0,"max_hp_loss":0,"event_name":"Nest","floor":19,"gold_loss":0},{"damage_healed":0,"gold_gain":0,"player_choice":"Traded Relic","damage_taken":0,"relics_obtained":["Nloth\u0027s Gift"],"max_hp_gain":0,"max_hp_loss":0,"event_name":"N\u0027loth","floor":20,"relics_lost":["NeowsBlessing"],"gold_loss":0},{"damage_healed":0,"gold_gain":0,"cards_transformed":["Strike_R"],"player_choice":"Transformed","damage_taken":0,"max_hp_gain":0,"max_hp_loss":0,"event_name":"Transmorgrifier","floor":36,"gold_loss":0,"cards_obtained":["Sever Soul"]},{"cards_removed":["Strike_R"],"damage_healed":0,"gold_gain":0,"player_choice":"Purged","damage_taken":0,"max_hp_gain":0,"max_hp_loss":0,"event_name":"Purifier","floor":45,"gold_loss":0}],"is_beta":false,"boss_relics":[{"not_picked":["reliquary:Ember","reliquary:WritOfMandamus"],"picked":"Coffee Dripper"},{"not_picked":["Velvet Choker","Empty Cage"],"picked":"Mark of Pain"}],"items_purged_floors":[7,41],"is_endless":false,"potions_floor_spawned":[2,8,10,11,13,16,18,21,22,25,28,29,30,31,33,35,37,38,39,40,42,46,48],"killed_by":"Donu and Deca","ascension_level":0}}