{"host":"zjnmjbs15rdpqnz9","time":1612848306,"event":{"mods":["BaseMod","Downfall","Minty Spire (QoL Compilation)","StSLib"],"gold_per_floor":[99,116,146,158,158,170,242,275,375,375,392,403,431,118,133,236,236,236,254,254,17,28,55,55,55,55,55,40,56,45,65,83,182,182,82,99,119,119,136,163,163,188,242,252,152,163,180,180,192,192,192,192],"floor_reached":50,"language":"ENG","playtime":3985,"items_purged":["bronze:Strike","bronze:Defend","bronze:Defend"],"score":611,"play_id":"4d6fce04-b041-4d90-9f12-fbafe6cbf89e","local_time":"20210208222506","is_ascension_mode":false,"campfire_choices":[{"data":"bronze:Assembly","floor":1.0,"key":"SMITH"},{"data":"bronze:Goto","floor":10.0,"key":"SMITH"},{"data":"bronze:Branch","floor":18,"key":"SMITH"},{"floor":25,"key":"REST"},{"floor":27,"key":"REST"},{"floor":35,"key":"RECALL"},{"data":"bronze:HyperBeam","floor":45,"key":"SMITH"}],"circlet_count":0,"master_deck":["bronze:Defend","bronze:Defend","bronze:Replicate","bronze:Goto+1","bronze:Assembly+1","bronze:Safeguard","bronze:WhirlingStrike","bronze:Spike","bronze:HyperBeam+1","bronze:ClassDefault","bronze:Branch+1","bronze:Virus","bronze:Frontload","bronze:MaxOutput","bronze:Boost","bronze:Verify","bronze:DelayedSlice+1","bronze:DarkDash+1","bronze:CloningBeam+1","bronze:Optimize+1","bronze:Overheat","bronze:Repair","bronze:Break","bronze:OilSpill","bronze:Repair","bronze:Flail","bronze:DigitalCarnage","bronze:NullPointer+1","bronze:CleanCode","CurseOfTheBell","bronze:Turbo+1","bronze:FineTuning+1","bronze:Fortify+1","bronze:FineTuning+1","bronze:Overheat+1"],"relics":["bronze:BronzeCore","Pantograph","StoneCalendar","Centennial Puzzle","Astrolabe","Art of War","Akabeko","ClockworkSouvenir","Calling Bell","Nunchaku","Eternal Feather","Lizard Tail","downfall:HeartBlessingGreen","Happy Flower","The Courier","MealTicket","Mango","downfall:HeartBlessingRed","Blue Candle"],"acts_visited":["Exordium","TheCity","TheBeyond"],"potions_floor_usage":[14,43,43,50],"damage_taken":[{"damage":2.0,"enemies":"Jaw Worm","floor":2.0,"turns":5.0},{"damage":0.0,"enemies":"2 Louse","floor":4.0,"turns":2.0},{"damage":4.0,"enemies":"2 Louse","floor":5.0,"turns":6.0},{"damage":0.0,"enemies":"Small Slimes","floor":6.0,"turns":3.0},{"damage":26.0,"enemies":"3 Sentries","floor":8.0,"turns":8.0},{"damage":10.0,"enemies":"2 Fungi Beasts","floor":11.0,"turns":3.0},{"damage":19.0,"enemies":"Exordium Thugs","floor":12.0,"turns":4.0},{"damage":3,"enemies":"Lagavulin","floor":13,"turns":7},{"damage":0,"enemies":"downfall:FleeingMerchant","floor":14,"turns":4},{"damage":0,"enemies":"Blue Slaver","floor":15,"turns":3},{"damage":1,"enemies":"SI_SHIV_ARCHETYPE","floor":16,"turns":8},{"damage":21,"enemies":"Spheric Guardian","floor":19,"turns":4},{"damage":5,"enemies":"downfall:FleeingMerchant","floor":21,"turns":4},{"damage":10,"enemies":"3 Byrds","floor":22,"turns":3},{"damage":41,"enemies":"Slavers","floor":23,"turns":6},{"damage":0,"enemies":"downfall:FleeingMerchant","floor":28,"turns":4},{"damage":16,"enemies":"3 Cultists","floor":29,"turns":5},{"damage":9,"enemies":"downfall:FleeingMerchant","floor":30,"turns":3},{"damage":10,"enemies":"Sentry and Sphere","floor":31,"turns":5},{"damage":21,"enemies":"Snake Plant","floor":32,"turns":2},{"damage":62,"enemies":"DF_ARCHETYPE_CLAW","floor":33,"turns":8},{"damage":13,"enemies":"Orb Walker","floor":36,"turns":4},{"damage":18,"enemies":"3 Shapes","floor":37,"turns":4},{"damage":8,"enemies":"Maw","floor":39,"turns":7},{"damage":68,"enemies":"Nemesis","floor":40,"turns":11},{"damage":33,"enemies":"Reptomancer","floor":42,"turns":7},{"damage":44,"enemies":"2 Orb Walkers","floor":43,"turns":7},{"damage":11,"enemies":"Spire Growth","floor":44,"turns":5},{"damage":10,"enemies":"Sphere and 2 Shapes","floor":46,"turns":3},{"damage":29,"enemies":"3 Darklings","floor":47,"turns":5},{"damage":15,"enemies":"4 Shapes","floor":49,"turns":3},{"damage":140,"enemies":"IC_BLOCK_ARCHETYPE","floor":50,"turns":4}],"seed_played":"-4351625215296708174","potions_obtained":[{"floor":2.0,"key":"Guardian:BlockOnCardUsePotion"},{"floor":5.0,"key":"LiquidBronze"},{"floor":12.0,"key":"Swift Potion"},{"floor":13,"key":"BlessingOfTheForge"},{"floor":46,"key":"Fruit Juice"}],"is_trial":false,"path_per_floor":["R","M","?","M","?","M","T","E","?","R","M","M","E","$","M","B",null,"R","M","?","$","M","E","T","R","?","R","$","M","$","M","M","B",null,"R","M","M","$","M","E","T","E","?","M","R","M","M","?","M","B"],"character_chosen":"THE_AUTOMATON","items_purchased":["bronze:MaxOutput","bronze:Boost","bronze:CleanCodePotion","bronze:Overheat","bronze:Repair","bronze:DigitalCarnage","ClockworkSouvenir"],"campfire_rested":2,"item_purchase_floors":[14,14,14,21,21,30,30],"current_hp_per_floor":[70,68,68,68,64,64,64,38,38,38,28,9,6,6,6,30,70,70,49,70,65,55,14,14,35,35,56,66,57,61,58,44,11,70,70,67,59,59,68,33,33,20,49,48,66,56,27,27,22,0,0,0],"gold":192,"neow_bonus":"ONE_RANDOM_RARE_CARD","is_daily":false,"chose_seed":false,"campfire_upgraded":4,"win_rate":0.0,"timestamp":1612848306,"path_taken":["R","M","?","M","?","M","T","E","?","R","M","M","E","$","M","BOSS","R","M","?","?","?","E","T","R","?","R","$","M","$","M","M","BOSS","R","M","M","$","?","E","T","E","?","M","R","M","M","?","M","BOSS"],"items_purchased_type":["Card","Card","Potion","Card","Card","Card","Relic"],"build_version":"2020-12-22","purchased_purges":3,"victory":false,"max_hp_per_floor":[70,70,70,70,70,70,70,70,70,70,70,70,70,70,70,70,70,70,70,70,70,70,70,70,70,70,70,70,70,70,70,70,70,70,70,70,70,70,70,70,70,70,84,84,84,84,84,84,84,89,89,89],"card_choices":[{"not_picked":["bronze:Repulsor","bronze:Philosophize"],"picked":"bronze:Safeguard","floor":2.0},{"not_picked":["bronze:Optimize","bronze:ChildClass"],"picked":"bronze:WhirlingStrike","floor":4.0},{"not_picked":[],"picked":"bronze:Spike","floor":5.0},{"not_picked":["bronze:Repulsor","bronze:Frontload"],"picked":"bronze:CloningBeam","floor":5.0},{"not_picked":["bronze:Shield","bronze:WhirlingStrike","bronze:BuggyMess"],"picked":"SKIP","floor":6.0},{"not_picked":["bronze:Shield","bronze:WhirlingStrike"],"picked":"bronze:HyperBeam","floor":8.0},{"not_picked":["bronze:BuggyMess","bronze:Safeguard"],"picked":"bronze:ClassDefault","floor":11.0},{"not_picked":["bronze:Frontload","bronze:Constructor"],"picked":"bronze:Branch","floor":12.0},{"not_picked":["bronze:MaxOutput","bronze:Overload"],"picked":"bronze:Virus","floor":13},{"not_picked":["bronze:Constructor","bronze:HardenedForm"],"picked":"bronze:Frontload","floor":14},{"not_picked":["bronze:FineTuning","bronze:WildBeam","bronze:DelayedGuard"],"picked":"SKIP","floor":15},{"not_picked":["bronze:CleanCode","bronze:ThunderWave"],"picked":"bronze:Verify","floor":16},{"not_picked":["bronze:Invalidate+1","bronze:Branch+1"],"picked":"bronze:Optimize+1","floor":19},{"not_picked":["bronze:BugBarrage","bronze:Shield+1","bronze:Boost"],"picked":"SKIP","floor":21},{"not_picked":["bronze:OilSpill","bronze:FineTuning"],"picked":"bronze:Break","floor":22},{"not_picked":["bronze:Philosophize","bronze:Branch","bronze:Repulsor"],"picked":"SKIP","floor":23},{"not_picked":["bronze:BitShift+1","bronze:DelayedGuard","bronze:CutThrough"],"picked":"SKIP","floor":28},{"not_picked":["bronze:OilSpill","bronze:Shield"],"picked":"bronze:Repair","floor":29},{"not_picked":["bronze:Overheat+1","bronze:DelayedGuard+1"],"picked":"bronze:Flail","floor":30},{"not_picked":["bronze:BitShift+1","bronze:Separator+1"],"picked":"bronze:NullPointer+1","floor":31},{"not_picked":["bronze:Repair","bronze:Turbo","bronze:ItsAFeature"],"picked":"SKIP","floor":32},{"not_picked":["bronze:HardenedForm","bronze:HyperBeam"],"picked":"bronze:CleanCode","floor":33},{"not_picked":["bronze:Turbo","bronze:BugBarrage+1","bronze:BronzeArmor"],"picked":"SKIP","floor":36},{"not_picked":["bronze:BuggyMess","bronze:Fortify"],"picked":"bronze:Turbo+1","floor":37},{"not_picked":["bronze:Flail","bronze:BugBarrage"],"picked":"bronze:FineTuning+1","floor":39},{"not_picked":["bronze:DarkDash+1","bronze:OilSpill","bronze:MaxOutput"],"picked":"SKIP","floor":40},{"not_picked":["bronze:Branch+1","bronze:OilSpill+1","bronze:AlphaBuild"],"picked":"SKIP","floor":42},{"not_picked":["bronze:WhirlingStrike","bronze:Flail"],"picked":"bronze:Fortify+1","floor":44},{"not_picked":["bronze:Philosophize","bronze:Shield"],"picked":"bronze:FineTuning+1","floor":46},{"not_picked":["bronze:BuggyMess+1","bronze:BugBarrage","bronze:Optimize+1"],"picked":"SKIP","floor":47},{"not_picked":["bronze:BuggyMess","bronze:OilSpill+1"],"picked":"bronze:Overheat+1","floor":49}],"player_experience":905027,"relics_obtained":[{"floor":7.0,"key":"Pantograph"},{"floor":8.0,"key":"StoneCalendar"},{"floor":13,"key":"Centennial Puzzle"},{"floor":23,"key":"Art of War"},{"floor":24,"key":"Akabeko"},{"floor":34,"key":"Nunchaku"},{"floor":34,"key":"Eternal Feather"},{"floor":34,"key":"Lizard Tail"},{"floor":40,"key":"Happy Flower"},{"floor":41,"key":"The Courier"},{"floor":42,"key":"MealTicket"},{"floor":43,"key":"Mango"},{"floor":48,"key":"Blue Candle"}],"event_choices":[{"cards_removed":["bronze:CloningBeam"],"damage_healed":21,"gold_gain":0,"player_choice":"Offered Uncommon","damage_taken":0,"max_hp_gain":0,"max_hp_loss":0,"event_name":"Bonfire Elementals","floor":20,"gold_loss":0},{"damage_healed":0,"gold_gain":0,"player_choice":"Fight","damage_taken":0,"max_hp_gain":0,"max_hp_loss":0,"event_name":"Mysterious Sphere","floor":43,"gold_loss":0}],"is_beta":false,"boss_relics":[{"not_picked":["Coffee Dripper","Empty Cage"],"picked":"Astrolabe"},{"not_picked":["SacredBark","Philosopher\u0027s Stone"],"picked":"Calling Bell"}],"items_purged_floors":[14,21,30],"is_endless":false,"potions_floor_spawned":[2,5,12,13,16,22,23,31,36,37,40,42,46],"killed_by":"IC_BLOCK_ARCHETYPE","ascension_level":0}}