{"host":"vlqejv0notyktumz","time":1612850805,"event":{"mods":["AchievementEnabler","BaseMod","Colored Map","Colored Powertips","Downfall","Googly Eyes","Minty Spire (QoL Compilation)","StSLib"],"gold_per_floor":[213,225,242,254,254,254,237,237,264,214,59,59,26,66,66,186,186,211,229,229,259,29,29,29],"floor_reached":23,"language":"ENG","playtime":469,"items_purged":["Creative AI"],"score":287,"play_id":"985a219b-618a-4223-b823-526a30e0e515","local_time":"20210209000645","is_ascension_mode":true,"campfire_choices":[{"data":"Chill","floor":6,"key":"SMITH"},{"data":"Chaos","floor":12,"key":"SMITH"},{"data":"Defragment","floor":15,"key":"SMITH"}],"circlet_count":0,"master_deck":["AscendersBane","Zap","Dualcast","Chill+1","Ball Lightning","Stack","Auto Shields","Defragment+1","Conserve Battery","Ball Lightning","Chaos+1","Darkness","Redo","Buffer","Defragment","Fusion","Go for the Eyes","BootSequence","Tempest","Static Discharge","Melter+1","Conserve Battery"],"relics":["Cracked Core","Golden Idol","Ancient Tea Set","Orrery","Oddly Smooth Stone","Pandora\u0027s Box","CeramicFish","Strawberry"],"acts_visited":["Exordium","TheCity"],"potions_floor_usage":[4,14,19,23],"damage_taken":[{"damage":7,"enemies":"Jaw Worm","floor":1,"turns":3},{"damage":0,"enemies":"Cultist","floor":2,"turns":4},{"damage":1,"enemies":"2 Louse","floor":3,"turns":2},{"damage":0,"enemies":"Looter","floor":4,"turns":2},{"damage":0,"enemies":"Exordium Thugs","floor":7,"turns":4},{"damage":10,"enemies":"Gremlin Nob","floor":14,"turns":4},{"damage":22,"enemies":"Slime Boss","floor":16,"turns":7},{"damage":16,"enemies":"3 Byrds","floor":18,"turns":4},{"damage":11,"enemies":"Spheric Guardian","floor":19,"turns":4},{"damage":21,"enemies":"Snake Plant","floor":21,"turns":4},{"damage":27,"enemies":"Book of Stabbing","floor":23,"turns":4}],"seed_played":"-8794491500881198765","potions_obtained":[{"floor":1,"key":"Guardian:BlockOnCardUsePotion"},{"floor":3,"key":"champ:CounterPotion"},{"floor":14,"key":"Swift Potion"},{"floor":16,"key":"Fire Potion"},{"floor":18,"key":"Strength Potion"},{"floor":21,"key":"FearPotion"}],"is_trial":false,"path_per_floor":["M","M","M","M","?","R","M","?","T","?","$","R","?","E","R","B",null,"M","M","?","M","$","E"],"character_chosen":"DEFECT","items_purchased":["Orrery","Strawberry"],"campfire_rested":0,"item_purchase_floors":[11,22],"current_hp_per_floor":[61,61,60,60,60,60,60,60,60,60,60,60,60,50,50,28,59,43,32,32,11,18,0,0],"gold":29,"neow_bonus":"HUNDRED_GOLD","is_daily":false,"chose_seed":false,"campfire_upgraded":3,"win_rate":0.0,"timestamp":1612850805,"path_taken":["M","M","M","M","?","R","?","?","T","?","$","R","?","E","R","BOSS","M","M","?","?","$","E"],"items_purchased_type":["Relic","Relic"],"build_version":"2020-12-22","purchased_purges":1,"victory":false,"max_hp_per_floor":[75,75,75,75,75,75,75,69,69,69,69,69,69,69,69,69,69,69,69,69,69,76,76,76],"card_choices":[{"not_picked":["Compile Driver","Sweeping Beam"],"picked":"Chill","floor":1},{"not_picked":["Compile Driver","Loop"],"picked":"Ball Lightning","floor":2},{"not_picked":["Hologram","Compile Driver"],"picked":"Stack","floor":3},{"not_picked":["Aggregate","Hyperbeam"],"picked":"Auto Shields","floor":4},{"not_picked":["Sweeping Beam","Leap"],"picked":"Defragment","floor":7},{"not_picked":["Sweeping Beam","Ball Lightning"],"picked":"Conserve Battery","floor":11},{"not_picked":["Beam Cell","Compile Driver"],"picked":"Ball Lightning","floor":11},{"not_picked":["All For One","Beam Cell"],"picked":"Chaos","floor":11},{"not_picked":["Compile Driver","Cold Snap"],"picked":"Darkness","floor":11},{"not_picked":["Gash","Rebound"],"picked":"Redo","floor":14},{"not_picked":["Thunder Strike","Hyperbeam"],"picked":"Buffer","floor":16},{"not_picked":["Compile Driver","Steam","Steam Power"],"picked":"SKIP","floor":18},{"not_picked":["Redo","Go for the Eyes"],"picked":"Melter+1","floor":19},{"not_picked":["Turbo","Capacitor"],"picked":"Conserve Battery","floor":21}],"player_experience":401534,"relics_obtained":[{"floor":9,"key":"Ancient Tea Set"},{"floor":14,"key":"Oddly Smooth Stone"},{"floor":20,"key":"CeramicFish"}],"event_choices":[{"damage_healed":0,"gold_gain":0,"player_choice":"Bought 0 Potions","damage_taken":0,"max_hp_gain":0,"max_hp_loss":0,"event_name":"The Woman in Blue","floor":5,"gold_loss":0},{"damage_healed":0,"gold_gain":0,"player_choice":"Lose Max HP","damage_taken":0,"relics_obtained":["Golden Idol"],"max_hp_gain":0,"max_hp_loss":6,"event_name":"Golden Idol","floor":8,"gold_loss":0},{"cards_removed":["Defend_B"],"damage_healed":0,"gold_gain":0,"player_choice":"Card Removal","damage_taken":0,"max_hp_gain":0,"max_hp_loss":0,"event_name":"The Cleric","floor":10,"gold_loss":50},{"damage_healed":0,"gold_gain":0,"player_choice":"Left Gold","damage_taken":0,"max_hp_gain":0,"max_hp_loss":0,"event_name":"World of Goop","floor":13,"gold_loss":33},{"damage_healed":0,"gold_gain":0,"player_choice":"Relic","damage_taken":0,"max_hp_gain":0,"max_hp_loss":0,"event_name":"Wheel of Change","floor":20,"gold_loss":0}],"is_beta":false,"boss_relics":[{"not_picked":["Runic Dome","Coffee Dripper"],"picked":"Pandora\u0027s Box"}],"items_purged_floors":[22],"is_endless":false,"potions_floor_spawned":[1,3,14,16,18,21],"killed_by":"Book of Stabbing","ascension_level":10}}