{"host":"4g8vayc9pwrwu92h","time":1612879102,"event":{"mods":["Aspiration","BaseMod","Conspire","Downfall","Marked Mod","Minty Spire (QoL Compilation)","Quick Restart","StSLib","The Jungle"],"gold_per_floor":[3013,3024,2551,2566,2581,2581,2581,2610,2610,2416,2434,2434,2434,2419,2419,2539,2539,2553,2553,2013,2031,2031,2072,2088,2088,2111,2111,2111],"floor_reached":27,"language":"ZHS","playtime":1410,"items_purged":[],"score":354,"play_id":"8a9ae70a-6990-47ae-8248-0d3521e96405","local_time":"20210209215822","is_ascension_mode":true,"campfire_choices":[{"data":"MarkedMod:GracefulMovements","floor":6,"key":"SMITH"},{"data":"Fasting2","floor":13,"key":"SMITH"},{"floor":15,"key":"RECALL"},{"floor":25,"key":"REST"}],"circlet_count":0,"master_deck":["Strike_P+1","Strike_P+1","Strike_P+1","Strike_P+1","Defend_P+1","Defend_P+1","Defend_P+1","Defend_P+1","Eruption+1","Vigilance+1","Pray","Fasting2+1","MarkedMod:FirstStrike+1","MarkedMod:GracefulMovements+1","Fasting2+1","Prostrate","InnerPeace","MarkedMod:NorthStar","PathToVictory","MarkedMod:GentlePulse","Wish","DeusExMachina","TalkToTheHand"],"relics":["PureWater","Black Star","NeowsBlessing","Tiny Chest","Ornamental Fan","conspire:TopHat","FossilizedHelix","Regal Pillow","Golden Idol","Prayer Wheel","HandDrill","Akabeko","The Courier","aspiration:SeaSaltIceCream","aspiration:Nostalgia","champ:ChampionCrown","Anchor"],"acts_visited":["Exordium","TheCity"],"potions_floor_usage":[5,8,14,21,23],"damage_taken":[{"damage":0,"enemies":"Cultist","floor":1,"turns":1},{"damage":0,"enemies":"Jaw Worm","floor":2,"turns":1},{"damage":0,"enemies":"2 Louse","floor":4,"turns":1},{"damage":0,"enemies":"Red Slaver","floor":5,"turns":3},{"damage":0,"enemies":"3 Sentries","floor":8,"turns":7},{"damage":2,"enemies":"Blue Slaver","floor":11,"turns":4},{"damage":0,"enemies":"Looter","floor":14,"turns":2},{"damage":0,"enemies":"Slime Boss","floor":16,"turns":6},{"damage":6,"enemies":"Chosen","floor":18,"turns":6},{"damage":0,"enemies":"3 Byrds","floor":21,"turns":4},{"damage":46,"enemies":"Book of Stabbing","floor":23,"turns":6},{"damage":14,"enemies":"Centurion and Healer","floor":24,"turns":6},{"damage":0,"enemies":"Cultist and Chosen","floor":27,"turns":6}],"seed_played":"-1817216654452586240","potions_obtained":[{"floor":2,"key":"SmokeBomb"},{"floor":4,"key":"Fire Potion"},{"floor":5,"key":"Guardian:BlockOnCardUsePotion"},{"floor":11,"key":"champ:CounterPotion"},{"floor":16,"key":"AttackPotion"},{"floor":18,"key":"SpeedPotion"}],"is_trial":false,"path_per_floor":["M","M","$","M","M","R","?","E","T","$","M","?","R","M","R","B",null,"M","?","$","M","T","E","M","R","T","M"],"character_chosen":"WATCHER","items_purchased":["Tiny Chest","Ornamental Fan","Fasting2","Regal Pillow","Prostrate","Prayer Wheel","HandDrill","PathToVictory","MarkedMod:GentlePulse"],"campfire_rested":1,"item_purchase_floors":[3,3,3,10,10,20,20,20,20],"current_hp_per_floor":[72,72,72,72,72,72,58,58,58,58,56,56,56,56,56,56,72,66,66,66,66,66,20,6,42,42,42,42],"gold":2111,"neow_bonus":"THREE_ENEMY_KILL","is_daily":false,"chose_seed":false,"campfire_upgraded":2,"win_rate":0.0,"timestamp":1612879102,"path_taken":["M","M","$","M","M","R","?","E","T","$","M","?","R","M","R","BOSS","M","?","$","M","?","E","M","R","T","M"],"items_purchased_type":["Relic","Relic","Card","Relic","Card","Relic","Relic","Card","Card"],"build_version":"2020-12-22","purchased_purges":0,"victory":false,"max_hp_per_floor":[72,72,72,72,72,72,72,72,72,72,72,72,72,72,72,72,72,72,72,72,72,72,72,72,72,72,72,72],"card_choices":[{"not_picked":["Halt","BowlingBash","Crescendo"],"picked":"SKIP","floor":1},{"not_picked":["Prostrate","EmptyMind"],"picked":"Pray","floor":2},{"not_picked":["Meditate","ThirdEye"],"picked":"MarkedMod:FirstStrike","floor":4},{"not_picked":["FollowUp","LikeWater"],"picked":"MarkedMod:GracefulMovements","floor":5},{"not_picked":["ThirdEye","LessonLearned"],"picked":"Fasting2","floor":8},{"not_picked":["Wallop","Perseverance"],"picked":"InnerPeace","floor":11},{"not_picked":["DeusExMachina","Judgement"],"picked":"MarkedMod:NorthStar","floor":16},{"not_picked":["CutThroughFate","ForeignInfluence","Indignation"],"picked":"SKIP","floor":18},{"not_picked":["MarkedMod:FirstStrike+1","SashWhip"],"picked":"Wish","floor":21},{"not_picked":["SashWhip","MarkedMod:FirstStrike","JustLucky"],"picked":"SKIP","floor":21},{"not_picked":["FollowUp","EmptyBody"],"picked":"DeusExMachina","floor":23},{"not_picked":["Tantrum","ThirdEye"],"picked":"TalkToTheHand","floor":24},{"not_picked":["WreathOfFlame+1","MarkedMod:GentlePulse","MarkedMod:Acupuncture+1"],"picked":"SKIP","floor":24}],"player_experience":439576,"relics_obtained":[{"floor":8,"key":"conspire:TopHat"},{"floor":8,"key":"FossilizedHelix"},{"floor":22,"key":"Akabeko"},{"floor":23,"key":"The Courier"},{"floor":23,"key":"aspiration:SeaSaltIceCream"},{"floor":26,"key":"Anchor"}],"event_choices":[{"damage_healed":0,"gold_gain":0,"player_choice":"Entered Light","damage_taken":14,"max_hp_gain":0,"max_hp_loss":0,"event_name":"Shining Light","floor":7,"gold_loss":0,"cards_upgraded":["Fasting2","MarkedMod:FirstStrike"]},{"damage_healed":0,"gold_gain":0,"player_choice":"Take Wound","damage_taken":0,"relics_obtained":["Golden Idol"],"max_hp_gain":0,"max_hp_loss":0,"event_name":"Golden Idol","floor":12,"gold_loss":0,"cards_obtained":["Injury"]},{"cards_removed":["Injury"],"damage_healed":0,"gold_gain":0,"player_choice":"Elegance","damage_taken":0,"max_hp_gain":0,"max_hp_loss":0,"event_name":"Back to Basics","floor":19,"gold_loss":0}],"is_beta":false,"boss_relics":[{"not_picked":["Busted Crown","bronze:MakeshiftBattery","Coffee Dripper"]}],"items_purged_floors":[],"is_endless":false,"potions_floor_spawned":[2,4,5,11,14,16,18],"killed_by":"Cultist and Chosen","ascension_level":3}}