{"host":"2i0myh7fqij2ti1z","time":1612838593,"event":{"mods":["Aspiration","BaseMod","Better Third Choice","Colored Powertips","Conspire","Evolution","FoggyMod","GifTheSpireLib","Highlight Path","Hubris","Minty Spire (QoL Compilation)","Permanent Neow","Quick Restart","Random Character Button","Random Character Mod","Replay The Spire","Shop Mod","Spicy Shops","StSLib","Stuff the Spire","Wandering Minibosses","óô»ðÖ¸ÄÏ"],"gold_per_floor":[112,112,112,37,51,77,168,68,95,95,167,212,303,303,149,189,189],"floor_reached":16,"language":"ENG","playtime":603,"items_purged":["Defend_R","Defend_R"],"score":174,"play_id":"5d0ec73b-afc4-4030-b00d-e8f2ecb81419","local_time":"20210209104313","is_ascension_mode":true,"campfire_choices":[],"circlet_count":0,"master_deck":["AscendersBane","StuffTheSpire:RockThrow","Cleave","Pommel Strike","ReplayTheSpireMod:Strike From Hell","Twin Strike","Armaments+1","Defend_R","Bash","Searing Blow","Evolve","Dual Wield"],"relics":["EVO:Axolotl","ChewingGum","Art of War","StuffTheSpire:Gunfinga","Replay:Bandana","FaceOfCleric","StuffTheSpire:Experiment12","Replay:Rubber Ducky","StuffTheSpire:TintedRock"],"acts_visited":["Exordium"],"potions_floor_usage":[13,16,16],"damage_taken":[{"damage":7,"enemies":"Small Slimes","floor":1,"turns":3},{"damage":2,"enemies":"conspire:RoseBush","floor":5,"turns":2},{"damage":39,"enemies":"Replay:BlueRogue","floor":6,"turns":5},{"damage":16,"enemies":"Gremlin Nob","floor":11,"turns":3},{"damage":0,"enemies":"Cultist","floor":12,"turns":2},{"damage":5,"enemies":"3 Sentries","floor":13,"turns":4},{"damage":7,"enemies":"The Guardian","floor":16,"turns":4}],"seed_played":"5360243754047980858","potions_obtained":[{"floor":11,"key":"Block Potion"},{"floor":14,"key":"CultistPotion"},{"floor":14,"key":"conspire:TimeTravelPotion"},{"floor":14,"key":"FearPotion"}],"is_trial":false,"path_per_floor":["M","?","?","$","M","E","?","$","T","?","E","M","E","?","R","B"],"character_chosen":"IRONCLAD","items_purchased":["StuffTheSpire:TintedRock"],"campfire_rested":0,"item_purchase_floors":[15],"current_hp_per_floor":[65,65,65,65,63,24,24,24,24,24,9,10,6,6,6,0,0],"gold":189,"neow_bonus":"BOSS_RELIC","is_daily":false,"chose_seed":false,"campfire_upgraded":0,"win_rate":0.0,"timestamp":1612838593,"path_taken":["M","?","?","$","?","E","?","$","T","?","E","?","E","?","R","BOSS"],"items_purchased_type":["Relic"],"build_version":"2020-12-22","purchased_purges":2,"victory":false,"max_hp_per_floor":[80,80,80,80,80,80,80,80,80,80,81,82,83,83,83,83,83],"card_choices":[{"not_picked":["Body Slam","Clothesline","StuffTheSpire:Pyroclast"],"picked":"SKIP","floor":1},{"not_picked":["Replay:Undeath\u0027s Touch","Run Through"],"picked":"Searing Blow","floor":5},{"not_picked":["Run Through","Flex","Replay:Many Hands"],"picked":"SKIP","floor":6},{"not_picked":["Run Through","Shrug It Off"],"picked":"Evolve","floor":7},{"not_picked":["Havoc","Searing Blow","Clothesline"],"picked":"SKIP","floor":11},{"not_picked":["Metallicize","Clothesline","Warcry"],"picked":"SKIP","floor":12},{"not_picked":["Abandon","Double Tap"],"picked":"Dual Wield","floor":13}],"player_experience":329343,"relics_obtained":[{"floor":6,"key":"Art of War"},{"floor":7,"key":"StuffTheSpire:Gunfinga"},{"floor":9,"key":"Replay:Bandana"},{"floor":11,"key":"StuffTheSpire:Experiment12"},{"floor":13,"key":"Replay:Rubber Ducky"}],"event_choices":[{"damage_healed":0,"gold_gain":0,"player_choice":"Leave","damage_taken":0,"max_hp_gain":0,"max_hp_loss":0,"event_name":"conspire:Investor","floor":2,"gold_loss":0},{"damage_healed":0,"gold_gain":0,"player_choice":"Upgraded","damage_taken":0,"max_hp_gain":0,"max_hp_loss":0,"event_name":"Upgrade Shrine","floor":3,"gold_loss":0,"cards_upgraded":["Armaments"]},{"damage_healed":0,"gold_gain":0,"player_choice":"Trade","damage_taken":0,"relics_obtained":["FaceOfCleric"],"max_hp_gain":0,"max_hp_loss":0,"event_name":"FaceTrader","floor":10,"gold_loss":0},{"damage_healed":0,"gold_gain":0,"player_choice":"Got Potions","damage_taken":0,"max_hp_gain":0,"max_hp_loss":0,"event_name":"Lab","floor":14,"gold_loss":0}],"is_beta":false,"boss_relics":[],"items_purged_floors":[4,8],"is_endless":false,"potions_floor_spawned":[11],"killed_by":"The Guardian","ascension_level":10}}