{"host":"Qube","time":1612839175,"event":{"mods":["AchievementEnabler","BaseMod","Colored Map","Colored Powertips","Highlight Path","Minty Spire (QoL Compilation)","Permanent Neow","Quick Restart","Random Character Button","StSLib"],"gold_per_floor":[115,131,150,162,181,181,214,214,241,291,291,307,14,24,24,102,102,135,165,181,191,191,191],"floor_reached":22,"language":"ENG","playtime":864,"items_purged":[],"score":384,"play_id":"407e06dd-6c56-42ba-adf6-6aca4d37c05d","local_time":"20210208185255","is_ascension_mode":true,"campfire_choices":[{"data":"Sweeping Beam","floor":6,"key":"SMITH"},{"floor":11,"key":"REST"},{"floor":15,"key":"REST"}],"circlet_count":0,"master_deck":["AscendersBane","Strike_B","Strike_B","Strike_B","Strike_B","Defend_B","Defend_B","Defend_B","Defend_B","Zap","Dualcast","Reboot","Rebound","Ball Lightning","Leap","Self Repair","Sweeping Beam+1","Seek","Barrage","HandOfGreed","Coolheaded","Go for the Eyes","Cold Snap","Electrodynamics","Glacier","Reinforced Body+1"],"relics":["Cracked Core","Akabeko","Nunchaku","Snecko Eye"],"acts_visited":["Exordium","TheCity"],"potions_floor_usage":[4,12,16,19],"damage_taken":[{"damage":7,"enemies":"Jaw Worm","floor":1,"turns":2},{"damage":7,"enemies":"Small Slimes","floor":2,"turns":5},{"damage":1,"enemies":"Cultist","floor":3,"turns":3},{"damage":11,"enemies":"3 Louse","floor":4,"turns":5},{"damage":8,"enemies":"Blue Slaver","floor":5,"turns":4},{"damage":32,"enemies":"3 Sentries","floor":7,"turns":6},{"damage":2,"enemies":"2 Fungi Beasts","floor":12,"turns":2},{"damage":0,"enemies":"Lots of Slimes","floor":14,"turns":1},{"damage":39,"enemies":"The Guardian","floor":16,"turns":12},{"damage":9,"enemies":"2 Thieves","floor":18,"turns":2},{"damage":10,"enemies":"Chosen","floor":19,"turns":3},{"damage":2,"enemies":"Snecko","floor":20,"turns":3},{"damage":26,"enemies":"3 Cultists","floor":21,"turns":4},{"damage":13,"enemies":"Snake Plant","floor":22,"turns":3}],"seed_played":"7715085022229562967","potions_obtained":[{"floor":2,"key":"Fruit Juice"},{"floor":3,"key":"GamblersBrew"},{"floor":7,"key":"SkillPotion"},{"floor":12,"key":"FearPotion"},{"floor":14,"key":"Block Potion"},{"floor":20,"key":"Ancient Potion"},{"floor":21,"key":"EssenceOfSteel"}],"is_trial":false,"path_per_floor":["M","M","M","M","M","R","E","?","T","?","R","M","$","M","R","B",null,"M","M","M","M","M"],"character_chosen":"DEFECT","items_purchased":["HandOfGreed","Coolheaded","Go for the Eyes"],"campfire_rested":2,"item_purchase_floors":[13,13,13],"current_hp_per_floor":[57,50,49,38,37,37,12,1,1,1,22,25,25,25,47,15,61,52,49,47,21,8,8],"gold":191,"neow_bonus":"ONE_RANDOM_RARE_CARD","is_daily":false,"chose_seed":false,"campfire_upgraded":1,"win_rate":0.0,"timestamp":1612839175,"path_taken":["M","M","M","M","M","R","E","?","T","?","R","?","$","M","R","BOSS","M","M","M","M","M"],"items_purchased_type":["Card","Card","Card"],"build_version":"2020-12-18","purchased_purges":0,"victory":false,"max_hp_per_floor":[71,71,71,71,71,71,71,71,71,71,71,76,76,76,76,76,76,76,76,76,76,76,76],"card_choices":[{"not_picked":["Coolheaded","Turbo"],"picked":"Rebound","floor":1},{"not_picked":["Fusion","Beam Cell"],"picked":"Ball Lightning","floor":2},{"not_picked":["Fusion","Force Field"],"picked":"Leap","floor":3},{"not_picked":["Beam Cell","Force Field"],"picked":"Self Repair","floor":4},{"not_picked":["Compile Driver","Redo"],"picked":"Sweeping Beam","floor":5},{"not_picked":["Sweeping Beam","Barrage"],"picked":"Seek","floor":7},{"not_picked":["Steam Power","Compile Driver"],"picked":"Barrage","floor":12},{"not_picked":["Beam Cell","Compile Driver"],"picked":"Cold Snap","floor":14},{"not_picked":["Multi-Cast","Echo Form"],"picked":"Electrodynamics","floor":16},{"not_picked":["Lockon","Ball Lightning"],"picked":"Glacier","floor":18},{"not_picked":["Steam","Compile Driver","Turbo"],"picked":"SKIP","floor":19},{"not_picked":["Reprogram","Cold Snap","BootSequence"],"picked":"SKIP","floor":20},{"not_picked":["Genetic Algorithm","Glacier+1"],"picked":"Reinforced Body+1","floor":21}],"player_experience":1123421,"relics_obtained":[{"floor":7,"key":"Akabeko"},{"floor":9,"key":"Nunchaku"}],"event_choices":[{"damage_healed":0,"gold_gain":0,"player_choice":"Fled","damage_taken":11,"max_hp_gain":0,"max_hp_loss":0,"event_name":"Scrap Ooze","floor":8,"gold_loss":0},{"damage_healed":0,"gold_gain":50,"player_choice":"Pray","damage_taken":0,"max_hp_gain":0,"max_hp_loss":0,"event_name":"Golden Shrine","floor":10,"gold_loss":0}],"is_beta":true,"boss_relics":[{"not_picked":["Cursed Key","Calling Bell"],"picked":"Snecko Eye"}],"items_purged_floors":[],"is_endless":false,"potions_floor_spawned":[2,3,7,12,14,20,21],"killed_by":"Snake Plant","ascension_level":20}}