{"host":"8o45mh5p3pp1o2mi","time":1612913917,"event":{"mods":["BaseMod","Bestiary","Better Match","Better Third Choice","BetterRewards","Dark Map","Downfall","Fox Events","Minty Spire (QoL Compilation)","Rare Cards Sparkle","Relic Stats","Replay The Spire","Shop Mod","Spire Exporter","StSLib","everything is the same but u backflip on backflip"],"gold_per_floor":[99,99,99,123,123,123,123,183,83,122,122,122,8,37,80,205,205,205,255,301,92,92,112,112,112],"floor_reached":23,"language":"ENG","playtime":1164,"items_purged":["bronze:Strike","bronze:Defend"],"score":204,"play_id":"b27d1e01-74a3-4cdc-b888-83083018763b","local_time":"20210209233837","is_ascension_mode":true,"campfire_choices":[{"floor":1,"key":"RECALL"},{"data":"bronze:ChosenStrike","floor":9,"key":"SMITH"},{"data":"bronze:Invalidate","floor":12,"key":"SMITH"},{"data":"bronze:SpaghettiCode","floor":18,"key":"SMITH"}],"circlet_count":0,"master_deck":["bronze:Strike","bronze:Strike","bronze:Defend","bronze:Defend","bronze:Defend","bronze:Replicate","bronze:Goto","bronze:Turbo","bronze:ForLoop","bronze:ChosenStrike+1","bronze:Separator","bronze:Invalidate+1","bronze:Refactor","bronze:ClassDefault","bronze:Fortify","bronze:Flail+1","bronze:SpaghettiCode+1","bronze:FineTuning","bronze:BugBarrage","bronze:ChildClass+1","bronze:Verify"],"relics":["bronze:BronzeCore","downfall:HeartsMalice","Replay:Bandana","downfall:BrokenWingStatue","Turnip","CeramicFish","downfall:HeartBlessingRed","Ring of Chaos"],"acts_visited":["Exordium","TheCity"],"potions_floor_usage":[],"damage_taken":[{"damage":0,"enemies":"Cultist","floor":2,"turns":1},{"damage":0,"enemies":"Jaw Worm","floor":3,"turns":1},{"damage":0,"enemies":"2 Louse","floor":6,"turns":1},{"damage":30,"enemies":"Gremlin Nob","floor":8,"turns":5},{"damage":7,"enemies":"Large Slime","floor":10,"turns":2},{"damage":10,"enemies":"downfall:FleeingMerchant","floor":13,"turns":4},{"damage":8,"enemies":"Blue Slaver","floor":14,"turns":2},{"damage":12,"enemies":"Lots of Slimes","floor":15,"turns":3},{"damage":31,"enemies":"DF_ARCHETYPE_STREAMLINE","floor":16,"turns":6},{"damage":6,"enemies":"Spheric Guardian","floor":19,"turns":3},{"damage":14,"enemies":"Centurion and Healer","floor":20,"turns":3},{"damage":8,"enemies":"downfall:FleeingMerchant","floor":21,"turns":4},{"damage":37,"enemies":"Shelled Parasite and Fungi","floor":23,"turns":3}],"seed_played":"4535407279402895022","potions_obtained":[{"floor":8,"key":"Milkshake"},{"floor":10,"key":"SpeedPotion"},{"floor":16,"key":"Dexterity Potion"}],"is_trial":false,"path_per_floor":["R","M","M","T","?","M","T","E","R","M","?","R","$","M","M","B",null,"R","M","M","$","?","M"],"character_chosen":"THE_AUTOMATON","items_purchased":["bronze:ClassDefault","bronze:Verify"],"campfire_rested":0,"item_purchase_floors":[13,21],"current_hp_per_floor":[70,70,70,70,70,70,70,40,40,33,70,70,60,52,40,9,70,70,64,50,42,34,0,0,0],"gold":112,"neow_bonus":"THREE_ENEMY_KILL","is_daily":false,"chose_seed":false,"campfire_upgraded":3,"win_rate":0.0,"timestamp":1612913917,"path_taken":["R","M","M","?","?","?","T","E","R","M","?","R","?","M","M","BOSS","R","M","M","$","?","M"],"items_purchased_type":["Card","Card"],"build_version":"2020-12-22","purchased_purges":2,"victory":false,"max_hp_per_floor":[70,70,70,70,70,70,70,70,70,70,70,70,70,70,70,70,70,70,70,70,70,70,70,70,70],"relic_stats":{"counters":[13,35],"CeramicFish":99,"Turnip":[5],"obtain_stats":[{"Replay:Bandana":4,"bronze:BronzeCore":0,"downfall:BrokenWingStatue":5,"downfall:HeartBlessingRed":9,"CeramicFish":8,"downfall:HeartsMalice":0,"Turnip":7,"Ring of Chaos":17},{"Replay:Bandana":2,"bronze:BronzeCore":0,"downfall:BrokenWingStatue":2,"downfall:HeartBlessingRed":4,"CeramicFish":4,"downfall:HeartsMalice":0,"Turnip":3,"Ring of Chaos":9},{"Replay:Bandana":0,"bronze:BronzeCore":0,"downfall:BrokenWingStatue":0,"downfall:HeartBlessingRed":5,"CeramicFish":5,"downfall:HeartsMalice":0,"Turnip":0,"Ring of Chaos":22}]},"card_choices":[{"not_picked":["bronze:ClassDefault","bronze:DelayedSlice"],"picked":"bronze:Turbo","floor":2},{"not_picked":["bronze:NullPointer","bronze:Iterate"],"picked":"bronze:ForLoop","floor":3},{"not_picked":["bronze:Return","bronze:DelayedGuard"],"picked":"bronze:ChosenStrike","floor":6},{"not_picked":["bronze:DelayedSlice","bronze:Iterate"],"picked":"bronze:Separator","floor":8},{"not_picked":["bronze:Branch","bronze:Turbo"],"picked":"bronze:Invalidate","floor":10},{"not_picked":["bronze:BuggyMess","bronze:DelayedSlice"],"picked":"bronze:Refactor","floor":13},{"not_picked":["bronze:Frontload","bronze:Shell"],"picked":"bronze:Fortify","floor":14},{"not_picked":["bronze:WhirlingStrike","bronze:ItsAFeature"],"picked":"bronze:Flail","floor":15},{"not_picked":["bronze:AlphaBuild","bronze:Format"],"picked":"bronze:SpaghettiCode","floor":16},{"not_picked":["bronze:Philosophize+1","bronze:Shield"],"picked":"bronze:FineTuning","floor":19},{"not_picked":["bronze:Turbo","bronze:Shield"],"picked":"bronze:BugBarrage","floor":20},{"not_picked":["bronze:Branch","bronze:Constructor"],"picked":"bronze:ChildClass+1","floor":21}],"player_experience":181991,"relics_obtained":[{"floor":4,"key":"Replay:Bandana"},{"floor":7,"key":"Turnip"},{"floor":8,"key":"CeramicFish"}],"event_choices":[{"damage_healed":37,"gold_gain":0,"player_choice":"Full Heal","damage_taken":0,"max_hp_gain":0,"max_hp_loss":0,"event_name":"Wheel of Change","floor":11,"gold_loss":0}],"is_beta":false,"boss_relics":[{"not_picked":["Replay:Wanted Poster","Runic Pyramid"],"picked":"Ring of Chaos"}],"items_purged_floors":[13,21],"is_endless":false,"potions_floor_spawned":[8,10,16,20],"killed_by":"Shelled Parasite and Fungi","ascension_level":2}}