{"host":"mhzgc0zma59jtmoj","time":1612844519,"event":{"mods":["BaseMod","BetterRewards","Custom Start","Fiend Mod","Glutton Mod","Ironclad Rager","Minty Spire (QoL Compilation)","Replay The Spire","Somnambulant","StSLib","The Cursed","The Hierophant","The Jungle","The Marked","The Necromancer"],"gold_per_floor":[117,134,134,152,169,200,200,200,200,234,244,264,1,27,27,142,142,192,236,281,317,99,99,165,165,165,165,207,207,57,97,97,220,220,266,280,280],"floor_reached":36,"language":"ENG","playtime":1826,"items_purged":["CommonCold"],"score":548,"play_id":"52d218d4-80c0-484e-af72-f7e3dba0838f","local_time":"20210208232159","is_ascension_mode":false,"campfire_choices":[{"data":"Replay:Many Hands","floor":8.0,"key":"SMITH"},{"data":"ReplayTheSpireMod:Muscle Training","floor":23.0,"key":"SMITH"},{"floor":25.0,"key":"REST"},{"floor":29.0,"key":"REST"},{"floor":32.0,"key":"REST"}],"circlet_count":0,"master_deck":["ICR:RageStrike","ICR:RageStrike","ICR:RageStrike","ICR:RageStrike","ICR:RageStrike","ICR:ShieldBash","ICR:ShieldBash","ICR:ShieldBash","ICR:ShieldBash","Clash+1","Abandon+1","ReplayTheSpireMod:Muscle Training","Sword Boomerang","Replay:Many Hands+1","Feel No Pain","ReplayTheSpireMod:Muscle Training+1","Rupture","Reaper+1","Rage","Combust","Clash+1","Feel No Pain","Juggernaut","CurseOfTheBell","True Grit+1"],"relics":["Burning Blood","Self Forming Clay","Ring of Peace","Ring of Searing","Question Card","Replay:Bandana","ReplayTheSpireMod:DimensionalGlitch","Red Skull","Vajra","Bottled Flame","Dream Catcher","Guide Book","Calling Bell","CeramicFish","Sundial","Thread and Needle"],"acts_visited":["Exordium","TheCity","TheBeyond"],"potions_floor_usage":[],"damage_taken":[{"damage":0.0,"enemies":"Cultist","floor":1.0,"turns":4.0},{"damage":0.0,"enemies":"Jaw Worm","floor":2.0,"turns":3.0},{"damage":12.0,"enemies":"2 Louse","floor":4.0,"turns":2.0},{"damage":18.0,"enemies":"Exordium Thugs","floor":5.0,"turns":3.0},{"damage":35.0,"enemies":"3 Sentries","floor":6.0,"turns":8.0},{"damage":16.0,"enemies":"Lagavulin","floor":10.0,"turns":4.0},{"damage":7.0,"enemies":"Looter","floor":11.0,"turns":2.0},{"damage":2.0,"enemies":"Gremlin Gang","floor":12.0,"turns":4.0},{"damage":8.0,"enemies":"Exordium Wildlife","floor":14.0,"turns":4.0},{"damage":26.0,"enemies":"The Guardian","floor":16.0,"turns":7.0},{"damage":22.0,"enemies":"Spheric Guardian","floor":18.0,"turns":4.0},{"damage":10.0,"enemies":"3 Byrds","floor":19.0,"turns":5.0},{"damage":28.0,"enemies":"Cultist and Chosen","floor":20.0,"turns":6.0},{"damage":4.0,"enemies":"Centurion and Healer","floor":21.0,"turns":5.0},{"damage":22.0,"enemies":"Book of Stabbing","floor":24.0,"turns":5.0},{"damage":18.0,"enemies":"3 Cultists","floor":28.0,"turns":5.0},{"damage":24.0,"enemies":"Snake Plant","floor":31.0,"turns":5.0},{"damage":73.0,"enemies":"Pondfish","floor":33.0,"turns":8.0},{"damage":75,"enemies":"3 Shapes","floor":35,"turns":5},{"damage":13,"enemies":"3 Darklings","floor":36,"turns":2}],"seed_played":"-3739013279727734757","potions_obtained":[{"floor":2.0,"key":"PowerPotion"},{"floor":10.0,"key":"Adrenaline Potion"},{"floor":11.0,"key":"ColorlessPotion"},{"floor":19.0,"key":"LifebloodPotion"},{"floor":20.0,"key":"Energy Potion"},{"floor":31.0,"key":"Venom Potion"}],"is_trial":false,"path_per_floor":["M","M","?","M","M","E","?","R","T","E","M","M","$","M","R","B",null,"M","M","M","M","$","R","E","R","T","?","M","R","$","M","R","B",null,"M","M"],"character_chosen":"IRONCLAD","items_purchased":["Replay:Bandana","ReplayTheSpireMod:Muscle Training","Rupture","Red Skull","Guide Book"],"campfire_rested":3,"item_purchase_floors":[13,13,13,22,30],"current_hp_per_floor":[80,80,80,74,62,33,33,33,33,23,22,26,26,24,48,28,80,61,56,36,38,38,38,26,50,50,50,41,65,65,44,68,5,80,10,0,0],"gold":280,"neow_bonus":"IRONCLAD_RAGER","is_daily":false,"chose_seed":false,"campfire_upgraded":2,"win_rate":0.0,"timestamp":1612844519,"path_taken":["M","M","?","M","?","E","?","R","T","E","M","M","$","M","R","BOSS","M","M","M","M","$","R","E","R","T","?","M","R","?","M","R","BOSS","M","M"],"items_purchased_type":["Relic","Card","Card","Relic","Relic"],"build_version":"2020-12-22","purchased_purges":1,"victory":false,"max_hp_per_floor":[80,80,80,80,80,80,80,80,80,80,80,80,80,80,80,80,80,80,80,80,80,80,80,80,80,80,80,80,80,80,80,80,80,80,80,80,80],"card_choices":[{"not_picked":["Power Through","Armaments"],"picked":"Clash","floor":1.0},{"not_picked":["Seeing Red","Dark Embrace"],"picked":"Abandon","floor":2.0},{"not_picked":["Heavy Blade","Evolve"],"picked":"ReplayTheSpireMod:Muscle Training","floor":4.0},{"not_picked":["Warcry","Clothesline"],"picked":"Sword Boomerang","floor":5.0},{"not_picked":["Flex","ReplayTheSpireMod:LeadingStrike"],"picked":"Replay:Many Hands","floor":6.0},{"not_picked":["Iron Wave","Flame Barrier","Thunderclap"],"picked":"SKIP","floor":10.0},{"not_picked":["Headbutt","Perfected Strike","Fire Breathing"],"picked":"Feel No Pain","floor":11.0},{"not_picked":["Twin Strike","Flex","Evolve","Uppercut"],"picked":"SKIP","floor":12.0},{"not_picked":["Armaments","Reckless Charge","Anger","Body Slam"],"picked":"SKIP","floor":14.0},{"not_picked":["Fiend Fire","Barricade","Corruption"],"picked":"Reaper","floor":16.0},{"not_picked":["ReplayReversal","Iron Wave+1","Armaments"],"picked":"Rage","floor":18.0},{"not_picked":["ICR:Frenzy","Dual Wield","Thunderclap","Pummel"],"picked":"SKIP","floor":19.0},{"not_picked":["Heavy Blade","Whirlwind","Dual Wield","Dropkick"],"picked":"SKIP","floor":20.0},{"not_picked":["True Grit","Perfected Strike","Shrug It Off+1","Dual Wield"],"picked":"SKIP","floor":21.0},{"not_picked":["Fire Breathing","Body Slam","Barricade"],"picked":"Combust","floor":24.0},{"not_picked":["Perfected Strike","Cleave","Clothesline"],"picked":"Clash+1","floor":28.0},{"not_picked":["Twin Strike+1","ReplayTheSpireMod:Strike From Hell","Perfected Strike"],"picked":"Feel No Pain","floor":29.0},{"not_picked":["ReplayTheSpireMod:Strike From Hell","Spot Weakness+1","Heavy Blade","Entrench"],"picked":"SKIP","floor":31.0},{"not_picked":["Replay:Many Hands","Corruption","Fiend Fire"],"picked":"Juggernaut","floor":33.0},{"not_picked":["Sever Soul","Carnage+1","Run Through+1"],"picked":"True Grit+1","floor":35}],"player_experience":267550,"relics_obtained":[{"floor":6.0,"key":"Self Forming Clay"},{"floor":7.0,"key":"Ring of Peace"},{"floor":7.0,"key":"Ring of Searing"},{"floor":10.0,"key":"Question Card"},{"floor":24.0,"key":"Vajra"},{"floor":26.0,"key":"Bottled Flame"},{"floor":34,"key":"CeramicFish"},{"floor":34,"key":"Sundial"},{"floor":34,"key":"Thread and Needle"}],"event_choices":[{"cards_removed":["Bash"],"damage_healed":0.0,"max_hp_gain":0.0,"max_hp_loss":0.0,"gold_gain":0.0,"event_name":"Purifier","player_choice":"Purged","floor":3.0,"gold_loss":0.0,"damage_taken":0.0},{"damage_healed":0.0,"max_hp_gain":0.0,"max_hp_loss":0.0,"gold_gain":0.0,"event_name":"WeMeetAgain","player_choice":"Gave Potion","floor":27.0,"gold_loss":0.0,"damage_taken":0.0,"relics_obtained":["Dream Catcher"]}],"is_beta":false,"boss_relics":[{"not_picked":["Replay:Wanted Poster","Runic Dome"],"picked":"ReplayTheSpireMod:DimensionalGlitch"},{"not_picked":["Astrolabe","SacredBark"],"picked":"Calling Bell"}],"items_purged_floors":[22],"is_endless":false,"potions_floor_spawned":[2,10,11,19,20,31],"killed_by":"3 Darklings","ascension_level":0}}