{"host":"v3qphhcqhwfpabne","time":1612846804,"event":{"mods":["100% Spire Juice","2.2 Compatiblity","AchievementEnabler","BaseMod","CapriCore","DeckTracker","KinomotoSakuraMod(ÙÊñýÜâ?)","Koishi","Marisa£¨Ùöéë¡¡Øª×âÞÞ£©","Minty Spire (QoL Compilation)","Permanent Neow","Prisma Mod","StSLib","Td1madao Mod","The Bug Knight","The Cursed","The Immortal","The Runesmith","WarShipGirlsR/??á´Ò³R mod"],"gold_per_floor":[19,36,49,60,160,160,177,212,212,230,230,219,235,10,10,106,106,94,47,58,6,6,6],"floor_reached":22,"language":"KOR","playtime":801,"items_purged":["Strike_R"],"score":209,"play_id":"d4befcc4-d169-471e-b143-5b27146dcb98","local_time":"20210209140004","is_ascension_mode":true,"campfire_choices":[{"data":"Juggernaut","floor":6,"key":"SMITH"},{"floor":11,"key":"REST"},{"data":"Barricade","floor":15,"key":"SMITH"}],"circlet_count":0,"master_deck":["Strike_R","Strike_R","Strike_R","Strike_R","Defend_R+1","Defend_R","Defend_R+1","Defend_R","Bash","Juggernaut+1","Carnage","Ghostly Armor","Barricade+1","Body Slam","Flame Barrier","True Grit","Armaments"],"relics":["Burning Blood","War Paint","Lee\u0027s Waffle","Black Star"],"acts_visited":["Exordium","TheCity"],"potions_floor_usage":[8,16,16,18,18],"damage_taken":[{"damage":13,"enemies":"Jaw Worm","floor":1,"turns":5},{"damage":0,"enemies":"Cultist","floor":2,"turns":4},{"damage":8,"enemies":"Small Slimes","floor":3,"turns":4},{"damage":6,"enemies":"Blue Slaver","floor":4,"turns":3},{"damage":6,"enemies":"Exordium Wildlife","floor":7,"turns":3},{"damage":71,"enemies":"Gremlin Nob","floor":8,"turns":7},{"damage":9,"enemies":"2 Fungi Beasts","floor":10,"turns":5},{"damage":19,"enemies":"Exordium Thugs","floor":12,"turns":4},{"damage":16,"enemies":"3 Louse","floor":13,"turns":4},{"damage":48,"enemies":"Hexaghost","floor":16,"turns":10},{"damage":14,"enemies":"2 Thieves","floor":18,"turns":4},{"damage":55,"enemies":"3 Byrds","floor":20,"turns":5},{"damage":31,"enemies":"Shelled Parasite and Fungi","floor":22,"turns":8}],"seed_played":"-2839435397243683450","potions_obtained":[{"floor":3,"key":"SpeedPotion"},{"floor":8,"key":"Energy Potion"},{"floor":10,"key":"Fire Potion"},{"floor":12,"key":"SpeedPotion"},{"floor":16,"key":"Explosive Potion"},{"floor":20,"key":"Explosive Potion"}],"is_trial":false,"path_per_floor":["M","M","M","M","?","R","M","E","T","M","R","M","M","$","R","B",null,"M","$","M","$","M"],"character_chosen":"IRONCLAD","items_purchased":["Lee\u0027s Waffle","True Grit","Armaments"],"campfire_rested":1,"item_purchase_floors":[14,19,21],"current_hp_per_floor":[73,79,77,77,77,77,77,12,12,9,33,20,10,87,87,45,87,79,79,30,30,0,0],"gold":6,"neow_bonus":"THREE_RARE_CARDS","is_daily":false,"chose_seed":false,"campfire_upgraded":2,"win_rate":0.0,"timestamp":1612846804,"path_taken":["M","M","M","M","?","R","M","E","T","M","R","M","M","$","R","BOSS","M","$","M","$","M"],"items_purchased_type":["Relic","Card","Card"],"build_version":"2020-12-22","purchased_purges":1,"victory":false,"max_hp_per_floor":[80,80,80,80,80,80,80,80,80,80,80,80,80,87,87,87,87,87,87,87,87,87,87],"card_choices":[{"not_picked":["Corruption","Fiend Fire"],"picked":"Juggernaut","floor":0},{"not_picked":["Sword Boomerang","Flex","Wild Strike"],"picked":"SKIP","floor":1},{"not_picked":["Reckless Charge","Feel No Pain"],"picked":"Carnage","floor":2},{"not_picked":["Cleave","Flex"],"picked":"Ghostly Armor","floor":3},{"not_picked":["Spot Weakness","Bloodletting","Anger"],"picked":"SKIP","floor":4},{"not_picked":["Warcry","Headbutt"],"picked":"Barricade","floor":7},{"not_picked":["Heavy Blade","Armaments"],"picked":"Body Slam","floor":8},{"not_picked":["Cleave","Perfected Strike","Heavy Blade"],"picked":"SKIP","floor":10},{"not_picked":["Cleave","Sword Boomerang"],"picked":"Flame Barrier","floor":12},{"not_picked":["Wild Strike","Reckless Charge","Heavy Blade"],"picked":"SKIP","floor":13},{"not_picked":["Evolve","Reckless Charge+1","Rage"],"picked":"SKIP","floor":18},{"not_picked":["Searing Blow+1","Sword Boomerang","Twin Strike+1"],"picked":"SKIP","floor":20}],"player_experience":131643,"relics_obtained":[{"floor":8,"key":"War Paint"}],"event_choices":[{"damage_healed":0,"gold_gain":100,"player_choice":"Gold","damage_taken":0,"max_hp_gain":0,"max_hp_loss":0,"event_name":"Wheel of Change","floor":5,"gold_loss":0}],"is_beta":false,"boss_relics":[{"not_picked":["Sozu","Runic Dome"],"picked":"Black Star"}],"items_purged_floors":[14],"is_endless":false,"potions_floor_spawned":[3,8,10,12,13,16,20],"killed_by":"Shelled Parasite and Fungi","ascension_level":2}}