{"host":"1avr1135to2copjv","time":1612889440,"event":{"mods":["BaseMod","Colored Map","Colored Powertips","Downfall","Minty Spire (QoL Compilation)","Relic Stats","StSLib"],"gold_per_floor":[113,132,143,156,156,189,189,189,189,189,207,207,232,253,253,347,347,368,391,33,33,58,58,79,79,79,79,79,79],"floor_reached":28,"language":"ENG","playtime":1428,"items_purged":[],"score":433,"play_id":"5c74d1af-cd9d-4d36-bf2d-5a2c0044ab67","local_time":"20210209195040","is_ascension_mode":true,"campfire_choices":[{"data":"Noxious Fumes","floor":8,"key":"SMITH"},{"data":"Neutralize","floor":12,"key":"SMITH"},{"data":"Bane","floor":15,"key":"SMITH"},{"data":"A Thousand Cuts","floor":23,"key":"SMITH"},{"data":"Survivor","floor":25,"key":"SMITH"}],"circlet_count":0,"master_deck":["AscendersBane","Strike_G","Strike_G","Defend_G","Defend_G","Defend_G","Defend_G","Defend_G","Survivor+1","Neutralize+1","Noxious Fumes+1","Backstab","Prepared","After Image","Poisoned Stab","Poisoned Stab","Bane+1","Reflex","Tactician","After Image","PiercingWail","Blade Dance","A Thousand Cuts+1","Cloak And Dagger","Blade Dance","Noxious Fumes"],"relics":["Ring of the Snake","Tingsha","Gambling Chip","Pantograph","Golden Idol","Meat on the Bone","Empty Cage","PreservedInsect","Gremlin Horn"],"acts_visited":["Exordium","TheCity"],"potions_floor_usage":[19,28],"damage_taken":[{"damage":0,"enemies":"2 Louse","floor":1,"turns":3},{"damage":0,"enemies":"Small Slimes","floor":2,"turns":5},{"damage":2,"enemies":"Jaw Worm","floor":3,"turns":5},{"damage":3,"enemies":"2 Fungi Beasts","floor":4,"turns":4},{"damage":15,"enemies":"3 Sentries","floor":6,"turns":8},{"damage":9,"enemies":"Lots of Slimes","floor":11,"turns":5},{"damage":1,"enemies":"Looter","floor":13,"turns":2},{"damage":17,"enemies":"Gremlin Gang","floor":14,"turns":4},{"damage":19,"enemies":"The Guardian","floor":16,"turns":10},{"damage":12,"enemies":"Shell Parasite","floor":18,"turns":6},{"damage":3,"enemies":"3 Byrds","floor":19,"turns":4},{"damage":23,"enemies":"Snecko","floor":22,"turns":5},{"damage":12,"enemies":"Cultist and Chosen","floor":24,"turns":5},{"damage":23,"enemies":"Slavers","floor":28,"turns":4}],"seed_played":"-8059803387378853087","potions_obtained":[{"floor":1,"key":"Strength Potion"},{"floor":6,"key":"Dexterity Potion"},{"floor":16,"key":"Poison Potion"},{"floor":18,"key":"LiquidMemories"},{"floor":22,"key":"SpeedPotion"}],"is_trial":false,"path_per_floor":["M","M","M","M","?","E","?","R","T","?","M","R","M","M","R","B",null,"M","M","$","?","M","R","M","R","T","?","E"],"character_chosen":"THE_SILENT","items_purchased":["PreservedInsect","Blade Dance","A Thousand Cuts"],"campfire_rested":0,"item_purchase_floors":[20,20,20],"current_hp_per_floor":[59,59,57,54,49,34,34,34,34,34,37,37,36,31,31,35,49,37,34,34,34,23,23,23,23,23,23,0,0],"gold":79,"neow_bonus":"ONE_RARE_RELIC","is_daily":false,"chose_seed":false,"campfire_upgraded":5,"win_rate":0.0,"timestamp":1612889440,"path_taken":["M","M","M","M","?","E","?","R","T","?","M","R","M","M","R","BOSS","M","M","$","?","M","R","M","R","T","?","E"],"items_purchased_type":["Relic","Card","Card"],"build_version":"2020-12-22","purchased_purges":0,"victory":false,"max_hp_per_floor":[60,60,60,60,60,60,54,54,54,54,54,54,54,54,54,54,54,54,54,54,54,54,54,54,54,54,54,54,54],"relic_stats":{"Gremlin Horn":[2,2],"counters":[14,70],"Golden Idol":50,"Gambling Chip":[33],"Pantograph":23,"Tingsha":[166],"PreservedInsect":41,"obtain_stats":[{"Gremlin Horn":26,"Golden Idol":7,"Gambling Chip":5,"Pantograph":6,"Tingsha":0,"PreservedInsect":20,"Empty Cage":17,"Ring of the Snake":0,"Meat on the Bone":9},{"Gremlin Horn":13,"Golden Idol":5,"Gambling Chip":4,"Pantograph":5,"Tingsha":0,"PreservedInsect":11,"Empty Cage":9,"Ring of the Snake":0,"Meat on the Bone":5},{"Gremlin Horn":66,"Golden Idol":25,"Gambling Chip":17,"Pantograph":25,"Tingsha":0,"PreservedInsect":56,"Empty Cage":46,"Ring of the Snake":0,"Meat on the Bone":25}],"Ring of the Snake":[28],"Meat on the Bone":48},"card_choices":[{"not_picked":["Acrobatics","Underhanded Strike"],"picked":"Noxious Fumes","floor":1},{"not_picked":["Blade Dance","Bane"],"picked":"Backstab","floor":2},{"not_picked":["Deflect","Outmaneuver"],"picked":"Prepared","floor":3},{"not_picked":["Skewer","Backstab"],"picked":"After Image","floor":4},{"not_picked":["Quick Slash","Accuracy"],"picked":"Poisoned Stab","floor":6},{"not_picked":["Sucker Punch","Poisoned Stab"],"picked":"Bane","floor":11},{"not_picked":["Outmaneuver","Dagger Throw"],"picked":"Reflex","floor":13},{"not_picked":["Bane","Quick Slash"],"picked":"Tactician","floor":14},{"not_picked":["Storm of Steel","Doppelganger"],"picked":"After Image","floor":16},{"not_picked":["All Out Attack","Poisoned Stab"],"picked":"PiercingWail","floor":18},{"not_picked":["Tactician","Dagger Spray","Quick Slash"],"picked":"SKIP","floor":19},{"not_picked":["Outmaneuver","Slice"],"picked":"Cloak And Dagger","floor":22},{"not_picked":["Bane","Cloak And Dagger"],"picked":"Blade Dance","floor":24}],"player_experience":1080219,"relics_obtained":[{"floor":6,"key":"Pantograph"},{"floor":9,"key":"Meat on the Bone"},{"floor":26,"key":"Gremlin Horn"}],"event_choices":[{"damage_healed":0,"gold_gain":0,"player_choice":"Success","damage_taken":5,"relics_obtained":["Gambling Chip"],"max_hp_gain":0,"max_hp_loss":0,"event_name":"Scrap Ooze","floor":5,"gold_loss":0},{"damage_healed":0,"gold_gain":0,"player_choice":"Lose Max HP","damage_taken":0,"relics_obtained":["Golden Idol"],"max_hp_gain":0,"max_hp_loss":6,"event_name":"Golden Idol","floor":7,"gold_loss":0},{"damage_healed":0,"gold_gain":0,"cards_transformed":["Strike_G"],"player_choice":"Change","damage_taken":0,"max_hp_gain":0,"max_hp_loss":0,"event_name":"Living Wall","floor":10,"gold_loss":0,"cards_obtained":["Poisoned Stab"]},{"damage_healed":0,"gold_gain":0,"player_choice":"Read","damage_taken":0,"max_hp_gain":0,"max_hp_loss":0,"event_name":"The Library","floor":27,"gold_loss":0,"cards_obtained":["Noxious Fumes"]}],"is_beta":false,"boss_relics":[{"not_picked":["bronze:MakeshiftBattery","Calling Bell"],"picked":"Empty Cage"}],"items_purged_floors":[],"is_endless":false,"potions_floor_spawned":[1,6,16,18,22],"killed_by":"Slavers","ascension_level":19}}