{"host":"jt4xaqerixsfdsye","time":1612885567,"event":{"mods":["Astrologer","Bard","BaseMod","Downfall","Hermit","Minty Spire (QoL Compilation)","StSLib","The Bug Knight","The Cursed"],"gold_per_floor":[113,113,129,129,149,149,175,191,191,205,205,215,234,245,245,245,245],"floor_reached":16,"language":"ENG","playtime":1171,"items_purged":[],"score":106,"play_id":"43f7bab4-85a9-4f99-b079-662fe28837ba","local_time":"20210209164607","is_ascension_mode":false,"campfire_choices":[{"data":"hermit:Deadeye","floor":6,"key":"SMITH"},{"floor":15,"key":"REST"}],"circlet_count":0,"master_deck":["hermit:Strike_Hermit","hermit:Strike_Hermit","hermit:Strike_Hermit","hermit:Strike_Hermit","hermit:Defend_Hermit","hermit:Defend_Hermit+1","hermit:Defend_Hermit+1","hermit:Defend_Hermit","hermit:Snapshot","hermit:Covet","hermit:Misfire","hermit:Deadeye+1","hermit:ItchyTrigger","hermit:Dive","hermit:Vantage","hermit:Headshot","hermit:GoldenBullet+1","hermit:Dive","hermit:Midnight","hermit:EyeOfTheStorm","hermit:Grudge","hermit:TakeAim","hermit:Cheat","hermit:BodyArmor","hermit:Feint"],"relics":["hermit:Momento","NeowsBlessing","Prayer Wheel","Unceasing Top","Shovel"],"acts_visited":["Exordium"],"potions_floor_usage":[],"damage_taken":[{"damage":0,"enemies":"2 Louse","floor":1,"turns":1},{"damage":0,"enemies":"Small Slimes","floor":3,"turns":1},{"damage":0,"enemies":"Cultist","floor":5,"turns":1},{"damage":16,"enemies":"Lagavulin","floor":7,"turns":6},{"damage":0,"enemies":"2 Fungi Beasts","floor":8,"turns":3},{"damage":0,"enemies":"3 Louse","floor":10,"turns":2},{"damage":5,"enemies":"Red Slaver","floor":12,"turns":2},{"damage":2,"enemies":"Exordium Wildlife","floor":13,"turns":3},{"damage":13,"enemies":"Blue Slaver","floor":14,"turns":3},{"damage":55,"enemies":"Slime Boss","floor":16,"turns":7}],"seed_played":"-1557010266184385291","potions_obtained":[{"floor":10,"key":"SmokeBomb"},{"floor":12,"key":"SteroidPotion"},{"floor":13,"key":"DuplicationPotion"}],"is_trial":false,"path_per_floor":["M","?","M","?","M","R","E","M","T","M","?","M","M","M","R","B"],"character_chosen":"HERMIT","items_purchased":[],"campfire_rested":1,"item_purchase_floors":[],"current_hp_per_floor":[75,60,60,60,60,60,44,44,44,44,44,39,37,24,46,0,0],"gold":245,"neow_bonus":"THREE_ENEMY_KILL","is_daily":false,"chose_seed":false,"campfire_upgraded":1,"win_rate":0.0,"timestamp":1612885567,"path_taken":["M","?","M","?","M","R","E","M","T","?","?","M","M","M","R","BOSS"],"items_purchased_type":[],"build_version":"2020-12-22","purchased_purges":0,"victory":false,"max_hp_per_floor":[75,75,75,75,75,75,75,75,75,75,75,75,75,75,75,75,75],"card_choices":[{"not_picked":["hermit:TrackingShot","hermit:SprayPray"],"picked":"hermit:Misfire","floor":1},{"not_picked":["hermit:LowProfile","hermit:Glare"],"picked":"hermit:Deadeye","floor":3},{"not_picked":["hermit:Desperado","hermit:EternalForm"],"picked":"hermit:ItchyTrigger","floor":5},{"not_picked":["hermit:Misfire","hermit:CursedWeapon"],"picked":"hermit:Dive","floor":5},{"not_picked":["hermit:WideOpen","hermit:Roulette"],"picked":"hermit:Vantage","floor":7},{"not_picked":["hermit:SprayPray","hermit:LoneWolf"],"picked":"hermit:Headshot","floor":8},{"not_picked":["hermit:PistolWhip","hermit:HighCaliber"],"picked":"hermit:GoldenBullet","floor":8},{"not_picked":["hermit:DeadMansHand","hermit:FullyLoaded"],"picked":"hermit:Dive","floor":10},{"not_picked":["hermit:BodyArmor","hermit:SprayPray"],"picked":"hermit:Midnight","floor":10},{"not_picked":["hermit:Maintenance","hermit:CursedWeapon"],"picked":"hermit:EyeOfTheStorm","floor":12},{"not_picked":["hermit:RoundhouseKick","hermit:Midnight"],"picked":"hermit:Grudge","floor":12},{"not_picked":["hermit:Manifest","hermit:LoneWolf"],"picked":"hermit:TakeAim","floor":13},{"not_picked":["hermit:BodyArmor","hermit:HoleUp"],"picked":"hermit:Cheat","floor":13},{"not_picked":["hermit:Maintenance","hermit:ItchyTrigger"],"picked":"hermit:BodyArmor","floor":14},{"not_picked":["hermit:Scavenge","hermit:Misfire"],"picked":"hermit:Feint","floor":14}],"player_experience":204241,"relics_obtained":[{"floor":4,"key":"Prayer Wheel"},{"floor":7,"key":"Unceasing Top"},{"floor":9,"key":"Shovel"}],"event_choices":[{"damage_healed":0,"gold_gain":0,"player_choice":"Entered Light","damage_taken":15,"max_hp_gain":0,"max_hp_loss":0,"event_name":"Shining Light","floor":2,"gold_loss":0,"cards_upgraded":["hermit:Defend_Hermit","hermit:Defend_Hermit"]},{"damage_healed":0,"gold_gain":0,"player_choice":"Relic","damage_taken":0,"max_hp_gain":0,"max_hp_loss":0,"event_name":"Wheel of Change","floor":4,"gold_loss":0},{"damage_healed":0,"gold_gain":0,"player_choice":"Grow","damage_taken":0,"max_hp_gain":0,"max_hp_loss":0,"event_name":"Living Wall","floor":11,"gold_loss":0,"cards_upgraded":["hermit:GoldenBullet"]}],"is_beta":false,"boss_relics":[],"items_purged_floors":[],"is_endless":false,"potions_floor_spawned":[10,12,13],"killed_by":"Slime Boss","ascension_level":0}}