{"host":"d52brwsy6af8zvaq","time":1612846755,"event":{"mods":["AchievementEnabler","BaseMod","Bestiary","Highlight Path","Minty Spire (QoL Compilation)","Quick Restart","Relic Stats","ojb\u0027s Better Paths Mod"],"gold_per_floor":[118,118,129,143,159,190,190,221,221,221,15,15,26,45,45,118,118,118,118],"floor_reached":18,"language":"ENG","playtime":1885,"items_purged":[],"score":344,"play_id":"fb3e77b7-2c01-43a1-ac4c-27ec3abd92b4","local_time":"20210208215915","is_ascension_mode":true,"campfire_choices":[{"floor":7,"key":"REST"},{"data":"Zap","floor":10,"key":"SMITH"},{"floor":12,"key":"REST"},{"floor":15,"key":"REST"}],"circlet_count":0,"master_deck":["AscendersBane","Strike_B","Strike_B","Strike_B","Strike_B","Defend_B","Defend_B","Defend_B","Defend_B","Zap+1","Dualcast","Dramatic Entrance","Static Discharge","Ball Lightning","Streamline","Hologram","Darkness","Rainbow","Apotheosis","Sunder+1","Stack"],"relics":["Cracked Core","Potion Belt","Sundial","Molten Egg 2","Nuclear Battery"],"acts_visited":["Exordium","TheCity"],"potions_floor_usage":[6,8],"damage_taken":[{"damage":2,"enemies":"2 Louse","floor":1,"turns":2},{"damage":0,"enemies":"Cultist","floor":3,"turns":3},{"damage":7,"enemies":"Jaw Worm","floor":4,"turns":2},{"damage":6,"enemies":"Blue Slaver","floor":5,"turns":3},{"damage":25,"enemies":"Lagavulin","floor":6,"turns":6},{"damage":11,"enemies":"Gremlin Nob","floor":8,"turns":3},{"damage":9,"enemies":"Exordium Thugs","floor":13,"turns":4},{"damage":10,"enemies":"Large Slime","floor":14,"turns":4},{"damage":47,"enemies":"Slime Boss","floor":16,"turns":9},{"damage":23,"enemies":"Shell Parasite","floor":18,"turns":3}],"seed_played":"1093328959910916260","potions_obtained":[{"floor":1,"key":"GamblersBrew"},{"floor":2,"key":"ColorlessPotion"},{"floor":2,"key":"AttackPotion"},{"floor":8,"key":"Strength Potion"},{"floor":16,"key":"PotionOfCapacity"}],"is_trial":false,"path_per_floor":["M","?","M","M","M","E","R","E","T","R","$","R","M","M","R","B",null,"M"],"character_chosen":"DEFECT","items_purchased":["Apotheosis"],"campfire_rested":3,"item_purchase_floors":[11],"current_hp_per_floor":[62,62,62,55,49,24,45,34,34,34,34,55,46,36,57,10,56,33,33],"gold":118,"neow_bonus":"RANDOM_COLORLESS","is_daily":false,"chose_seed":false,"campfire_upgraded":1,"win_rate":0.0,"timestamp":1612846755,"path_taken":["M","?","M","?","M","E","R","E","T","R","$","R","M","M","R","BOSS","M"],"items_purchased_type":["Card"],"build_version":"2020-12-22","purchased_purges":0,"victory":false,"max_hp_per_floor":[71,71,71,71,71,71,71,71,71,71,71,71,71,71,71,71,71,71,71],"relic_stats":{"counters":[10,39],"Sundial":[2],"obtain_stats":[{"Potion Belt":6,"Sundial":8,"Molten Egg 2":9,"Cracked Core":0,"Nuclear Battery":17},{"Potion Belt":5,"Sundial":6,"Molten Egg 2":6,"Cracked Core":0,"Nuclear Battery":9},{"Potion Belt":16,"Sundial":19,"Molten Egg 2":19,"Cracked Core":0,"Nuclear Battery":36}]},"card_choices":[{"not_picked":["Deep Breath","Madness"],"picked":"Dramatic Entrance","floor":0.0},{"not_picked":["Compile Driver","Leap"],"picked":"Static Discharge","floor":1},{"not_picked":["Aggregate","Leap"],"picked":"Ball Lightning","floor":3},{"not_picked":["Leap","Reinforced Body"],"picked":"Streamline","floor":4},{"not_picked":["Barrage","Aggregate"],"picked":"Hologram","floor":5},{"not_picked":["Static Discharge","Hello World"],"picked":"Darkness","floor":6},{"not_picked":["Chaos","Skim"],"picked":"Rainbow","floor":8},{"not_picked":["Rebound+1","Hologram"],"picked":"Sunder+1","floor":13},{"not_picked":["Coolheaded","Ball Lightning+1"],"picked":"Stack","floor":14}],"player_experience":2194691,"relics_obtained":[{"floor":6,"key":"Potion Belt"},{"floor":8,"key":"Sundial"},{"floor":9,"key":"Molten Egg 2"}],"event_choices":[{"damage_healed":0,"gold_gain":0,"player_choice":"Got Potions","damage_taken":0,"max_hp_gain":0,"max_hp_loss":0,"event_name":"Lab","floor":2,"gold_loss":0}],"is_beta":false,"boss_relics":[{"not_picked":["Runic Pyramid","SacredBark"],"picked":"Nuclear Battery"}],"items_purged_floors":[],"is_endless":false,"potions_floor_spawned":[1,8,16],"killed_by":"Shell Parasite","ascension_level":20}}