{"host":"o6nndy8fvkon49s1","time":1612884617,"event":{"mods":["BaseMod","CapriCore","Hermit","Marisa????????","Minty Spire (QoL Compilation)","Prisma Mod","StSLib","Td1madao Mod","The Administrix","The Fake Hero","The Forsaken","The Immortal","The Marked","The Necromancer","The Servant 0.9.4"],"gold_per_floor":[112,131,131,2,19,19,44,4,31,31,46,46,57,57,57,161,161,176,192,42,61,61,61,76,76,125,144,144,144],"floor_reached":28,"language":"ENG","playtime":988,"items_purged":["Strike_MRS"],"score":220,"play_id":"dcabf725-ceea-4d02-b9e9-d4db5e0ffb3e","local_time":"20210209093017","is_ascension_mode":false,"campfire_choices":[{"data":"UpSweep","floor":6,"key":"SMITH"},{"data":"PulseMagic","floor":10,"key":"SMITH"},{"data":"Defend_MRS","floor":15,"key":"SMITH"},{"data":"MillisecondPulsars","floor":23,"key":"SMITH"},{"floor":25,"key":"REST"}],"circlet_count":0,"master_deck":["Strike_MRS","Strike_MRS","Strike_MRS","Defend_MRS+1","Defend_MRS","Defend_MRS","Defend_MRS","MasterSpark+1","UpSweep+1","UnstableBomb+1","WitchLeyline","GalacticHalo","WitchLeyline","PulseMagic+1","EnergyFlow","Parasite","Parasite","MillisecondPulsars+1","DoubleSpark","SporeBomb","Acceleration","theForsaken:PlagueCurse","6A+1","AsteroidBelt+1"],"relics":["MiniHakkero","Ancient Tea Set","HandmadeGrimoire","ShroomBag","SacredBark","Whetstone","theForsaken:PlagueMask","Smiling Mask"],"acts_visited":["Exordium","TheCity"],"potions_floor_usage":[7,28],"damage_taken":[{"damage":2,"enemies":"Small Slimes","floor":1,"turns":3},{"damage":5,"enemies":"2 Louse","floor":2,"turns":3},{"damage":3,"enemies":"Cultist","floor":5,"turns":3},{"damage":16,"enemies":"Gremlin Nob","floor":7,"turns":3},{"damage":0,"enemies":"3 Louse","floor":11,"turns":3},{"damage":4,"enemies":"Exordium Thugs","floor":13,"turns":4},{"damage":80,"enemies":"The Guardian","floor":16,"turns":14},{"damage":20,"enemies":"Shell Parasite","floor":18,"turns":4},{"damage":17,"enemies":"Spheric Guardian","floor":19,"turns":4},{"damage":27,"enemies":"Centurion and Healer","floor":21,"turns":5},{"damage":24,"enemies":"Snecko","floor":24,"turns":4},{"damage":14,"enemies":"Chosen and Byrds","floor":27,"turns":5},{"damage":27,"enemies":"Cultist and Chosen","floor":28,"turns":5}],"seed_played":"-1054807122474349600","potions_obtained":[{"floor":2,"key":"FairyPotion"},{"floor":5,"key":"AttackPotion"},{"floor":16,"key":"StarNLove"},{"floor":27,"key":"Swift Potion"}],"is_trial":false,"path_per_floor":["M","M","?","$","M","R","E","$","T","R","M","$","M","?","R","B",null,"M","M","$","M","?","R","M","R","T","M","M"],"character_chosen":"MARISA","items_purchased":["GalacticHalo","EnergyFlow","Whetstone"],"campfire_rested":1,"item_purchase_floors":[4,8,20],"current_hp_per_floor":[80,75,50,50,47,47,31,31,31,31,35,35,35,62,62,12,82,64,51,51,28,28,28,8,32,32,22,0,0],"gold":144,"neow_bonus":"TEN_PERCENT_HP_BONUS","is_daily":false,"chose_seed":false,"campfire_upgraded":4,"win_rate":0.0,"timestamp":1612884617,"path_taken":["M","M","?","$","M","R","E","$","T","R","M","$","M","?","R","BOSS","M","M","$","M","?","R","M","R","T","M","M"],"items_purchased_type":["Card","Card","Relic"],"build_version":"2020-12-22","purchased_purges":1,"victory":false,"max_hp_per_floor":[82,82,82,82,82,82,82,82,82,82,82,82,82,82,82,82,82,82,82,82,82,82,82,82,82,82,82,82,82],"card_choices":[{"not_picked":["ShootingEcho","Orbital"],"picked":"UnstableBomb","floor":1},{"not_picked":["IllusionStar","GalacticHalo"],"picked":"WitchLeyline","floor":2},{"not_picked":["MysteriousBeam","IllusionStar"],"picked":"WitchLeyline","floor":5},{"not_picked":["DarkSpark","OpenUniverse"],"picked":"PulseMagic","floor":7},{"not_picked":["UnstableBomb","SporeBomb","NonDirectionalLaser"],"picked":"SKIP","floor":11},{"not_picked":["GravityBeat","IllusionStar","OneTimeOff"],"picked":"SKIP","floor":13},{"not_picked":["CollectingQuirk","EscapeVelocity"],"picked":"MillisecondPulsars","floor":16},{"not_picked":["EnergyFlow+1","UnstableBomb"],"picked":"DoubleSpark","floor":18},{"not_picked":["EarthLightRay","WitchLeyline+1"],"picked":"SporeBomb","floor":19},{"not_picked":["BlazeAway+1","OortCloud+1"],"picked":"Acceleration","floor":21},{"not_picked":["GravityBeat+1","Acceleration"],"picked":"6A+1","floor":24},{"not_picked":["MillisecondPulsars","OortCloud"],"picked":"AsteroidBelt+1","floor":27}],"player_experience":226078,"relics_obtained":[{"floor":7,"key":"HandmadeGrimoire"},{"floor":9,"key":"ShroomBag"},{"floor":26,"key":"Smiling Mask"}],"event_choices":[{"damage_healed":0,"gold_gain":0,"player_choice":"Success","damage_taken":25,"relics_obtained":["Ancient Tea Set"],"max_hp_gain":0,"max_hp_loss":0,"event_name":"Scrap Ooze","floor":3,"gold_loss":0},{"damage_healed":27,"gold_gain":0,"player_choice":"Banana","damage_taken":0,"max_hp_gain":0,"max_hp_loss":0,"event_name":"Big Fish","floor":14,"gold_loss":0},{"damage_healed":0,"gold_gain":0,"player_choice":"Obtain Plague Curse","damage_taken":0,"max_hp_gain":0,"max_hp_loss":0,"event_name":"Plague Doctor","floor":22,"gold_loss":0,"cards_obtained":["theForsaken:PlagueCurse"]}],"is_beta":false,"boss_relics":[{"not_picked":["Ectoplasm","Snecko Eye"],"picked":"SacredBark"}],"items_purged_floors":[4],"is_endless":false,"potions_floor_spawned":[2,5,16,27],"killed_by":"Cultist and Chosen","ascension_level":0}}