{"host":"uv5ws9rdk87e8i5k","time":1612884290,"event":{"mods":["AchievementEnabler","BaseMod","Colored Map","Minty Spire (QoL Compilation)","Permanent Neow","Quick Restart","StSLib","SuperFastMode","The Necromancer"],"gold_per_floor":[113,130,10,25,25,25,54,74,99,99,125,142,161,227,227,227,227],"floor_reached":16,"language":"ENG","playtime":282,"items_purged":["Pain"],"score":162,"play_id":"5b98fda1-5853-4790-8f21-775612204ad5","local_time":"20210209092450","is_ascension_mode":true,"campfire_choices":[{"data":"Whirlwind","floor":6.0,"key":"SMITH"},{"data":"True Grit","floor":10,"key":"SMITH"},{"data":"Inflame","floor":15,"key":"SMITH"}],"circlet_count":0,"master_deck":["Strike_R","Strike_R","Strike_R","Strike_R","Defend_R","Defend_R","Defend_R","Defend_R","Bash","Thunderclap","Spot Weakness","Heavy Blade","Whirlwind+1","Headbutt","True Grit+1","Warcry","Inflame+1","Battle Trance"],"relics":["Burning Blood","Thread and Needle","Oddly Smooth Stone","Juzu Bracelet","Red Skull"],"acts_visited":["Exordium"],"potions_floor_usage":[7,16],"damage_taken":[{"damage":9.0,"enemies":"2 Louse","floor":1.0,"turns":3.0},{"damage":5.0,"enemies":"Cultist","floor":2.0,"turns":3.0},{"damage":6.0,"enemies":"Small Slimes","floor":4.0,"turns":3.0},{"damage":14,"enemies":"3 Sentries","floor":7,"turns":4},{"damage":15,"enemies":"Exordium Thugs","floor":8,"turns":5},{"damage":21,"enemies":"Gremlin Nob","floor":11,"turns":4},{"damage":8,"enemies":"Large Slime","floor":12,"turns":4},{"damage":0,"enemies":"Gremlin Gang","floor":13,"turns":1},{"damage":0,"enemies":"Slime Boss","floor":16,"turns":1}],"seed_played":"-8157289631709647621","potions_obtained":[{"floor":4.0,"key":"PowerPotion"},{"floor":8,"key":"GamblersBrew"},{"floor":13,"key":"ColorlessPotion"}],"is_trial":false,"path_per_floor":["M","M","$","M","?","R","E","M","T","R","E","M","M","?","R","B"],"character_chosen":"IRONCLAD","items_purchased":["Heavy Blade"],"campfire_rested":0,"item_purchase_floors":[3],"current_hp_per_floor":[69,70,70,70,70,70,62,53,53,53,38,36,42,42,42,42,42],"gold":227,"neow_bonus":"ONE_RARE_RELIC","is_daily":false,"chose_seed":false,"campfire_upgraded":3,"win_rate":0.0,"timestamp":1612884290,"path_taken":["M","M","$","M","?","R","E","M","T","R","E","M","M","?","R","BOSS"],"items_purchased_type":["Card"],"build_version":"2020-12-22","purchased_purges":1,"victory":false,"max_hp_per_floor":[80,80,80,80,80,80,80,80,80,80,80,80,80,80,80,80,80],"card_choices":[{"not_picked":["Warcry","Bloodletting"],"picked":"Thunderclap","floor":1.0},{"not_picked":["Iron Wave","Armaments"],"picked":"Spot Weakness","floor":2.0},{"not_picked":["Feel No Pain","True Grit"],"picked":"Whirlwind","floor":4.0},{"not_picked":["Entrench","Anger"],"picked":"Headbutt","floor":7},{"not_picked":["Anger","Twin Strike"],"picked":"True Grit","floor":8},{"not_picked":["Brutality","Armaments"],"picked":"Warcry","floor":11},{"not_picked":["Fire Breathing","Dark Embrace"],"picked":"Inflame","floor":12},{"not_picked":["Headbutt","Dark Embrace"],"picked":"Battle Trance","floor":13}],"player_experience":284373,"relics_obtained":[{"floor":7,"key":"Oddly Smooth Stone"},{"floor":9,"key":"Juzu Bracelet"},{"floor":11,"key":"Red Skull"}],"event_choices":[{"cards_removed":["Strike_R"],"damage_healed":0.0,"max_hp_gain":0.0,"max_hp_loss":0.0,"gold_gain":0.0,"event_name":"Wheel of Change","player_choice":"Card Removal","floor":5.0,"gold_loss":0.0,"damage_taken":0.0},{"damage_healed":0,"gold_gain":66,"player_choice":"Gained Gold","damage_taken":0,"max_hp_gain":0,"max_hp_loss":0,"event_name":"Golden Wing","floor":14,"gold_loss":0}],"is_beta":false,"boss_relics":[],"items_purged_floors":[3],"is_endless":false,"potions_floor_spawned":[4,8,13],"killed_by":"Slime Boss","ascension_level":9}}