{"host":"4eao2pkwlmv012cz","time":1612855760,"event":{"mods":["BaseMod","Colored Powertips","Minty Spire (QoL Compilation)","Permanent Neow","Quick Restart","Random Character Button","StSLib"],"gold_per_floor":[113,388,402,414,425,425,458,458,506,506,524,524,558,708,708,779,779,779,779,779,694,694,694,694,694,694,195,195,155,155,155,155],"floor_reached":31,"language":"ENG","playtime":1006,"items_purged":["Regret"],"score":626,"play_id":"72dbab32-e781-48b0-81ed-0afe4bda1613","local_time":"20210209022920","is_ascension_mode":true,"campfire_choices":[{"data":"Buffer","floor":6,"key":"SMITH"},{"floor":8,"key":"REST"},{"data":"Zap","floor":10,"key":"SMITH"},{"floor":15,"key":"REST"},{"floor":23,"key":"REST"}],"circlet_count":0,"master_deck":["AscendersBane","Strike_B","Strike_B","Strike_B","Defend_B","Defend_B","Defend_B","Zap+1","Dualcast","Writhe","Static Discharge","Buffer+1","Cold Snap","FTL","Cold Snap","Coolheaded","Defragment","Parasite","Creative AI","Doubt","Seek","Darkness+1","Blizzard","Chill","BootSequence+1","Defragment","Doom and Gloom"],"relics":["Cracked Core","White Beast Statue","Orichalcum","Bronze Scales","Ectoplasm","Omamori","CeramicFish","Gremlin Horn","Happy Flower","ClockworkSouvenir"],"acts_visited":["Exordium","TheCity"],"potions_floor_usage":[7,7,16,24,25,30,30,31],"damage_taken":[{"damage":3,"enemies":"2 Louse","floor":1,"turns":2},{"damage":2,"enemies":"Cultist","floor":3,"turns":3},{"damage":7,"enemies":"Jaw Worm","floor":4,"turns":3},{"damage":8,"enemies":"2 Fungi Beasts","floor":5,"turns":3},{"damage":23,"enemies":"3 Sentries","floor":7,"turns":8},{"damage":2,"enemies":"Large Slime","floor":11,"turns":6},{"damage":40,"enemies":"Gremlin Nob","floor":13,"turns":5},{"damage":7,"enemies":"The Guardian","floor":16,"turns":10},{"damage":26,"enemies":"Chosen","floor":18,"turns":5},{"damage":6,"enemies":"Spheric Guardian","floor":22,"turns":6},{"damage":62,"enemies":"Slavers","floor":24,"turns":5},{"damage":15,"enemies":"Snake Plant","floor":25,"turns":5},{"damage":0,"enemies":"3 Cultists","floor":30,"turns":5},{"damage":11,"enemies":"Snecko","floor":31,"turns":4}],"seed_played":"1788388763507890737","potions_obtained":[{"floor":4,"key":"LiquidBronze"},{"floor":5,"key":"Block Potion"},{"floor":11,"key":"SteroidPotion"},{"floor":13,"key":"FocusPotion"},{"floor":16,"key":"PowerPotion"},{"floor":18,"key":"FairyPotion"},{"floor":22,"key":"FocusPotion"},{"floor":24,"key":"Block Potion"},{"floor":25,"key":"ColorlessPotion"},{"floor":29,"key":"AttackPotion"},{"floor":30,"key":"SteroidPotion"}],"is_trial":false,"path_per_floor":["M","?","M","M","M","R","E","R","T","R","M","?","E","?","R","B",null,"M","?","?","?","M","R","E","M","T","$","?","?","M","M"],"character_chosen":"DEFECT","items_purchased":["Happy Flower","Defragment","ClockworkSouvenir"],"campfire_rested":3,"item_purchase_floors":[27,27,27],"current_hp_per_floor":[61,61,59,52,44,44,21,42,42,42,40,57,17,17,38,31,61,35,35,35,35,29,50,21,6,6,6,6,6,6,0,0],"gold":155,"neow_bonus":"TRANSFORM_TWO_CARDS","is_daily":false,"chose_seed":false,"campfire_upgraded":2,"win_rate":0.0,"timestamp":1612855760,"path_taken":["M","?","?","M","M","R","E","R","T","R","M","?","E","?","R","BOSS","M","?","?","?","?","R","E","M","T","$","?","?","M","M"],"items_purchased_type":["Relic","Card","Relic"],"build_version":"2020-12-22","purchased_purges":1,"victory":false,"max_hp_per_floor":[71,71,71,71,71,71,71,71,71,71,71,71,71,71,71,71,71,71,71,71,71,71,71,71,71,71,71,71,71,71,71,71],"card_choices":[{"not_picked":["Gash","Streamline"],"picked":"Cold Snap","floor":1},{"not_picked":["Beam Cell","Skim"],"picked":"FTL","floor":3},{"not_picked":["Conserve Battery","Sweeping Beam"],"picked":"Cold Snap","floor":4},{"not_picked":["Redo","Conserve Battery"],"picked":"Coolheaded","floor":5},{"not_picked":["Steam","Turbo","Gash"],"picked":"SKIP","floor":7},{"not_picked":["Blizzard","Hello World"],"picked":"Defragment","floor":11},{"not_picked":["Core Surge","Steam"],"picked":"Creative AI","floor":13},{"not_picked":["Meteor Strike","All For One"],"picked":"Seek","floor":16},{"not_picked":["Doom and Gloom","Compile Driver"],"picked":"Darkness+1","floor":18},{"not_picked":["Turbo","Gash"],"picked":"Blizzard","floor":22},{"not_picked":["Double Energy","Sweeping Beam"],"picked":"Chill","floor":24},{"not_picked":["Fusion","Conserve Battery"],"picked":"BootSequence+1","floor":25},{"not_picked":["Beam Cell","Steam"],"picked":"Doom and Gloom","floor":30}],"player_experience":2911033,"relics_obtained":[{"floor":7,"key":"White Beast Statue"},{"floor":9,"key":"Orichalcum"},{"floor":13,"key":"Bronze Scales"},{"floor":24,"key":"CeramicFish"},{"floor":26,"key":"Gremlin Horn"}],"event_choices":[{"damage_healed":0,"gold_gain":275,"player_choice":"Desecrate","damage_taken":0,"max_hp_gain":0,"max_hp_loss":0,"event_name":"Golden Shrine","floor":2,"gold_loss":0,"cards_obtained":["Regret"]},{"damage_healed":17,"gold_gain":0,"player_choice":"Healed and dodged fight","damage_taken":0,"max_hp_gain":0,"max_hp_loss":0,"event_name":"Mushrooms","floor":12,"gold_loss":0,"cards_obtained":["Parasite"]},{"damage_healed":0,"gold_gain":150,"player_choice":"AGREE","damage_taken":0,"max_hp_gain":0,"max_hp_loss":0,"event_name":"Liars Game","floor":14,"gold_loss":0,"cards_obtained":["Doubt"]},{"damage_healed":0,"gold_gain":50,"player_choice":"Stole From Cult","damage_taken":0,"max_hp_gain":0,"max_hp_loss":0,"event_name":"Nest","floor":19,"gold_loss":0},{"damage_healed":0,"gold_gain":0,"player_choice":"Ignored","damage_taken":0,"max_hp_gain":0,"max_hp_loss":0,"event_name":"Vampires","floor":20,"gold_loss":0},{"damage_healed":0,"gold_gain":0,"player_choice":"Obtained Relic","damage_taken":0,"relics_obtained":["Omamori"],"max_hp_gain":0,"max_hp_loss":0,"event_name":"Addict","floor":21,"gold_loss":85},{"damage_healed":0,"gold_gain":0,"player_choice":"Ignored","damage_taken":0,"max_hp_gain":0,"max_hp_loss":0,"event_name":"Cursed Tome","floor":28,"gold_loss":0},{"damage_healed":0,"gold_gain":0,"player_choice":"Bought 3 Potions","damage_taken":0,"max_hp_gain":0,"max_hp_loss":0,"event_name":"The Woman in Blue","floor":29,"gold_loss":0}],"is_beta":false,"boss_relics":[{"not_picked":["Empty Cage","SacredBark"],"picked":"Ectoplasm"}],"items_purged_floors":[27],"is_endless":false,"potions_floor_spawned":[4,5,11,13,16,18,22,24,25,30],"killed_by":"Snecko","ascension_level":20}}