{"host":"5f2kzb4buqqbsxyy","time":1612856110,"event":{"mods":["BaseMod","Minty Spire (QoL Compilation)","Reliquary","Robot Space Explorer","StSLib"],"gold_per_floor":[118,43,43,53,53,83,93,111,111,128,147,163,163,190,190,293,293,313,313,325,343,83,83,111,128,155,155,174,174,174,174,174,278,278,296,296,296,40,50,50,78,78,105,115,130,130,181,4,4,4],"floor_reached":51,"language":"ZHS","playtime":3050,"items_purged":["RobotSpaceExplorer:Strike","RobotSpaceExplorer:Strike"],"score":707,"play_id":"b5eddf29-fae4-4b66-b95b-96317b035a39","local_time":"20210209153510","is_ascension_mode":false,"campfire_choices":[{"data":"RobotSpaceExplorer:DoubleFind","floor":13.0,"key":"SMITH"},{"data":"RobotSpaceExplorer:ChargingLaser","floor":15.0,"key":"SMITH"},{"data":"RobotSpaceExplorer:Exploration","floor":23.0,"key":"SMITH"},{"floor":27.0,"key":"REST"},{"data":"RobotSpaceExplorer:Fix","floor":29.0,"key":"SMITH"},{"data":"RobotSpaceExplorer:ChargingLaser","floor":32.0,"key":"SMITH"},{"data":"RobotSpaceExplorer:TrailblazerForm","floor":40.0,"key":"SMITH"},{"data":"RobotSpaceExplorer:Autoloader","floor":42.0,"key":"SMITH"},{"data":"RobotSpaceExplorer:ShockMissile","floor":46,"key":"SMITH"},{"data":"RobotSpaceExplorer:PlasmaMissile","floor":49,"key":"SMITH"}],"circlet_count":0,"master_deck":["RobotSpaceExplorer:Strike","RobotSpaceExplorer:Defend","RobotSpaceExplorer:Defend","RobotSpaceExplorer:Defend","RobotSpaceExplorer:Defend","RobotSpaceExplorer:Scan","RobotSpaceExplorer:DoubleFind+1","RobotSpaceExplorer:DualCore","RobotSpaceExplorer:PlasmaMissile+1","RobotSpaceExplorer:ChargingLaser+1","RobotSpaceExplorer:Fix+1","RobotSpaceExplorer:TrailblazerForm+1","RobotSpaceExplorer:StarLightning+1","RobotSpaceExplorer:FranticSearch","RobotSpaceExplorer:JunkDive","RobotSpaceExplorer:ScrapMissile+1","RobotSpaceExplorer:ChargingLaser+1","RobotSpaceExplorer:Autoloader+1","RobotSpaceExplorer:FranticSearch","Madness","Madness","RobotSpaceExplorer:ShockMissile+1","RobotSpaceExplorer:FranticSearch+1","RobotSpaceExplorer:JunkDive"],"relics":["RobotSpaceExplorer:RoboCore","NeowsBlessing","Toy Ornithopter","reliquary:TridentHead","Prayer Wheel","RobotSpaceExplorer:SearchSpecs","Potion Belt","Letter Opener","reliquary:FeatherDuster","White Beast Statue","reliquary:Aerogel","Coffee Dripper","Toy Ornithopter","reliquary:PartyBalloon","Bag of Preparation","reliquary:FerryPass"],"acts_visited":["Exordium","TheCity","TheBeyond"],"potions_floor_usage":[50,50],"damage_taken":[{"damage":0.0,"enemies":"2 Louse","floor":1.0,"turns":1.0},{"damage":0.0,"enemies":"Cultist","floor":4.0,"turns":1.0},{"damage":0.0,"enemies":"3 Sentries","floor":6.0,"turns":2.0},{"damage":1.0,"enemies":"Jaw Worm","floor":7.0,"turns":5.0},{"damage":4.0,"enemies":"Blue Slaver","floor":8.0,"turns":5.0},{"damage":5.0,"enemies":"Exordium Wildlife","floor":10.0,"turns":5.0},{"damage":6.0,"enemies":"2 Fungi Beasts","floor":11.0,"turns":3.0},{"damage":2.0,"enemies":"Blue Slaver","floor":12.0,"turns":4.0},{"damage":2.0,"enemies":"Gremlin Nob","floor":14.0,"turns":3.0},{"damage":37.0,"enemies":"The Guardian","floor":16.0,"turns":10.0},{"damage":14.0,"enemies":"Shell Parasite","floor":18.0,"turns":6.0},{"damage":18.0,"enemies":"2 Thieves","floor":20.0,"turns":4.0},{"damage":11.0,"enemies":"Shelled Parasite and Fungi","floor":21.0,"turns":4.0},{"damage":28.0,"enemies":"Gremlin Leader","floor":24.0,"turns":6.0},{"damage":10.0,"enemies":"Snake Plant","floor":25.0,"turns":5.0},{"damage":0.0,"enemies":"3 Cultists","floor":28.0,"turns":3.0},{"damage":5.0,"enemies":"Automaton","floor":33.0,"turns":6.0},{"damage":9.0,"enemies":"3 Darklings","floor":35.0,"turns":4.0},{"damage":18.0,"enemies":"3 Shapes","floor":39.0,"turns":3.0},{"damage":35.0,"enemies":"Reptomancer","floor":41.0,"turns":4.0},{"damage":14.0,"enemies":"Sphere and 2 Shapes","floor":44.0,"turns":5.0},{"damage":0,"enemies":"Jaw Worm Horde","floor":45,"turns":1},{"damage":37,"enemies":"Awakened One","floor":50,"turns":5}],"seed_played":"2640048901582189642","potions_obtained":[{"floor":1.0,"key":"Block Potion"},{"floor":8.0,"key":"ColorlessPotion"},{"floor":14.0,"key":"SpeedPotion"},{"floor":16.0,"key":"Weak Potion"},{"floor":24.0,"key":"RobotSpaceExplorer:PlasmaFlask"},{"floor":25.0,"key":"DistilledChaos"},{"floor":28.0,"key":"SkillPotion"},{"floor":33.0,"key":"BlessingOfTheForge"},{"floor":35.0,"key":"GamblersBrew"},{"floor":39.0,"key":"PowerPotion"},{"floor":41.0,"key":"PowerPotion"},{"floor":44.0,"key":"Fire Potion"},{"floor":45,"key":"DistilledChaos"}],"is_trial":false,"path_per_floor":["M","$","?","M","$","E","M","M","T","M","M","M","R","E","R","B",null,"M","T","M","M","$","R","E","M","T","R","M","R","?","?","R","B",null,"M","?","?","$","M","R","E","R","T","M","M","R","T","$","R","B",null],"character_chosen":"RobotSpaceExplorer","items_purchased":["Letter Opener","reliquary:SculptingSteel","RobotSpaceExplorer:JunkDive"],"campfire_rested":1,"item_purchase_floors":[22,38,48],"current_hp_per_floor":[75,75,75,75,75,75,74,70,70,65,59,57,57,69,69,41,75,65,65,51,40,40,40,16,10,10,32,36,36,36,36,36,47,75,75,66,66,66,48,48,49,49,49,41,41,41,41,41,41,30],"gold":4,"neow_bonus":"THREE_ENEMY_KILL","is_daily":false,"chose_seed":false,"campfire_upgraded":9,"win_rate":0.0,"timestamp":1612856110,"path_taken":["M","$","?","M","$","E","M","M","T","M","?","M","R","E","R","BOSS","M","?","M","M","$","R","E","M","T","R","?","R","?","?","R","BOSS","M","?","?","$","M","R","E","R","T","M","M","R","?","$","R","BOSS"],"items_purchased_type":["Relic","Relic","Card"],"build_version":"2020-12-22","purchased_purges":2,"victory":true,"max_hp_per_floor":[75,75,75,75,75,75,75,75,75,75,75,75,75,75,75,75,75,75,75,75,75,75,75,75,75,75,75,75,75,75,75,75,75,75,75,75,75,75,75,75,75,75,75,75,75,75,75,75,75,75],"card_choices":[{"not_picked":["RobotSpaceExplorer:LaserBurst","RobotSpaceExplorer:ScrapMissile"],"picked":"RobotSpaceExplorer:DoubleFind","floor":1.0},{"not_picked":["RobotSpaceExplorer:Counterblock","RobotSpaceExplorer:ScrapMissile"],"picked":"RobotSpaceExplorer:DualCore","floor":4.0},{"not_picked":["RobotSpaceExplorer:ShovelStrike","RobotSpaceExplorer:Discharger","RobotSpaceExplorer:DualCore"],"picked":"SKIP","floor":6.0},{"not_picked":["RobotSpaceExplorer:Counterblock","RobotSpaceExplorer:ShockKick","RobotSpaceExplorer:ScrapMissile"],"picked":"SKIP","floor":7.0},{"not_picked":["RobotSpaceExplorer:Pulsar","RobotSpaceExplorer:ImprovisedAttack","RobotSpaceExplorer:SwiftStep"],"picked":"SKIP","floor":8.0},{"not_picked":["RobotSpaceExplorer:StarDust","RobotSpaceExplorer:DualCore"],"picked":"RobotSpaceExplorer:PlasmaMissile","floor":10.0},{"not_picked":["RobotSpaceExplorer:Ammunition","RobotSpaceExplorer:Probe"],"picked":"RobotSpaceExplorer:ChargingLaser","floor":11.0},{"not_picked":["RobotSpaceExplorer:ToxicBomb","RobotSpaceExplorer:Electropulse"],"picked":"RobotSpaceExplorer:Fix","floor":12.0},{"not_picked":["RobotSpaceExplorer:JunkDive","RobotSpaceExplorer:Probe"],"picked":"RobotSpaceExplorer:Exploration","floor":14.0},{"not_picked":["RobotSpaceExplorer:Exploration","RobotSpaceExplorer:DroneSwarm"],"picked":"RobotSpaceExplorer:TrailblazerForm","floor":16.0},{"not_picked":["RobotSpaceExplorer:MiniDrones","RobotSpaceExplorer:MetalStrike"],"picked":"RobotSpaceExplorer:StarLightning+1","floor":18.0},{"not_picked":["RobotSpaceExplorer:StarDust","RobotSpaceExplorer:ScrapMissile","RobotSpaceExplorer:SwiftStep"],"picked":"SKIP","floor":18.0},{"not_picked":["RobotSpaceExplorer:FrostMissile","RobotSpaceExplorer:Pulsar+1"],"picked":"RobotSpaceExplorer:FranticSearch","floor":20.0},{"not_picked":["RobotSpaceExplorer:Probe","RobotSpaceExplorer:Smokescreen+1","RobotSpaceExplorer:LuckyStrike+1"],"picked":"SKIP","floor":20.0},{"not_picked":["RobotSpaceExplorer:Pulsar","RobotSpaceExplorer:SelfCleaning","RobotSpaceExplorer:PowerGlove"],"picked":"SKIP","floor":21.0},{"not_picked":["RobotSpaceExplorer:DoubleFind","RobotSpaceExplorer:ImprovisedAttack+1","RobotSpaceExplorer:Ammunition"],"picked":"SKIP","floor":21.0},{"not_picked":["RobotSpaceExplorer:TurboDodge","RobotSpaceExplorer:ScrapToss"],"picked":"RobotSpaceExplorer:JunkDive","floor":24.0},{"not_picked":["RobotSpaceExplorer:PlasmaMissile","RobotSpaceExplorer:DualCore"],"picked":"RobotSpaceExplorer:ScrapMissile+1","floor":25.0},{"not_picked":["RobotSpaceExplorer:ImprovisedAttack","RobotSpaceExplorer:FrostMissile","RobotSpaceExplorer:Blitz"],"picked":"SKIP","floor":25.0},{"not_picked":["RobotSpaceExplorer:MetalStrike","RobotSpaceExplorer:SelfCleaning","RobotSpaceExplorer:ToxicBomb"],"picked":"SKIP","floor":28.0},{"not_picked":["RobotSpaceExplorer:MetalStrike","RobotSpaceExplorer:ShovelStrike","RobotSpaceExplorer:ImprovisedAttack"],"picked":"SKIP","floor":28.0},{"not_picked":["RobotSpaceExplorer:TrailblazerForm","RobotSpaceExplorer:BlastShield"],"picked":"RobotSpaceExplorer:Autoloader","floor":33.0},{"not_picked":["RobotSpaceExplorer:FreezingShield+1","RobotSpaceExplorer:MetalStrike+1"],"picked":"RobotSpaceExplorer:FranticSearch","floor":35.0},{"not_picked":["RobotSpaceExplorer:GlueShot","RobotSpaceExplorer:ShockKick","RobotSpaceExplorer:Pulsar+1"],"picked":"SKIP","floor":35.0},{"not_picked":["RobotSpaceExplorer:Pulsar+1","RobotSpaceExplorer:FranticSearch","RobotSpaceExplorer:SelfCleaning+1"],"picked":"SKIP","floor":39.0},{"not_picked":["RobotSpaceExplorer:ScrapMissile","RobotSpaceExplorer:GearShield+1","RobotSpaceExplorer:SwiftStep"],"picked":"SKIP","floor":39.0},{"not_picked":["RobotSpaceExplorer:DoubleBlock","RobotSpaceExplorer:MiniDrones"],"picked":"RobotSpaceExplorer:ShockMissile","floor":41.0},{"not_picked":["RobotSpaceExplorer:ShovelStrike+1","RobotSpaceExplorer:StunGrenade"],"picked":"RobotSpaceExplorer:FranticSearch+1","floor":44.0},{"not_picked":["RobotSpaceExplorer:StarLightning+1","RobotSpaceExplorer:FranticSearch+1","RobotSpaceExplorer:ScrapMissile"],"picked":"SKIP","floor":44.0},{"not_picked":["RobotSpaceExplorer:SwiftStep+1","RobotSpaceExplorer:ScrapMissile+1","RobotSpaceExplorer:ImprovisedAttack+1"],"picked":"SKIP","floor":45},{"not_picked":["RobotSpaceExplorer:MiniDrones","RobotSpaceExplorer:SwiftStep+1","RobotSpaceExplorer:Probe+1"],"picked":"SKIP","floor":45}],"player_experience":407221,"relics_obtained":[{"floor":6.0,"key":"Toy Ornithopter"},{"floor":9.0,"key":"reliquary:TridentHead"},{"floor":14.0,"key":"Prayer Wheel"},{"floor":19.0,"key":"Potion Belt"},{"floor":24.0,"key":"reliquary:FeatherDuster"},{"floor":24.0,"key":"White Beast Statue"},{"floor":26.0,"key":"reliquary:Aerogel"},{"floor":41.0,"key":"reliquary:PartyBalloon"},{"floor":43.0,"key":"Bag of Preparation"},{"floor":47,"key":"reliquary:FerryPass"}],"event_choices":[{"cards_removed":["RobotSpaceExplorer:Strike"],"damage_healed":0.0,"max_hp_gain":0.0,"max_hp_loss":0.0,"gold_gain":0.0,"event_name":"NoteForYourself","player_choice":"Took Card","floor":3.0,"gold_loss":0.0,"damage_taken":0.0,"cards_obtained":["Iron Wave"]},{"damage_healed":0.0,"max_hp_gain":0.0,"max_hp_loss":0.0,"gold_gain":0.0,"event_name":"The Library","player_choice":"Read","floor":30.0,"gold_loss":0.0,"damage_taken":0.0,"cards_obtained":["RobotSpaceExplorer:ChargingLaser"]},{"damage_healed":0.0,"max_hp_gain":0.0,"max_hp_loss":0.0,"gold_gain":0.0,"event_name":"Ghosts","player_choice":"Ignored","floor":31.0,"gold_loss":0.0,"damage_taken":0.0},{"damage_healed":0.0,"max_hp_gain":0.0,"max_hp_loss":0.0,"gold_gain":0.0,"event_name":"Winding Halls","player_choice":"Embrace Madness","floor":36.0,"gold_loss":0.0,"damage_taken":9.0,"cards_obtained":["Madness","Madness"]},{"damage_healed":0.0,"max_hp_gain":0.0,"max_hp_loss":0.0,"gold_gain":0.0,"event_name":"Tomb of Lord Red Mask","player_choice":"Ignored","floor":37.0,"gold_loss":0.0,"damage_taken":0.0}],"is_beta":false,"boss_relics":[{"not_picked":["Ectoplasm","RobotSpaceExplorer:Reprocessor"],"picked":"RobotSpaceExplorer:SearchSpecs"},{"not_picked":["Tiny House","Black Star"],"picked":"Coffee Dripper"}],"items_purged_floors":[2,48],"is_endless":false,"potions_floor_spawned":[1,8,12,14,16,24,25,28,33,35,39,41,44,45],"ascension_level":0}}