{"host":"18ybagvpjbhxblmx","time":1612834198,"event":{"mods":["BaseMod","BetterRewards","Colored Map","Conspire","Friendly Minions","Hubris","Infinite Spire","Marisa????????","Minty Spire (QoL Compilation)","Quick Restart","Replay The Spire","StSLib","The Administrix","The Runesmith","The Servant 0.9.4"],"gold_per_floor":[115,132,32,32,43,68,68,80,103,103,119,129,129,147,147,244,244,264,264,279,290,55,55,55,81,160,160,11,27,60,60,60,155,255,275,291,291,291,291,291,326,326,326,326,326,276,309,320,320,320],"floor_reached":51,"language":"ENG","playtime":3804,"items_purged":["Strike_B","Strike_B","Shame"],"score":1355,"play_id":"d340835a-9576-4171-b356-cb282fd5abde","local_time":"20210209022958","is_ascension_mode":true,"campfire_choices":[{"data":"Chill","floor":7,"key":"SMITH"},{"data":"Loop","floor":10,"key":"SMITH"},{"data":"Tempest","floor":15,"key":"SMITH"},{"data":"Echo Form","floor":23,"key":"SMITH"},{"data":"Multi-Cast","floor":32,"key":"SMITH"},{"data":"MagicAbsorber","floor":40,"key":"SMITH"},{"data":"Conserve Battery","floor":45,"key":"SMITH"},{"data":"conspire:Rain","floor":49,"key":"SMITH"}],"circlet_count":0,"master_deck":["conspire:GhostlyDefend","conspire:GhostlyDefend","conspire:GhostlyDefend","conspire:GhostlyDefend","Zap","hubris:SpecializedCircuitry","Conserve Battery+1","Loop+1","Chill+1","Tempest+1","conspire:Rain+1","Multi-Cast+1","Chill+1","Echo Form+1","MagicAbsorber+1","Rainbow+1","Seek+1","Madness+1","Madness+1","Darkness+1","Conserve Battery+1"],"relics":["Cracked Core","Chemical X","Runic Capacitor","hubris:SlimyHat","Singing Bowl","conspire:IceCreamScoop","hubris:MedicalManual","Replay:Antivirus Software","infinitespire:Freezer","infinitespire:SolderingIron","Garlic","Replay:Wax Seal","hubris:FunFungus","ReplayFunnel","Carrot","infinitespire:ShieldingShard","infinitespire:WardingShard","PreservedInsect","Juzu Bracelet","Dream Catcher","Runesmith:AutoHammer","Nuclear Battery","Membership Card","hubris:MobiusCoin","Toxic Egg 2","hubris:Towel","Ice Cream","Lantern","infinitespire:Satchel","Inserter","hubris:PeanutButter","Smiling Mask","Question Card","Orichalcum"],"acts_visited":["Exordium","TheCity","TheBeyond"],"potions_floor_usage":[],"damage_taken":[{"damage":0,"enemies":"Jaw Worm","floor":1,"turns":2},{"damage":0,"enemies":"2 Louse","floor":2,"turns":3},{"damage":0,"enemies":"conspire:RoseBush","floor":5,"turns":2},{"damage":0,"enemies":"Lagavulin","floor":6,"turns":6},{"damage":0,"enemies":"Blue Slaver","floor":8,"turns":2},{"damage":0,"enemies":"3 Louse","floor":11,"turns":2},{"damage":0,"enemies":"Exordium Thugs","floor":12,"turns":2},{"damage":0,"enemies":"Blue Slaver","floor":14,"turns":3},{"damage":1,"enemies":"The Guardian","floor":16,"turns":12},{"damage":0,"enemies":"conspire:FuzzyDice","floor":18,"turns":3},{"damage":0,"enemies":"Spheric Guardian","floor":20,"turns":3},{"damage":0,"enemies":"Cultist and Chosen","floor":21,"turns":4},{"damage":0,"enemies":"Replay:Snechameleon","floor":25,"turns":4},{"damage":0,"enemies":"Snake Plant","floor":29,"turns":2},{"damage":0,"enemies":"Book of Stabbing","floor":30,"turns":1},{"damage":0,"enemies":"conspire:MysteriousRune","floor":33,"turns":3},{"damage":0,"enemies":"Orb Walker","floor":35,"turns":3},{"damage":0,"enemies":"3 Darklings","floor":36,"turns":2},{"damage":0,"enemies":"Reptomancer","floor":41,"turns":4},{"damage":0,"enemies":"Nightmare","floor":47,"turns":3},{"damage":0,"enemies":"Transient","floor":48,"turns":5},{"damage":0,"enemies":"Donu and Deca","floor":50,"turns":5}],"seed_played":"-6090742421847823157","potions_obtained":[{"floor":1,"key":"Death Potion"},{"floor":12,"key":"SkillPotion"},{"floor":14,"key":"Energy Potion"}],"is_trial":false,"path_per_floor":["M","M","$","?","M","E","R","M","T","R","M","M","?","M","R","B",null,"M","?","M","M","$","R","?","E","T","?","$","M","E","?","R","B",null,"M","M","?","?","?","R","E","?","T","T","R","$","NM","M","R","B",null],"character_chosen":"DEFECT","items_purchased":["Chemical X","hubris:SpecializedCircuitry","Conserve Battery","Runic Capacitor","hubris:SlimyHat","Singing Bowl","conspire:IceCreamScoop","Loop","hubris:MedicalManual","Replay:Antivirus Software","infinitespire:Freezer","infinitespire:SolderingIron","Garlic","Replay:Wax Seal","hubris:FunFungus","ReplayFunnel","Chill","Carrot","infinitespire:ShieldingShard","Tempest","infinitespire:WardingShard","PreservedInsect","Juzu Bracelet","Membership Card","Echo Form","Ice Cream"],"campfire_rested":0,"item_purchase_floors":[0,0,0,0,0,0,0,0,0,0,0,0,0,0,0,0,0,0,0,0,0,0,0,22,22,28],"current_hp_per_floor":[27,30,30,30,32,37,37,39,39,39,41,43,43,45,45,56,89,91,91,93,93,93,93,93,95,95,95,95,97,97,97,97,97,97,99,101,101,88,88,88,92,88,88,88,88,88,97,111,111,111],"gold":320,"neow_bonus":"","is_daily":false,"chose_seed":false,"campfire_upgraded":8,"win_rate":0.0,"timestamp":1612834198,"path_taken":["M","M","$","?","M","E","R","M","T","R","M","M","?","M","R","BOSS","M","?","M","M","$","R","?","E","T","?","?","M","E","?","R","BOSS","M","M","?","?","?","R","E","?","T","?","R","$","NM","M","R","BOSS"],"items_purchased_type":["Relic","Card","Card","Relic","Relic","Relic","Relic","Card","Relic","Relic","Relic","Relic","Relic","Relic","Relic","Relic","Card","Relic","Relic","Card","Relic","Relic","Relic","Relic","Card","Relic"],"build_version":"2020-12-22","purchased_purges":3,"victory":true,"max_hp_per_floor":[75,77,77,77,79,81,81,83,83,83,85,87,87,89,89,89,89,91,91,93,93,93,93,93,95,95,95,95,97,97,97,97,97,97,99,101,101,101,101,101,101,107,107,107,107,107,109,111,111,111],"card_choices":[{"not_picked":["Conserve Battery","Steam"],"picked":"conspire:Rain","floor":1},{"not_picked":["Sweeping Beam","Leap","hubris:SpecializedCircuitry"],"picked":"Singing Bowl","floor":2},{"not_picked":["Crystallizer","Capacitor","BasicCrystalCard"],"picked":"Singing Bowl","floor":5},{"not_picked":["Gash","Turbo","Rebound"],"picked":"Singing Bowl","floor":6},{"not_picked":["Force Field","BasicCrystalCard","Cold Snap"],"picked":"Singing Bowl","floor":8},{"not_picked":["Compile Driver","Panic Button","Cold Snap"],"picked":"Singing Bowl","floor":11},{"not_picked":["Steam","Undo","Rebound"],"picked":"Singing Bowl","floor":12},{"not_picked":["ReplayTheSpireMod:Repulse","Self Repair","Skim"],"picked":"Singing Bowl","floor":14},{"not_picked":["Machine Learning","Core Surge"],"picked":"Multi-Cast","floor":16},{"not_picked":["Rebound+1","Redo+1","Ball Lightning+1"],"picked":"Singing Bowl","floor":18},{"not_picked":["Turbo","Coolheaded","Panic Button+1"],"picked":"Singing Bowl","floor":20},{"not_picked":["Steam Power","Conserve Battery"],"picked":"Chill+1","floor":21},{"not_picked":["Gash+1","Core Surge","Rebound"],"picked":"Singing Bowl","floor":25},{"not_picked":["Compile Driver+1","Go for the Eyes","ReplayTheSpireMod:GoodbyeWorld"],"picked":"Singing Bowl","floor":29},{"not_picked":["Capacitor+1","ReplayGash"],"picked":"Rainbow+1","floor":30},{"not_picked":["All For One","hubris:Prefetch+1"],"picked":"Seek+1","floor":33},{"not_picked":["Sunder","Turbo+1","Barrage"],"picked":"Singing Bowl","floor":35},{"not_picked":["Steam+1","Hyperbeam","Time Bomb+1"],"picked":"Singing Bowl","floor":36},{"not_picked":["ReplaySolidLightProjector+1","Loop+1"],"picked":"Conserve Battery+1","floor":41},{"not_picked":["hubris:Ssssneak+1","Dark Shackles+1","Purity+1"],"picked":"Singing Bowl","floor":42},{"not_picked":["Dark Shackles+1","ReplayTheSpireMod:Private Reserves+1","PanicButton+1"],"picked":"Singing Bowl","floor":42},{"not_picked":["Flash of Steel","Finesse+1","ReplayTheSpireMod:Private Reserves+1"],"picked":"Singing Bowl","floor":42},{"not_picked":["ReplayTheSpireMod:Repulse+1","Steam+1","Redo+1","BasicCrystalCard+1"],"picked":"Singing Bowl","floor":47},{"not_picked":["Compile Driver+1","Panic Button+1","Recycle+1","Gash"],"picked":"Singing Bowl","floor":48}],"player_experience":289324,"relics_obtained":[{"floor":6,"key":"Dream Catcher"},{"floor":9,"key":"Runesmith:AutoHammer"},{"floor":25,"key":"hubris:MobiusCoin"},{"floor":26,"key":"Toxic Egg 2"},{"floor":30,"key":"Lantern"},{"floor":41,"key":"hubris:PeanutButter"},{"floor":43,"key":"Smiling Mask"},{"floor":44,"key":"Question Card"},{"floor":47,"key":"Orichalcum"}],"event_choices":[{"damage_healed":0,"gold_gain":0,"player_choice":"Agree","damage_taken":0,"max_hp_gain":0,"max_hp_loss":0,"event_name":"conspire:LoneGhost","floor":13,"gold_loss":0},{"damage_healed":0,"gold_gain":0,"player_choice":"Read","damage_taken":0,"max_hp_gain":0,"max_hp_loss":0,"event_name":"The Library","floor":24,"gold_loss":0,"cards_obtained":["MagicAbsorber"]},{"damage_healed":0,"gold_gain":0,"player_choice":"Stole Relic","damage_taken":0,"relics_obtained":["infinitespire:Satchel"],"max_hp_gain":0,"max_hp_loss":0,"event_name":"Addict","floor":31,"gold_loss":0,"cards_obtained":["Shame"]},{"cards_removed":["conspire:GhostlyStrike"],"damage_healed":0,"gold_gain":0,"player_choice":"Removed Attack","damage_taken":0,"max_hp_gain":0,"max_hp_loss":0,"event_name":"Falling","floor":37,"gold_loss":0},{"damage_healed":0,"gold_gain":0,"player_choice":"Embrace Madness","damage_taken":13,"max_hp_gain":0,"max_hp_loss":0,"event_name":"Winding Halls","floor":38,"gold_loss":0,"cards_obtained":["Madness","Madness"]},{"damage_healed":0,"gold_gain":0,"cards_transformed":["Dualcast"],"player_choice":"Transformed","damage_taken":0,"max_hp_gain":0,"max_hp_loss":0,"event_name":"Transmorgrifier","floor":39,"gold_loss":0,"cards_obtained":["Darkness"]},{"damage_healed":0,"gold_gain":0,"player_choice":"Memory 3","damage_taken":10,"max_hp_gain":0,"max_hp_loss":0,"event_name":"SensoryStone","floor":42,"gold_loss":0}],"is_beta":false,"boss_relics":[{"not_picked":["hubris:VirtuousBlindfold","conspire:SlowCooker"],"picked":"Nuclear Battery"},{"not_picked":["hubris:ScarierMask","Velvet Choker"],"picked":"Inserter"}],"items_purged_floors":[0,3,46],"is_endless":false,"potions_floor_spawned":[1,12,14,18,30,33,36,48],"ascension_level":2}}