{"host":"syozzdlzcqop4jia","time":1612901508,"event":{"mods":["BaseMod","Colored Map","Colored Powertips","Minty Spire (QoL Compilation)","Quick Restart"],"gold_per_floor":[115,135,8,19,38,63,73,92,92,42,62,62,78,98,98,197,197,215,234,234,234],"floor_reached":20,"language":"ENG","playtime":1025,"items_purged":[],"score":182,"play_id":"4b6853e5-1898-4275-af04-24591f1e1d1c","local_time":"20210209211148","is_ascension_mode":false,"campfire_choices":[{"floor":12,"key":"RECALL"},{"floor":15,"key":"REST"}],"circlet_count":0,"master_deck":["Strike_R","Strike_R","Strike_R","Strike_R","Strike_R","Defend_R","Defend_R","Defend_R","Bash","Heavy Blade","Spot Weakness","Inflame","Sword Boomerang","Anger","Flex","Bludgeon","Battle Trance","Cleave","Infernal Blade","Perfected Strike","Clash","Demon Form","Spot Weakness+1","Flame Barrier"],"relics":["Burning Blood","Question Card","Philosopher\u0027s Stone"],"acts_visited":["Exordium","TheCity"],"potions_floor_usage":[11,11,13,18],"damage_taken":[{"damage":0,"enemies":"2 Louse","floor":1,"turns":3},{"damage":5,"enemies":"Small Slimes","floor":2,"turns":3},{"damage":11,"enemies":"Jaw Worm","floor":4,"turns":3},{"damage":12,"enemies":"Blue Slaver","floor":5,"turns":3},{"damage":18,"enemies":"Gremlin Nob","floor":6,"turns":3},{"damage":5,"enemies":"3 Louse","floor":7,"turns":2},{"damage":2,"enemies":"2 Fungi Beasts","floor":8,"turns":3},{"damage":24,"enemies":"Exordium Thugs","floor":11,"turns":4},{"damage":0,"enemies":"3 Louse","floor":13,"turns":2},{"damage":0,"enemies":"2 Fungi Beasts","floor":14,"turns":2},{"damage":46,"enemies":"Slime Boss","floor":16,"turns":9},{"damage":46,"enemies":"3 Byrds","floor":18,"turns":4},{"damage":25,"enemies":"Shell Parasite","floor":19,"turns":3},{"damage":36,"enemies":"Cultist and Chosen","floor":20,"turns":4}],"seed_played":"-355807601319777603","potions_obtained":[{"floor":2,"key":"GamblersBrew"},{"floor":5,"key":"BlessingOfTheForge"},{"floor":6,"key":"Weak Potion"},{"floor":11,"key":"Fire Potion"},{"floor":14,"key":"HeartOfIron"},{"floor":18,"key":"SneckoOil"}],"is_trial":false,"path_per_floor":["M","M","$","M","M","E","M","M","T","?","M","R","M","M","R","B",null,"M","M","M"],"character_chosen":"IRONCLAD","items_purchased":["Inflame","Sword Boomerang"],"campfire_rested":1,"item_purchase_floors":[3,3],"current_hp_per_floor":[88,88,88,83,77,65,66,70,70,70,52,52,58,64,88,48,88,48,29,0,0],"gold":234,"neow_bonus":"TEN_PERCENT_HP_BONUS","is_daily":false,"chose_seed":false,"campfire_upgraded":0,"win_rate":0.0,"timestamp":1612901508,"path_taken":["M","M","$","M","M","E","M","M","T","?","M","R","M","M","R","BOSS","M","M","M"],"items_purchased_type":["Card","Card"],"build_version":"2020-12-22","purchased_purges":0,"victory":false,"max_hp_per_floor":[88,88,88,88,88,88,88,88,88,88,88,88,88,88,88,88,88,88,88,88,88],"card_choices":[{"not_picked":["Body Slam","Shrug It Off"],"picked":"Heavy Blade","floor":1},{"not_picked":["Pummel","Hemokinesis"],"picked":"Spot Weakness","floor":2},{"not_picked":["Pommel Strike","Clothesline"],"picked":"Anger","floor":4},{"not_picked":["Havoc","Shrug It Off"],"picked":"Flex","floor":5},{"not_picked":["Barricade","Entrench"],"picked":"Bludgeon","floor":6},{"not_picked":["Havoc","Shrug It Off","Armaments"],"picked":"Battle Trance","floor":7},{"not_picked":["Havoc","Sword Boomerang","Intimidate"],"picked":"Cleave","floor":8},{"not_picked":["True Grit","Blood for Blood","Flex"],"picked":"Infernal Blade","floor":11},{"not_picked":["Reckless Charge","Juggernaut","Cleave"],"picked":"Perfected Strike","floor":13},{"not_picked":["Wild Strike","Shockwave","Body Slam"],"picked":"Clash","floor":14},{"not_picked":["Brutality","Barricade","Immolate"],"picked":"Demon Form","floor":16},{"not_picked":["Rampage","Pommel Strike","Clash"],"picked":"Spot Weakness+1","floor":18},{"not_picked":["Perfected Strike","Second Wind","Combust+1"],"picked":"Flame Barrier","floor":19}],"player_experience":651621,"relics_obtained":[{"floor":6,"key":"Question Card"}],"event_choices":[{"cards_removed":["Defend_R"],"damage_healed":0,"gold_gain":0,"player_choice":"Card Removal","damage_taken":0,"max_hp_gain":0,"max_hp_loss":0,"event_name":"The Cleric","floor":10,"gold_loss":50}],"is_beta":false,"boss_relics":[{"not_picked":["Snecko Eye","Runic Dome"],"picked":"Philosopher\u0027s Stone"}],"items_purged_floors":[],"is_endless":false,"potions_floor_spawned":[2,5,6,11,14,18],"killed_by":"Cultist and Chosen","ascension_level":0}}