{"host":"m4pe905ae9bldoe7","time":1612867264,"event":{"mods":["BaseMod","Bestiary","Block Reminder","Downfall","Minty Spire (QoL Compilation)","StSLib"],"gold_per_floor":[118,132,142,46,62,62,94,94,120,145,145,420,440,450,450,521,521,535,256,224,234,247,274,274,274],"floor_reached":24,"language":"ENG","playtime":1350,"items_purged":["Regret"],"score":453,"play_id":"a3d2615e-4ff0-440f-a31d-f73445424bd1","local_time":"20210209114104","is_ascension_mode":true,"campfire_choices":[{"data":"Armaments","floor":6.0,"key":"SMITH"},{"data":"Feed","floor":8.0,"key":"SMITH"},{"data":"Armaments","floor":15.0,"key":"SMITH"}],"circlet_count":0,"master_deck":["AscendersBane","Strike_R","Strike_R","Strike_R","Strike_R","Strike_R","Defend_R","Defend_R","Defend_R","Defend_R","Bash","Feed+1","Flame Barrier","Body Slam","Armaments+1","Shrug It Off","Fire Breathing","Metallicize","Armaments+1","Battle Trance","Shrug It Off","Body Slam","Impervious","True Grit","Entrench","Entrench"],"relics":["Burning Blood","Strawberry","Orichalcum","Pen Nib","SlaversCollar","Lee\u0027s Waffle","Blood Vial"],"acts_visited":["Exordium","TheCity"],"potions_floor_usage":[23,23,23],"damage_taken":[{"damage":16.0,"enemies":"Small Slimes","floor":1.0,"turns":4.0},{"damage":6.0,"enemies":"Cultist","floor":2.0,"turns":3.0},{"damage":18.0,"enemies":"Jaw Worm","floor":3.0,"turns":4.0},{"damage":2.0,"enemies":"Exordium Wildlife","floor":5.0,"turns":4.0},{"damage":34.0,"enemies":"3 Sentries","floor":7.0,"turns":6.0},{"damage":17.0,"enemies":"Gremlin Nob","floor":10.0,"turns":5.0},{"damage":23.0,"enemies":"Exordium Thugs","floor":13.0,"turns":6.0},{"damage":4.0,"enemies":"3 Louse","floor":14.0,"turns":3.0},{"damage":34.0,"enemies":"The Guardian","floor":16.0,"turns":13.0},{"damage":20.0,"enemies":"Chosen","floor":18.0,"turns":7.0},{"damage":17.0,"enemies":"2 Thieves","floor":20.0,"turns":5.0},{"damage":37.0,"enemies":"Snake Plant","floor":21.0,"turns":7.0},{"damage":13,"enemies":"Centurion and Healer","floor":22,"turns":10},{"damage":57,"enemies":"Book of Stabbing","floor":23,"turns":9},{"damage":27,"enemies":"3 Cultists","floor":24,"turns":5}],"seed_played":"6549840409244810528","potions_obtained":[{"floor":1.0,"key":"Regen Potion"},{"floor":3.0,"key":"SteroidPotion"},{"floor":10.0,"key":"Fire Potion"},{"floor":16.0,"key":"Strength Potion"},{"floor":21.0,"key":"EntropicBrew"}],"is_trial":false,"path_per_floor":["M","M","M","$","M","R","E","R","T","E","?","?","M","M","R","B",null,"M","$","M","M","M","E","M"],"character_chosen":"IRONCLAD","items_purchased":["Shrug It Off","Fire Breathing","True Grit","Lee\u0027s Waffle"],"campfire_rested":0,"item_purchase_floors":[4,4,19,19],"current_hp_per_floor":[61,64,52,52,59,59,53,53,53,46,77,77,64,70,70,42,88,78,114,103,76,69,18,0,0],"gold":274,"neow_bonus":"ONE_RANDOM_RARE_CARD","is_daily":false,"chose_seed":false,"campfire_upgraded":3,"win_rate":0.0,"timestamp":1612867264,"path_taken":["M","M","M","$","M","R","E","R","T","E","?","?","M","?","R","BOSS","M","$","M","M","M","E","M"],"items_purchased_type":["Card","Card","Card","Relic"],"build_version":"2020-12-22","purchased_purges":1,"victory":false,"max_hp_per_floor":[78,81,81,81,84,84,91,91,91,95,95,95,99,103,103,103,103,107,114,114,118,118,118,122,122],"card_choices":[{"not_picked":["Flex","Cleave"],"picked":"Flame Barrier","floor":1.0},{"not_picked":["Rampage","Thunderclap"],"picked":"Body Slam","floor":2.0},{"not_picked":["Headbutt","Pummel"],"picked":"Armaments","floor":3.0},{"not_picked":["Body Slam","Sword Boomerang"],"picked":"Metallicize","floor":5.0},{"not_picked":["Fiend Fire","Hemokinesis"],"picked":"Armaments","floor":7.0},{"not_picked":["Flame Barrier","True Grit"],"picked":"Battle Trance","floor":10.0},{"not_picked":["Thunderclap","Rupture"],"picked":"Shrug It Off","floor":13.0},{"not_picked":["True Grit","Battle Trance"],"picked":"Body Slam","floor":14.0},{"not_picked":["Limit Break","Fiend Fire"],"picked":"Impervious","floor":16.0},{"not_picked":["Hemokinesis","Iron Wave","Pommel Strike"],"picked":"SKIP","floor":18.0},{"not_picked":["Reckless Charge+1","Seeing Red"],"picked":"Entrench","floor":20.0},{"not_picked":["Pommel Strike","Iron Wave","Carnage"],"picked":"SKIP","floor":21.0},{"not_picked":["Pummel","Warcry"],"picked":"Entrench","floor":22},{"not_picked":["Sever Soul","Reaper","Rupture"],"picked":"SKIP","floor":23}],"player_experience":537829,"relics_obtained":[{"floor":7.0,"key":"Strawberry"},{"floor":9.0,"key":"Orichalcum"},{"floor":10.0,"key":"Pen Nib"},{"floor":23,"key":"Blood Vial"}],"event_choices":[{"damage_healed":31.0,"max_hp_gain":0.0,"max_hp_loss":0.0,"gold_gain":0.0,"event_name":"Big Fish","player_choice":"Banana","floor":11.0,"gold_loss":0.0,"damage_taken":0.0},{"damage_healed":0.0,"max_hp_gain":0.0,"max_hp_loss":0.0,"gold_gain":275.0,"event_name":"Golden Shrine","player_choice":"Desecrate","floor":12.0,"gold_loss":0.0,"damage_taken":0.0,"cards_obtained":["Regret"]}],"is_beta":false,"boss_relics":[{"not_picked":["Ectoplasm","Velvet Choker"],"picked":"SlaversCollar"}],"items_purged_floors":[19],"is_endless":false,"potions_floor_spawned":[1,3,10,16,21],"killed_by":"3 Cultists","ascension_level":15}}