{"host":"kk6i5v7sjcm8i50x","time":1612844389,"event":{"mods":["BaseMod","Bestiary","Colored Map","Downfall","Minty Spire (QoL Compilation)","StSLib","The Saiyan"],"gold_per_floor":[111,211,231,251,251,284,301,301,350,29,45,45,10,27,27,127,127,137,14,26,26,26,26,54,66,112,112,112,112],"floor_reached":28,"language":"ENG","playtime":1511,"items_purged":["Defend_P","Defend_P"],"score":263,"play_id":"29cf48c6-1f7b-416b-a734-7f940d820364","local_time":"20210208231949","is_ascension_mode":false,"campfire_choices":[{"floor":8,"key":"REST"},{"data":"SashWhip","floor":15,"key":"SMITH"},{"data":"Eruption","floor":23,"key":"SMITH"}],"circlet_count":0,"master_deck":["Strike_P","Strike_P","Strike_P+1","Strike_P","Defend_P","Defend_P+1","Eruption+1","Vigilance","Swivel","ClearTheMind+1","Prostrate+1","Prostrate","Evaluate","Prostrate","SashWhip+1","WindmillStrike+1","Indignation","LessonLearned","Study+1","CrushJoints","Conclude","Perseverance","Crescendo+1"],"relics":["PureWater","Matryoshka","MealTicket","Toy Ornithopter","Centennial Puzzle","Sozu","StoneCalendar","Blood Vial","Juzu Bracelet"],"acts_visited":["Exordium","TheCity"],"potions_floor_usage":[0,6,6,16,18,18],"damage_taken":[{"damage":17,"enemies":"Jaw Worm","floor":1,"turns":4},{"damage":4,"enemies":"Cultist","floor":3,"turns":5},{"damage":8,"enemies":"2 Louse","floor":4,"turns":3},{"damage":23,"enemies":"3 Sentries","floor":6,"turns":6},{"damage":5,"enemies":"Large Slime","floor":7,"turns":9},{"damage":4,"enemies":"2 Fungi Beasts","floor":11,"turns":4},{"damage":8,"enemies":"Blue Slaver","floor":14,"turns":5},{"damage":29,"enemies":"Hexaghost","floor":16,"turns":6},{"damage":19,"enemies":"3 Byrds","floor":18,"turns":6},{"damage":1,"enemies":"Shell Parasite","floor":20,"turns":3},{"damage":65,"enemies":"Slavers","floor":24,"turns":4},{"damage":13,"enemies":"Shelled Parasite and Fungi","floor":25,"turns":5},{"damage":27,"enemies":"Cultist and Chosen","floor":28,"turns":4}],"seed_played":"1905292702742654134","potions_obtained":[{"floor":0,"key":"Fruit Juice"},{"floor":0,"key":"AttackPotion"},{"floor":0,"key":"Energy Potion"},{"floor":3,"key":"ColorlessPotion"},{"floor":7,"key":"AttackPotion"},{"floor":14,"key":"LiquidMemories"}],"is_trial":false,"path_per_floor":["M","?","M","M","?","E","M","R","T","$","M","?","?","M","R","B",null,"M","$","M","?","?","R","E","M","T","$","M"],"character_chosen":"WATCHER","items_purchased":["Prostrate","Centennial Puzzle","SashWhip","CrushJoints"],"campfire_rested":1,"item_purchase_floors":[10,10,10,19],"current_hp_per_floor":[60,60,56,48,33,10,5,28,28,43,39,64,77,69,69,45,77,68,77,76,62,82,82,17,4,4,19,0,0],"gold":112,"neow_bonus":"THREE_SMALL_POTIONS","is_daily":false,"chose_seed":false,"campfire_upgraded":2,"win_rate":0.0,"timestamp":1612844389,"path_taken":["M","?","M","?","?","E","M","R","T","$","M","?","?","M","R","BOSS","M","$","M","?","?","R","E","M","T","?","M"],"items_purchased_type":["Card","Relic","Card","Card"],"build_version":"2020-12-22","purchased_purges":2,"victory":false,"max_hp_per_floor":[77,77,77,77,77,77,77,77,77,77,77,77,77,77,77,77,77,77,77,77,82,82,82,82,82,82,82,82,82],"card_choices":[{"not_picked":["Protect","Collect"],"picked":"Swivel","floor":1},{"not_picked":["SashWhip","ThirdEye"],"picked":"ClearTheMind","floor":3},{"not_picked":["Ragnarok","CutThroughFate"],"picked":"Prostrate","floor":4},{"not_picked":["Weave","Crescendo"],"picked":"Prostrate","floor":6},{"not_picked":["Halt","ClearTheMind"],"picked":"Evaluate","floor":7},{"not_picked":["CutThroughFate","SashWhip"],"picked":"WindmillStrike","floor":11},{"not_picked":["Halt","BowlingBash"],"picked":"Indignation","floor":14},{"not_picked":["Wish","MasterReality"],"picked":"LessonLearned","floor":16},{"not_picked":["JustLucky","FlyingSleeves"],"picked":"Study+1","floor":18},{"not_picked":["EmptyMind","Crescendo"],"picked":"Conclude","floor":20},{"not_picked":["Wireheading","CrushJoints"],"picked":"Perseverance","floor":24},{"not_picked":["Evaluate+1","WaveOfTheHand"],"picked":"Crescendo+1","floor":25}],"player_experience":176875,"relics_obtained":[{"floor":6,"key":"Matryoshka"},{"floor":9,"key":"MealTicket"},{"floor":9,"key":"Toy Ornithopter"},{"floor":24,"key":"StoneCalendar"},{"floor":26,"key":"Blood Vial"},{"floor":26,"key":"Juzu Bracelet"}],"event_choices":[{"damage_healed":0,"gold_gain":100,"player_choice":"Gold","damage_taken":0,"max_hp_gain":0,"max_hp_loss":0,"event_name":"Wheel of Change","floor":2,"gold_loss":0},{"damage_healed":0,"gold_gain":0,"player_choice":"Entered Light","damage_taken":15,"max_hp_gain":0,"max_hp_loss":0,"event_name":"Shining Light","floor":5,"gold_loss":0,"cards_upgraded":["Defend_P","Prostrate"]},{"damage_healed":25,"gold_gain":0,"player_choice":"Banana","damage_taken":0,"max_hp_gain":0,"max_hp_loss":0,"event_name":"Big Fish","floor":12,"gold_loss":0},{"damage_healed":19,"gold_gain":0,"player_choice":"Healed","damage_taken":0,"max_hp_gain":0,"max_hp_loss":0,"event_name":"The Cleric","floor":13,"gold_loss":35},{"damage_healed":0,"gold_gain":0,"player_choice":"Shed Blood","damage_taken":19,"max_hp_gain":5,"max_hp_loss":0,"event_name":"Forgotten Altar","floor":21,"gold_loss":0},{"damage_healed":27,"gold_gain":0,"player_choice":"Heal","damage_taken":0,"max_hp_gain":0,"max_hp_loss":0,"event_name":"The Library","floor":22,"gold_loss":0}],"is_beta":false,"boss_relics":[{"not_picked":["bronze:MakeshiftBattery","Coffee Dripper"],"picked":"Sozu"}],"items_purged_floors":[10,19],"is_endless":false,"potions_floor_spawned":[3,7,14,18,24],"killed_by":"Cultist and Chosen","ascension_level":0}}