{"host":"8fs888ktgs0nww02","time":1612878238,"event":{"mods":["ATMod(阿瑾Mod)","Aspiration","BaseMod","Better-Laid Plans","Colored Powertips","Minty Spire (QoL Compilation)","Relic Filter","Remove Card Discount Mod","Shop Mod","StSLib","TestMod","noobMod","残留之物","篝火指南"],"gold_per_floor":[112,112,75,88,103,138,138],"floor_reached":6,"language":"ZHS","playtime":281,"items_purged":[],"score":46,"play_id":"ebf30305-74e0-47c7-8a50-8980d4a39467","local_time":"20210209214358","is_ascension_mode":false,"campfire_choices":[],"circlet_count":0,"master_deck":["PlaceholderMod:BaseStrike","PlaceholderMod:BaseStrike","PlaceholderMod:BaseStrike","PlaceholderMod:BaseStrike","PlaceholderMod:BaseStrike","PlaceholderMod:BaseDefend","PlaceholderMod:BaseDefend","PlaceholderMod:BaseDefend","PlaceholderMod:BaseDefend","PlaceholderMod:BaseDefend","PlaceholderMod:Crystal","PlaceholderMod:PoisonWhip","AT_FamilyPortrait+1","PlaceholderMod:AttackAsDefend","PlaceholderMod:EvolutionSpray","PlaceholderMod:ChainPoly","PlaceholderMod:Sweep","PlaceholderMod:StressReaction"],"relics":["PlaceholderMod:Tancle","ice","testmod-TestBox","AT_ATBox","testmod-InfectionSource","Tiny Chest"],"acts_visited":["Exordium"],"potions_floor_usage":[],"damage_taken":[{"damage":0,"enemies":"2 Louse","floor":1,"turns":2},{"damage":5,"enemies":"Jaw Worm","floor":4,"turns":4},{"damage":4,"enemies":"Small Slimes","floor":5,"turns":4},{"damage":26,"enemies":"3 Sentries","floor":6,"turns":8}],"seed_played":"-2019183206230771834","potions_obtained":[{"floor":1,"key":"Swift Potion"},{"floor":6,"key":"BlessingOfTheForge"}],"is_trial":false,"path_per_floor":["M","?","$","M","M","E"],"character_chosen":"THE_PLACEHOLDER","items_purchased":["PlaceholderMod:EvolutionSpray"],"campfire_rested":0,"item_purchase_floors":[3],"current_hp_per_floor":[85,85,85,80,76,50,50],"gold":138,"neow_bonus":"TEN_PERCENT_HP_BONUS","is_daily":false,"chose_seed":false,"campfire_upgraded":0,"win_rate":0.0,"timestamp":1612878238,"path_taken":["M","?","$","M","M","E"],"items_purchased_type":["Card"],"build_version":"2020-12-22","purchased_purges":0,"victory":false,"max_hp_per_floor":[85,85,85,85,85,85,85],"card_choices":[{"not_picked":["PlaceholderMod:NutritionAbsorb","PlaceholderMod:HardStinger"],"picked":"PlaceholderMod:AttackAsDefend","floor":1},{"not_picked":["PlaceholderMod:InnerStable","PlaceholderMod:SubstitutionNucleophilic1"],"picked":"PlaceholderMod:ChainPoly","floor":4},{"not_picked":["PlaceholderMod:HornyBlast","PlaceholderMod:SevereHeat"],"picked":"PlaceholderMod:Sweep","floor":5},{"not_picked":["PlaceholderMod:ProliferateStrike","PlaceholderMod:TriggerStrike"],"picked":"PlaceholderMod:StressReaction","floor":6}],"player_experience":22970,"relics_obtained":[{"floor":6,"key":"Tiny Chest"}],"event_choices":[{"damage_healed":0,"gold_gain":0,"player_choice":"Grow","damage_taken":0,"max_hp_gain":0,"max_hp_loss":0,"event_name":"Living Wall","floor":2,"gold_loss":0,"cards_upgraded":["AT_FamilyPortrait"]}],"is_beta":false,"boss_relics":[],"items_purged_floors":[],"is_endless":false,"potions_floor_spawned":[1,6],"killed_by":"3 Sentries","ascension_level":0}}