{"host":"2pmmafybkq7zb6na","time":1612860655,"event":{"mods":["AchievementEnabler","BaseMod","Colored Map","Highlight Path","Keyboard Shortcuts","Minty Spire (QoL Compilation)","Quick Restart","StSLib","SuperFastMode"],"gold_per_floor":[117,127,0,13,23,23,51,68,68,68,95,106,106,106,106,106,106],"floor_reached":16,"language":"KOR","playtime":652,"items_purged":["Strike_G"],"score":118,"play_id":"d193550f-f0bd-40b6-84ae-0afbac090320","local_time":"20210209175055","is_ascension_mode":true,"campfire_choices":[{"data":"Neutralize","floor":6,"key":"SMITH"},{"data":"Backflip","floor":10,"key":"SMITH"},{"data":"Survivor","floor":13,"key":"SMITH"},{"data":"Underhanded Strike","floor":15,"key":"SMITH"}],"circlet_count":0,"master_deck":["Strike_G","Strike_G","Strike_G","Strike_G","Defend_G","Defend_G","Defend_G","Defend_G","Defend_G","Survivor+1","Neutralize+1","Sadistic Nature","Backflip+1","All Out Attack","Acrobatics","Escape Plan","Underhanded Strike+1","Cloak And Dagger"],"relics":["Ring of the Snake","Gambling Chip","Pear","The Courier"],"acts_visited":["Exordium"],"potions_floor_usage":[7,7,11],"damage_taken":[{"damage":1,"enemies":"Cultist","floor":1,"turns":4},{"damage":3,"enemies":"Jaw Worm","floor":2,"turns":4},{"damage":0,"enemies":"Small Slimes","floor":4,"turns":3},{"damage":2,"enemies":"3 Louse","floor":5,"turns":3},{"damage":8,"enemies":"Gremlin Nob","floor":7,"turns":3},{"damage":5,"enemies":"Gremlin Gang","floor":8,"turns":3},{"damage":13,"enemies":"3 Sentries","floor":11,"turns":6},{"damage":0,"enemies":"Lots of Slimes","floor":12,"turns":2},{"damage":36,"enemies":"The Guardian","floor":16,"turns":19}],"seed_played":"-139254439625187498","potions_obtained":[{"floor":1,"key":"CunningPotion"},{"floor":4,"key":"Strength Potion"},{"floor":7,"key":"BlessingOfTheForge"},{"floor":11,"key":"SmokeBomb"}],"is_trial":false,"path_per_floor":["M","M","$","M","M","R","E","M","T","R","E","M","R","?","R","B"],"character_chosen":"THE_SILENT","items_purchased":["Acrobatics"],"campfire_rested":0,"item_purchase_floors":[3],"current_hp_per_floor":[62,59,59,59,57,57,49,44,54,54,41,41,41,46,46,10,10],"gold":106,"neow_bonus":"RANDOM_COLORLESS_2","is_daily":false,"chose_seed":false,"campfire_upgraded":4,"win_rate":0.0,"timestamp":1612860655,"path_taken":["M","?","$","M","M","R","E","M","T","R","E","M","R","?","R","BOSS"],"items_purchased_type":["Card"],"build_version":"2020-12-22","purchased_purges":1,"victory":false,"max_hp_per_floor":[63,63,63,63,63,63,63,63,73,73,73,73,73,78,78,78,78],"card_choices":[{"not_picked":["Master of Strategy","Secret Technique"],"picked":"Sadistic Nature","floor":0},{"not_picked":["Blur","Underhanded Strike"],"picked":"Backflip","floor":1},{"not_picked":["Flying Knee","Dagger Throw"],"picked":"All Out Attack","floor":2},{"not_picked":["Acrobatics","Quick Slash","Riddle With Holes"],"picked":"SKIP","floor":4},{"not_picked":["Finisher","Riddle With Holes"],"picked":"Escape Plan","floor":5},{"not_picked":["Noxious Fumes","Bane"],"picked":"Underhanded Strike","floor":7},{"not_picked":["Predator","Flechettes","Backstab"],"picked":"SKIP","floor":8},{"not_picked":["Dodge and Roll","Finisher","Slice"],"picked":"SKIP","floor":11},{"not_picked":["Infinite Blades","Flechettes"],"picked":"Cloak And Dagger","floor":12}],"player_experience":120945,"relics_obtained":[{"floor":7,"key":"Gambling Chip"},{"floor":9,"key":"Pear"},{"floor":11,"key":"The Courier"}],"event_choices":[{"damage_healed":0,"gold_gain":0,"player_choice":"Donut","damage_taken":0,"max_hp_gain":5,"max_hp_loss":0,"event_name":"Big Fish","floor":14,"gold_loss":0}],"is_beta":false,"boss_relics":[],"items_purged_floors":[3],"is_endless":false,"potions_floor_spawned":[1,4,7,11],"killed_by":"The Guardian","ascension_level":1}}