{"host":"vflj39ie5n27t074","time":1612862210,"event":{"mods":["BaseMod","BetterRewards","Bossed Relics","Colored Map","Colored Powertips","Downfall","Hubris","Infinite Spire","Marisa????????","Minty Spire (QoL Compilation)","Replay The Spire","SIMod","StSLib","The Bug Knight","The Jungle","The Mystic","The Servant 0.9.4"],"gold_per_floor":[119,138,138,157,157,157,187,187,214,32,46,46,60,60,60,162,162,174,174,174,189,199,229,242,242,242,265,278,70,70,84,84,84,84],"floor_reached":33,"language":"ENG","playtime":2066,"items_purged":["RashStunts"],"score":330,"play_id":"a35f8483-301d-4ec9-a2d3-3313380479eb","local_time":"20210209031650","is_ascension_mode":true,"campfire_choices":[{"data":"infinitespire:SevenWalls","floor":6,"key":"SMITH"},{"data":"AlloutStrike","floor":8,"key":"SMITH"},{"data":"CleanLibrary","floor":15,"key":"SMITH"},{"data":"Boundary","floor":25,"key":"SMITH"},{"data":"Winterwrapup","floor":32,"key":"SMITH"}],"circlet_count":0,"master_deck":["Defend_TS","Defend_PP","Defend_FS","Defend_AJ","ConcertedEfforts","HarmonyShield","Return_To_Past","Charge","FarmExpert","AppleFever","ThrowingApples","PartyTime","infinitespire:SevenWalls+1","CleanLibrary+1","AlloutStrike+1","infinitespire:SevenWalls+1","Anxiousness","BehindTheScene","CheerUp","AlloutStrike","Overwhelming","RunningOfTheLeaves","AlloutStrike","Bite","Bite","Bite","Bite","Bite","RunningOfTheLeaves","AllByMyself+1","Boundary+1","ThunderCloud+1","Winterwrapup+1","Lasso+1","AppleFeast","AllByMyself","Lasso+1"],"relics":["The_element_of_harmony","Oddly Smooth Stone","Potion Belt","DollysMirror","Tiny Chest","Pyrelight","hubris:ScarierMask","sneckomod:BabySnecko","Boot","MealTicket","Bronze Scales"],"acts_visited":["Exordium","TheCity"],"potions_floor_usage":[],"damage_taken":[{"damage":9,"enemies":"Small Slimes","floor":1,"turns":4},{"damage":2,"enemies":"Jaw Worm","floor":2,"turns":6},{"damage":7,"enemies":"2 Louse","floor":4,"turns":4},{"damage":4,"enemies":"Lagavulin","floor":7,"turns":10},{"damage":0,"enemies":"Exordium Thugs","floor":11,"turns":6},{"damage":0,"enemies":"Red Slaver","floor":13,"turns":5},{"damage":11,"enemies":"Hexaghost","floor":16,"turns":13},{"damage":22,"enemies":"Spheric Guardian","floor":18,"turns":6},{"damage":3,"enemies":"Chosen","floor":21,"turns":5},{"damage":13,"enemies":"Snecko","floor":22,"turns":6},{"damage":13,"enemies":"Slavers","floor":23,"turns":6},{"damage":9,"enemies":"Centurion and Healer","floor":24,"turns":4},{"damage":12,"enemies":"Shelled Parasite and Fungi","floor":28,"turns":6},{"damage":0,"enemies":"Sentry and Sphere","floor":31,"turns":1},{"damage":58,"enemies":"Automaton","floor":33,"turns":6}],"seed_played":"5192567978506790576","potions_obtained":[{"floor":1,"key":"Regen Potion"},{"floor":4,"key":"Weak Potion"},{"floor":11,"key":"Dexterity Potion"},{"floor":18,"key":"Regen Potion"},{"floor":21,"key":"Swift Potion"}],"is_trial":false,"path_per_floor":["M","M","?","M","?","R","E","R","T","$","M","T","M","?","R","B",null,"M","?","?","M","M","E","M","R","T","T","M","$","?","M","R","B"],"character_chosen":"TWI_CLASS","items_purchased":["DollysMirror","Anxiousness","AppleFeast","AllByMyself"],"campfire_rested":0,"item_purchase_floors":[10,10,29,29],"current_hp_per_floor":[73,71,71,64,44,44,40,40,40,40,40,40,40,40,40,29,82,60,60,57,57,44,35,30,30,30,30,26,41,41,41,41,0,0],"gold":84,"neow_bonus":"THREE_CARDS","is_daily":false,"chose_seed":false,"campfire_upgraded":5,"win_rate":0.0,"timestamp":1612862210,"path_taken":["M","M","?","M","?","R","E","R","T","?","?","?","M","?","R","BOSS","M","?","?","M","M","E","M","R","T","?","M","$","?","M","R","BOSS"],"items_purchased_type":["Relic","Card","Card","Card"],"build_version":"2020-12-22","purchased_purges":1,"victory":false,"max_hp_per_floor":[82,82,82,82,82,82,82,82,82,82,82,82,82,82,82,82,82,82,82,57,57,57,57,57,57,57,57,57,57,57,57,57,57,57],"card_choices":[{"not_picked":["AppleFeast","FarmExpert"],"picked":"Return_To_Past","floor":0},{"not_picked":["ThunderCloud"],"picked":"Charge","floor":1},{"not_picked":["ServeMeal"],"picked":"FarmExpert","floor":1},{"not_picked":["Celebrities"],"picked":"RashStunts","floor":2},{"not_picked":["Celebrities"],"picked":"AppleFever","floor":2},{"not_picked":["Boundary"],"picked":"ThrowingApples","floor":4},{"not_picked":["Magictrain"],"picked":"PartyTime","floor":4},{"not_picked":["infinitespire:Execution","hubris:Rewind"],"picked":"infinitespire:SevenWalls","floor":5},{"not_picked":["GemstoneDetection"],"picked":"CleanLibrary","floor":7},{"not_picked":["AppleFever"],"picked":"AlloutStrike","floor":7},{"not_picked":["HideCarefully"],"picked":"BehindTheScene","floor":11},{"not_picked":["HarmonyForm"],"picked":"CheerUp","floor":11},{"not_picked":["BehindTheScene"],"picked":"AlloutStrike","floor":13},{"not_picked":["RashStunts","ThunderCloud"],"picked":"SKIP","floor":13},{"not_picked":["MessyAndOrderly"],"picked":"Overwhelming","floor":16},{"not_picked":["Charge"],"picked":"RunningOfTheLeaves","floor":18},{"not_picked":["FriendOfNature"],"picked":"AlloutStrike","floor":18},{"not_picked":["ThrowingApples"],"picked":"RunningOfTheLeaves","floor":21},{"not_picked":["AppleFever+1"],"picked":"AllByMyself+1","floor":21},{"not_picked":["KillingWithKindness","ISayNo"],"picked":"SKIP","floor":22},{"not_picked":["Perfectionism","RunningOfTheLeaves"],"picked":"SKIP","floor":22},{"not_picked":["CleanLibrary+1"],"picked":"Boundary","floor":23},{"not_picked":["RashStunts"],"picked":"ThunderCloud+1","floor":23},{"not_picked":["Magictrain","BatchProduction"],"picked":"SKIP","floor":24},{"not_picked":["HideCarefully","KillingWithKindness"],"picked":"SKIP","floor":24},{"not_picked":["TenInstruments"],"picked":"Winterwrapup","floor":28},{"not_picked":["MirrorLake"],"picked":"Lasso+1","floor":28},{"not_picked":["FriendOfNature"],"picked":"Lasso+1","floor":31},{"not_picked":["Charge","Mischief"],"picked":"SKIP","floor":31}],"player_experience":123737,"relics_obtained":[{"floor":7,"key":"Oddly Smooth Stone"},{"floor":9,"key":"Potion Belt"},{"floor":12,"key":"Tiny Chest"},{"floor":23,"key":"Boot"},{"floor":26,"key":"MealTicket"},{"floor":27,"key":"Bronze Scales"}],"event_choices":[{"damage_healed":0,"gold_gain":0,"player_choice":"Became a vampire","damage_taken":0,"max_hp_gain":0,"max_hp_loss":25,"event_name":"Vampires","floor":20,"gold_loss":0,"cards_obtained":["Bite","Bite","Bite","Bite","Bite"]},{"cards_removed":["downfall:Bewildered"],"damage_healed":0,"gold_gain":0,"player_choice":"Purged","damage_taken":0,"max_hp_gain":0,"max_hp_loss":0,"event_name":"Purifier","floor":30,"gold_loss":0}],"is_beta":false,"boss_relics":[{"not_picked":["SlaversCollar","Replay:Fungal Core"],"picked":"hubris:ScarierMask"}],"items_purged_floors":[29],"is_endless":false,"potions_floor_spawned":[1,4,11,18,21],"killed_by":"Automaton","ascension_level":1}}