{"host":"jlk2k69f9c6o7b3e","time":1612886364,"event":{"mods":["AchievementEnabler","BaseMod","Minty Spire (QoL Compilation)","StSLib"],"gold_per_floor":[116,116,135,147,97,127,402,432,485,517,101,131,146,156,156,254,254,269,22,47,61,72,103,103,138,138,149,149,149,183,183,183,282,282,299,312,323,339,27,27,62,112,112,112,142,142,175,175,175,175,175,175,21,52,52],"floor_reached":56,"language":"ZHS","playtime":4560,"items_purged":["Strike_R","Strike_R"],"score":1705,"play_id":"37a8947e-1a22-4916-9c32-bd575c37064e","local_time":"20210209235924","is_ascension_mode":true,"campfire_choices":[{"data":"Mayhem","floor":15.0,"key":"SMITH"},{"data":"Brutality","floor":24.0,"key":"SMITH"},{"data":"Berserk","floor":28.0,"key":"SMITH"},{"floor":32,"key":"REST"},{"data":"Juggernaut","floor":40,"key":"SMITH"},{"floor":44,"key":"RECALL"},{"data":"Fiend Fire","floor":49,"key":"SMITH"},{"data":"Master of Strategy","floor":52,"key":"SMITH"}],"circlet_count":0,"master_deck":["Strike_R","Strike_R","Defend_R","Defend_R","Defend_R+1","Bash","Feel No Pain","Power Through+1","Havoc","Pommel Strike","Regret","Bludgeon","Impervious","Mayhem+1","Feel No Pain","Iron Wave","Battle Trance","Berserk+1","Clothesline+1","Parasite","Body Slam+1","True Grit","Brutality+1","Body Slam+1","Shame","Writhe","Body Slam+1","Enlightenment","Entrench","Offering","Fire Breathing+1","Juggernaut+1","CurseOfTheBell","Infernal Blade+1","Entrench+1","Master of Strategy+1","Exhume+1","Armaments+1","Injury","Blood for Blood+1","Fiend Fire+1","Normality","Feel No Pain","Flame Barrier+1","Fiend Fire"],"relics":["Black Star","PreservedInsect","Blue Candle","Sundial","White Beast Statue","War Paint","Boot","Strawberry","Blood Vial","Lantern","Dream Catcher","Happy Flower","Cursed Key","Gremlin Horn","Bag of Preparation","HornCleat","Mercury Hourglass","Regal Pillow","Red Skull","FossilizedHelix","Tiny Chest","InkBottle","Bag of Marbles","Calling Bell","Toy Ornithopter","Darkstone Periapt","Gambling Chip","HandDrill","Toxic Egg 2","Thread and Needle","Ice Cream","Self Forming Clay","Dead Branch","Paper Frog","Smiling Mask","Magic Flower","Vajra","Torii"],"acts_visited":["Exordium","TheCity","TheBeyond","TheEnding"],"potions_floor_usage":[33,37,41,45,50,54,55,55],"damage_taken":[{"damage":1.0,"enemies":"Cultist","floor":1.0,"turns":3.0},{"damage":0.0,"enemies":"Small Slimes","floor":3.0,"turns":5.0},{"damage":7.0,"enemies":"2 Louse","floor":4.0,"turns":3.0},{"damage":15.0,"enemies":"Gremlin Nob","floor":6.0,"turns":4.0},{"damage":14.0,"enemies":"Lagavulin","floor":8.0,"turns":7.0},{"damage":19.0,"enemies":"3 Sentries","floor":10.0,"turns":4.0},{"damage":3.0,"enemies":"Lagavulin","floor":12.0,"turns":7.0},{"damage":1.0,"enemies":"Large Slime","floor":13.0,"turns":2.0},{"damage":6.0,"enemies":"Red Slaver","floor":14.0,"turns":3.0},{"damage":7.0,"enemies":"Hexaghost","floor":16.0,"turns":8.0},{"damage":14.0,"enemies":"2 Thieves","floor":18.0,"turns":4.0},{"damage":2.0,"enemies":"Spheric Guardian","floor":21.0,"turns":4.0},{"damage":15.0,"enemies":"Shelled Parasite and Fungi","floor":22.0,"turns":4.0},{"damage":2.0,"enemies":"Gremlin Leader","floor":23.0,"turns":5.0},{"damage":13.0,"enemies":"Book of Stabbing","floor":25.0,"turns":3.0},{"damage":11.0,"enemies":"Chosen and Byrds","floor":27.0,"turns":4.0},{"damage":8.0,"enemies":"Slavers","floor":30.0,"turns":4.0},{"damage":23,"enemies":"Automaton","floor":33,"turns":8},{"damage":11,"enemies":"3 Darklings","floor":35,"turns":3},{"damage":2,"enemies":"Orb Walker","floor":36,"turns":3},{"damage":6,"enemies":"Sphere and 2 Shapes","floor":37,"turns":2},{"damage":13,"enemies":"Maw","floor":38,"turns":5},{"damage":10,"enemies":"Reptomancer","floor":41,"turns":5},{"damage":6,"enemies":"Mind Bloom Boss Battle","floor":42,"turns":3},{"damage":6,"enemies":"Giant Head","floor":45,"turns":4},{"damage":6,"enemies":"Reptomancer","floor":47,"turns":1},{"damage":49,"enemies":"Time Eater","floor":50,"turns":4},{"damage":4,"enemies":"Shield and Spear","floor":54,"turns":3},{"damage":29,"enemies":"The Heart","floor":55,"turns":6}],"seed_played":"4027770625284775328","potions_obtained":[{"floor":1.0,"key":"SkillPotion"},{"floor":8.0,"key":"SteroidPotion"},{"floor":10.0,"key":"SteroidPotion"},{"floor":12.0,"key":"Weak Potion"},{"floor":13.0,"key":"HeartOfIron"},{"floor":14.0,"key":"FearPotion"},{"floor":16.0,"key":"ColorlessPotion"},{"floor":18.0,"key":"EssenceOfSteel"},{"floor":21.0,"key":"Ancient Potion"},{"floor":22.0,"key":"FearPotion"},{"floor":23.0,"key":"SpeedPotion"},{"floor":25.0,"key":"BloodPotion"},{"floor":27.0,"key":"Fruit Juice"},{"floor":30.0,"key":"Fire Potion"},{"floor":33,"key":"SpeedPotion"},{"floor":35,"key":"FearPotion"},{"floor":36,"key":"AttackPotion"},{"floor":37,"key":"PowerPotion"},{"floor":38,"key":"SkillPotion"},{"floor":41,"key":"Energy Potion"},{"floor":42,"key":"Weak Potion"},{"floor":45,"key":"Regen Potion"},{"floor":54,"key":"HeartOfIron"}],"is_trial":false,"path_per_floor":["M","T","M","M","?","E","?","E","T","E","$","E","M","M","R","B",null,"M","$","T","M","M","E","R","E","T","M","R","?","E","?","R","B",null,"M","M","M","M","$","R","E","?","T","R","E","?","E","T","R","B",null,"R","$","E","B",null],"character_chosen":"IRONCLAD","items_purchased":["Lantern","Mayhem","Gremlin Horn","Master of Strategy","HandDrill","Feel No Pain","Flame Barrier+1"],"campfire_rested":1,"item_purchase_floors":[11,11,19,39,39,53,53],"current_hp_per_floor":[79,79,79,72,72,57,57,43,43,31,31,30,31,27,27,22,87,73,73,73,73,60,60,60,49,49,57,57,57,51,51,87,69,92,81,81,82,71,71,71,68,64,70,70,71,71,67,73,73,35,104,104,104,100,83],"gold":52,"neow_bonus":"BOSS_RELIC","is_daily":false,"chose_seed":false,"campfire_upgraded":6,"win_rate":0.0,"timestamp":1612886364,"path_taken":["M","?","M","?","?","E","?","E","T","E","$","E","M","M","R","BOSS","M","$","?","M","M","E","R","E","T","M","R","?","E","?","R","BOSS","M","M","M","M","$","R","E","?","T","R","E","?","E","?","R","BOSS","R","$","E","BOSS"],"items_purchased_type":["Relic","Card","Relic","Card","Relic","Card","Card"],"build_version":"2020-12-22","purchased_purges":2,"victory":true,"max_hp_per_floor":[80,80,80,80,80,80,80,80,80,87,87,87,87,87,87,87,87,87,87,87,87,87,87,87,87,87,87,87,87,87,87,87,92,92,92,92,92,92,92,92,92,92,98,98,98,98,98,104,104,104,104,104,104,104,104],"card_choices":[{"not_picked":["Perfected Strike","Combust"],"picked":"Feel No Pain","floor":1.0},{"not_picked":["Havoc","Sword Boomerang"],"picked":"Power Through","floor":3.0},{"not_picked":["Clothesline","Shrug It Off"],"picked":"Havoc","floor":4.0},{"not_picked":["Thunderclap","Limit Break"],"picked":"Pommel Strike","floor":6.0},{"not_picked":["Shrug It Off","Blood for Blood"],"picked":"Bludgeon","floor":8.0},{"not_picked":["Headbutt","Combust"],"picked":"Impervious","floor":10.0},{"not_picked":["Seeing Red","Clothesline"],"picked":"Feel No Pain","floor":12.0},{"not_picked":["Thunderclap","Flex"],"picked":"Iron Wave","floor":13.0},{"not_picked":["Warcry","Wild Strike"],"picked":"Battle Trance","floor":14.0},{"not_picked":["Feed","Exhume"],"picked":"Berserk","floor":16.0},{"not_picked":["Shrug It Off","Headbutt"],"picked":"Clothesline+1","floor":18.0},{"not_picked":["Thunderclap","Flex+1"],"picked":"Body Slam+1","floor":21.0},{"not_picked":["Sword Boomerang","Twin Strike+1"],"picked":"True Grit","floor":22.0},{"not_picked":["Clothesline","Sword Boomerang"],"picked":"Brutality","floor":23.0},{"not_picked":["Twin Strike","Sword Boomerang"],"picked":"Body Slam+1","floor":25.0},{"not_picked":["Flex+1","Heavy Blade","Iron Wave"],"picked":"SKIP","floor":27.0},{"not_picked":["Perfected Strike+1","Rage"],"picked":"Body Slam+1","floor":30.0},{"not_picked":["Warcry","Shrug It Off+1"],"picked":"Fire Breathing+1","floor":32},{"not_picked":["Feed","Berserk"],"picked":"Juggernaut","floor":33},{"not_picked":["Clash","Spot Weakness+1","Shrug It Off"],"picked":"SKIP","floor":35},{"not_picked":["Perfected Strike","True Grit+1","Anger+1"],"picked":"SKIP","floor":36},{"not_picked":["Carnage+1","Iron Wave"],"picked":"Infernal Blade+1","floor":37},{"not_picked":["Warcry","Rage+1"],"picked":"Entrench+1","floor":38},{"not_picked":["Seeing Red+1","Wild Strike+1"],"picked":"Exhume+1","floor":41},{"not_picked":["Wild Strike","Pommel Strike"],"picked":"Armaments+1","floor":42},{"not_picked":["Perfected Strike+1","Cleave+1"],"picked":"Blood for Blood+1","floor":45},{"not_picked":["Clothesline","Berserk"],"picked":"Fiend Fire","floor":47},{"not_picked":["Ghostly Armor+1","Whirlwind+1"],"picked":"Fiend Fire","floor":54}],"player_experience":378706,"relics_obtained":[{"floor":2.0,"key":"PreservedInsect"},{"floor":6.0,"key":"Blue Candle"},{"floor":6.0,"key":"Sundial"},{"floor":8.0,"key":"White Beast Statue"},{"floor":8.0,"key":"War Paint"},{"floor":9.0,"key":"Boot"},{"floor":10.0,"key":"Strawberry"},{"floor":10.0,"key":"Blood Vial"},{"floor":12.0,"key":"Dream Catcher"},{"floor":12.0,"key":"Happy Flower"},{"floor":20.0,"key":"Bag of Preparation"},{"floor":23.0,"key":"HornCleat"},{"floor":23.0,"key":"Mercury Hourglass"},{"floor":25.0,"key":"Regal Pillow"},{"floor":25.0,"key":"Red Skull"},{"floor":26.0,"key":"FossilizedHelix"},{"floor":30.0,"key":"InkBottle"},{"floor":30.0,"key":"Bag of Marbles"},{"floor":34,"key":"Toy Ornithopter"},{"floor":34,"key":"Darkstone Periapt"},{"floor":34,"key":"Gambling Chip"},{"floor":41,"key":"Toxic Egg 2"},{"floor":41,"key":"Thread and Needle"},{"floor":42,"key":"Ice Cream"},{"floor":45,"key":"Self Forming Clay"},{"floor":45,"key":"Dead Branch"},{"floor":47,"key":"Paper Frog"},{"floor":47,"key":"Smiling Mask"},{"floor":48,"key":"Magic Flower"},{"floor":54,"key":"Vajra"},{"floor":54,"key":"Torii"}],"event_choices":[{"cards_removed":["Defend_R"],"damage_healed":0.0,"max_hp_gain":0.0,"max_hp_loss":0.0,"gold_gain":0.0,"event_name":"The Cleric","player_choice":"Card Removal","floor":5.0,"gold_loss":50.0,"damage_taken":0.0},{"damage_healed":0.0,"max_hp_gain":0.0,"max_hp_loss":0.0,"gold_gain":275.0,"event_name":"Golden Shrine","player_choice":"Desecrate","floor":7.0,"gold_loss":0.0,"damage_taken":0.0,"cards_obtained":["Regret"]},{"damage_healed":0.0,"max_hp_gain":0.0,"max_hp_loss":0.0,"gold_gain":0.0,"event_name":"The Mausoleum","player_choice":"Opened","floor":29.0,"gold_loss":0.0,"damage_taken":0.0,"relics_obtained":["Tiny Chest"],"cards_obtained":["Writhe"]},{"damage_healed":0,"gold_gain":0,"player_choice":"3 cards matched","damage_taken":0,"max_hp_gain":0,"max_hp_loss":0,"event_name":"Match and Keep!","floor":31,"gold_loss":0,"cards_obtained":["Enlightenment","Entrench","Offering"]},{"damage_healed":0,"gold_gain":0,"player_choice":"Fight","damage_taken":0,"max_hp_gain":0,"max_hp_loss":0,"event_name":"MindBloom","floor":42,"gold_loss":0},{"cards_removed":["Strike_R"],"damage_healed":0,"gold_gain":0,"player_choice":"Removed Attack","damage_taken":0,"max_hp_gain":0,"max_hp_loss":0,"event_name":"Falling","floor":46,"gold_loss":0}],"is_beta":false,"boss_relics":[{"not_picked":["Mark of Pain","Philosopher\u0027s Stone"],"picked":"Cursed Key"},{"not_picked":["Tiny House","Astrolabe"],"picked":"Calling Bell"}],"items_purged_floors":[11,53],"is_endless":false,"potions_floor_spawned":[1,8,10,12,13,14,16,18,21,22,23,25,27,30,33,35,36,37,38,41,42,45,47,54],"ascension_level":1}}