{"host":"jpcy2bclvs7juczu","time":1612831524,"event":{"mods":["Alarm Clock","BaseMod","Bestiary","Block Reminder","Colored Map","Colored Powertips","Current Relic Mod","Curses Come First","Dark Map","Filter the Spire","Minty Spire (QoL Compilation)","Quick Restart","RNG Fix","Relic Stats","Slay the Relics Exporter","Smile Girya","StSLib","everything is the same but u backflip on backflip","ojb\u0027s Better Paths Mod","ojb\u0027s Info Mod","slay the spire mod where everything is the same but ironclad has a cowboy hat"],"gold_per_floor":[114,127,52,70,83,116,116,116,191,191,191,151,151,162,162,239,239,254,254,272,289,307,337,8,8,8,8,8,40,50,84,84,168,168,178,178,178,203,221,221,249,249,249,274,310,331,374,384,384,384,384,384],"floor_reached":51,"language":"ENG","playtime":4162,"items_purged":["Strike_R","Writhe"],"score":1484,"play_id":"1031d703-7291-4b2d-aa59-1fda0ec38b43","local_time":"20210208194524","is_ascension_mode":true,"campfire_choices":[{"data":"Perfected Strike","floor":7,"key":"SMITH"},{"data":"Blood for Blood","floor":13,"key":"SMITH"},{"data":"Twin Strike","floor":15,"key":"SMITH"},{"data":"Whirlwind","floor":25,"key":"SMITH"},{"data":"Bash","floor":27,"key":"SMITH"},{"data":"True Grit","floor":32,"key":"SMITH"},{"data":"Demon Form","floor":40,"key":"SMITH"},{"data":"Blind","floor":42,"key":"SMITH"},{"floor":49,"key":"RECALL"}],"circlet_count":0,"master_deck":["AscendersBane","Strike_R","Strike_R","Strike_R","Defend_R","Defend_R","Defend_R+1","Defend_R","Bash+1","Pommel Strike","Dual Wield+1","Perfected Strike+1","Blood for Blood+1","Twin Strike+1","Corruption","Evolve","Whirlwind+1","Burning Pact+1","Power Through","Reaper","True Grit+1","Offering","Demon Form+1","Pummel","Dark Shackles","Blind+1","Dark Embrace+1","Body Slam","Sword Boomerang","Shrug It Off+1","Hemokinesis"],"relics":["Snecko Eye","Eternal Feather","Philosopher\u0027s Stone","Kunai","War Paint","Chemical X","Mercury Hourglass","Unceasing Top","CeramicFish","Runic Cube","Sundial","Toxic Egg 2","Bottled Tornado"],"acts_visited":["Exordium","TheCity","TheBeyond"],"potions_floor_usage":[6,16,20,23,29,31,50,51],"damage_taken":[{"damage":6,"enemies":"Cultist","floor":1,"turns":3},{"damage":3,"enemies":"Small Slimes","floor":2,"turns":3},{"damage":2,"enemies":"2 Louse","floor":4,"turns":3},{"damage":6,"enemies":"Exordium Wildlife","floor":5,"turns":2},{"damage":40,"enemies":"3 Sentries","floor":6,"turns":9},{"damage":0,"enemies":"2 Fungi Beasts","floor":14,"turns":2},{"damage":25,"enemies":"The Guardian","floor":16,"turns":7},{"damage":0,"enemies":"Chosen","floor":18,"turns":2},{"damage":11,"enemies":"Shell Parasite","floor":20,"turns":2},{"damage":0,"enemies":"3 Cultists","floor":21,"turns":3},{"damage":20,"enemies":"Centurion and Healer","floor":22,"turns":4},{"damage":0,"enemies":"Gremlin Leader","floor":23,"turns":5},{"damage":15,"enemies":"Slavers","floor":29,"turns":3},{"damage":0,"enemies":"Cultist and Chosen","floor":30,"turns":3},{"damage":11,"enemies":"Book of Stabbing","floor":31,"turns":2},{"damage":13,"enemies":"Collector","floor":33,"turns":4},{"damage":10,"enemies":"3 Shapes","floor":35,"turns":3},{"damage":0,"enemies":"3 Darklings","floor":38,"turns":2},{"damage":8,"enemies":"Writhing Mass","floor":41,"turns":3},{"damage":11,"enemies":"Transient","floor":44,"turns":6},{"damage":10,"enemies":"Giant Head","floor":45,"turns":4},{"damage":0,"enemies":"3 Darklings","floor":46,"turns":2},{"damage":21,"enemies":"Nemesis","floor":47,"turns":3},{"damage":0,"enemies":"Jaw Worm Horde","floor":48,"turns":1},{"damage":50,"enemies":"Time Eater","floor":50,"turns":7},{"damage":29,"enemies":"Awakened One","floor":51,"turns":4}],"seed_played":"-8137802158183999585","potions_obtained":[{"floor":2,"key":"Energy Potion"},{"floor":6,"key":"ElixirPotion"},{"floor":12,"key":"HeartOfIron"},{"floor":12,"key":"SneckoOil"},{"floor":16,"key":"ElixirPotion"},{"floor":20,"key":"PowerPotion"},{"floor":23,"key":"Strength Potion"},{"floor":29,"key":"EssenceOfSteel"},{"floor":31,"key":"BloodPotion"},{"floor":35,"key":"SpeedPotion"},{"floor":41,"key":"Strength Potion"}],"is_trial":false,"path_per_floor":["M","M","$","M","M","E","R","?","T","?","?","?","R","M","R","B",null,"M","?","M","M","M","E","$","R","T","R","?","E","M","E","R","B",null,"M","?","?","M","?","R","M","R","T","M","E","M","E","M","R","B","B"],"character_chosen":"IRONCLAD","items_purchased":["Chemical X","ColorlessPotion"],"campfire_rested":0,"item_purchase_floors":[24,24],"current_hp_per_floor":[62,59,59,57,51,11,17,17,17,17,42,42,48,48,57,32,64,64,64,53,53,33,33,33,45,45,57,57,52,60,56,68,55,70,64,64,64,66,56,71,70,71,71,71,71,71,65,65,71,21,0,0],"gold":384,"neow_bonus":"BOSS_RELIC","is_daily":false,"chose_seed":false,"campfire_upgraded":8,"win_rate":0.0,"timestamp":1612831524,"path_taken":["M","M","$","M","M","E","R","?","T","?","?","?","R","M","R","BOSS","M","?","M","M","M","E","$","R","T","R","?","E","M","E","R","BOSS","M","?","?","M","?","R","?","R","T","M","E","M","E","M","R","BOSS","BOSS"],"items_purchased_type":["Relic","Potion"],"build_version":"2020-12-22","purchased_purges":2,"victory":false,"max_hp_per_floor":[75,75,75,75,75,75,75,75,75,75,75,75,75,75,75,75,75,75,75,75,75,75,75,75,75,75,75,75,75,75,75,75,75,75,75,75,71,71,71,71,71,71,71,71,71,71,71,71,71,71,71,71],"relic_stats":{"counters":[26,92],"Sundial":[6],"CeramicFish":90,"Snecko Eye":[185,187,182,148],"Eternal Feather":79,"Kunai":[34],"Chemical X":[22],"War Paint":["Defend_R","Dual Wield"],"obtain_stats":[{"CeramicFish":31,"Eternal Feather":6,"War Paint":23,"Bottled Tornado":47,"Burning Blood":0,"Mercury Hourglass":26,"Sundial":43,"Snecko Eye":0,"Philosopher\u0027s Stone":17,"Kunai":19,"Chemical X":24,"Toxic Egg 2":45,"Unceasing Top":29,"Runic Cube":34},{"CeramicFish":15,"Eternal Feather":5,"War Paint":12,"Bottled Tornado":23,"Burning Blood":0,"Mercury Hourglass":12,"Sundial":19,"Snecko Eye":0,"Philosopher\u0027s Stone":7,"Kunai":8,"Chemical X":12,"Toxic Egg 2":21,"Unceasing Top":13,"Runic Cube":16},{"CeramicFish":53,"Eternal Feather":20,"War Paint":45,"Bottled Tornado":80,"Burning Blood":0,"Mercury Hourglass":45,"Sundial":65,"Snecko Eye":0,"Philosopher\u0027s Stone":29,"Kunai":31,"Chemical X":45,"Toxic Egg 2":75,"Unceasing Top":48,"Runic Cube":57}],"Unceasing Top":[0],"Mercury Hourglass":[187],"Runic Cube":[21]},"card_choices":[{"not_picked":["Power Through","Body Slam"],"picked":"Pommel Strike","floor":1},{"not_picked":["Thunderclap","Inflame","Dual Wield"],"picked":"SKIP","floor":2},{"not_picked":["Headbutt","Intimidate"],"picked":"Dual Wield","floor":4},{"not_picked":["Dropkick","Spot Weakness"],"picked":"Perfected Strike","floor":5},{"not_picked":["Seeing Red","Armaments"],"picked":"Blood for Blood","floor":6},{"not_picked":["Clash","Havoc"],"picked":"Twin Strike","floor":14},{"not_picked":["Immolate","Double Tap"],"picked":"Corruption","floor":16},{"not_picked":["Havoc","Sword Boomerang"],"picked":"Evolve","floor":18},{"not_picked":["Entrench","Dropkick"],"picked":"Whirlwind","floor":20},{"not_picked":["Seeing Red","Headbutt","Havoc"],"picked":"SKIP","floor":21},{"not_picked":["Sword Boomerang","Wild Strike"],"picked":"Burning Pact+1","floor":22},{"not_picked":["Wild Strike","Twin Strike"],"picked":"Power Through","floor":23},{"not_picked":["Headbutt","Anger"],"picked":"True Grit","floor":29},{"not_picked":["Cleave","Entrench","Flex"],"picked":"SKIP","floor":30},{"not_picked":["Twin Strike","Corruption"],"picked":"Offering","floor":31},{"not_picked":["Berserk","Juggernaut"],"picked":"Demon Form","floor":33},{"not_picked":["Sword Boomerang","Cleave","Spot Weakness"],"picked":"SKIP","floor":35},{"not_picked":["Pommel Strike","Inflame","Pummel"],"picked":"SKIP","floor":38},{"not_picked":["Pommel Strike","Inflame"],"picked":"Pummel","floor":38},{"not_picked":["Discovery","Impatience"],"picked":"Dark Shackles","floor":39},{"not_picked":["Impatience","Finesse"],"picked":"Blind","floor":39},{"not_picked":["Whirlwind","Sever Soul"],"picked":"Dark Embrace+1","floor":41},{"not_picked":["Anger+1","Spot Weakness"],"picked":"Body Slam","floor":44},{"not_picked":["Cleave","Sever Soul+1"],"picked":"Sword Boomerang","floor":45},{"not_picked":["Combust","Body Slam+1"],"picked":"Shrug It Off+1","floor":46},{"not_picked":["Metallicize","Iron Wave"],"picked":"Hemokinesis","floor":47},{"not_picked":["Demon Form","Havoc+1","Evolve"],"picked":"SKIP","floor":48}],"player_experience":1593305,"relics_obtained":[{"floor":6,"key":"Eternal Feather"},{"floor":23,"key":"War Paint"},{"floor":26,"key":"Mercury Hourglass"},{"floor":29,"key":"Unceasing Top"},{"floor":31,"key":"CeramicFish"},{"floor":43,"key":"Sundial"},{"floor":45,"key":"Toxic Egg 2"},{"floor":47,"key":"Bottled Tornado"}],"event_choices":[{"damage_healed":0,"gold_gain":0,"player_choice":"Fled","damage_taken":0,"max_hp_gain":0,"max_hp_loss":0,"event_name":"Scrap Ooze","floor":8,"gold_loss":0},{"damage_healed":0,"gold_gain":0,"player_choice":"Ignored","damage_taken":0,"max_hp_gain":0,"max_hp_loss":0,"event_name":"Liars Game","floor":10,"gold_loss":0},{"damage_healed":25,"gold_gain":0,"player_choice":"Banana","damage_taken":0,"max_hp_gain":0,"max_hp_loss":0,"event_name":"Big Fish","floor":11,"gold_loss":0},{"damage_healed":0,"gold_gain":0,"player_choice":"Bought 3 Potions","damage_taken":0,"max_hp_gain":0,"max_hp_loss":0,"event_name":"The Woman in Blue","floor":12,"gold_loss":0},{"damage_healed":0,"gold_gain":0,"player_choice":"Opened","damage_taken":0,"relics_obtained":["Kunai"],"max_hp_gain":0,"max_hp_loss":0,"event_name":"The Mausoleum","floor":19,"gold_loss":0,"cards_obtained":["Writhe"]},{"damage_healed":0,"gold_gain":0,"cards_transformed":["Strike_R"],"player_choice":"Transformed","damage_taken":0,"max_hp_gain":0,"max_hp_loss":0,"event_name":"Transmorgrifier","floor":28,"gold_loss":0,"cards_obtained":["Reaper"]},{"damage_healed":0,"gold_gain":0,"player_choice":"Ignored","damage_taken":0,"max_hp_gain":0,"max_hp_loss":0,"event_name":"Tomb of Lord Red Mask","floor":36,"gold_loss":0},{"damage_healed":0,"gold_gain":0,"player_choice":"Max HP","damage_taken":0,"max_hp_gain":0,"max_hp_loss":4,"event_name":"Winding Halls","floor":37,"gold_loss":0},{"damage_healed":0,"gold_gain":0,"player_choice":"Memory 3","damage_taken":10,"max_hp_gain":0,"max_hp_loss":0,"event_name":"SensoryStone","floor":39,"gold_loss":0}],"is_beta":false,"boss_relics":[{"not_picked":["SacredBark","SlaversCollar"],"picked":"Philosopher\u0027s Stone"},{"not_picked":["Fusion Hammer","Velvet Choker"],"picked":"Runic Cube"}],"items_purged_floors":[3,24],"is_endless":false,"potions_floor_spawned":[2,6,16,20,23,29,31,35,41,47],"killed_by":"Awakened One","ascension_level":20}}