{"host":"hrvs05np4ys7itky","time":1612845907,"event":{"mods":["BaseMod","Colored Map","Colored Powertips","Downfall","Emptier Cage","Hermit","Highlight Path","Minty Spire (QoL Compilation)","Permanent Neow","Rare Cards Sparkle","Relic Stats","Replay The Spire","StSLib","everything is the same but u backflip on backflip"],"gold_per_floor":[99,99,111,111,41,53,99,99,117,17,43,62,75,86,96,201,251,51,66,86,18,32,32,32,50,101,101,121,152,62,74,74,89,104,207,207,207,222,236,121,171,271,271,271,283,296,315,325,353,12,24,24,24,54,54,54,54,54,54],"floor_reached":57,"language":"ENG","playtime":5656,"items_purged":["hexamod:Strike","hexamod:Defend"],"score":739,"play_id":"b5858b5b-6d3f-4808-a15d-58e97cc5d9a4","local_time":"20210208234507","is_ascension_mode":false,"campfire_choices":[{"floor":1,"key":"RECALL"},{"data":"hexamod:BurningTouch","floor":8,"key":"SMITH"},{"data":"hexamod:ExtraCrispy","floor":10,"key":"SMITH"},{"data":"hexamod:Strike","floor":18,"key":"PURGE"},{"data":"hexamod:BurningTouch","floor":27,"key":"SMITH"},{"data":"hexamod:HeatMetal","floor":32,"key":"SMITH"},{"floor":37,"key":"DIG"},{"floor":56,"key":"REST"}],"circlet_count":0,"master_deck":["hexamod:Defend","hexamod:Defend","hexamod:Sear+1","hexamod:Float","hexamod:ExtraCrispy+1","hexamod:BurningTouch+1","hexamod:FirstSeal","hexamod:FirstSeal","hexamod:HeatMetal+1","hexamod:SpectersWail","hexamod:SoulSteal","hexamod:PhantomFireball","hexamod:VolcanoVisage","hexamod:AdvancingGuard","hexamod:Hexaguard","hexamod:ShieldOfDarkness","hexamod:BurningTouch+1","hexamod:ShieldOfDarkness","hexamod:Rewind","hexamod:ExtraCrispy","hexamod:GhostOfSpirePast+1","hexamod:NightmareGuise+1","hexamod:Rewind+1","hexamod:AdvancingGuard","hexamod:GhostShield","hexamod:EtherealExpedition+1","Thinking Ahead","Sadistic Nature"],"relics":["hexamod:SpiritBrand","downfall:HeartBlessingBlue","Ginger","Tiny House","downfall:HeartBlessingGreen","downfall:HeartBlessingRed","Oddly Smooth Stone","Replay:Wax Seal","Busted Crown","ReplayTheSpireMod:Ninjato","Lizard Tail","Chameleon Ring","Bottled Lightning","ReplayTheSpireMod:ShopPack","Art of War","Blue Candle"],"acts_visited":["Exordium","TheCity","TheBeyond","TheEnding"],"potions_floor_usage":[11,15,16,16,20,28,28,29,33,35,41,46,47,47,48,50,52,54,54],"damage_taken":[{"damage":2,"enemies":"2 Louse","floor":3,"turns":3},{"damage":0,"enemies":"downfall:FleeingMerchant","floor":5,"turns":4},{"damage":0,"enemies":"Small Slimes","floor":6,"turns":4},{"damage":4,"enemies":"Cultist","floor":9,"turns":4},{"damage":18,"enemies":"Gremlin Nob","floor":11,"turns":5},{"damage":9,"enemies":"2 Fungi Beasts","floor":12,"turns":5},{"damage":11,"enemies":"Lots of Slimes","floor":13,"turns":4},{"damage":7,"enemies":"Large Slime","floor":14,"turns":4},{"damage":10,"enemies":"Exordium Thugs","floor":15,"turns":3},{"damage":33,"enemies":"IC_STATUS_ARCHETYPE","floor":16,"turns":5},{"damage":4,"enemies":"Chosen","floor":19,"turns":4},{"damage":25,"enemies":"3 Byrds","floor":20,"turns":3},{"damage":3,"enemies":"downfall:FleeingMerchant","floor":21,"turns":4},{"damage":26,"enemies":"Snake Plant","floor":22,"turns":5},{"damage":22,"enemies":"Centurion and Healer","floor":25,"turns":3},{"damage":12,"enemies":"Sentry and Sphere","floor":28,"turns":4},{"damage":16,"enemies":"Book of Stabbing","floor":29,"turns":6},{"damage":1,"enemies":"downfall:FleeingMerchant","floor":30,"turns":4},{"damage":12,"enemies":"3 Cultists","floor":31,"turns":6},{"damage":3,"enemies":"Snecko","floor":33,"turns":5},{"damage":5,"enemies":"Snake Plant","floor":34,"turns":3},{"damage":73,"enemies":"SI_MIRROR_ARCHETYPE","floor":35,"turns":10},{"damage":0,"enemies":"3 Darklings","floor":38,"turns":3},{"damage":4,"enemies":"3 Shapes","floor":39,"turns":7},{"damage":11,"enemies":"downfall:FleeingMerchant","floor":40,"turns":4},{"damage":10,"enemies":"downfall:FleeingMerchant","floor":41,"turns":6},{"damage":14,"enemies":"3 Darklings","floor":45,"turns":4},{"damage":30,"enemies":"Sphere and 2 Shapes","floor":46,"turns":4},{"damage":2,"enemies":"Jaw Worm Horde","floor":47,"turns":5},{"damage":0,"enemies":"3 Darklings","floor":48,"turns":3},{"damage":15,"enemies":"Nemesis","floor":49,"turns":5},{"damage":0,"enemies":"downfall:FleeingMerchant","floor":50,"turns":4},{"damage":5,"enemies":"Sphere and 2 Shapes","floor":51,"turns":5},{"damage":10,"enemies":"DF_ARCHETYPE_ORBS","floor":52,"turns":13},{"damage":63,"enemies":"downfall:CharBossMerchant","floor":54,"turns":12},{"damage":109,"enemies":"downfall:NeowBoss","floor":57,"turns":13}],"seed_played":"4318705196283389974","potions_obtained":[{"floor":9,"key":"EssenceOfSteel"},{"floor":11,"key":"SneckoOil"},{"floor":12,"key":"Energy Potion"},{"floor":14,"key":"Ancient Potion"},{"floor":15,"key":"AttackPotion"},{"floor":17,"key":"Energy Potion"},{"floor":19,"key":"bronze:BurnAndBuffPotion"},{"floor":22,"key":"sneckomod:MuddlingPotion"},{"floor":25,"key":"hexamod:EctoCoolerPotion"},{"floor":31,"key":"Block Potion"},{"floor":33,"key":"ColorlessPotion"},{"floor":35,"key":"EssenceOfSteel"},{"floor":39,"key":"hexamod:SoulburnPotion"},{"floor":44,"key":"Energy Potion"},{"floor":44,"key":"Languid Potion"},{"floor":46,"key":"Block Potion"},{"floor":47,"key":"hexamod:EctoCoolerPotion"},{"floor":49,"key":"EssenceOfSteel"},{"floor":51,"key":"PowerPotion"}],"is_trial":false,"path_per_floor":["R","?","M","?","$","M","T","R","M","R","E","M","M","M","M","B",null,"R_BF","M","M","$","M","PTL","PTL","M","T","R","M","E","$","M","R","M","M","B",null,"R_BF","M","M","$","?","?","T","R","M","M","M","M","E","$","M","B",null,"E","$","R","B"],"character_chosen":"THE_SPIRIT","items_purchased":["hexamod:FirstSeal","hexamod:ShieldOfDarkness","ReplayTheSpireMod:ShopPack","Art of War","SkillPotion"],"campfire_rested":1,"item_purchase_floors":[5,21,50,50,50],"current_hp_per_floor":[70,70,68,68,68,70,70,70,70,80,76,80,80,80,80,47,85,85,85,74,85,73,73,73,58,58,58,60,51,64,66,66,77,79,20,85,85,85,85,81,85,85,85,85,85,69,81,85,84,85,85,85,85,36,36,61,0,0,0],"gold":54,"neow_bonus":"REMOVE_CARD","is_daily":false,"chose_seed":false,"campfire_upgraded":4,"win_rate":0.0,"timestamp":1612845907,"path_taken":["R","?","M","?","$","M","T","R","M","R","E","M","M","M","M","BOSS","R_BF","M","M","$","M","PTL","PTL","M","T","R","M","E","$","M","R","M","M","BOSS","R_BF","M","M","$","?","?","T","R","M","?","M","M","E","$","M","BOSS","E","$","R","BOSS"],"items_purchased_type":["Card","Card","Relic","Relic","Potion"],"build_version":"2020-12-22","purchased_purges":2,"victory":false,"max_hp_per_floor":[70,70,70,70,70,70,70,70,70,80,80,80,80,80,80,80,85,85,85,85,85,85,85,85,85,85,85,85,85,85,85,85,85,85,85,85,85,85,85,85,85,85,85,85,85,85,85,85,85,85,85,85,85,85,85,85,85,85,85],"relic_stats":{"Lizard Tail":42,"Busted Crown":32,"counters":[36,186],"Blue Candle":[2],"Art of War":[20],"Ginger":[51],"obtain_stats":[{"Tiny House":17,"ReplayTheSpireMod:Ninjato":37,"downfall:HeartBlessingRed":18,"Blue Candle":54,"Oddly Smooth Stone":26,"downfall:HeartBlessingGreen":18,"Ginger":11,"Lizard Tail":41,"Busted Crown":36,"Chameleon Ring":43,"downfall:HeartBlessingBlue":10,"Art of War":50,"Bottled Lightning":49,"Replay:Wax Seal":29,"hexamod:SpiritBrand":0,"ReplayTheSpireMod:ShopPack":50},{"Tiny House":10,"ReplayTheSpireMod:Ninjato":22,"downfall:HeartBlessingRed":10,"Blue Candle":35,"Oddly Smooth Stone":15,"downfall:HeartBlessingGreen":10,"Ginger":5,"Lizard Tail":26,"Busted Crown":22,"Chameleon Ring":26,"downfall:HeartBlessingBlue":4,"Art of War":32,"Bottled Lightning":31,"Replay:Wax Seal":17,"hexamod:SpiritBrand":0,"ReplayTheSpireMod:ShopPack":32},{"Tiny House":41,"ReplayTheSpireMod:Ninjato":98,"downfall:HeartBlessingRed":41,"Blue Candle":173,"Oddly Smooth Stone":60,"downfall:HeartBlessingGreen":41,"Ginger":20,"Lizard Tail":118,"Busted Crown":98,"Chameleon Ring":118,"downfall:HeartBlessingBlue":15,"Art of War":143,"Bottled Lightning":139,"Replay:Wax Seal":70,"hexamod:SpiritBrand":0,"ReplayTheSpireMod:ShopPack":143}]},"card_choices":[{"not_picked":["hexamod:SwordOfDarkness","hexamod:BacktrackSmack"],"picked":"hexamod:ExtraCrispy","floor":3},{"not_picked":["hexamod:HeatMetal","hexamod:HeatCrush"],"picked":"hexamod:BurningTouch","floor":5},{"not_picked":["hexamod:StepThrough","hexamod:Again"],"picked":"hexamod:HeatMetal","floor":6},{"not_picked":["hexamod:SecondSeal","hexamod:Firestarter","hexamod:SpectralAdrenaline"],"picked":"SKIP","floor":9},{"not_picked":["hexamod:Firestarter","hexamod:CatchUp","hexamod:RecurringNightmare"],"picked":"SKIP","floor":11},{"not_picked":["hexamod:DynamicBlow","hexamod:FourthSeal"],"picked":"hexamod:SpectersWail","floor":12},{"not_picked":["hexamod:HeatMetal","hexamod:AdvancingGuard"],"picked":"hexamod:SoulSteal","floor":13},{"not_picked":["hexamod:GhostOfSpireFuture","hexamod:FastForward","hexamod:Rewind"],"picked":"SKIP","floor":14},{"not_picked":["hexamod:GhostLash","hexamod:InspiringFlames"],"picked":"hexamod:PhantomFireball","floor":15},{"not_picked":["hexamod:FifthSeal","hexamod:GhostflameInferno"],"picked":"hexamod:VolcanoVisage","floor":16},{"not_picked":["hexamod:SecondSeal","hexamod:SwordOfDarkness"],"picked":"hexamod:AdvancingGuard","floor":19},{"not_picked":["hexamod:NecessarySacrifice","hexamod:GhostLash+1","hexamod:ThirdSeal"],"picked":"SKIP","floor":20},{"not_picked":["hexamod:GhostOfSpireFuture","hexamod:PowerFromBeyond"],"picked":"hexamod:Hexaguard","floor":21},{"not_picked":["hexamod:GhostOfSpireFuture","hexamod:Incineration"],"picked":"hexamod:BurningTouch","floor":22},{"not_picked":["hexamod:RecurringNightmare","hexamod:HauntingEcho","hexamod:NightmareStrike+1"],"picked":"SKIP","floor":25},{"not_picked":["hexamod:ParanormalForm","hexamod:AdvancingGuard"],"picked":"hexamod:ShieldOfDarkness","floor":28},{"not_picked":["hexamod:DynamicBlow","hexamod:Rewind","hexamod:SecondSeal"],"picked":"SKIP","floor":29},{"not_picked":["hexamod:GhostShield","hexamod:ThermalTransfer","hexamod:HeatMetal"],"picked":"SKIP","floor":30},{"not_picked":["hexamod:DynamicBlow","hexamod:ShieldOfDarkness"],"picked":"hexamod:Rewind","floor":31},{"not_picked":["hexamod:SwordOfDarkness+1","hexamod:HauntingEcho"],"picked":"hexamod:ExtraCrispy","floor":33},{"not_picked":["hexamod:ShieldOfDarkness+1","hexamod:FastForward"],"picked":"hexamod:GhostOfSpirePast+1","floor":34},{"not_picked":[],"picked":"hexamod:NightmareGuise+1","floor":38},{"not_picked":[],"picked":"hexamod:Rewind+1","floor":39},{"not_picked":[],"picked":"hexamod:AdvancingGuard","floor":40},{"not_picked":[],"picked":"hexamod:GhostShield","floor":45},{"not_picked":[],"picked":"hexamod:EtherealExpedition+1","floor":46},{"not_picked":["hexamod:Firestarter+1"],"picked":"SKIP","floor":47},{"not_picked":["hexamod:RadiantFlame"],"picked":"SKIP","floor":48},{"not_picked":["hexamod:SecondSeal"],"picked":"SKIP","floor":49},{"not_picked":["hexamod:Firestarter+1"],"picked":"SKIP","floor":50},{"not_picked":[],"picked":"Thinking Ahead","floor":50},{"not_picked":[],"picked":"Sadistic Nature","floor":50},{"not_picked":["hexamod:ThermalTransfer+1"],"picked":"SKIP","floor":51},{"not_picked":["hexamod:SwordOfDarkness"],"picked":"SKIP","floor":54}],"player_experience":1050192,"relics_obtained":[{"floor":11,"key":"Ginger"},{"floor":26,"key":"Oddly Smooth Stone"},{"floor":29,"key":"Replay:Wax Seal"},{"floor":37,"key":"ReplayTheSpireMod:Ninjato"},{"floor":41,"key":"Lizard Tail"},{"floor":43,"key":"Chameleon Ring"},{"floor":49,"key":"Bottled Lightning"},{"floor":54,"key":"Blue Candle"}],"event_choices":[{"cards_removed":["hexamod:Strike"],"damage_healed":0,"gold_gain":0,"player_choice":"Card Removal","damage_taken":0,"max_hp_gain":0,"max_hp_loss":0,"event_name":"The Cleric","floor":2,"gold_loss":0}],"is_beta":false,"boss_relics":[{"not_picked":["Replay:Drink Me","Snecko Eye"],"picked":"Tiny House"},{"not_picked":["Philosopher\u0027s Stone","SacredBark"],"picked":"Busted Crown"}],"items_purged_floors":[30,40],"is_endless":false,"potions_floor_spawned":[9,11,12,14,15,19,22,25,31,33,35,39,46,47,49,51],"killed_by":"downfall:NeowBoss","ascension_level":0}}