{"host":"kh6fvhxn285ncg0o","time":1612847756,"event":{"mods":["Act Like it!","BaseMod","Colored Map","Friendly Minions","Keyboard Shortcuts","Minty Spire (QoL Compilation)","Quick Restart","Relic Stats","StSLib","SuperFastMode","UnlockEverythingMod"],"gold_per_floor":[12,22,40,90,103,103,137,137,137,153,185,34,62,72,72,148,148,167,181,181,193,209,209,44,44,44,44,44],"floor_reached":27,"language":"KOR","playtime":561,"items_purged":["Strike_R"],"score":570,"play_id":"9598bc69-550d-466e-af87-b88beeeab1ed","local_time":"20210209141556","is_ascension_mode":true,"campfire_choices":[{"data":"Carnage","floor":6,"key":"SMITH"},{"data":"Juggernaut","floor":8,"key":"SMITH"},{"data":"Fire Breathing","floor":15,"key":"SMITH"},{"data":"Offering","floor":23,"key":"SMITH"},{"data":"Rage","floor":25,"key":"SMITH"}],"circlet_count":0,"master_deck":["AscendersBane","Strike_R","Defend_R","Defend_R","Defend_R","Defend_R","Bash","Juggernaut+1","Offering+1","Second Wind","Carnage+1","Reckless Charge","Fire Breathing+1","Shrug It Off","Barricade","Body Slam+1","Rage+1"],"relics":["Burning Blood","Strawberry","Toy Ornithopter","Ornamental Fan","Bronze Scales","Mark of Pain","Oddly Smooth Stone","Omamori"],"acts_visited":["Exordium","TheCity"],"potions_floor_usage":[7,10,11,19,21],"damage_taken":[{"damage":6,"enemies":"2 Louse","floor":1,"turns":3},{"damage":1,"enemies":"Cultist","floor":2,"turns":3},{"damage":12,"enemies":"Small Slimes","floor":3,"turns":3},{"damage":9,"enemies":"Red Slaver","floor":5,"turns":5},{"damage":15,"enemies":"3 Sentries","floor":7,"turns":5},{"damage":6,"enemies":"Looter","floor":10,"turns":3},{"damage":21,"enemies":"Lagavulin","floor":11,"turns":6},{"damage":14,"enemies":"Gremlin Nob","floor":13,"turns":3},{"damage":10,"enemies":"Exordium Wildlife","floor":14,"turns":3},{"damage":6,"enemies":"Slime Boss","floor":16,"turns":5},{"damage":11,"enemies":"Chosen","floor":18,"turns":5},{"damage":18,"enemies":"Shell Parasite","floor":19,"turns":4},{"damage":24,"enemies":"Cultist and Chosen","floor":21,"turns":5},{"damage":29,"enemies":"Shelled Parasite and Fungi","floor":22,"turns":3},{"damage":25,"enemies":"Slavers","floor":27,"turns":2}],"seed_played":"-2498388756732923300","potions_obtained":[{"floor":2,"key":"Explosive Potion"},{"floor":5,"key":"Swift Potion"},{"floor":10,"key":"ColorlessPotion"},{"floor":13,"key":"DuplicationPotion"},{"floor":18,"key":"SkillPotion"}],"is_trial":false,"path_per_floor":["M","M","M","?","M","R","E","R","T","M","E","$","E","M","R","B",null,"M","M","?","M","M","R","$","R","T","E"],"character_chosen":"IRONCLAD","items_purchased":["Fire Breathing","Oddly Smooth Stone"],"campfire_rested":0,"item_purchase_floors":[12,24],"current_hp_per_floor":[68,73,67,60,57,57,55,55,55,60,50,50,42,38,38,38,71,66,59,59,46,23,23,23,23,23,0,0],"gold":44,"neow_bonus":"TRANSFORM_TWO_CARDS","is_daily":false,"chose_seed":false,"campfire_upgraded":5,"win_rate":0.0,"timestamp":1612847756,"path_taken":["M","M","M","?","M","R","E","R","T","M","E","?","E","M","R","BOSS","M","M","?","?","M","R","?","R","T","E"],"items_purchased_type":["Card","Relic"],"build_version":"2020-12-22","purchased_purges":1,"victory":false,"max_hp_per_floor":[75,75,75,75,75,75,82,82,82,82,82,82,82,82,82,82,82,82,82,82,82,82,82,82,82,82,82,82],"relic_stats":{"counters":[15,58],"Ornamental Fan":[12],"Bronze Scales":[57],"obtain_stats":[{"Ornamental Fan":11,"Strawberry":7,"Bronze Scales":13,"Oddly Smooth Stone":24,"Mark of Pain":17,"Omamori":26,"Burning Blood":0,"Toy Ornithopter":9},{"Ornamental Fan":7,"Strawberry":5,"Bronze Scales":8,"Oddly Smooth Stone":14,"Mark of Pain":10,"Omamori":14,"Burning Blood":0,"Toy Ornithopter":5},{"Ornamental Fan":28,"Strawberry":19,"Bronze Scales":31,"Oddly Smooth Stone":56,"Mark of Pain":39,"Omamori":56,"Burning Blood":0,"Toy Ornithopter":19}],"Burning Blood":84,"Toy Ornithopter":20},"card_choices":[{"not_picked":["Heavy Blade","Infernal Blade","True Grit"],"picked":"SKIP","floor":1},{"not_picked":["Wild Strike","Disarm"],"picked":"Second Wind","floor":2},{"not_picked":["Combust","Perfected Strike"],"picked":"Carnage","floor":3},{"not_picked":["True Grit","Entrench","Havoc"],"picked":"SKIP","floor":7},{"not_picked":["Clash","Brutality"],"picked":"Reckless Charge","floor":11},{"not_picked":["Warcry","Thunderclap","Flex"],"picked":"SKIP","floor":13},{"not_picked":["Headbutt","Cleave"],"picked":"Shrug It Off","floor":14},{"not_picked":["Juggernaut","Reaper"],"picked":"Barricade","floor":16},{"not_picked":["Pommel Strike","Blood for Blood"],"picked":"Body Slam+1","floor":18},{"not_picked":["Shockwave","Sword Boomerang"],"picked":"Rage","floor":19},{"not_picked":["Wild Strike","Perfected Strike","Havoc+1"],"picked":"SKIP","floor":22}],"player_experience":1346630,"relics_obtained":[{"floor":7,"key":"Strawberry"},{"floor":9,"key":"Toy Ornithopter"},{"floor":11,"key":"Ornamental Fan"},{"floor":13,"key":"Bronze Scales"},{"floor":26,"key":"Omamori"}],"event_choices":[{"damage_healed":0,"gold_gain":50,"player_choice":"Touch","damage_taken":7,"max_hp_gain":0,"max_hp_loss":0,"event_name":"FaceTrader","floor":4,"gold_loss":0},{"cards_removed":["Strike_R"],"damage_healed":0,"gold_gain":0,"player_choice":"Purged","damage_taken":0,"max_hp_gain":0,"max_hp_loss":0,"event_name":"Purifier","floor":20,"gold_loss":0}],"is_beta":false,"boss_relics":[{"not_picked":["Fusion Hammer","Empty Cage"],"picked":"Mark of Pain"}],"items_purged_floors":[12],"is_endless":false,"potions_floor_spawned":[2,5,10,13,18],"killed_by":"Slavers","ascension_level":20}}