{"host":"mq7pyadb5kndcn8l","time":1612870536,"event":{"mods":["AchievementEnabler","Act Like it!","Arknights","Aspiration","BaseMod","Better Altar","Better Match","Better Note","Better Sensory Stone","Better Skull","Better Third Choice","BetterRewards","Block Reminder","CCEM2","Challenge The Spire","ChefMod","Colored Map","Colored Powertips","Conspire","Displayed Cursed Tome","Dota2Spire","Energized Spire","GifTheSpireLib","Highlight Path","Hubris","Infinite Spire","Mad Scientist","Marked Mod","Mimic Mod","Minty Spire (QoL Compilation)","Permanent Neow","QueenMod","Quick Restart","Random Character Button","Rare Cards Sparkle","Relic Filter","Relic Sorter","Reliquary","Replay The Spire","Reworked Bosses","Shade Mod","Shop Mod","Spicy Shops","Spikes Relics","Spire Arcade","StSLib","Stuff the Spire","SuperFastMode","The Blue Laboratory","Thieving Mod","Trackpad","Transform Curses","Wandering Minibosses"],"gold_per_floor":[118,18,18,18,93,93,128,128,128,155,155,204,204,239,239,400,400,444,444,143,143,191,259,259,319,408,408,428,483,483,551,551,714,714,757,297,297,336,402,467,467,557,557,280,354,438,338,379,379,397,397,397,208,250,268],"floor_reached":56,"language":"ENG","playtime":3332,"items_purged":["Strike_G","Strike_G","Strike_G","Defend_G","Clumsy","Endless Agony+1","Masterful Stab+1"],"score":1828,"play_id":"49091a04-1e2e-45ae-9feb-25a64f5e15ab","local_time":"20210209063536","is_ascension_mode":true,"campfire_choices":[{"data":"conspire:SpireCoStock","floor":6.0,"key":"SMITH"},{"data":"Calculated Gamble","floor":8.0,"key":"SMITH"},{"data":"Panache","floor":13.0,"key":"SMITH"},{"data":"Neutralize","floor":15.0,"key":"SMITH"},{"data":"Accuracy","floor":24.0,"key":"SMITH"},{"floor":27,"key":"REST"},{"data":"Footwork","floor":30,"key":"SMITH"},{"floor":32,"key":"REST"},{"floor":49,"key":"RECALL"},{"data":"infinitespire:Collect","floor":52,"key":"SMITH"}],"circlet_count":0,"master_deck":["Defend_G","Defend_G","Defend_G+1","Survivor","Noxious Fumes+1","Infinite Blades+1","Footwork+1","Blade Dance+1","Accuracy+1","Panache+1","StuffTheSpire:DoubleShiv","Calculated Gamble+1","Backflip","Tools of the Trade+1","Acrobatics","BlessedFruit","BlessedFruit","Backflip","Backflip","Hidden Blade+1","infinitespire:Collect+1","hubris:DuctTapeCard"],"relics":["Ring of the Snake","Dota2Spire:UrnOfShadows","hubris:Icosahedron","MerchantsRug","Peace Pipe","trackpad:AncestralArmaments","SnailShell","trackpad:Mousetrap","Blood Vial","Smiling Mask","Ice Cream","hubris:OldNail","trackpad:RiggedDice","infinitespire:EmpoweringShard","Replay:Bottled Flurry","wanderingMiniBosses:CarrionFlame","The Specimen","infinitespire:Beetle Shell","energizedSpire:StickyHand","Membership Card","HeavenlyBonsai","Ancient Tea Set","CCEMRelics:TinyMinotavrHorn","LugNut","Anchor","CCEMRelics:DerglesHeadphones","Medical Kit","Pen Nib","StuffTheSpire:EmeraldSignet","hubris:DuctTape","CCEMRelics:Pendulum","reliquary:Aerogel","CCEMRelics:ModularBuildingCube","hubris:PeanutButter"],"acts_visited":["Exordium","TheCity","TheBeyond","TheEnding"],"potions_floor_usage":[25,25],"damage_taken":[{"damage":0.0,"enemies":"Small Slimes","floor":1.0,"turns":2.0},{"damage":0.0,"enemies":"Gremlin Nob","floor":7.0,"turns":2.0},{"damage":2.0,"enemies":"3 Sentries","floor":10.0,"turns":2.0},{"damage":0.0,"enemies":"ats:Genji","floor":12.0,"turns":2.0},{"damage":2.0,"enemies":"Gremlin Nob","floor":14.0,"turns":3.0},{"damage":0.0,"enemies":"Fading Forest","floor":16.0,"turns":11.0},{"damage":14.0,"enemies":"conspire:FuzzyDice","floor":18.0,"turns":8.0},{"damage":7.0,"enemies":"3 Byrds","floor":22.0,"turns":2.0},{"damage":22.0,"enemies":"Slavers","floor":23.0,"turns":3.0},{"damage":20,"enemies":"conspire:HollyBat","floor":25,"turns":8},{"damage":0,"enemies":"3 Cultists","floor":26,"turns":6},{"damage":0,"enemies":"3 Cultists","floor":28,"turns":2},{"damage":0,"enemies":"Sentry and Sphere","floor":29,"turns":3},{"damage":9,"enemies":"Book of Stabbing","floor":31,"turns":4},{"damage":9,"enemies":"Automaton","floor":33,"turns":6},{"damage":0,"enemies":"Orb Walker","floor":35,"turns":1},{"damage":16,"enemies":"3 Darklings","floor":38,"turns":3},{"damage":0,"enemies":"Transient","floor":39,"turns":5},{"damage":1,"enemies":"R_Hoarder","floor":40,"turns":5},{"damage":0,"enemies":"Reptomancer","floor":42,"turns":3},{"damage":0,"enemies":"Sphere and 2 Shapes","floor":45,"turns":2},{"damage":0,"enemies":"Nemesis","floor":46,"turns":3},{"damage":0,"enemies":"conspire:MimicChest","floor":48,"turns":2},{"damage":10,"enemies":"Replay:Hell Engine","floor":50,"turns":3},{"damage":0,"enemies":"Shield and Spear","floor":54,"turns":2},{"damage":27,"enemies":"The Heart","floor":55,"turns":5}],"seed_played":"-6345023395473764147","potions_obtained":[{"floor":7.0,"key":"Explosive Potion"},{"floor":10.0,"key":"blueLaboratory:PyrophylliteBrew"},{"floor":28,"key":"blueLaboratory:BottleOfRum"},{"floor":29,"key":"Strength Potion"},{"floor":45,"key":"FairyPotion"}],"is_trial":false,"path_per_floor":["M","?","$","?","?","R","E","R","T","E","?","M","R","E","R","B",null,"M","?","$","?","M","E","R","M","MIM","R","M","M","R","E","R","B",null,"M","$","?","M","M","E","AVR","E","T","$","M","E","NS","?","R","B",null,"R","$","E","B",null],"character_chosen":"THE_SILENT","items_purchased":["MerchantsRug","Astrolabe","Peace Pipe","trackpad:AncestralArmaments","Footwork","SnailShell","trackpad:Mousetrap","Blood Vial","Blade Dance","Accuracy","Panache","StuffTheSpire:FreeRealEstate","infinitespire:EmpoweringShard","Membership Card","HeavenlyBonsai","Ancient Tea Set","CCEMRelics:TinyMinotavrHorn","LugNut","Backflip","Medical Kit","Pen Nib","StuffTheSpire:EmeraldSignet","CCEMRelics:Pendulum","reliquary:Aerogel","CCEMRelics:ModularBuildingCube"],"campfire_rested":2,"item_purchase_floors":[0,0,0,0,0,0,0,0,0,0,0,0,20,36,36,36,36,36,36,44,44,44,53,53,53],"current_hp_per_floor":[30,30,30,30,19,19,21,21,21,21,21,23,23,23,23,33,61,49,49,49,46,41,21,21,3,5,26,28,30,30,23,44,37,62,64,64,64,51,55,58,58,62,62,62,66,68,68,74,74,69,80,84,84,87,66],"gold":268,"neow_bonus":"","is_daily":false,"chose_seed":false,"campfire_upgraded":7,"win_rate":0.0,"timestamp":1612870536,"path_taken":["M","?","$","?","?","R","E","R","T","E","?","M","R","E","R","BOSS","M","?","$","?","?","E","R","M","MIM","R","M","M","R","E","R","BOSS","M","$","?","M","M","E","AVR","E","T","$","M","E","NS","?","R","BOSS","R","$","E","BOSS"],"items_purchased_type":["Relic","Relic","Relic","Relic","Card","Relic","Relic","Relic","Card","Card","Card","Card","Relic","Relic","Relic","Relic","Relic","Relic","Card","Relic","Relic","Relic","Relic","Relic","Relic"],"build_version":"2020-12-22","purchased_purges":7,"victory":true,"max_hp_per_floor":[70,70,70,70,70,70,70,70,70,70,70,70,70,70,70,70,70,70,70,70,70,70,70,70,70,70,70,70,70,70,70,70,70,70,70,70,70,71,73,75,75,77,77,77,79,79,79,81,81,84,84,84,84,87,90],"card_choices":[{"not_picked":["Slice","Sucker Punch"],"picked":"StuffTheSpire:DoubleShiv","floor":1.0},{"not_picked":["Poisoned Stab","StuffTheSpire:ClusterCrunch"],"picked":"Calculated Gamble","floor":7.0},{"not_picked":["Outmaneuver","Choke","hubris:SlightOfHand"],"picked":"SKIP","floor":10.0},{"not_picked":["Blade Dance","Prepared"],"picked":"Backflip","floor":12.0},{"not_picked":["Underhanded Strike","Atom Bomb","Distraction"],"picked":"SKIP","floor":14.0},{"not_picked":["Burst","aspiration:Lunge"],"picked":"Tools of the Trade","floor":16.0},{"not_picked":["StuffTheSpire:Python+1","Hidden Blade"],"picked":"Acrobatics","floor":18.0},{"not_picked":["Slice","StuffTheSpire:ClusterCrunch+1","StuffTheSpire:Python"],"picked":"SKIP","floor":22.0},{"not_picked":["Poisoned Stab+1","StuffTheSpire:DoubleShiv+1","Blade Dance+1"],"picked":"SKIP","floor":23.0},{"not_picked":["Dagger Spray","Poisoned Stab","Glass Knife"],"picked":"SKIP","floor":25},{"not_picked":["PiercingWail","StuffTheSpire:DoubleShiv","Flying Knee"],"picked":"SKIP","floor":28},{"not_picked":["Catalyst+1","StuffTheSpire:Injection","Noxious Fumes"],"picked":"SKIP","floor":29},{"not_picked":["Finisher","Quick Slash","Flying Knee"],"picked":"SKIP","floor":31},{"not_picked":["Terror","StuffTheSpire:Injection+1","Concentrate+1"],"picked":"SKIP","floor":35},{"not_picked":["StuffTheSpire:Python+1","Blade Dance+1","Slice+1"],"picked":"SKIP","floor":38},{"not_picked":["Endless Agony+1","Hidden Blade+1"],"picked":"Backflip","floor":39},{"not_picked":["StuffTheSpire:BrimstoneBlast+1","StuffTheSpire:BumpUp+1","StuffTheSpire:Fury+1"],"picked":"SKIP","floor":40},{"not_picked":["Skewer","A Thousand Cuts","StuffTheSpire:Incantation+1"],"picked":"SKIP","floor":42},{"not_picked":["Eviscerate","StuffTheSpire:BumpUp","Deflect"],"picked":"SKIP","floor":45},{"not_picked":["Endless Agony","StuffTheSpire:Fury","Masterful Stab"],"picked":"SKIP","floor":46},{"not_picked":["Noxious Fumes","Accuracy","Pace"],"picked":"SKIP","floor":54}],"player_experience":740527,"relics_obtained":[{"floor":7.0,"key":"Smiling Mask"},{"floor":9.0,"key":"Ice Cream"},{"floor":10.0,"key":"hubris:OldNail"},{"floor":14.0,"key":"War Paint"},{"floor":23.0,"key":"Replay:Bottled Flurry"},{"floor":25,"key":"wanderingMiniBosses:CarrionFlame"},{"floor":26,"key":"The Specimen"},{"floor":31,"key":"infinitespire:Beetle Shell"},{"floor":40,"key":"Anchor"},{"floor":42,"key":"CCEMRelics:DerglesHeadphones"},{"floor":46,"key":"Dota2Spire:UrnOfShadows"},{"floor":48,"key":"hubris:DuctTape"},{"floor":54,"key":"hubris:PeanutButter"}],"event_choices":[{"damage_healed":0.0,"max_hp_gain":0.0,"max_hp_loss":0.0,"gold_gain":0.0,"event_name":"conspire:Investor","player_choice":"Invest 2","floor":2.0,"gold_loss":0.0,"damage_taken":0.0},{"damage_healed":0.0,"max_hp_gain":0.0,"max_hp_loss":0.0,"gold_gain":75.0,"event_name":"betterThird:BetterGoop","player_choice":"Gold","floor":5.0,"gold_loss":0.0,"damage_taken":11.0},{"damage_healed":0.0,"max_hp_gain":0.0,"max_hp_loss":0.0,"gold_gain":0.0,"event_name":"Designer","player_choice":"Punched","floor":21.0,"gold_loss":0.0,"damage_taken":3.0}],"is_beta":false,"boss_relics":[{"not_picked":["SacredBark","Replay:Drink Me"],"picked":"trackpad:RiggedDice"},{"not_picked":["hubris:HollowSoul","CCEMRelics:GreenEgg"],"picked":"energizedSpire:StickyHand"}],"items_purged_floors":[0,0,0,20,36,41,44],"is_endless":false,"potions_floor_spawned":[7,10,12,16,23,28,29,35,45,46],"ascension_level":5}}