{"host":"f55nj4gldpx3ksju","time":1612854655,"event":{"mods":["BaseMod","Colored Map","Highlight Path","Minty Spire (QoL Compilation)"],"gold_per_floor":[110,124,124,135,135,135,285,285,336,86,49,49,73,38,38,129,129,145,65,65],"floor_reached":19,"language":"ZHS","playtime":587,"items_purged":["Doubt"],"score":287,"play_id":"23495158-8677-4a5e-8fef-9aee4fb49bd4","local_time":"20210209151055","is_ascension_mode":true,"campfire_choices":[{"data":"Lockon","floor":6.0,"key":"SMITH"},{"data":"Dualcast","floor":8.0,"key":"SMITH"},{"data":"Loop","floor":12.0,"key":"SMITH"},{"data":"Zap","floor":15.0,"key":"SMITH"}],"circlet_count":0,"master_deck":["AscendersBane","Strike_B","Strike_B","Strike_B","Defend_B","Defend_B","Defend_B","Defend_B","Zap+1","Dualcast+1","CurseOfTheBell","Lockon+1","Loop+1","Auto Shields+1","Hologram+1","Multi-Cast+1","Leap+1"],"relics":["Calling Bell","Regal Pillow","Toxic Egg 2","WingedGreaves","Golden Idol","Potion Belt","Membership Card","Philosopher\u0027s Stone"],"acts_visited":["Exordium","TheCity"],"potions_floor_usage":[],"damage_taken":[{"damage":13.0,"enemies":"Cultist","floor":1.0,"turns":5.0},{"damage":8.0,"enemies":"2 Louse","floor":2.0,"turns":3.0},{"damage":9.0,"enemies":"Small Slimes","floor":4.0,"turns":4.0},{"damage":16.0,"enemies":"Blue Slaver","floor":13.0,"turns":5.0},{"damage":31.0,"enemies":"Slime Boss","floor":16.0,"turns":5.0},{"damage":31,"enemies":"Shell Parasite","floor":18,"turns":6},{"damage":21,"enemies":"2 Thieves","floor":19,"turns":2}],"seed_played":"-8124017603191155178","potions_obtained":[{"floor":1.0,"key":"AttackPotion"},{"floor":4.0,"key":"Swift Potion"},{"floor":13.0,"key":"FocusPotion"}],"is_trial":false,"path_per_floor":["M","M","?","M","?","R","?","R","T","$","$","R","M","?","R","B",null,"M","M"],"character_chosen":"DEFECT","items_purchased":["Membership Card","Loop","Auto Shields+1"],"campfire_rested":0,"item_purchase_floors":[10,10,11],"current_hp_per_floor":[51,43,43,34,34,34,34,34,34,34,34,34,18,34,34,3,49,18,0,0],"gold":65,"neow_bonus":"BOSS_RELIC","is_daily":false,"chose_seed":false,"campfire_upgraded":4,"win_rate":0.0,"timestamp":1612854655,"path_taken":["M","M","?","M","?","R","?","R","T","?","$","R","M","?","R","BOSS","M","M"],"items_purchased_type":["Relic","Card","Card"],"build_version":"2020-12-22","purchased_purges":1,"victory":false,"max_hp_per_floor":[71,71,71,71,64,64,64,64,64,64,64,64,64,64,64,64,64,64,64,64],"card_choices":[{"not_picked":["Barrage","Turbo+1","Compile Driver"],"picked":"SKIP","floor":1.0},{"not_picked":["Beam Cell","Turbo+1","Compile Driver"],"picked":"SKIP","floor":2.0},{"not_picked":["Coolheaded+1","Cold Snap","Blizzard"],"picked":"SKIP","floor":4.0},{"not_picked":["Turbo+1","Compile Driver"],"picked":"Hologram+1","floor":13.0},{"not_picked":["Reboot+1","Biased Cognition"],"picked":"Multi-Cast+1","floor":16.0},{"not_picked":["Beam Cell","Streamline"],"picked":"Leap+1","floor":18}],"player_experience":391371,"relics_obtained":[{"floor":0.0,"key":"Regal Pillow"},{"floor":0.0,"key":"Toxic Egg 2"},{"floor":0.0,"key":"WingedGreaves"},{"floor":9.0,"key":"Potion Belt"}],"event_choices":[{"damage_healed":0.0,"max_hp_gain":0.0,"max_hp_loss":0.0,"gold_gain":0.0,"cards_transformed":["Strike_B"],"event_name":"Living Wall","player_choice":"Change","floor":3.0,"gold_loss":0.0,"damage_taken":0.0,"cards_obtained":["Lockon"]},{"damage_healed":0.0,"max_hp_gain":0.0,"max_hp_loss":7.0,"gold_gain":0.0,"event_name":"Golden Idol","player_choice":"Lose Max HP","floor":5.0,"gold_loss":0.0,"damage_taken":0.0,"relics_obtained":["Golden Idol"]},{"damage_healed":0.0,"max_hp_gain":0.0,"max_hp_loss":0.0,"gold_gain":150.0,"event_name":"Liars Game","player_choice":"AGREE","floor":7.0,"gold_loss":0.0,"damage_taken":0.0,"cards_obtained":["Doubt"]},{"damage_healed":16.0,"max_hp_gain":0.0,"max_hp_loss":0.0,"gold_gain":0.0,"event_name":"The Cleric","player_choice":"Healed","floor":14.0,"gold_loss":35.0,"damage_taken":0.0}],"is_beta":false,"boss_relics":[{"not_picked":["Inserter","Tiny House"],"picked":"Philosopher\u0027s Stone"}],"items_purged_floors":[10],"is_endless":false,"potions_floor_spawned":[1,4,13],"killed_by":"2 Thieves","ascension_level":17}}