{"host":"at5b10nm0iti0w4x","time":1612831781,"event":{"mods":["2.2 Compatiblity","AchievementEnabler","BaseMod","Bestiary","Block Reminder","Colored Map","Colored Powertips","Highlight Path","Keyboard Shortcuts","Minty Spire (QoL Compilation)","Relic Stats","Slay the Relics Exporter","StSLib","SuperFastMode","Unknown Chances"],"gold_per_floor":[111,123,198,211,181,181,212,212,287,1,19,32,42,42,42,137,137,149,69,88,88,103,136,136,236,236,236,253,265,282,282,282],"floor_reached":31,"language":"ENG","playtime":1317,"items_purged":[],"score":259,"play_id":"989e5c05-56d1-46d1-95bc-06723b5309fd","local_time":"20210208194941","is_ascension_mode":false,"campfire_choices":[{"data":"Chaos","floor":6,"key":"SMITH"},{"data":"Zap","floor":8,"key":"SMITH"},{"floor":15,"key":"REST"},{"floor":24,"key":"REST"},{"floor":27,"key":"REST"}],"circlet_count":0,"master_deck":["Strike_B","Strike_B","Strike_B","Strike_B","Defend_B","Defend_B","Defend_B","Defend_B","Zap+1","Dualcast","Chaos+1","Ball Lightning","Melter","Cold Snap+1","Auto Shields","Machine Learning","Beam Cell+1","Compile Driver+1","Echo Form+1","Coolheaded+1","Undo","Streamline+1","Go for the Eyes+1","All For One+1","Hologram","Self Repair","Leap"],"relics":["Cracked Core","Centennial Puzzle","Regal Pillow","Letter Opener","Molten Egg 2","Inserter","The Courier","Pocketwatch"],"acts_visited":["Exordium","TheCity"],"potions_floor_usage":[23,23,23,31],"damage_taken":[{"damage":6,"enemies":"Jaw Worm","floor":1,"turns":2},{"damage":0,"enemies":"2 Louse","floor":2,"turns":2},{"damage":0,"enemies":"Cultist","floor":4,"turns":4},{"damage":14,"enemies":"Lagavulin","floor":7,"turns":5},{"damage":0,"enemies":"Blue Slaver","floor":11,"turns":2},{"damage":2,"enemies":"Red Slaver","floor":12,"turns":2},{"damage":6,"enemies":"Gremlin Gang","floor":13,"turns":3},{"damage":6,"enemies":"Slime Boss","floor":16,"turns":7},{"damage":10,"enemies":"Chosen","floor":18,"turns":3},{"damage":21,"enemies":"3 Byrds","floor":20,"turns":6},{"damage":12,"enemies":"Sentry and Sphere","floor":22,"turns":3},{"damage":35,"enemies":"Book of Stabbing","floor":23,"turns":7},{"damage":15,"enemies":"Centurion and Healer","floor":28,"turns":5},{"damage":10,"enemies":"Snake Plant","floor":29,"turns":4},{"damage":3,"enemies":"Snecko","floor":30,"turns":5},{"damage":64,"enemies":"Gremlin Leader","floor":31,"turns":7}],"seed_played":"-104130223067480140","potions_obtained":[{"floor":1,"key":"PowerPotion"},{"floor":2,"key":"SmokeBomb"},{"floor":5,"key":"Regen Potion"},{"floor":5,"key":"Weak Potion"},{"floor":13,"key":"PowerPotion"},{"floor":29,"key":"Weak Potion"},{"floor":30,"key":"SteroidPotion"}],"is_trial":false,"path_per_floor":["M","M","?","M","?","R","E","R","T","$","M","M","M","?","R","B",null,"M","$","M","?","M","E","R","?","T","R","M","M","M","E"],"character_chosen":"DEFECT","items_purchased":["Molten Egg 2","Cold Snap+1","Undo"],"campfire_rested":3,"item_purchase_floors":[10,10,19],"current_hp_per_floor":[69,69,58,58,58,58,44,44,44,44,44,42,36,36,73,67,75,65,65,44,44,32,12,49,49,49,75,60,50,54,0,0],"gold":282,"neow_bonus":"RANDOM_COMMON_RELIC","is_daily":false,"chose_seed":false,"campfire_upgraded":2,"win_rate":0.0,"timestamp":1612831781,"path_taken":["M","M","?","M","?","R","E","R","T","$","M","?","M","?","R","BOSS","M","$","M","?","?","E","R","?","T","R","?","M","M","E"],"items_purchased_type":["Relic","Card","Card"],"build_version":"2020-12-22","purchased_purges":0,"victory":false,"max_hp_per_floor":[75,75,75,75,75,75,75,75,75,75,75,75,75,75,75,75,75,75,75,75,75,75,75,75,75,75,75,75,75,75,75,75],"relic_stats":{"Centennial Puzzle":[39],"Regal Pillow":34,"Inserter":[20],"counters":[16,67],"Letter Opener":[80],"obtain_stats":[{"Centennial Puzzle":0,"Regal Pillow":7,"Inserter":17,"Molten Egg 2":10,"The Courier":23,"Letter Opener":9,"Cracked Core":0,"Pocketwatch":26},{"Centennial Puzzle":0,"Regal Pillow":4,"Inserter":8,"Molten Egg 2":4,"The Courier":12,"Letter Opener":4,"Cracked Core":0,"Pocketwatch":12},{"Centennial Puzzle":0,"Regal Pillow":13,"Inserter":27,"Molten Egg 2":13,"The Courier":46,"Letter Opener":13,"Cracked Core":0,"Pocketwatch":46}],"Pocketwatch":[20]},"card_choices":[{"not_picked":["Compile Driver","Turbo"],"picked":"Beam Cell","floor":1},{"not_picked":["Compile Driver","Rebound"],"picked":"Chaos","floor":2},{"not_picked":["Reinforced Body","Sweeping Beam"],"picked":"Ball Lightning","floor":4},{"not_picked":["Turbo","Beam Cell"],"picked":"Melter","floor":7},{"not_picked":["Stack","Streamline+1"],"picked":"Auto Shields","floor":11},{"not_picked":["Turbo","Leap"],"picked":"Machine Learning","floor":12},{"not_picked":["Turbo","Redo"],"picked":"Beam Cell+1","floor":13},{"not_picked":["Seek","Creative AI"],"picked":"Echo Form","floor":16},{"not_picked":["Doom and Gloom+1","Recycle"],"picked":"Coolheaded+1","floor":18},{"not_picked":["Stack","Skim"],"picked":"Streamline+1","floor":20},{"not_picked":["Beam Cell+1","Turbo"],"picked":"Go for the Eyes+1","floor":22},{"not_picked":["Lockon+1","Beam Cell+1"],"picked":"All For One+1","floor":23},{"not_picked":["Stack","Compile Driver+1"],"picked":"Hologram","floor":28},{"not_picked":["Ball Lightning+1","Undo"],"picked":"Self Repair","floor":29},{"not_picked":["Aggregate","Genetic Algorithm"],"picked":"Leap","floor":30}],"player_experience":78582,"relics_obtained":[{"floor":7,"key":"Regal Pillow"},{"floor":9,"key":"Letter Opener"},{"floor":23,"key":"The Courier"},{"floor":26,"key":"Pocketwatch"}],"event_choices":[{"damage_healed":0,"gold_gain":75,"player_choice":"Gather Gold","damage_taken":11,"max_hp_gain":0,"max_hp_loss":0,"event_name":"World of Goop","floor":3,"gold_loss":0},{"damage_healed":0,"gold_gain":0,"player_choice":"Bought 2 Potions","damage_taken":0,"max_hp_gain":0,"max_hp_loss":0,"event_name":"The Woman in Blue","floor":5,"gold_loss":0},{"damage_healed":0,"gold_gain":0,"cards_transformed":["Beam Cell"],"player_choice":"Transformed","damage_taken":0,"max_hp_gain":0,"max_hp_loss":0,"event_name":"Transmorgrifier","floor":14,"gold_loss":0,"cards_obtained":["Compile Driver"]},{"damage_healed":0,"gold_gain":0,"player_choice":"Forge","damage_taken":0,"max_hp_gain":0,"max_hp_loss":0,"event_name":"Accursed Blacksmith","floor":21,"gold_loss":0,"cards_upgraded":["Echo Form"]},{"damage_healed":0,"gold_gain":100,"player_choice":"Pray","damage_taken":0,"max_hp_gain":0,"max_hp_loss":0,"event_name":"Golden Shrine","floor":25,"gold_loss":0}],"is_beta":false,"boss_relics":[{"not_picked":["Empty Cage","Astrolabe"],"picked":"Inserter"}],"items_purged_floors":[],"is_endless":false,"potions_floor_spawned":[1,2,13,18,22,29,30],"killed_by":"Gremlin Leader","ascension_level":0}}