{"host":"rihxvzvzrfpivboj","time":1612907753,"event":{"mods":["Act Like it!","BaseMod","Better Third Choice","Block Reminder","Colored Map","Colored Powertips","Downfall","Gensokyo","GifTheSpireLib","Googly Eyes","Keyboard Shortcuts","Minty Spire (QoL Compilation)","Quick Restart","Relic Sorter","StSLib","SuperFastMode","Unceasing Turn Reminder","Waifu the Spire"],"gold_per_floor":[99,109,129,142,160,186,209,241,241,269,269,287,33,33,53,53,53,53],"floor_reached":16,"language":"ENG","playtime":982,"items_purged":[],"score":128,"play_id":"b1187124-da3d-4667-89fc-077fc5092c7c","local_time":"20210209225553","is_ascension_mode":true,"campfire_choices":[{"data":"sneckomod:SnekBite","floor":1,"key":"SMITH"},{"data":"sneckomod:Nope","floor":9,"key":"SMITH"}],"circlet_count":0,"master_deck":["sneckomod:Strike","sneckomod:Strike","sneckomod:Defend","sneckomod:Defend","sneckomod:Defend","sneckomod:TailWhip","sneckomod:SnekBite+1","sneckomod:Unknown","sneckomod:Unknown","sneckomod:UnknownDraw","sneckomod:UnknownClassHEXA_GHOST_PURPLE","sneckomod:UnknownCommonAttack","sneckomod:Nope+1","sneckomod:Unknown1Cost","sneckomod:UnknownStrike","sneckomod:UnknownClassBLUE","sneckomod:SnakeSap","sneckomod:UnknownClassRED","Judgement","sneckomod:UnknownClassSLIMEBOUND"],"relics":["Busted Crown","Bronze Scales","sneckomod:LoadedDie","Omamori","Boot","sneckomod:ConfusingCodex","Question Card"],"acts_visited":["Exordium"],"potions_floor_usage":[6,6,8,13,16],"damage_taken":[{"damage":0,"enemies":"Small Slimes","floor":2,"turns":3},{"damage":1,"enemies":"Jaw Worm","floor":3,"turns":3},{"damage":0,"enemies":"2 Louse","floor":4,"turns":2},{"damage":2,"enemies":"Blue Slaver","floor":5,"turns":3},{"damage":21,"enemies":"Lagavulin","floor":6,"turns":7},{"damage":13,"enemies":"Gremlin Nob","floor":8,"turns":4},{"damage":19,"enemies":"Lagavulin","floor":10,"turns":4},{"damage":1,"enemies":"3 Louse","floor":12,"turns":2},{"damage":0,"enemies":"downfall:FleeingMerchant","floor":13,"turns":4},{"damage":0,"enemies":"Large Slime","floor":15,"turns":3},{"damage":47,"enemies":"DF_ARCHETYPE_STREAMLINE","floor":16,"turns":6}],"seed_played":"-8794153054562510106","potions_obtained":[{"floor":2,"key":"SpeedPotion"},{"floor":4,"key":"sneckomod:DiceRollPotion"},{"floor":5,"key":"SkillPotion"},{"floor":5,"key":"DistilledChaos"},{"floor":6,"key":"sneckomod:OffclassReductionPotion"},{"floor":6,"key":"Regen Potion"},{"floor":10,"key":"SneckoOil"}],"is_trial":false,"path_per_floor":["R","M","M","M","M","E","T","E","R","E","?","M","$","?","M","B"],"character_chosen":"THE_SNECKO","items_purchased":["sneckomod:ConfusingCodex"],"campfire_rested":0,"item_purchase_floors":[13],"current_hp_per_floor":[90,90,89,89,87,66,66,65,65,46,46,45,45,33,33,0,0,0],"gold":53,"neow_bonus":"BOSS_RELIC","is_daily":false,"chose_seed":false,"campfire_upgraded":2,"win_rate":0.0,"timestamp":1612907753,"path_taken":["R","M","M","M","M","E","T","E","R","E","?","M","$","?","M","BOSS"],"items_purchased_type":["Relic"],"build_version":"2020-12-22","purchased_purges":0,"victory":false,"max_hp_per_floor":[90,90,90,90,90,90,90,90,90,90,90,90,90,90,90,90,90,90],"card_choices":[{"not_picked":[],"picked":"sneckomod:UnknownDraw","floor":2},{"not_picked":[],"picked":"sneckomod:UnknownClassHEXA_GHOST_PURPLE","floor":3},{"not_picked":[],"picked":"sneckomod:UnknownCommonAttack","floor":4},{"not_picked":[],"picked":"sneckomod:Nope","floor":5},{"not_picked":[],"picked":"sneckomod:Unknown1Cost","floor":6},{"not_picked":[],"picked":"sneckomod:UnknownStrike","floor":8},{"not_picked":[],"picked":"sneckomod:UnknownClassBLUE","floor":10},{"not_picked":[],"picked":"sneckomod:SnakeSap","floor":12},{"not_picked":[],"picked":"sneckomod:UnknownClassRED","floor":13},{"not_picked":["sneckomod:SnakeSap"],"picked":"sneckomod:UnknownClassSLIMEBOUND","floor":15}],"player_experience":1135624,"relics_obtained":[{"floor":6,"key":"Bronze Scales"},{"floor":7,"key":"sneckomod:LoadedDie"},{"floor":8,"key":"Omamori"},{"floor":10,"key":"Boot"}],"event_choices":[],"is_beta":false,"boss_relics":[],"items_purged_floors":[],"is_endless":false,"potions_floor_spawned":[2,4,5,6,10],"killed_by":"DF_ARCHETYPE_STREAMLINE","ascension_level":1}}