{"host":"2lo6hma6kymb0g9i","time":1612892906,"event":{"mods":["BaseMod","Colored Map","DeckTracker","Minty Spire (QoL Compilation)"],"gold_per_floor":[112,125,125,37,37,37,68,86,86,118,118,138,173,189,189,189,189],"floor_reached":16,"language":"JPN","playtime":957,"items_purged":[],"score":290,"play_id":"9dd90b4b-52de-460e-82b0-0aa0ab0e3947","local_time":"20210210024826","is_ascension_mode":true,"campfire_choices":[{"data":"Pommel Strike","floor":6,"key":"SMITH"},{"floor":11,"key":"DIG"},{"floor":15,"key":"DIG"}],"circlet_count":0,"master_deck":["AscendersBane","Strike_R+1","Strike_R","Strike_R","Strike_R","Strike_R","Defend_R","Defend_R+1","Defend_R","Defend_R","Bash","Pommel Strike+1","Feel No Pain","Flame Barrier","Seeing Red","Shrug It Off"],"relics":["Burning Blood","NeowsBlessing","CaptainsWheel","Shovel","Ancient Tea Set","Centennial Puzzle","Peace Pipe","Toy Ornithopter"],"acts_visited":["Exordium"],"potions_floor_usage":[13,14],"damage_taken":[{"damage":0,"enemies":"Jaw Worm","floor":1,"turns":1},{"damage":0,"enemies":"2 Louse","floor":2,"turns":2},{"damage":0,"enemies":"Gremlin Nob","floor":7,"turns":1},{"damage":1,"enemies":"Small Slimes","floor":8,"turns":3},{"damage":12,"enemies":"3 Sentries","floor":10,"turns":13},{"damage":1,"enemies":"2 Fungi Beasts","floor":12,"turns":3},{"damage":17,"enemies":"Lagavulin","floor":13,"turns":5},{"damage":43,"enemies":"Gremlin Gang","floor":14,"turns":6},{"damage":23,"enemies":"The Guardian","floor":16,"turns":5}],"seed_played":"-7722377184692573550","potions_obtained":[{"floor":2,"key":"Energy Potion"},{"floor":7,"key":"LiquidMemories"}],"is_trial":false,"path_per_floor":["M","M","?","$","?","R","E","M","T","E","R","M","E","M","R","B"],"character_chosen":"IRONCLAD","items_purchased":["Feel No Pain"],"campfire_rested":0,"item_purchase_floors":[4],"current_hp_per_floor":[74,75,52,52,57,57,63,68,68,62,62,67,56,19,19,0,0],"gold":189,"neow_bonus":"THREE_ENEMY_KILL","is_daily":false,"chose_seed":false,"campfire_upgraded":1,"win_rate":0.0,"timestamp":1612892906,"path_taken":["M","M","?","$","?","R","E","M","T","E","R","M","E","M","R","BOSS"],"items_purchased_type":["Card"],"build_version":"2020-12-22","purchased_purges":0,"victory":false,"max_hp_per_floor":[75,75,75,75,80,80,80,80,80,80,80,80,80,80,80,80,80],"card_choices":[{"not_picked":["Clash","Iron Wave"],"picked":"Pommel Strike","floor":1},{"not_picked":["Shockwave","Cleave","Heavy Blade"],"picked":"SKIP","floor":2},{"not_picked":["Anger","Sword Boomerang","Heavy Blade"],"picked":"SKIP","floor":7},{"not_picked":["Uppercut","Burning Pact"],"picked":"Flame Barrier","floor":8},{"not_picked":["Bloodletting","Juggernaut","Inflame"],"picked":"SKIP","floor":10},{"not_picked":["Pommel Strike","Anger"],"picked":"Seeing Red","floor":12},{"not_picked":["Uppercut","Whirlwind"],"picked":"Shrug It Off","floor":13},{"not_picked":["Dual Wield","Havoc","Rampage"],"picked":"SKIP","floor":14}],"player_experience":1164207,"relics_obtained":[{"floor":7,"key":"CaptainsWheel"},{"floor":9,"key":"Shovel"},{"floor":10,"key":"Ancient Tea Set"},{"floor":11,"key":"Centennial Puzzle"},{"floor":13,"key":"Peace Pipe"},{"floor":15,"key":"Toy Ornithopter"}],"event_choices":[{"damage_healed":0,"gold_gain":0,"player_choice":"Entered Light","damage_taken":23,"max_hp_gain":0,"max_hp_loss":0,"event_name":"Shining Light","floor":3,"gold_loss":0,"cards_upgraded":["Defend_R","Strike_R"]},{"damage_healed":0,"gold_gain":0,"player_choice":"Donut","damage_taken":0,"max_hp_gain":5,"max_hp_loss":0,"event_name":"Big Fish","floor":5,"gold_loss":0}],"is_beta":false,"boss_relics":[],"items_purged_floors":[],"is_endless":false,"potions_floor_spawned":[2,7],"killed_by":"The Guardian","ascension_level":20}}