{"host":"40gggw0x72bpm5se","time":1612906604,"event":{"mods":["ATMod(°¢èªMod)","Act Like it!","Aspiration","BaseMod","Better Vampires","Colored Map","Conspire","Energized Spire","Friendly Minions","Gensokyo","GungeonMod","GungeonMod Extend","HololiveMod","Infinite Spire","Koishi","Library of Ruina","Library of Ruina Extra","Lobotomy","Luminous","Minty Spire (QoL Compilation)","MostiFishMod","Quarter Circle Forward PUNCH!","Quick Restart","Relic Filter Mod","Relic Stats","Replay The Spire","RumiaBox-Â¶Ã×æ«µÄÉñÃØºÐ×Ó","Shop Mod","Spicy Shops","StSLib","TestMod","The Alterego","UnlockEverythingMod","Waifu the Spire","Youmu£¨»êÆÇÑýÃÎ£©","[LAZYMAN]RSMod","¡¾¹¦ÄÜMod¡¿»ìãçÖ®»·ÐÞ¸´²¹¶¡","¡¾ÒÅÎï¿¨ÅÆ¡¿REMEMod","Ä§½ä"],"gold_per_floor":[364,364,444,483,511,556,486,486,486,516,545,578,578,578,578,696,696,723,723,743,69,94,131,131,131,131,161,161,175,175,191,191,319,319,336,350,350,372,372,425,425,395,395,441,441,441,466,489,489,506],"floor_reached":51,"language":"ZHS","playtime":2497,"items_purged":["Writhe","RingOfDestiny:Strike_SU+1","Shame"],"score":1214,"play_id":"049fad00-700e-425a-b7df-946eccfd6874","local_time":"20210210053644","is_ascension_mode":false,"campfire_choices":[{"data":"Voices","floor":15.0,"key":"PURGE"},{"data":"RingOfDestiny:PowerOfLaziness","floor":24.0,"key":"SMITH"},{"floor":32,"key":"RECALL"},{"data":"RingOfDestiny:GripOfMaster","floor":41,"key":"SMITH"},{"floor":49,"key":"DIG"}],"circlet_count":0,"master_deck":["RingOfDestiny:Defend_SU","RingOfDestiny:Defend_SU","RingOfDestiny:Strike_SU","RingOfDestiny:MaliciousBarrier","RingOfDestiny:DoomsdayStrike","RingOfDestiny:PowerOfGreed","RingOfDestiny:PowerOfEnvy","alterego_mod:IdEs","AT_ManFootWork","LightDefense","DemoMod:TableTechMoney+1","LevelSlash","LevelSlash","Luminous:Dark_Abyssal_Drop","RingOfDestiny:MaliciousErode","RingOfDestiny:EndlessDesire","RingOfDestiny:LazyCloak","RingOfDestiny:Demonic","RingOfDestiny:PowerOfGreed","RingOfDestiny:MaskOfSuffering","RingOfDestiny:PowerOfLaziness+1","RingOfDestiny:RingOfGreed+1","RingOfDestiny:HegemonyOfDevil","RingOfDestiny:LazyCloak+1","RingOfDestiny:PowerOfArrogance","RingOfDestiny:SoulDiversion","dwlrmod:Reneger","RingOfDestiny:GripOfMaster+1","RingOfDestiny:DoomsdayProphecy","RingOfDestiny:DoomsdayMeteorite","RingOfDestiny:FairDealing+1","RingOfDestiny:DoomsdayMeteorite+1","infinitespire:Oblivion+1","RingOfDestiny:PowerOfGreed+1","RingOfDestiny:ChainBlade","Pot Of Greed","Pot Of Greed","Pot Of Greed","Doubt","Pot Of Greed"],"relics":["RingOfDestiny:DemonicContract","REME_ComplimentaryCards","AT_ATBox","testmod-TestBox","DaveBox","testmod-Acrobat","RhineSuit","SynthV:TestCard","DianPoetry","Garlic","Simple Rune","Ring of Fury","infinitespire:Broken Mirror","energizedSpire:CursedPentagram","Baka2","SSSystem","Strange Spoon","infinitespire:Lychee Nut","AT_BellDemon","testmod-IntensifyImprint","Ancient Tea Set","Cauldron","PatriotShield","infinitespire:FocusingShard","Pen Nib","infinitespire:Lucky Rock","Ornamental Fan","HereWithMe","conspire:Dentures","testmod-Antiphasic","Juzu Bracelet","Divine Protection","DemoMod:BigBoy","Pet Ghost","qcfpunch:Necklace_of_Skulls","AT_GuinsooRageblade","DemoMod:BlueGuonStone","InkBottle","testmod-BlackFramedGlasses","testmod-Nyarlathotep","Mango","Grinning Jar","PageOfFairyFestival"],"acts_visited":["Gensokyo:Gensokyo","Gensokyo:Gensokyoer","Gensokyo:Gensokyoest"],"potions_floor_usage":[30,40,51,51,51],"damage_taken":[{"damage":1.0,"enemies":"Gensokyo:2_Kodama","floor":1.0,"turns":2.0},{"damage":0.0,"enemies":"Gensokyo:Python","floor":4.0,"turns":4.0},{"damage":0.0,"enemies":"Gensokyo:3_Fairies","floor":5.0,"turns":2.0},{"damage":0.0,"enemies":"Gensokyo:Mamizou","floor":6.0,"turns":4.0},{"damage":0.0,"enemies":"Gensokyo:Cirno","floor":10.0,"turns":5.0},{"damage":0.0,"enemies":"Gensokyo:LivingMonolith","floor":11.0,"turns":3.0},{"damage":0.0,"enemies":"Gensokyo:3_Kodama","floor":12.0,"turns":3.0},{"damage":0.0,"enemies":"Gensokyo:Yukari","floor":16.0,"turns":6.0},{"damage":0.0,"enemies":"Gensokyo:3_Dogs","floor":18.0,"turns":3.0},{"damage":0.0,"enemies":"Gensokyo:2_Gloops","floor":20.0,"turns":2.0},{"damage":19.0,"enemies":"Gensokyo:Slime_Group","floor":22.0,"turns":4.0},{"damage":40.0,"enemies":"Nightmare","floor":23.0,"turns":3.0},{"damage":0,"enemies":"Gensokyo:Chomper_and_Gloop","floor":27,"turns":4},{"damage":0,"enemies":"Gensokyo:Mirror_and_Dog","floor":29,"turns":1},{"damage":0,"enemies":"Gensokyo:Swordslinger","floor":30,"turns":2},{"damage":0,"enemies":"Gensokyo:Chomper_and_Gloop","floor":31,"turns":3},{"damage":0,"enemies":"Gensokyo:Eternal_Rivals","floor":33,"turns":3},{"damage":9,"enemies":"Gensokyo:3_Bats","floor":35,"turns":4},{"damage":0,"enemies":"Gensokyo:AncientGuardian","floor":36,"turns":1},{"damage":0,"enemies":"Gensokyo:SeedOfUnknown","floor":38,"turns":2},{"damage":0,"enemies":"Gensokyo:SeedOfUnknown","floor":40,"turns":2},{"damage":0,"enemies":"Nightmare","floor":44,"turns":1},{"damage":0,"enemies":"Gensokyo:4_Bats","floor":47,"turns":1},{"damage":0,"enemies":"Gensokyo:Rafflesia","floor":48,"turns":1},{"damage":0,"enemies":"Gensokyo:Shinki","floor":50,"turns":4},{"damage":0,"enemies":"Malkuth","floor":51,"turns":1},{"damage":0,"enemies":"Hod","floor":51,"turns":1},{"damage":3,"enemies":"Tiphereth","floor":51,"turns":2},{"damage":0,"enemies":"Binah","floor":51,"turns":4},{"damage":53,"enemies":"Angela","floor":51,"turns":3}],"seed_played":"-3870941634109417577","potions_obtained":[{"floor":5.0,"key":"DemoMod:BlankPotion"},{"floor":11.0,"key":"Fruit Juice"},{"floor":12.0,"key":"Elixir"},{"floor":16.0,"key":"Milkshake"},{"floor":30,"key":"ColorlessPotion"},{"floor":40,"key":"Block Potion"}],"is_trial":false,"path_per_floor":["M","?","?","M","M","E","?","?","T","E","M","M","?","T","R_BF","B",null,"M","?","M","$","M","NM","R","?","T","M","AVR","M","M","M","R","B",null,"M","M","?","M","?","E","R","?","T","NM","AVR","?","M","M","R_BF","B",null],"character_chosen":"Summoner","items_purchased":["SSSystem","Strange Spoon","infinitespire:Lychee Nut"],"campfire_rested":0,"item_purchase_floors":[21,21,21],"current_hp_per_floor":[87,87,87,87,87,87,87,87,87,87,87,93,93,93,93,93,93,93,93,93,69,69,34,34,41,41,47,47,47,50,55,55,61,69,60,60,60,63,63,69,69,69,69,69,69,69,83,83,83,83],"gold":599,"neow_bonus":"TWO_FIFTY_GOLD","is_daily":false,"chose_seed":false,"campfire_upgraded":2,"win_rate":0.0,"timestamp":1612906604,"path_taken":["M","?","?","M","M","E","?","?","T","E","M","M","?","?","R_BF","BOSS","M","?","M","$","M","NM","R","?","T","M","AVR","M","?","M","R","BOSS","M","M","?","M","?","E","R","?","T","NM","AVR","?","M","M","R_BF","BOSS"],"items_purchased_type":["Relic","Relic","Relic"],"build_version":"2020-12-22","purchased_purges":3,"victory":true,"max_hp_per_floor":[88,88,88,88,88,88,88,88,88,88,88,93,93,93,93,93,93,93,93,93,69,69,69,69,69,69,69,69,69,69,69,69,69,69,69,69,69,69,69,69,69,69,69,69,69,69,83,83,83,83],"relic_stats":{"Strange Spoon":[35],"counters":[30,81],"Ornamental Fan":[100],"Pen Nib":[12],"Juzu Bracelet":0,"obtain_stats":[{"AT_BellDemon":23,"Divine Protection":39,"PatriotShield":28,"DemoMod:BlueGuonStone":44,"AT_ATBox":0,"DaveBox":0,"DianPoetry":4,"DemoMod:BigBoy":40,"SSSystem":21,"RhineSuit":0,"Mango":47,"DemoMod:GlassGuonStoneRelic":4,"Juzu Bracelet":38,"testmod-Nyarlathotep":47,"Ancient Tea Set":27,"Pet Ghost":40,"testmod-BlackFramedGlasses":45,"Baka2":20,"energizedSpire:CursedPentagram":17,"PageOfFairyFestival":49,"HereWithMe":34,"qcfpunch:Necklace_of_Skulls":42,"AT_GuinsooRageblade":43,"InkBottle":44,"conspire:Dentures":35,"testmod-IntensifyImprint":26,"testmod-TestBox":0,"infinitespire:FocusingShard":29,"Pen Nib":30,"Baka":1,"infinitespire:Lucky Rock":31,"RingOfDestiny:DemonicContract":0,"Strange Spoon":21,"Cauldron":28,"testmod-Antiphasic":36,"SynthV:TestCard":1,"infinitespire:Broken Mirror":14,"infinitespire:Lychee Nut":21,"Ornamental Fan":33,"testmod-Acrobat":0,"Simple Rune":10,"Ring of Fury":13,"Garlic":6,"Grinning Jar":48,"REME_ComplimentaryCards":0},{"AT_BellDemon":12,"Divine Protection":20,"PatriotShield":13,"DemoMod:BlueGuonStone":22,"AT_ATBox":0,"DaveBox":0,"DianPoetry":2,"DemoMod:BigBoy":21,"SSSystem":10,"RhineSuit":0,"Mango":23,"DemoMod:GlassGuonStoneRelic":2,"Juzu Bracelet":20,"testmod-Nyarlathotep":23,"Ancient Tea Set":13,"Pet Ghost":21,"testmod-BlackFramedGlasses":22,"Baka2":10,"energizedSpire:CursedPentagram":8,"PageOfFairyFestival":24,"HereWithMe":17,"qcfpunch:Necklace_of_Skulls":21,"AT_GuinsooRageblade":21,"InkBottle":22,"conspire:Dentures":18,"testmod-IntensifyImprint":12,"testmod-TestBox":0,"infinitespire:FocusingShard":14,"Pen Nib":15,"Baka":1,"infinitespire:Lucky Rock":16,"RingOfDestiny:DemonicContract":0,"Strange Spoon":10,"Cauldron":13,"testmod-Antiphasic":19,"SynthV:TestCard":1,"infinitespire:Broken Mirror":7,"infinitespire:Lychee Nut":10,"Ornamental Fan":17,"testmod-Acrobat":0,"Simple Rune":5,"Ring of Fury":7,"Garlic":4,"Grinning Jar":24,"REME_ComplimentaryCards":0},{"AT_BellDemon":41,"Divine Protection":61,"PatriotShield":45,"DemoMod:BlueGuonStone":64,"AT_ATBox":0,"DaveBox":0,"DianPoetry":6,"DemoMod:BigBoy":63,"SSSystem":34,"RhineSuit":0,"Mango":65,"DemoMod:GlassGuonStoneRelic":6,"Juzu Bracelet":61,"testmod-Nyarlathotep":65,"Ancient Tea Set":45,"Pet Ghost":63,"testmod-BlackFramedGlasses":64,"Baka2":34,"energizedSpire:CursedPentagram":29,"PageOfFairyFestival":66,"HereWithMe":54,"qcfpunch:Necklace_of_Skulls":63,"AT_GuinsooRageblade":63,"InkBottle":64,"conspire:Dentures":58,"testmod-IntensifyImprint":41,"testmod-TestBox":0,"infinitespire:FocusingShard":46,"Pen Nib":48,"Baka":2,"infinitespire:Lucky Rock":51,"RingOfDestiny:DemonicContract":0,"Strange Spoon":34,"Cauldron":45,"testmod-Antiphasic":59,"SynthV:TestCard":2,"infinitespire:Broken Mirror":23,"infinitespire:Lychee Nut":34,"Ornamental Fan":54,"testmod-Acrobat":0,"Simple Rune":17,"Ring of Fury":23,"Garlic":12,"Grinning Jar":66,"REME_ComplimentaryCards":0}],"InkBottle":[13]},"card_choices":[{"not_picked":["RingOfDestiny:SoulAccumulation","RingOfDestiny:TortureBlade"],"picked":"RingOfDestiny:MaliciousErode","floor":1.0},{"not_picked":["RingOfDestiny:DemonSkin","RingOfDestiny:MaliciousRelease","RingOfDestiny:DoomsdayProtection","RingOfDestiny:FairDealing"],"picked":"RingOfDestiny:EndlessDesire","floor":4.0},{"not_picked":["RingOfDestiny:SarcasticSword","RingOfDestiny:MaskOfSuffering","RingOfDestiny:EndlessDesire","RingOfDestiny:RingOfGreed"],"picked":"RingOfDestiny:LazyCloak","floor":5.0},{"not_picked":["RingOfDestiny:FairDealing","RingOfDestiny:DoomsdayMadness","RingOfDestiny:DoomsdayRitual","RingOfDestiny:MaskOfSuffering"],"picked":"RingOfDestiny:Demonic","floor":6.0},{"not_picked":["RingOfDestiny:DoomsdayBlade","RingOfDestiny:SarcasticSword","RingOfDestiny:MaliciousFang","RingOfDestiny:EnvyNecklace"],"picked":"RingOfDestiny:PowerOfGreed","floor":10.0},{"not_picked":["RingOfDestiny:RingOfGreed","RingOfDestiny:DoomsdayStrike","RingOfDestiny:PowerOfEnvy","RingOfDestiny:EnvyNecklace"],"picked":"RingOfDestiny:MaskOfSuffering","floor":11.0},{"not_picked":["RingOfDestiny:DemonVanguard","RingOfDestiny:EndlessDesire","RingOfDestiny:TortureBlade","RingOfDestiny:EnvyNecklace","RingOfDestiny:FeastOfDoomsday"],"picked":"SKIP","floor":12.0},{"not_picked":["RingOfDestiny:DoomsdayBlade","RingOfDestiny:PowerOfWrath","RingOfDestiny:VoodooDoll","RingOfDestiny:SummonOfDoomsday"],"picked":"RingOfDestiny:PowerOfLaziness","floor":16.0},{"not_picked":["RingOfDestiny:DoomsdayMeteorite","RingOfDestiny:DoomsdayProtection","RingOfDestiny:SoulAccumulation","RingOfDestiny:TortureBlade","RingOfDestiny:DemonSkin"],"picked":"SKIP","floor":18.0},{"not_picked":["RingOfDestiny:PowerOfEnvy","RingOfDestiny:MaliciousRelease+1","RingOfDestiny:EndlessDesire","RingOfDestiny:TortureBlade"],"picked":"RingOfDestiny:RingOfGreed+1","floor":20.0},{"not_picked":["RingOfDestiny:SongOfDoomsday","RingOfDestiny:SoulAccumulation","RingOfDestiny:DoomsdayStrike","RingOfDestiny:FeastOfDoomsday","RingOfDestiny:MaliciousSuppress+1"],"picked":"SKIP","floor":22.0},{"not_picked":["RingOfDestiny:SoulAccumulation","RingOfDestiny:PowerOfEnvy+1","RingOfDestiny:PowerOfGreed","RingOfDestiny:DoomsdayRitual"],"picked":"RingOfDestiny:HegemonyOfDevil","floor":23.0},{"not_picked":["RingOfDestiny:AngerSword","RingOfDestiny:PowerOfGreed+1","RingOfDestiny:TortureBlade+1","RingOfDestiny:DoomsdayEcho"],"picked":"RingOfDestiny:LazyCloak+1","floor":27},{"not_picked":["RingOfDestiny:MaliciousLeakage","RingOfDestiny:SarcasticSword","RingOfDestiny:SongOfDoomsday","RingOfDestiny:EnvyNecklace"],"picked":"RingOfDestiny:PowerOfArrogance","floor":29},{"not_picked":["RingOfDestiny:MaliciousFang","RingOfDestiny:SongOfDoomsday","RingOfDestiny:MaliciousRelease","RingOfDestiny:LazyCloak"],"picked":"RingOfDestiny:SoulDiversion","floor":30},{"not_picked":["RingOfDestiny:MaliciousConversion+1","RingOfDestiny:MaliciousBarrier","RingOfDestiny:PowerOfGluttony","RingOfDestiny:MaliciousFang"],"picked":"RingOfDestiny:GripOfMaster","floor":31},{"not_picked":["RingOfDestiny:DoomsdayBlade","RingOfDestiny:DoomsdayRitual","RingOfDestiny:SummonOfDoomsday","RingOfDestiny:VoodooDoll"],"picked":"RingOfDestiny:DoomsdayProphecy","floor":33},{"not_picked":["RingOfDestiny:MaliciousErode","RingOfDestiny:MaliciousBlade","RingOfDestiny:DemonSkin+1","RingOfDestiny:MaliciousFang","RingOfDestiny:TortureBlade"],"picked":"SKIP","floor":35},{"not_picked":["RingOfDestiny:MaliciousLeakage","RingOfDestiny:PowerOfGluttony","RingOfDestiny:EnvyNecklace","RingOfDestiny:TemptingFruits"],"picked":"RingOfDestiny:FairDealing+1","floor":36},{"not_picked":["RingOfDestiny:MaliciousLeakage+1","RingOfDestiny:FairDealing","RingOfDestiny:EnvyNecklace","RingOfDestiny:GreedySummon+1","RingOfDestiny:DemonGovernor"],"picked":"SKIP","floor":38},{"not_picked":["RingOfDestiny:DemonGovernor","RingOfDestiny:EnvyNecklace","RingOfDestiny:TemptingFruits","RingOfDestiny:DemonSkin","RingOfDestiny:PowerOfGluttony"],"picked":"SKIP","floor":40},{"not_picked":["ReplayTheSpireMod:Chaos Vortex","infinitespire:DeathsTouch"],"picked":"infinitespire:Oblivion","floor":44},{"not_picked":["RingOfDestiny:MaliciousRelease+1","RingOfDestiny:SarcasticSword+1","RingOfDestiny:FeastOfDoomsday+1","RingOfDestiny:EnvyNecklace+1"],"picked":"RingOfDestiny:PowerOfGreed+1","floor":44},{"not_picked":["RingOfDestiny:GreedySummon+1","RingOfDestiny:MaliciousRelease+1","RingOfDestiny:AbyssOfDesire+1","RingOfDestiny:SongOfDoomsday"],"picked":"RingOfDestiny:ChainBlade","floor":47},{"not_picked":["RingOfDestiny:CupOfDesire","RingOfDestiny:DoomsdayStrike","RingOfDestiny:EnvyNecklace","RingOfDestiny:CostOfSoul","RingOfDestiny:MaliciousBarrier+1"],"picked":"SKIP","floor":48}],"player_experience":105835,"relics_obtained":[{"floor":1.0,"key":"SynthV:TestCard"},{"floor":1.0,"key":"Baka"},{"floor":4.0,"key":"DianPoetry"},{"floor":6.0,"key":"Garlic"},{"floor":10.0,"key":"Simple Rune"},{"floor":13.0,"key":"Ring of Fury"},{"floor":14.0,"key":"infinitespire:Broken Mirror"},{"floor":20.0,"key":"Baka2"},{"floor":23.0,"key":"AT_BellDemon"},{"floor":26.0,"key":"testmod-IntensifyImprint"},{"floor":27,"key":"Ancient Tea Set"},{"floor":29,"key":"infinitespire:FocusingShard"},{"floor":30,"key":"Pen Nib"},{"floor":31,"key":"infinitespire:Lucky Rock"},{"floor":33,"key":"Ornamental Fan"},{"floor":35,"key":"conspire:Dentures"},{"floor":36,"key":"testmod-Antiphasic"},{"floor":38,"key":"Juzu Bracelet"},{"floor":39,"key":"Divine Protection"},{"floor":40,"key":"DemoMod:BigBoy"},{"floor":40,"key":"Pet Ghost"},{"floor":42,"key":"qcfpunch:Necklace_of_Skulls"},{"floor":43,"key":"AT_GuinsooRageblade"},{"floor":44,"key":"DemoMod:BlueGuonStone"},{"floor":44,"key":"InkBottle"},{"floor":47,"key":"testmod-Nyarlathotep"},{"floor":47,"key":"Mango"},{"floor":48,"key":"Grinning Jar"},{"floor":49,"key":"PageOfFairyFestival"}],"event_choices":[],"is_beta":false,"boss_relics":[{"not_picked":["ReplayTheSpireMod:DimensionalGlitch","aspiration:RunicSpoon"],"picked":"energizedSpire:CursedPentagram"},{"not_picked":["TimeKeys","Painkiller Herb"],"picked":"HereWithMe"}],"items_purged_floors":[21,28,45],"is_endless":false,"potions_floor_spawned":[5,11,12,16,30,31,33,40,42,47],"ascension_level":0}}