{"host":"2g68u5ewu4bp0ui7","time":1612889477,"event":{"mods":["AchievementEnabler","BaseMod","Best Route Mod","Bestiary","Block Reminder","Colored Map","Colored Powertips","Highlight Path","Minty Spire (QoL Compilation)","Quick Restart","Shop Mod","SuperFastMode","everything is the same but u backflip on backflip","slay the spire mod where everything is the same but ironclad has a cowboy hat"],"gold_per_floor":[119,119,43,62,75,75,86,86,86,104,115,115,40,59,59,156,156,168,168,68,86,86,105,105,204,250,250,284,15,15,26,26,129,129,139,150,177,195,195,195],"floor_reached":39,"language":"ENG","playtime":2175,"items_purged":["Strike_R","Strike_R","Strike_R"],"score":418,"play_id":"9c724347-6cb6-4398-9c30-44a2664652ce","local_time":"20210209185117","is_ascension_mode":false,"campfire_choices":[{"data":"Heavy Blade","floor":6,"key":"SMITH"},{"data":"Inflame","floor":8,"key":"SMITH"},{"data":"Shockwave","floor":12,"key":"SMITH"},{"data":"Cleave","floor":15,"key":"SMITH"},{"data":"Defend_R","floor":24,"key":"SMITH"},{"floor":30,"key":"REST"},{"data":"Clothesline","floor":32,"key":"SMITH"}],"circlet_count":0,"master_deck":["Defend_R+1","Defend_R","Defend_R","Defend_R","Bash","Heavy Blade+1","Inflame+1","Cleave+1","Shockwave+1","Limit Break","Clothesline+1","Demon Form","Iron Wave","Flame Barrier+1"],"relics":["Burning Blood","Happy Flower","Blood Vial","Bottled Flame","Ancient Tea Set","Velvet Choker","Regal Pillow"],"acts_visited":["Exordium","TheCity","TheBeyond"],"potions_floor_usage":[16,28,33,33,38,38],"damage_taken":[{"damage":2,"enemies":"Small Slimes","floor":1,"turns":4},{"damage":6,"enemies":"Jaw Worm","floor":4,"turns":3},{"damage":6,"enemies":"Cultist","floor":5,"turns":3},{"damage":10,"enemies":"Looter","floor":7,"turns":3},{"damage":3,"enemies":"Red Slaver","floor":10,"turns":3},{"damage":4,"enemies":"Blue Slaver","floor":11,"turns":3},{"damage":0,"enemies":"Looter","floor":14,"turns":3},{"damage":19,"enemies":"Slime Boss","floor":16,"turns":8},{"damage":32,"enemies":"2 Thieves","floor":18,"turns":4},{"damage":15,"enemies":"Shell Parasite","floor":21,"turns":5},{"damage":15,"enemies":"Snake Plant","floor":23,"turns":3},{"damage":35,"enemies":"Gremlin Leader","floor":28,"turns":6},{"damage":10,"enemies":"Centurion and Healer","floor":31,"turns":7},{"damage":63,"enemies":"Champ","floor":33,"turns":12},{"damage":54,"enemies":"3 Shapes","floor":35,"turns":5},{"damage":16,"enemies":"3 Darklings","floor":36,"turns":5},{"damage":17,"enemies":"Transient","floor":38,"turns":5},{"damage":23,"enemies":"Spire Growth","floor":39,"turns":3}],"seed_played":"-7876669480069895650","potions_obtained":[{"floor":5,"key":"BloodPotion"},{"floor":10,"key":"ColorlessPotion"},{"floor":11,"key":"AttackPotion"},{"floor":16,"key":"LiquidMemories"},{"floor":28,"key":"ColorlessPotion"},{"floor":36,"key":"HeartOfIron"}],"is_trial":false,"path_per_floor":["M","?","$","M","M","R","M","R","T","M","M","R","$","M","R","B",null,"M","?","$","M","?","M","R","?","T","?","E","$","R","M","R","B",null,"M","M","T","M","M"],"character_chosen":"IRONCLAD","items_purchased":["Inflame","Ancient Tea Set"],"campfire_rested":1,"item_purchase_floors":[3,29],"current_hp_per_floor":[80,80,80,80,80,80,76,76,76,79,80,80,80,80,80,67,80,54,80,80,71,71,62,62,62,62,62,51,51,75,73,73,18,80,32,24,24,15,0,0],"gold":195,"neow_bonus":"REMOVE_CARD","is_daily":false,"chose_seed":false,"campfire_upgraded":6,"win_rate":0.0,"timestamp":1612889477,"path_taken":["M","?","$","M","M","R","M","R","T","M","M","R","$","M","R","BOSS","M","?","$","M","?","?","R","?","T","?","E","$","R","M","R","BOSS","M","M","?","M","M"],"items_purchased_type":["Card","Relic"],"build_version":"2020-12-22","purchased_purges":3,"victory":false,"max_hp_per_floor":[80,80,80,80,80,80,80,80,80,80,80,80,80,80,80,80,80,80,80,80,80,80,80,80,80,80,80,80,80,80,80,80,80,80,80,80,80,80,80,80],"card_choices":[{"not_picked":["Body Slam","Pommel Strike"],"picked":"Heavy Blade","floor":1},{"not_picked":["Body Slam","Clash","Uppercut"],"picked":"SKIP","floor":4},{"not_picked":["Wild Strike","Dark Embrace","Warcry"],"picked":"SKIP","floor":5},{"not_picked":["Sword Boomerang","Second Wind","Dual Wield"],"picked":"SKIP","floor":7},{"not_picked":["Sword Boomerang","Second Wind","Dual Wield"],"picked":"SKIP","floor":7},{"not_picked":["Blood for Blood","True Grit"],"picked":"Cleave","floor":10},{"not_picked":["Pommel Strike","Twin Strike"],"picked":"Shockwave","floor":11},{"not_picked":["Shrug It Off","Iron Wave","Flex"],"picked":"SKIP","floor":14},{"not_picked":["Double Tap","Corruption"],"picked":"Limit Break","floor":16},{"not_picked":["Warcry","Rupture+1","Sword Boomerang"],"picked":"SKIP","floor":18},{"not_picked":["Body Slam","Headbutt","Thunderclap"],"picked":"SKIP","floor":21},{"not_picked":["Clothesline","Shrug It Off","Disarm"],"picked":"SKIP","floor":23},{"not_picked":["Seeing Red","Body Slam","Perfected Strike"],"picked":"SKIP","floor":28},{"not_picked":["Headbutt","Warcry","Power Through"],"picked":"SKIP","floor":31},{"not_picked":["Bludgeon","Immolate"],"picked":"Demon Form","floor":33},{"not_picked":["Headbutt+1","True Grit+1"],"picked":"Iron Wave","floor":35},{"not_picked":["Entrench+1","Disarm"],"picked":"Flame Barrier+1","floor":36},{"not_picked":["Inflame","Heavy Blade+1","Armaments+1"],"picked":"SKIP","floor":38}],"player_experience":82529,"relics_obtained":[{"floor":9,"key":"Happy Flower"},{"floor":26,"key":"Blood Vial"},{"floor":28,"key":"Bottled Flame"},{"floor":37,"key":"Regal Pillow"}],"event_choices":[{"cards_removed":["Strike_R"],"damage_healed":0,"gold_gain":0,"player_choice":"Forget","damage_taken":0,"max_hp_gain":0,"max_hp_loss":0,"event_name":"Living Wall","floor":2,"gold_loss":0},{"damage_healed":26,"gold_gain":0,"player_choice":"Heal","damage_taken":0,"max_hp_gain":0,"max_hp_loss":0,"event_name":"The Library","floor":19,"gold_loss":0},{"damage_healed":0,"gold_gain":0,"player_choice":"Bought 0 Potions","damage_taken":0,"max_hp_gain":0,"max_hp_loss":0,"event_name":"The Woman in Blue","floor":22,"gold_loss":0},{"damage_healed":0,"gold_gain":99,"player_choice":"Stole From Cult","damage_taken":0,"max_hp_gain":0,"max_hp_loss":0,"event_name":"Nest","floor":25,"gold_loss":0},{"damage_healed":0,"gold_gain":0,"player_choice":"1 cards matched","damage_taken":0,"max_hp_gain":0,"max_hp_loss":0,"event_name":"Match and Keep!","floor":27,"gold_loss":0,"cards_obtained":["Clothesline"]}],"is_beta":false,"boss_relics":[{"not_picked":["Sozu","Cursed Key","Mark of Pain"]},{"not_picked":["Philosopher\u0027s Stone","Busted Crown"],"picked":"Velvet Choker"}],"items_purged_floors":[13,20,29],"is_endless":false,"potions_floor_spawned":[5,10,11,16,21,28,36],"killed_by":"Spire Growth","ascension_level":0}}