{"host":"630px4nyj50z5id8","time":1612878472,"event":{"mods":["BaseMod","Better Note","Colored Powertips","Good Game Mod","Minty Spire (QoL Compilation)","Quick Restart","Rare Cards Sparkle","Relic Filter Mod","Replay The Spire","StSLib","Waifu the Spire"],"gold_per_floor":[115,190,47,65,65,96,116,145,195,195,214,244,244,256,256,355,355,375,474,286,286,91,116,116,151,151,162,162,162],"floor_reached":28,"language":"ZHS","playtime":1086,"items_purged":["Strike_R","Strike_R"],"score":419,"play_id":"d9c46436-7db3-41d9-9431-bcccde910026","local_time":"20210209214752","is_ascension_mode":true,"campfire_choices":[{"data":"Dual Wield","floor":10.0,"key":"SMITH"},{"data":"Pommel Strike","floor":13.0,"key":"SMITH"},{"data":"Strike_R","floor":15.0,"key":"PURGE"},{"data":"Armaments","floor":24.0,"key":"SMITH"}],"circlet_count":0,"master_deck":["Strike_R","Defend_R","Defend_R","Defend_R+1","Defend_R+1","Bash","ReplayTheSpireMod:Omega Cannon+1","Massacre+1","Battle Trance","Intimidate","Disarm","ReplayTheSpireMod:Limb From Limb","Dual Wield+1","Reaper","Pommel Strike+1","Armaments+1","Brutality","Spot Weakness+1","Flex","Purity","Fire Breathing","Flex","Thunderclap","ReplayTheSpireMod:Muscle Training","Burning Pact","Pot Of Greed","Pot Of Greed","Pot Of Greed","Pummel"],"relics":["Burning Blood","REME:ComplimentaryCards","NeowsBlessing","Guide Book","Paper Frog","King of Hearts","Regal Pillow","War Paint","Black Star","BargainBundle","Mango","Divine Protection","Grinning Jar","Nunchaku","Potion Belt"],"acts_visited":["Exordium","TheCity"],"potions_floor_usage":[],"damage_taken":[{"damage":0.0,"enemies":"Jaw Worm","floor":1.0,"turns":1.0},{"damage":0.0,"enemies":"Cultist","floor":4.0,"turns":1.0},{"damage":0.0,"enemies":"Lagavulin","floor":6.0,"turns":1.0},{"damage":6.0,"enemies":"Small Slimes","floor":7.0,"turns":3.0},{"damage":20.0,"enemies":"Gremlin Nob","floor":8.0,"turns":3.0},{"damage":6.0,"enemies":"Blue Slaver","floor":11.0,"turns":4.0},{"damage":25.0,"enemies":"3 Sentries","floor":12.0,"turns":5.0},{"damage":0.0,"enemies":"Large Slime","floor":14.0,"turns":2.0},{"damage":32.0,"enemies":"The Guardian","floor":16.0,"turns":15.0},{"damage":16.0,"enemies":"Chosen","floor":18.0,"turns":5.0},{"damage":21.0,"enemies":"Book of Stabbing","floor":23.0,"turns":3.0},{"damage":31.0,"enemies":"Gremlin Leader","floor":25.0,"turns":7.0},{"damage":40.0,"enemies":"2 Thieves","floor":27.0,"turns":4.0},{"damage":0,"enemies":"Colosseum Slavers","floor":28,"turns":1}],"seed_played":"-5527903108835604282","potions_obtained":[{"floor":1.0,"key":"Languid Potion"},{"floor":7.0,"key":"PowerPotion"},{"floor":11.0,"key":"Adrenaline Potion"},{"floor":14.0,"key":"EntropicBrew"},{"floor":18.0,"key":"FearPotion"},{"floor":25.0,"key":"BloodPotion"},{"floor":27.0,"key":"Languid Potion"}],"is_trial":false,"path_per_floor":["M","?","$","M","?","E","M","E","T","R","M","E","R","M","R","B",null,"M","?","$","?","$","E","R","E","T","M","?"],"character_chosen":"IRONCLAD","items_purchased":["Guide Book","Flex","Purity","BargainBundle","Fire Breathing","Flex","Thunderclap"],"campfire_rested":0,"item_purchase_floors":[3,20,20,22,22,22,22],"current_hp_per_floor":[78,70,70,76,76,80,80,66,66,66,66,68,68,74,74,52,73,63,63,63,63,63,80,80,69,69,51,51,51],"gold":162,"neow_bonus":"THREE_ENEMY_KILL","is_daily":false,"chose_seed":false,"campfire_upgraded":3,"win_rate":0.0,"timestamp":1612878472,"path_taken":["M","?","$","?","?","E","M","E","T","R","M","E","R","M","R","BOSS","M","?","$","?","$","E","R","E","T","M","?"],"items_purchased_type":["Relic","Card","Card","Relic","Card","Card","Card"],"build_version":"2020-12-22","purchased_purges":2,"victory":false,"max_hp_per_floor":[80,80,80,80,80,80,80,80,80,80,80,80,80,80,80,80,80,80,80,80,80,80,94,94,94,94,94,94,94],"card_choices":[{"not_picked":["Anger","Clash"],"picked":"Massacre","floor":1.0},{"not_picked":["Run Through","ReplayReversal"],"picked":"Battle Trance","floor":4.0},{"not_picked":["Havoc","Sword Boomerang"],"picked":"Disarm","floor":6.0},{"not_picked":["Clash","Reckless Charge"],"picked":"ReplayTheSpireMod:Limb From Limb","floor":7.0},{"not_picked":["Whirlwind","Iron Wave"],"picked":"Dual Wield","floor":8.0},{"not_picked":["Armaments","Headbutt"],"picked":"Reaper","floor":11.0},{"not_picked":["Uppercut","Wild Strike"],"picked":"Pommel Strike","floor":12.0},{"not_picked":["Twin Strike","Wild Strike"],"picked":"Armaments","floor":14.0},{"not_picked":["Demonic Infusion","Berserk"],"picked":"Brutality","floor":16.0},{"not_picked":["Clash+1","Bloodletting"],"picked":"Spot Weakness+1","floor":18.0},{"not_picked":["Headbutt","Anger"],"picked":"ReplayTheSpireMod:Muscle Training","floor":23.0},{"not_picked":["Replay:Many Hands","Dropkick"],"picked":"Burning Pact","floor":25.0},{"not_picked":["Cleave+1","Twin Strike"],"picked":"Pummel","floor":27.0}],"player_experience":443843,"relics_obtained":[{"floor":6.0,"key":"Paper Frog"},{"floor":8.0,"key":"King of Hearts"},{"floor":9.0,"key":"Regal Pillow"},{"floor":12.0,"key":"War Paint"},{"floor":23.0,"key":"Mango"},{"floor":23.0,"key":"Divine Protection"},{"floor":25.0,"key":"Grinning Jar"},{"floor":25.0,"key":"Nunchaku"},{"floor":26.0,"key":"Potion Belt"}],"event_choices":[{"damage_healed":0.0,"max_hp_gain":0.0,"max_hp_loss":0.0,"gold_gain":75.0,"event_name":"FaceTrader","player_choice":"Touch","floor":2.0,"gold_loss":0.0,"damage_taken":8.0},{"damage_healed":0.0,"max_hp_gain":0.0,"max_hp_loss":0.0,"gold_gain":0.0,"cards_transformed":["Strike_R"],"event_name":"Living Wall","player_choice":"Change","floor":5.0,"gold_loss":0.0,"damage_taken":0.0,"cards_obtained":["Intimidate"]},{"damage_healed":0.0,"max_hp_gain":0.0,"max_hp_loss":0.0,"gold_gain":99.0,"event_name":"Nest","player_choice":"Stole From Cult","floor":19.0,"gold_loss":0.0,"damage_taken":0.0},{"damage_healed":0.0,"max_hp_gain":0.0,"max_hp_loss":0.0,"gold_gain":0.0,"event_name":"Ghosts","player_choice":"Ignored","floor":21.0,"gold_loss":0.0,"damage_taken":0.0},{"damage_healed":0,"gold_gain":0,"player_choice":"Fight","damage_taken":0,"max_hp_gain":0,"max_hp_loss":0,"event_name":"Colosseum","floor":28,"gold_loss":0}],"is_beta":false,"boss_relics":[{"not_picked":["Ring of Chaos","SacredBark"],"picked":"Black Star"}],"items_purged_floors":[20,22],"is_endless":false,"potions_floor_spawned":[1,7,11,14,18,25,27],"killed_by":"Colosseum Slavers","ascension_level":8}}