{"host":"h4lp0eeso8a0ssq0","time":1612888845,"event":{"mods":["2.2 Compatiblity","AchievementEnabler","BaseMod","CapriCore","Colored Map","Minty Spire (QoL Compilation)","StSLib","SuperFastMode"],"gold_per_floor":[109,109,109,34,53,78,78,90,90,122,122,153,153,53,53,126,126,144,156,170,186,111,111,142,142,142,170,85,105,118,129,129,206,206,223,223,233,108,133,133,133,168,468,488,507,98,129,147,147,147],"floor_reached":51,"language":"KOR","playtime":1855,"items_purged":["Strike_G","Strike_G","Strike_G","Defend_G"],"score":1542,"play_id":"fae85c16-b90a-4083-9448-1d8cddfecd95","local_time":"20210210014045","is_ascension_mode":true,"campfire_choices":[{"data":"Bouncing Flask","floor":7.0,"key":"SMITH"},{"data":"Catalyst","floor":13,"key":"SMITH"},{"data":"Catalyst","floor":15,"key":"SMITH"},{"floor":23,"key":"REST"},{"floor":25,"key":"REST"},{"floor":32,"key":"REST"},{"floor":40,"key":"REST"},{"floor":49,"key":"REST"}],"circlet_count":0,"master_deck":["AscendersBane","Defend_G","Defend_G","Defend_G","Defend_G","Survivor","Neutralize","Bouncing Flask+1","Dagger Throw","Dash","Catalyst+1","Quick Slash","Backflip","Catalyst+1","Adrenaline","Deadly Poison+1","Backflip","Flying Knee","Leg Sweep","Reflex","Acrobatics","Tools of the Trade+1","Bullet Time","Prepared+1","Poisoned Stab","Backflip+1","Concentrate","Escape Plan","Noxious Fumes+1","Backflip"],"relics":["Ring of the Snake","NeowsBlessing","Incense Burner","Bird Faced Urn","Dream Catcher","Vajra","Fusion Hammer","Bottled Lightning","Frozen Egg 2","Ginger","Tiny Chest","Runic Pyramid","FossilizedHelix","Question Card","Oddly Smooth Stone","Old Coin","Lantern","CaptainsWheel"],"acts_visited":["Exordium","TheCity","TheBeyond"],"potions_floor_usage":[12,24,50],"damage_taken":[{"damage":0.0,"enemies":"Small Slimes","floor":1.0,"turns":1.0},{"damage":0.0,"enemies":"Jaw Worm","floor":5.0,"turns":1.0},{"damage":0.0,"enemies":"3 Sentries","floor":6.0,"turns":1.0},{"damage":0.0,"enemies":"Cultist","floor":8.0,"turns":3.0},{"damage":6.0,"enemies":"Lagavulin","floor":10.0,"turns":5.0},{"damage":16,"enemies":"3 Sentries","floor":12,"turns":7},{"damage":7,"enemies":"Hexaghost","floor":16,"turns":3},{"damage":0,"enemies":"Shell Parasite","floor":18,"turns":3},{"damage":2,"enemies":"3 Byrds","floor":19,"turns":4},{"damage":0,"enemies":"Snecko","floor":20,"turns":3},{"damage":0,"enemies":"Cultist and Chosen","floor":21,"turns":5},{"damage":23,"enemies":"Slavers","floor":24,"turns":9},{"damage":6,"enemies":"Book of Stabbing","floor":27,"turns":3},{"damage":1,"enemies":"Centurion and Healer","floor":29,"turns":4},{"damage":2,"enemies":"Sentry and Sphere","floor":30,"turns":5},{"damage":0,"enemies":"Snecko","floor":31,"turns":3},{"damage":3,"enemies":"Champ","floor":33,"turns":4},{"damage":18,"enemies":"3 Darklings","floor":35,"turns":5},{"damage":1,"enemies":"Orb Walker","floor":37,"turns":2},{"damage":3,"enemies":"Mind Bloom Boss Battle","floor":39,"turns":4},{"damage":0,"enemies":"Giant Head","floor":42,"turns":4},{"damage":0,"enemies":"Spire Growth","floor":44,"turns":3},{"damage":5,"enemies":"4 Shapes","floor":45,"turns":5},{"damage":0,"enemies":"Reptomancer","floor":47,"turns":3},{"damage":0,"enemies":"Transient","floor":48,"turns":5},{"damage":38,"enemies":"Awakened One","floor":50,"turns":16}],"seed_played":"7809399015697743380","potions_obtained":[{"floor":8.0,"key":"SpeedPotion"},{"floor":10.0,"key":"DistilledChaos"},{"floor":18,"key":"SpeedPotion"},{"floor":29,"key":"EntropicBrew"},{"floor":33,"key":"DistilledChaos"},{"floor":37,"key":"Poison Potion"}],"is_trial":false,"path_per_floor":["M","?","?","$","M","E","R","M","T","E","?","E","R","$","R","B",null,"M","M","M","M","?","R","E","R","T","E","?","M","M","M","R","B",null,"M","?","M","$","?","R","T","E","T","M","M","$","E","M","R","B",null],"character_chosen":"THE_SILENT","items_purchased":["Noxious Fumes+1","Lantern","Backflip"],"campfire_rested":5,"item_purchase_floors":[46,46,46],"current_hp_per_floor":[59,52,52,52,52,52,52,52,52,46,46,30,30,30,30,23,55,55,53,53,53,53,66,43,62,62,56,56,55,53,53,66,63,65,49,49,50,50,49,66,66,66,66,66,61,61,65,66,66,32],"gold":147,"neow_bonus":"THREE_ENEMY_KILL","is_daily":false,"chose_seed":false,"campfire_upgraded":3,"win_rate":0.0,"timestamp":1612888845,"path_taken":["M","?","?","?","M","E","R","?","T","E","?","E","R","$","R","BOSS","M","M","M","M","?","R","E","R","T","E","?","M","?","M","R","BOSS","M","?","M","$","?","R","?","E","T","?","M","$","E","M","R","BOSS"],"items_purchased_type":["Card","Relic","Card"],"build_version":"2020-12-22","purchased_purges":4,"victory":true,"max_hp_per_floor":[66,66,66,66,66,66,66,66,66,66,66,66,66,66,66,66,66,66,66,66,66,66,66,66,66,66,66,66,66,66,66,66,66,66,66,66,66,66,66,66,66,66,66,66,66,66,66,66,66,66],"card_choices":[{"not_picked":["Flying Knee","Deflect"],"picked":"Bouncing Flask","floor":1.0},{"not_picked":["Underhanded Strike","Flying Knee"],"picked":"Dagger Throw","floor":5.0},{"not_picked":["Dagger Throw","Skewer"],"picked":"Dash","floor":6.0},{"not_picked":["Setup","Deadly Poison"],"picked":"Catalyst","floor":8.0},{"not_picked":["Dagger Spray","Bane"],"picked":"Quick Slash","floor":10.0},{"not_picked":["Masterful Stab","Endless Agony"],"picked":"Catalyst","floor":12},{"not_picked":["Die Die Die","After Image"],"picked":"Adrenaline","floor":16},{"not_picked":["Tactician","Well Laid Plans"],"picked":"Deadly Poison+1","floor":18},{"not_picked":["Deflect","Deadly Poison"],"picked":"Backflip","floor":19},{"not_picked":["Blade Dance","Cloak And Dagger"],"picked":"Flying Knee","floor":20},{"not_picked":["Finisher","Slice"],"picked":"Leg Sweep","floor":21},{"not_picked":["Outmaneuver","Grand Finale"],"picked":"Reflex","floor":23},{"not_picked":["Eviscerate","Choke","Unload"],"picked":"SKIP","floor":24},{"not_picked":["Dagger Throw","Prepared"],"picked":"Acrobatics","floor":25},{"not_picked":["Eviscerate","Dagger Spray","Expertise"],"picked":"SKIP","floor":27},{"not_picked":["Slice+1","Dagger Spray+1","Eviscerate"],"picked":"SKIP","floor":29},{"not_picked":["Dagger Spray","Quick Slash","Sucker Punch"],"picked":"SKIP","floor":30},{"not_picked":["Deflect","Quick Slash","Dagger Throw"],"picked":"SKIP","floor":31},{"not_picked":["Backflip","Cloak And Dagger"],"picked":"Tools of the Trade+1","floor":32},{"not_picked":["Adrenaline","Malaise"],"picked":"Bullet Time","floor":33},{"not_picked":["Outmaneuver","All Out Attack","Acrobatics"],"picked":"SKIP","floor":35},{"not_picked":["Caltrops+1","Deadly Poison"],"picked":"Prepared+1","floor":37},{"not_picked":["Terror","Dagger Throw"],"picked":"Poisoned Stab","floor":40},{"not_picked":["Quick Slash","Phantasmal Killer","Leg Sweep+1"],"picked":"Backflip+1","floor":42},{"not_picked":["Cloak And Dagger","Poisoned Stab","Slice"],"picked":"Concentrate","floor":44},{"not_picked":["Blade Dance+1","Cloak And Dagger","Deflect"],"picked":"Escape Plan","floor":45},{"not_picked":["Endless Agony+1","Envenom+1","Backflip","Dash+1"],"picked":"SKIP","floor":47},{"not_picked":["Bane","Sucker Punch","Dodge and Roll","Noxious Fumes+1"],"picked":"SKIP","floor":48}],"player_experience":193145,"relics_obtained":[{"floor":6.0,"key":"Incense Burner"},{"floor":9.0,"key":"Bird Faced Urn"},{"floor":10.0,"key":"Dream Catcher"},{"floor":12,"key":"Vajra"},{"floor":24,"key":"Bottled Lightning"},{"floor":26,"key":"Frozen Egg 2"},{"floor":27,"key":"Ginger"},{"floor":39,"key":"FossilizedHelix"},{"floor":41,"key":"Question Card"},{"floor":42,"key":"Oddly Smooth Stone"},{"floor":43,"key":"Old Coin"},{"floor":47,"key":"CaptainsWheel"}],"event_choices":[{"cards_removed":["Strike_G"],"damage_healed":0.0,"max_hp_gain":0.0,"max_hp_loss":0.0,"gold_gain":0.0,"event_name":"Golden Wing","player_choice":"Card Removal","floor":2.0,"gold_loss":0.0,"damage_taken":7.0},{"damage_healed":0.0,"max_hp_gain":0.0,"max_hp_loss":0.0,"gold_gain":0.0,"event_name":"Liars Game","player_choice":"Ignored","floor":3.0,"gold_loss":0.0,"damage_taken":0.0},{"damage_healed":0.0,"max_hp_gain":0.0,"max_hp_loss":0.0,"gold_gain":0.0,"event_name":"Match and Keep!","player_choice":"1 cards matched","floor":11.0,"gold_loss":0.0,"damage_taken":0.0,"cards_obtained":["Backflip"]},{"cards_removed":["Strike_G"],"damage_healed":0,"gold_gain":0,"player_choice":"Gave Gold","damage_taken":0,"max_hp_gain":0,"max_hp_loss":0,"event_name":"Beggar","floor":22,"gold_loss":75},{"damage_healed":0,"gold_gain":0,"player_choice":"Obtained Relic","damage_taken":0,"relics_obtained":["Tiny Chest"],"max_hp_gain":0,"max_hp_loss":0,"event_name":"Addict","floor":28,"gold_loss":85},{"damage_healed":0,"gold_gain":0,"player_choice":"Ignored","damage_taken":0,"max_hp_gain":0,"max_hp_loss":0,"event_name":"Tomb of Lord Red Mask","floor":36,"gold_loss":0},{"damage_healed":0,"gold_gain":0,"player_choice":"Fight","damage_taken":0,"max_hp_gain":0,"max_hp_loss":0,"event_name":"MindBloom","floor":39,"gold_loss":0}],"is_beta":false,"boss_relics":[{"not_picked":["Pandora\u0027s Box","WristBlade"],"picked":"Fusion Hammer"},{"not_picked":["Calling Bell","Busted Crown"],"picked":"Runic Pyramid"}],"items_purged_floors":[4,14,38,46],"is_endless":false,"potions_floor_spawned":[8,10,18,19,29,33,37,42,44,45],"ascension_level":16}}