{"host":"o3n4et6u1y1w2h5j","time":1612874492,"event":{"mods":["AchievementEnabler","BaseMod","Block Reminder","Minty Spire (QoL Compilation)","Rare Cards Sparkle","Relic Stats","StSLib"],"gold_per_floor":[113,131,131,55,70,104,104,104,104],"floor_reached":8,"language":"ENG","playtime":357,"items_purged":[],"score":64,"play_id":"3d293cf5-ae90-4ce0-8aa7-a1ad24c85da8","local_time":"20210209044132","is_ascension_mode":true,"campfire_choices":[{"data":"Inflame","floor":7,"key":"SMITH"}],"circlet_count":0,"master_deck":["Strike_R","Strike_R","Strike_R","Defend_R","Defend_R","Defend_R","Defend_R","Bash","Whirlwind","Battle Trance","Flame Barrier","Inflame+1","Fire Breathing","Disarm","Bludgeon"],"relics":["Burning Blood","Golden Idol","Dream Catcher"],"acts_visited":["Exordium"],"potions_floor_usage":[6,6],"damage_taken":[{"damage":0,"enemies":"2 Louse","floor":1,"turns":1},{"damage":18,"enemies":"Jaw Worm","floor":2,"turns":5},{"damage":6,"enemies":"Cultist","floor":5,"turns":3},{"damage":14,"enemies":"Gremlin Nob","floor":6,"turns":3},{"damage":44,"enemies":"Lagavulin","floor":8,"turns":6}],"seed_played":"-62996892809613585","potions_obtained":[{"floor":1,"key":"DistilledChaos"},{"floor":2,"key":"Energy Potion"},{"floor":5,"key":"Ancient Potion"}],"is_trial":false,"path_per_floor":["M","M","?","$","M","E","R","E"],"character_chosen":"IRONCLAD","items_purchased":["Fire Breathing"],"campfire_rested":0,"item_purchase_floors":[4],"current_hp_per_floor":[72,60,42,42,42,34,34,0,0],"gold":104,"neow_bonus":"TRANSFORM_TWO_CARDS","is_daily":false,"chose_seed":false,"campfire_upgraded":1,"win_rate":0.0,"timestamp":1612874492,"path_taken":["M","M","?","$","M","E","R","E"],"items_purchased_type":["Card"],"build_version":"2020-12-22","purchased_purges":0,"victory":false,"max_hp_per_floor":[72,72,72,72,72,72,72,72,72],"relic_stats":{"Dream Catcher":0,"counters":[5,18],"Golden Idol":10,"obtain_stats":[{"Dream Catcher":6,"Golden Idol":3,"Burning Blood":0},{"Dream Catcher":4,"Golden Idol":2,"Burning Blood":0},{"Dream Catcher":12,"Golden Idol":6,"Burning Blood":0}],"Burning Blood":18},"card_choices":[{"not_picked":["Twin Strike","Dual Wield"],"picked":"Flame Barrier","floor":1},{"not_picked":["Body Slam","Whirlwind"],"picked":"Inflame","floor":2},{"not_picked":["Havoc","Seeing Red"],"picked":"Disarm","floor":5},{"not_picked":["True Grit","Entrench"],"picked":"Bludgeon","floor":6}],"player_experience":70840,"relics_obtained":[{"floor":6,"key":"Dream Catcher"}],"event_choices":[{"damage_healed":0,"gold_gain":0,"player_choice":"Take Damage","damage_taken":18,"relics_obtained":["Golden Idol"],"max_hp_gain":0,"max_hp_loss":0,"event_name":"Golden Idol","floor":3,"gold_loss":0}],"is_beta":false,"boss_relics":[],"items_purged_floors":[],"is_endless":false,"potions_floor_spawned":[1,2,5],"killed_by":"Lagavulin","ascension_level":3}}