{"host":"7hek758ba7rrttw2","time":1612872291,"event":{"mods":["BaseMod","Minty Spire (QoL Compilation)","Weighted Paths"],"gold_per_floor":[119,134,145,145,158,198,198,198,198],"floor_reached":8,"language":"ENG","playtime":360,"items_purged":[],"score":67,"play_id":"1cc09e86-a15a-4895-8df6-c81819fd20e7","local_time":"20210209130451","is_ascension_mode":true,"campfire_choices":[],"circlet_count":0,"master_deck":["Strike_B","Strike_B","Strike_B","Strike_B","Defend_B","Defend_B","Defend_B","Defend_B","Zap+1","Dualcast","Hologram","Gash","Hologram","Buffer"],"relics":["Cracked Core","Golden Idol","Blue Candle","Frozen Egg 2"],"acts_visited":["Exordium"],"potions_floor_usage":[6],"damage_taken":[{"damage":5,"enemies":"2 Louse","floor":1,"turns":3},{"damage":0,"enemies":"Small Slimes","floor":2,"turns":2},{"damage":2,"enemies":"Jaw Worm","floor":3,"turns":3},{"damage":3,"enemies":"Exordium Wildlife","floor":5,"turns":6},{"damage":20,"enemies":"Lagavulin","floor":6,"turns":6},{"damage":23,"enemies":"Gremlin Nob","floor":8,"turns":5}],"seed_played":"-1031459718206893","potions_obtained":[{"floor":2,"key":"BlessingOfTheForge"},{"floor":6,"key":"SpeedPotion"}],"is_trial":false,"path_per_floor":["M","M","M","?","M","E","?","E"],"character_chosen":"DEFECT","items_purchased":[],"campfire_rested":0,"item_purchase_floors":[],"current_hp_per_floor":[70,70,68,50,47,27,24,1,1],"gold":198,"neow_bonus":"UPGRADE_CARD","is_daily":false,"chose_seed":false,"campfire_upgraded":0,"win_rate":0.0,"timestamp":1612872291,"path_taken":["M","M","M","?","M","E","?","E"],"items_purchased_type":[],"build_version":"2020-12-22","purchased_purges":0,"victory":false,"max_hp_per_floor":[75,75,75,75,75,75,75,75,75],"card_choices":[{"not_picked":["Steam","Static Discharge","Doom and Gloom"],"picked":"SKIP","floor":1},{"not_picked":["Force Field","Stack"],"picked":"Hologram","floor":2},{"not_picked":["Heatsinks","Ball Lightning"],"picked":"Gash","floor":3},{"not_picked":["Compile Driver","Beam Cell"],"picked":"Hologram","floor":5},{"not_picked":["Coolheaded","Barrage"],"picked":"Buffer","floor":6}],"player_experience":370924,"relics_obtained":[{"floor":6,"key":"Blue Candle"}],"event_choices":[{"damage_healed":0,"gold_gain":0,"player_choice":"Take Damage","damage_taken":18,"relics_obtained":["Golden Idol"],"max_hp_gain":0,"max_hp_loss":0,"event_name":"Golden Idol","floor":4,"gold_loss":0},{"damage_healed":0,"gold_gain":0,"player_choice":"Success","damage_taken":3,"relics_obtained":["Frozen Egg 2"],"max_hp_gain":0,"max_hp_loss":0,"event_name":"Scrap Ooze","floor":7,"gold_loss":0}],"is_beta":false,"boss_relics":[],"items_purged_floors":[],"is_endless":false,"potions_floor_spawned":[2,6],"killed_by":"Gremlin Nob","ascension_level":3}}