{"host":"st1kg310ms6sytc5","time":1612905700,"event":{"mods":["ATMod(°¢èªMod)","Act Like it!","BaseMod","CapriCore","Minty Spire (QoL Compilation)","Reliquary","StSLib","SuperFastMode","Wide Potions","Yakumo Yukari mod","¡¾ÒÅÎï¿¨ÅÆ¡¿REMEMod"],"gold_per_floor":[117,117,127,127,145,178,178,197,221,253,253,178,201,253,253,376,376,394,260,460,478,503,542,556,556,603,638,364,380,380,423,423,551,551,571,596,659,717,742,776,776,817,894,933,953,953,976,1010,1010,1010,1010,1010,387,425,425],"floor_reached":56,"language":"ZHS","playtime":2996,"items_purged":["Strike_G","Strike_G","Strike_G","Sucker Punch"],"score":2017,"play_id":"18fd161b-8e78-4df7-9829-167b249e3390","local_time":"20210210052139","is_ascension_mode":true,"campfire_choices":[{"data":"Apotheosis","floor":15.0,"key":"SMITH"},{"data":"Prepared","floor":25.0,"key":"SMITH"},{"data":"Acrobatics","floor":32,"key":"SMITH"},{"floor":41,"key":"RECALL"},{"data":"Reflex","floor":49,"key":"SMITH"},{"data":"Terror","floor":52,"key":"SMITH"}],"circlet_count":0,"master_deck":["Defend_G","Defend_G","Defend_G","Defend_G","Defend_G","Survivor","Neutralize","AT_IchimonjiDouble","Apotheosis+1","Calculated Gamble+1","Dagger Spray","Prepared+1","After Image+1","Blade Dance+1","AT_Desolate+1","Reflex","Acrobatics+1","Underhanded Strike","Well Laid Plans+1","Reflex+1","Prepared+1","Terror+1","Acrobatics","Prepared"],"relics":["Ring of the Snake","AT_ATBox","REME_ComplimentaryCards","Frozen Egg 2","Bottled Lightning","PreservedInsect","MealTicket","Golden Idol","reliquary:Buckler","Busted Crown","Toy Ornithopter","Potion Belt","Medical Kit","AT_MortalBlade","Du-Vu Doll","AT_GoldPhoenixTree","reliquary:JackalopeAntler","reliquary:SharkskinSheath","Question Card","Kunai","reliquary:TatteredRug","Ice Cream","Pen Nib","Art of War"],"acts_visited":["Exordium","TheCity","TheBeyond","TheEnding"],"potions_floor_usage":[33,45,55,55,55,55],"damage_taken":[{"damage":0.0,"enemies":"Cultist","floor":1.0,"turns":3.0},{"damage":0.0,"enemies":"Small Slimes","floor":3.0,"turns":2.0},{"damage":3.0,"enemies":"Jaw Worm","floor":5.0,"turns":4.0},{"damage":5.0,"enemies":"3 Sentries","floor":6.0,"turns":4.0},{"damage":13.0,"enemies":"Exordium Wildlife","floor":8.0,"turns":3.0},{"damage":7.0,"enemies":"Gremlin Nob","floor":10.0,"turns":3.0},{"damage":4.0,"enemies":"Large Slime","floor":13.0,"turns":6.0},{"damage":12.0,"enemies":"Slime Boss","floor":16.0,"turns":8.0},{"damage":0.0,"enemies":"3 Byrds","floor":18.0,"turns":3.0},{"damage":0.0,"enemies":"Chosen","floor":21.0,"turns":3.0},{"damage":7.0,"enemies":"3 Cultists","floor":22.0,"turns":3.0},{"damage":11.0,"enemies":"Slavers","floor":23.0,"turns":7.0},{"damage":1.0,"enemies":"Cultist and Chosen","floor":24.0,"turns":4.0},{"damage":0.0,"enemies":"Book of Stabbing","floor":27.0,"turns":4.0},{"damage":0.0,"enemies":"Snecko","floor":29.0,"turns":5.0},{"damage":18.0,"enemies":"Gremlin Leader","floor":31.0,"turns":3.0},{"damage":0,"enemies":"Automaton","floor":33,"turns":6},{"damage":0,"enemies":"3 Shapes","floor":35,"turns":2},{"damage":2,"enemies":"Orb Walker","floor":36,"turns":2},{"damage":0,"enemies":"Mind Bloom Boss Battle","floor":37,"turns":4},{"damage":8,"enemies":"2 Orb Walkers","floor":38,"turns":5},{"damage":9,"enemies":"Transient","floor":39,"turns":5},{"damage":0,"enemies":"Nemesis","floor":40,"turns":3},{"damage":0,"enemies":"Reptomancer","floor":42,"turns":2},{"damage":0,"enemies":"Giant Head","floor":44,"turns":3},{"damage":0,"enemies":"4 Shapes","floor":45,"turns":2},{"damage":0,"enemies":"Spire Growth","floor":47,"turns":3},{"damage":0,"enemies":"Reptomancer","floor":48,"turns":3},{"damage":0,"enemies":"Donu and Deca","floor":50,"turns":8},{"damage":0,"enemies":"Shield and Spear","floor":54,"turns":3},{"damage":0,"enemies":"The Heart","floor":55,"turns":4}],"seed_played":"7038519729390770768","potions_obtained":[{"floor":3.0,"key":"SteroidPotion"},{"floor":6.0,"key":"ColorlessPotion"},{"floor":16.0,"key":"Block Potion"},{"floor":21.0,"key":"Explosive Potion"},{"floor":23.0,"key":"FairyPotion"},{"floor":27.0,"key":"Energy Potion"},{"floor":29.0,"key":"Fire Potion"},{"floor":36,"key":"Explosive Potion"},{"floor":37,"key":"Block Potion"},{"floor":44,"key":"PowerPotion"},{"floor":47,"key":"DuplicationPotion"}],"is_trial":false,"path_per_floor":["M","?","M","?","M","E","T","M","T","E","?","$","M","T","R","B",null,"M","$","?","M","M","E","M","R","T","E","$","M","?","E","R","B",null,"M","M","?","?","M","E","R","E","T","E","M","?","M","E","R","B",null,"R","$","E","B",null],"character_chosen":"THE_SILENT","items_purchased":["AT_Desolate+1","Medical Kit","Acrobatics","Prepared","Ice Cream","Swift Potion","Pen Nib"],"campfire_rested":0,"item_purchase_floors":[19,28,53,53,53,53,53],"current_hp_per_floor":[70,63,63,63,60,55,55,42,42,35,35,50,46,46,46,34,65,65,65,65,65,58,47,46,46,46,46,61,61,61,47,47,52,65,65,63,63,55,46,46,46,46,46,46,56,56,56,56,56,56,65,65,65,65,65],"gold":425,"neow_bonus":"THREE_CARDS","is_daily":false,"chose_seed":false,"campfire_upgraded":5,"win_rate":0.0,"timestamp":1612905699,"path_taken":["M","?","M","?","M","E","?","?","T","E","?","$","M","?","R","BOSS","M","$","?","?","M","E","M","R","T","E","$","M","?","E","R","BOSS","M","M","?","?","M","E","R","E","T","E","M","?","M","E","R","BOSS","R","$","E","BOSS"],"items_purchased_type":["Card","Relic","Card","Card","Relic","Potion","Relic"],"build_version":"2020-12-22","purchased_purges":4,"victory":true,"max_hp_per_floor":[70,70,70,70,70,70,70,70,70,70,65,65,65,65,65,65,65,65,65,65,65,65,65,65,65,65,65,65,65,65,65,65,65,65,65,65,65,65,65,65,65,65,65,65,65,65,65,65,65,65,65,65,65,65,65],"card_choices":[{"not_picked":["Backflip","Accuracy"],"picked":"Calculated Gamble","floor":0.0},{"not_picked":["Acrobatics","Skewer"],"picked":"Dagger Spray","floor":1.0},{"not_picked":["Well Laid Plans","Catalyst"],"picked":"Prepared","floor":3.0},{"not_picked":["Noxious Fumes","Underhanded Strike","Skewer"],"picked":"SKIP","floor":5.0},{"not_picked":["Flying Knee","Backflip"],"picked":"After Image+1","floor":6.0},{"not_picked":["Dagger Spray","Bane","Underhanded Strike"],"picked":"SKIP","floor":8.0},{"not_picked":["Dodge and Roll","Cloak And Dagger"],"picked":"Blade Dance","floor":10.0},{"not_picked":["Dodge and Roll","Dagger Spray","Underhanded Strike"],"picked":"SKIP","floor":13.0},{"not_picked":["Dagger Spray+1"],"picked":"SKIP","floor":18.0},{"not_picked":["Underhanded Strike"],"picked":"SKIP","floor":21.0},{"not_picked":[],"picked":"AT_WomanClash","floor":22.0},{"not_picked":["Die Die Die"],"picked":"SKIP","floor":23.0},{"not_picked":[],"picked":"Reflex","floor":24.0},{"not_picked":[],"picked":"Acrobatics","floor":27.0},{"not_picked":["Setup"],"picked":"SKIP","floor":29.0},{"not_picked":["Sucker Punch"],"picked":"SKIP","floor":31},{"not_picked":["AT_ArcaneSupremacy+1"],"picked":"SKIP","floor":35},{"not_picked":["Cloak And Dagger"],"picked":"SKIP","floor":36},{"not_picked":["Dagger Throw+1"],"picked":"SKIP","floor":39},{"not_picked":[],"picked":"Well Laid Plans+1","floor":40},{"not_picked":[],"picked":"Reflex","floor":42},{"not_picked":["Riddle With Holes"],"picked":"Prepared+1","floor":44},{"not_picked":["Quick Slash","Dodge and Roll"],"picked":"SKIP","floor":45},{"not_picked":["Slice","Finisher"],"picked":"SKIP","floor":47},{"not_picked":["AT_WomanClash"],"picked":"Terror","floor":48},{"not_picked":["Bouncing Flask+1","Bane"],"picked":"SKIP","floor":54}],"player_experience":1404218,"relics_obtained":[{"floor":6.0,"key":"Frozen Egg 2"},{"floor":7.0,"key":"Bottled Lightning"},{"floor":9.0,"key":"PreservedInsect"},{"floor":10.0,"key":"MealTicket"},{"floor":14.0,"key":"reliquary:Buckler"},{"floor":23.0,"key":"Toy Ornithopter"},{"floor":27.0,"key":"Potion Belt"},{"floor":37,"key":"Du-Vu Doll"},{"floor":38,"key":"AT_GoldPhoenixTree"},{"floor":40,"key":"reliquary:JackalopeAntler"},{"floor":42,"key":"reliquary:SharkskinSheath"},{"floor":43,"key":"Question Card"},{"floor":44,"key":"Kunai"},{"floor":48,"key":"reliquary:TatteredRug"},{"floor":54,"key":"Art of War"}],"event_choices":[{"cards_removed":["Strike_G"],"damage_healed":0.0,"max_hp_gain":0.0,"max_hp_loss":0.0,"gold_gain":0.0,"event_name":"Golden Wing","player_choice":"Card Removal","floor":2.0,"gold_loss":0.0,"damage_taken":7.0},{"damage_healed":0.0,"max_hp_gain":0.0,"max_hp_loss":0.0,"gold_gain":0.0,"event_name":"Liars Game","player_choice":"Ignored","floor":4.0,"gold_loss":0.0,"damage_taken":0.0},{"damage_healed":0.0,"max_hp_gain":0.0,"max_hp_loss":5.0,"gold_gain":0.0,"event_name":"Golden Idol","player_choice":"Lose Max HP","floor":11.0,"gold_loss":0.0,"damage_taken":0.0,"relics_obtained":["Golden Idol"]},{"damage_healed":0.0,"max_hp_gain":0.0,"max_hp_loss":0.0,"gold_gain":250.0,"event_name":"The Joust","player_choice":"Bet on Owner","floor":20.0,"gold_loss":50.0,"damage_taken":0.0},{"damage_healed":0.0,"max_hp_gain":0.0,"max_hp_loss":0.0,"gold_gain":0.0,"cards_transformed":["Strike_G","AT_WomanClash"],"event_name":"Drug Dealer","player_choice":"Became Test Subject","floor":30.0,"gold_loss":0.0,"damage_taken":0.0,"cards_obtained":["Sucker Punch","Underhanded Strike"]},{"damage_healed":0,"gold_gain":0,"player_choice":"Fight","damage_taken":0,"max_hp_gain":0,"max_hp_loss":0,"event_name":"MindBloom","floor":37,"gold_loss":0},{"damage_healed":0,"gold_gain":0,"player_choice":"Fight","damage_taken":0,"max_hp_gain":0,"max_hp_loss":0,"event_name":"Mysterious Sphere","floor":38,"gold_loss":0},{"cards_removed":["AT_EmpoweredMortalDraw"],"damage_healed":0,"gold_gain":0,"player_choice":"Removed Attack","damage_taken":0,"max_hp_gain":0,"max_hp_loss":0,"event_name":"Falling","floor":46,"gold_loss":0}],"is_beta":false,"boss_relics":[{"not_picked":["Cursed Key","Ectoplasm"],"picked":"Busted Crown"},{"not_picked":["WristBlade","Calling Bell"],"picked":"AT_MortalBlade"}],"items_purged_floors":[12,19,28,53],"is_endless":false,"potions_floor_spawned":[3,5,6,16,21,23,27,29,36,37,44,47,48],"ascension_level":1}}