{"host":"4par9lyhj7bf4dsa","time":1612852073,"event":{"mods":["AchievementEnabler","BaseMod","Colored Map","Minty Spire (QoL Compilation)","Relic Stats","StSLib"],"gold_per_floor":[117,192,204,214,233,259,259,284,284,317,317,25,25,44,44,139,139,152,163,179,198,215,247,267,294,364,399,399,410,51,62,62,157,207,223,523,537,548,567,567,600,600,653,679,348,379,429,457,457,457,457,457,31,64,64],"floor_reached":56,"language":"ENG","playtime":4542,"items_purged":["Strike_R","Strike_R"],"score":2180,"play_id":"ac7383fa-813a-4bdf-8ec5-6b78168c43d6","local_time":"20210209172753","is_ascension_mode":true,"campfire_choices":[{"data":"Armaments","floor":7,"key":"SMITH"},{"data":"Berserk","floor":11,"key":"SMITH"},{"data":"Spot Weakness","floor":13,"key":"SMITH"},{"data":"Second Wind","floor":15,"key":"SMITH"},{"floor":32,"key":"REST"},{"floor":40,"key":"REST"},{"floor":42,"key":"RECALL"},{"floor":49,"key":"REST"},{"floor":52,"key":"REST"}],"circlet_count":0,"master_deck":["Strike_R","Strike_R","Strike_R+1","Defend_R","Defend_R","Defend_R","Defend_R","Bash","Anger+1","Thunderclap+1","Armaments+1","Second Wind+1","Spot Weakness+1","Berserk+1","Flame Barrier","Feel No Pain","Reaper","Whirlwind","Wild Strike","Fiend Fire","Writhe","True Grit","Brutality","True Grit+1","Disarm+1","Dual Wield+1","Corruption"],"relics":["Runic Pyramid","Orichalcum","Whetstone","Potion Belt","Meat on the Bone","Fusion Hammer","Singing Bowl","Blue Candle","Shuriken","Vajra","Art of War","Dead Branch","Tiny House","Omamori","Mango","Medical Kit","Boot","Prayer Wheel","HornCleat","Incense Burner","Pantograph"],"acts_visited":["Exordium","TheCity","TheBeyond","TheEnding"],"potions_floor_usage":[8,10,19,20,20,20,20,22,22,23,23,23,23,25,27,33,44,54,55,55],"damage_taken":[{"damage":1,"enemies":"Cultist","floor":1,"turns":3},{"damage":4,"enemies":"Jaw Worm","floor":3,"turns":3},{"damage":0,"enemies":"2 Louse","floor":4,"turns":2},{"damage":17,"enemies":"Exordium Thugs","floor":5,"turns":4},{"damage":10,"enemies":"Gremlin Nob","floor":6,"turns":4},{"damage":7,"enemies":"3 Sentries","floor":8,"turns":6},{"damage":10,"enemies":"Gremlin Nob","floor":10,"turns":4},{"damage":9,"enemies":"Red Slaver","floor":14,"turns":2},{"damage":0,"enemies":"Slime Boss","floor":16,"turns":6},{"damage":8,"enemies":"Spheric Guardian","floor":18,"turns":5},{"damage":13,"enemies":"2 Thieves","floor":19,"turns":3},{"damage":12,"enemies":"Snecko","floor":20,"turns":5},{"damage":2,"enemies":"Centurion and Healer","floor":21,"turns":6},{"damage":16,"enemies":"Shelled Parasite and Fungi","floor":22,"turns":4},{"damage":19,"enemies":"Gremlin Leader","floor":23,"turns":7},{"damage":24,"enemies":"Sentry and Sphere","floor":24,"turns":7},{"damage":34,"enemies":"Book of Stabbing","floor":25,"turns":5},{"damage":38,"enemies":"Slavers","floor":27,"turns":4},{"damage":8,"enemies":"Centurion and Healer","floor":29,"turns":14},{"damage":1,"enemies":"Snecko","floor":31,"turns":3},{"damage":15,"enemies":"Champ","floor":33,"turns":7},{"damage":9,"enemies":"Orb Walker","floor":35,"turns":4},{"damage":4,"enemies":"3 Shapes","floor":37,"turns":6},{"damage":18,"enemies":"Writhing Mass","floor":38,"turns":5},{"damage":52,"enemies":"4 Shapes","floor":39,"turns":6},{"damage":3,"enemies":"Reptomancer","floor":41,"turns":3},{"damage":8,"enemies":"Giant Head","floor":44,"turns":8},{"damage":38,"enemies":"Reptomancer","floor":46,"turns":3},{"damage":12,"enemies":"Mind Bloom Boss Battle","floor":47,"turns":6},{"damage":45,"enemies":"Giant Head","floor":48,"turns":8},{"damage":49,"enemies":"Donu and Deca","floor":50,"turns":8},{"damage":65,"enemies":"Shield and Spear","floor":54,"turns":6},{"damage":103,"enemies":"The Heart","floor":55,"turns":9}],"seed_played":"-2677297704761043241","potions_obtained":[{"floor":3,"key":"BloodPotion"},{"floor":4,"key":"PowerPotion"},{"floor":5,"key":"Swift Potion"},{"floor":14,"key":"Explosive Potion"},{"floor":18,"key":"EntropicBrew"},{"floor":20,"key":"Block Potion"},{"floor":22,"key":"FearPotion"},{"floor":25,"key":"SteroidPotion"},{"floor":31,"key":"PowerPotion"},{"floor":34,"key":"ElixirPotion"},{"floor":35,"key":"SteroidPotion"},{"floor":37,"key":"DuplicationPotion"},{"floor":47,"key":"Ancient Potion"}],"is_trial":false,"path_per_floor":["M","?","M","M","M","E","R","E","T","E","R","$","R","M","R","B",null,"M","M","M","M","M","E","M","E","T","E","?","M","$","M","R","B",null,"M","?","M","M","M","R","E","R","T","E","$","E","?","E","R","B",null,"R","$","E","B",null],"character_chosen":"IRONCLAD","items_purchased":["Flame Barrier","EntropicBrew","AttackPotion","True Grit","Dead Branch","Medical Kit","ElixirPotion","Corruption","Incense Burner"],"campfire_rested":4,"item_purchase_floors":[12,12,12,30,30,45,45,53,53],"current_hp_per_floor":[71,60,56,56,39,29,29,38,38,28,28,28,28,31,31,43,71,72,77,72,79,63,63,54,34,34,35,35,56,56,57,84,69,92,85,85,101,85,57,87,84,84,84,92,92,68,70,62,98,67,109,123,123,124,96],"gold":64,"neow_bonus":"BOSS_RELIC","is_daily":false,"chose_seed":false,"campfire_upgraded":4,"win_rate":0.0,"timestamp":1612852073,"path_taken":["M","?","M","M","M","E","R","E","T","E","R","$","R","M","R","BOSS","M","M","M","M","M","E","M","E","T","E","?","M","$","M","R","BOSS","M","?","M","?","M","R","E","R","T","E","$","E","?","E","R","BOSS","R","$","E","BOSS"],"items_purchased_type":["Card","Potion","Potion","Card","Relic","Relic","Potion","Card","Relic"],"build_version":"2020-12-22","purchased_purges":2,"victory":true,"max_hp_per_floor":[80,80,80,80,80,80,80,80,80,80,80,80,80,80,80,80,80,80,80,80,80,80,82,84,86,86,86,86,88,88,90,90,90,97,99,99,101,103,103,103,103,103,103,119,119,121,123,123,123,123,123,123,123,125,125],"relic_stats":{"Singing Bowl":26,"counters":[33,176],"Blue Candle":[7],"Dead Branch":[290],"Whetstone":["Strike_R","Anger"],"Orichalcum":[222],"Medical Kit":[7],"Boot":[3],"Shuriken":[15],"Pantograph":1,"Prayer Wheel":0,"Art of War":[19],"obtain_stats":[{"Potion Belt":9,"Tiny House":34,"Singing Bowl":23,"Blue Candle":25,"Dead Branch":30,"Vajra":27,"Mango":44,"Omamori":41,"Incense Burner":53,"Whetstone":8,"Orichalcum":6,"Medical Kit":45,"Boot":46,"Burning Blood":0,"HornCleat":48,"Shuriken":26,"Pantograph":54,"Prayer Wheel":47,"Fusion Hammer":17,"Art of War":28,"Runic Pyramid":0,"Meat on the Bone":10},{"Potion Belt":6,"Tiny House":21,"Singing Bowl":15,"Blue Candle":17,"Dead Branch":19,"Vajra":18,"Mango":27,"Omamori":26,"Incense Burner":31,"Whetstone":6,"Orichalcum":5,"Medical Kit":27,"Boot":28,"Burning Blood":0,"HornCleat":30,"Shuriken":17,"Pantograph":32,"Prayer Wheel":29,"Fusion Hammer":9,"Art of War":18,"Runic Pyramid":0,"Meat on the Bone":7},{"Potion Belt":22,"Tiny House":104,"Singing Bowl":64,"Blue Candle":76,"Dead Branch":94,"Vajra":80,"Mango":136,"Omamori":128,"Incense Burner":161,"Whetstone":22,"Orichalcum":16,"Medical Kit":136,"Boot":139,"Burning Blood":0,"HornCleat":153,"Shuriken":76,"Pantograph":167,"Prayer Wheel":145,"Fusion Hammer":34,"Art of War":80,"Runic Pyramid":0,"Meat on the Bone":26}],"Meat on the Bone":96},"card_choices":[{"not_picked":["Power Through","Shrug It Off"],"picked":"Anger","floor":1},{"not_picked":["Rupture","Warcry"],"picked":"Thunderclap","floor":3},{"not_picked":["Sword Boomerang","Thunderclap"],"picked":"Armaments","floor":4},{"not_picked":["Power Through","Feel No Pain"],"picked":"Second Wind","floor":5},{"not_picked":["Warcry","Cleave"],"picked":"Spot Weakness","floor":6},{"not_picked":["Anger","Brutality","Warcry"],"picked":"SKIP","floor":8},{"not_picked":["Shockwave","Heavy Blade"],"picked":"Berserk","floor":10},{"not_picked":["Wild Strike","Spot Weakness"],"picked":"Feel No Pain","floor":14},{"not_picked":["Exhume","Corruption"],"picked":"Reaper","floor":16},{"not_picked":["Shrug It Off+1","Clash"],"picked":"Whirlwind","floor":18},{"not_picked":["Blood for Blood","Havoc+1"],"picked":"Wild Strike","floor":19},{"not_picked":["Flame Barrier","Whirlwind","Sword Boomerang"],"picked":"SKIP","floor":20},{"not_picked":["Anger","Fire Breathing","Armaments+1"],"picked":"SKIP","floor":21},{"not_picked":["Rampage","Wild Strike+1","Ghostly Armor+1"],"picked":"SKIP","floor":22},{"not_picked":["Clothesline","Wild Strike+1","Seeing Red"],"picked":"Singing Bowl","floor":23},{"not_picked":["Rampage","Wild Strike","Twin Strike+1"],"picked":"Singing Bowl","floor":24},{"not_picked":["Sword Boomerang","Clothesline","Iron Wave"],"picked":"Singing Bowl","floor":25},{"not_picked":["Flex","Hemokinesis"],"picked":"Fiend Fire","floor":27},{"not_picked":["Wild Strike","Twin Strike","Heavy Blade"],"picked":"Singing Bowl","floor":29},{"not_picked":["Havoc","Clothesline","Anger"],"picked":"Singing Bowl","floor":31},{"not_picked":["Immolate","Fiend Fire"],"picked":"Brutality","floor":33},{"not_picked":["Havoc","Clash+1","Iron Wave"],"picked":"Singing Bowl","floor":34},{"not_picked":["Cleave","Evolve+1","Wild Strike+1"],"picked":"Singing Bowl","floor":35},{"not_picked":["Wild Strike+1","Cleave","Twin Strike"],"picked":"Singing Bowl","floor":37},{"not_picked":["Thunderclap","Clash","Body Slam"],"picked":"Singing Bowl","floor":38},{"not_picked":["Sword Boomerang+1","Pommel Strike+1"],"picked":"True Grit+1","floor":39},{"not_picked":["Sever Soul","Spot Weakness+1"],"picked":"Disarm+1","floor":41},{"not_picked":["Battle Trance","Warcry","Burning Pact+1"],"picked":"Singing Bowl","floor":44},{"not_picked":["Berserk","Pommel Strike+1","Pummel+1"],"picked":"Singing Bowl","floor":46},{"not_picked":["Searing Blow+1","Flex","Power Through"],"picked":"Singing Bowl","floor":47},{"not_picked":["Perfected Strike","Armaments"],"picked":"Dual Wield+1","floor":48},{"not_picked":["Sever Soul","Brutality","Flex+1"],"picked":"Singing Bowl","floor":54}],"player_experience":1020369,"relics_obtained":[{"floor":6,"key":"Orichalcum"},{"floor":8,"key":"Whetstone"},{"floor":9,"key":"Potion Belt"},{"floor":10,"key":"Meat on the Bone"},{"floor":23,"key":"Singing Bowl"},{"floor":25,"key":"Blue Candle"},{"floor":26,"key":"Shuriken"},{"floor":27,"key":"Vajra"},{"floor":41,"key":"Omamori"},{"floor":44,"key":"Mango"},{"floor":46,"key":"Boot"},{"floor":47,"key":"Prayer Wheel"},{"floor":48,"key":"HornCleat"},{"floor":54,"key":"Pantograph"}],"event_choices":[{"damage_healed":0,"gold_gain":75,"player_choice":"Gather Gold","damage_taken":11,"max_hp_gain":0,"max_hp_loss":0,"event_name":"World of Goop","floor":2,"gold_loss":0},{"damage_healed":0,"gold_gain":0,"player_choice":"Opened","damage_taken":0,"relics_obtained":["Art of War"],"max_hp_gain":0,"max_hp_loss":0,"event_name":"The Mausoleum","floor":28,"gold_loss":0,"cards_obtained":["Writhe"]},{"damage_healed":0,"gold_gain":300,"player_choice":"Gold","damage_taken":0,"max_hp_gain":0,"max_hp_loss":0,"event_name":"Wheel of Change","floor":36,"gold_loss":0},{"damage_healed":0,"gold_gain":0,"player_choice":"Fight","damage_taken":0,"max_hp_gain":0,"max_hp_loss":0,"event_name":"MindBloom","floor":47,"gold_loss":0}],"is_beta":false,"boss_relics":[{"not_picked":["Astrolabe","Busted Crown"],"picked":"Fusion Hammer"},{"not_picked":["Runic Dome","Sozu"],"picked":"Tiny House"}],"items_purged_floors":[12,45],"is_endless":false,"potions_floor_spawned":[3,4,5,14,18,20,21,22,25,31,35,37,47,48],"ascension_level":7}}