{"host":"hlz9nytggqnehs39","time":1612883473,"event":{"mods":["BaseMod","Highlight Path","Minty Spire (QoL Compilation)","Relic Stats"],"gold_per_floor":[19,34,44,44,63,88,88,98,98,116,14,47,47,61,61,163,163,176,189,189,464,475,475,475,475,502,64,79,79,92,103,103,198,198,208,35,70,22,58,58,103,114,140,155,155,155,168,22,22,22,22],"floor_reached":50,"language":"ENG","playtime":2588,"items_purged":["Regret","Strike_P"],"score":778,"play_id":"f882bb7d-96e6-47a9-bed1-6b8d4e019830","local_time":"20210209161113","is_ascension_mode":true,"campfire_choices":[{"floor":7,"key":"REST"},{"data":"Devotion","floor":15,"key":"SMITH"},{"data":"1","floor":23,"key":"LIFT"},{"data":"2","floor":25,"key":"LIFT"},{"data":"Scrawl","floor":32,"key":"SMITH"},{"data":"3","floor":40,"key":"LIFT"},{"data":"Vault","floor":45,"key":"SMITH"},{"data":"TalkToTheHand","floor":49,"key":"SMITH"}],"circlet_count":0,"master_deck":["Strike_P","Strike_P","Strike_P","Defend_P","Defend_P","Defend_P","Defend_P","Eruption","Vigilance","Devotion+1","CrushJoints","BowlingBash","Consecrate","EmptyFist","Wallop","JustLucky","Protect","Wish","CutThroughFate","Devotion","WaveOfTheHand","WheelKick","Wireheading+1","Scrawl+1","Protect","BattleHymn","Vault+1","Meditate","TalkToTheHand+1","Protect+1","Study+1","Devotion","Normality","Meditate+1","TalkToTheHand"],"relics":["PureWater","Letter Opener","FossilizedHelix","Girya","Philosopher\u0027s Stone","Pen Nib","Bottled Lightning","Cursed Key","Anchor"],"acts_visited":["Exordium","TheCity","TheBeyond"],"potions_floor_usage":[6,12,16,16,18,22,28,33,41,41,42,47,50,50],"damage_taken":[{"damage":11,"enemies":"Small Slimes","floor":1,"turns":3},{"damage":1,"enemies":"Cultist","floor":2,"turns":3},{"damage":12,"enemies":"2 Louse","floor":3,"turns":3},{"damage":29,"enemies":"Exordium Thugs","floor":5,"turns":5},{"damage":0,"enemies":"Gremlin Nob","floor":6,"turns":2},{"damage":0,"enemies":"Gremlin Gang","floor":8,"turns":3},{"damage":0,"enemies":"3 Louse","floor":10,"turns":2},{"damage":0,"enemies":"3 Sentries","floor":12,"turns":4},{"damage":0,"enemies":"2 Fungi Beasts","floor":14,"turns":2},{"damage":0,"enemies":"Slime Boss","floor":16,"turns":7},{"damage":0,"enemies":"2 Thieves","floor":18,"turns":4},{"damage":0,"enemies":"Chosen","floor":19,"turns":5},{"damage":9,"enemies":"Snake Plant","floor":22,"turns":4},{"damage":0,"enemies":"Centurion and Healer","floor":28,"turns":3},{"damage":0,"enemies":"Shelled Parasite and Fungi","floor":30,"turns":2},{"damage":0,"enemies":"Cultist and Chosen","floor":31,"turns":3},{"damage":21,"enemies":"Collector","floor":33,"turns":8},{"damage":0,"enemies":"Orb Walker","floor":35,"turns":2},{"damage":0,"enemies":"3 Shapes","floor":37,"turns":9},{"damage":15,"enemies":"Jaw Worm Horde","floor":39,"turns":5},{"damage":0,"enemies":"Transient","floor":41,"turns":5},{"damage":0,"enemies":"Sphere and 2 Shapes","floor":42,"turns":4},{"damage":0,"enemies":"Spire Growth","floor":44,"turns":6},{"damage":7,"enemies":"Transient","floor":47,"turns":6},{"damage":94,"enemies":"Awakened One","floor":50,"turns":4}],"seed_played":"9130283854380491803","potions_obtained":[{"floor":2,"key":"Swift Potion"},{"floor":12,"key":"PowerPotion"},{"floor":14,"key":"SteroidPotion"},{"floor":16,"key":"Explosive Potion"},{"floor":19,"key":"SteroidPotion"},{"floor":28,"key":"SpeedPotion"},{"floor":30,"key":"SteroidPotion"},{"floor":41,"key":"BlessingOfTheForge"},{"floor":47,"key":"BlessingOfTheForge"}],"is_trial":false,"path_per_floor":["M","M","M","?","M","E","R","M","T","M","$","E","$","M","R","B",null,"M","M","?","?","M","R","?","R","T","$","M","$","M","M","R","B",null,"M","$","M","$","M","R","M","M","T","M","R","?","M","$","R","B"],"character_chosen":"WATCHER","items_purchased":["Protect","PowerPotion","Bottled Lightning","ColorlessPotion","SkillPotion","TalkToTheHand","FearPotion","FairyPotion","ColorlessPotion"],"campfire_rested":1,"item_purchase_floors":[11,11,27,27,27,36,38,48,48],"current_hp_per_floor":[54,53,41,41,12,12,33,33,33,33,33,33,33,33,33,33,62,62,62,49,49,40,40,40,40,40,40,40,40,40,40,40,19,63,63,63,63,63,48,48,48,48,48,48,48,48,41,41,41,0,0],"gold":22,"neow_bonus":"THREE_RARE_CARDS","is_daily":false,"chose_seed":false,"campfire_upgraded":4,"win_rate":0.0,"timestamp":1612883473,"path_taken":["M","M","M","?","M","E","R","M","T","M","$","E","$","M","R","BOSS","M","?","?","?","?","R","?","R","T","$","M","?","M","M","R","BOSS","M","$","?","$","M","R","M","M","T","?","R","?","M","$","R","BOSS"],"items_purchased_type":["Card","Potion","Relic","Potion","Potion","Card","Potion","Potion","Potion"],"build_version":"2020-12-22","purchased_purges":2,"victory":false,"max_hp_per_floor":[72,72,72,72,72,72,72,72,72,72,72,72,72,72,72,72,72,72,72,77,77,77,77,77,77,77,77,77,77,77,77,77,77,77,77,77,77,77,77,77,77,77,77,77,77,77,77,77,77,77,77],"relic_stats":{"counters":[25,104],"Pen Nib":[11],"Letter Opener":[130],"Cursed Key":1,"obtain_stats":[{"Girya":12,"Anchor":43,"Philosopher\u0027s Stone":17,"Pen Nib":26,"Letter Opener":6,"Bottled Lightning":27,"PureWater":0,"Cursed Key":34,"FossilizedHelix":9},{"Girya":8,"Anchor":22,"Philosopher\u0027s Stone":10,"Pen Nib":13,"Letter Opener":5,"Bottled Lightning":13,"PureWater":0,"Cursed Key":17,"FossilizedHelix":6},{"Girya":25,"Anchor":88,"Philosopher\u0027s Stone":34,"Pen Nib":47,"Letter Opener":16,"Bottled Lightning":47,"PureWater":0,"Cursed Key":63,"FossilizedHelix":19}]},"card_choices":[{"not_picked":["Vault","Establishment"],"picked":"Devotion","floor":0},{"not_picked":["Halt","Evaluate"],"picked":"CrushJoints","floor":1},{"not_picked":["PathToVictory","EmptyBody"],"picked":"BowlingBash","floor":2},{"not_picked":["Alpha","FollowUp"],"picked":"Consecrate","floor":3},{"not_picked":["SandsOfTime","WaveOfTheHand"],"picked":"Wallop","floor":5},{"not_picked":["Perseverance","Worship","FlurryOfBlows"],"picked":"SKIP","floor":6},{"not_picked":["FlurryOfBlows","JustLucky","WreathOfFlame"],"picked":"SKIP","floor":8},{"not_picked":["FlurryOfBlows","WreathOfFlame"],"picked":"JustLucky","floor":8},{"not_picked":["PathToVictory","Swivel","InnerPeace"],"picked":"SKIP","floor":10},{"not_picked":["Swivel","InnerPeace"],"picked":"Wish","floor":12},{"not_picked":["Meditate","Halt"],"picked":"CutThroughFate","floor":14},{"not_picked":["Ragnarok","Judgement"],"picked":"Devotion","floor":16},{"not_picked":["CutThroughFate+1","Sanctity"],"picked":"WaveOfTheHand","floor":18},{"not_picked":["Consecrate","FlyingSleeves"],"picked":"WheelKick","floor":19},{"not_picked":["Evaluate","FlurryOfBlows+1"],"picked":"Wireheading+1","floor":22},{"not_picked":["SignatureMove","Establishment"],"picked":"Protect","floor":28},{"not_picked":["CutThroughFate","CrushJoints"],"picked":"BattleHymn","floor":30},{"not_picked":["Protect","Evaluate","PathToVictory"],"picked":"SKIP","floor":31},{"not_picked":["Wish","Ragnarok"],"picked":"Vault","floor":33},{"not_picked":["WreathOfFlame+1","Halt+1"],"picked":"Meditate","floor":35},{"not_picked":["ReachHeaven","CutThroughFate"],"picked":"Protect+1","floor":37},{"not_picked":["CarveReality","SignatureMove+1","JustLucky"],"picked":"SKIP","floor":39},{"not_picked":["Indignation","LikeWater"],"picked":"Study+1","floor":41},{"not_picked":["CrushJoints","Crescendo"],"picked":"Devotion","floor":42},{"not_picked":["Vengeance+1","EmptyFist"],"picked":"Meditate+1","floor":44},{"not_picked":["MentalFortress","Fasting2","WreathOfFlame"],"picked":"SKIP","floor":47}],"player_experience":422009,"relics_obtained":[{"floor":6,"key":"Letter Opener"},{"floor":9,"key":"FossilizedHelix"},{"floor":12,"key":"Girya"},{"floor":26,"key":"Pen Nib"},{"floor":43,"key":"Anchor"}],"event_choices":[{"damage_healed":0,"gold_gain":0,"player_choice":"1 cards matched","damage_taken":0,"max_hp_gain":0,"max_hp_loss":0,"event_name":"Match and Keep!","floor":4,"gold_loss":0,"cards_obtained":["EmptyFist"]},{"damage_healed":0,"gold_gain":0,"player_choice":"Shed Blood","damage_taken":18,"max_hp_gain":5,"max_hp_loss":0,"event_name":"Forgotten Altar","floor":20,"gold_loss":0},{"damage_healed":0,"gold_gain":275,"player_choice":"Desecrate","damage_taken":0,"max_hp_gain":0,"max_hp_loss":0,"event_name":"Golden Shrine","floor":21,"gold_loss":0,"cards_obtained":["Regret"]},{"damage_healed":0,"gold_gain":0,"player_choice":"1 cards matched","damage_taken":0,"max_hp_gain":0,"max_hp_loss":0,"event_name":"Match and Keep!","floor":24,"gold_loss":0,"cards_obtained":["Scrawl"]},{"damage_healed":0,"gold_gain":0,"player_choice":"Copied","damage_taken":0,"max_hp_gain":0,"max_hp_loss":0,"event_name":"Duplicator","floor":46,"gold_loss":0,"cards_obtained":["TalkToTheHand"]}],"is_beta":false,"boss_relics":[{"not_picked":["Empty Cage","Velvet Choker"],"picked":"Philosopher\u0027s Stone"},{"not_picked":["Runic Dome","Black Star"],"picked":"Cursed Key"}],"items_purged_floors":[27,36],"is_endless":false,"potions_floor_spawned":[2,12,14,16,19,28,30,39,41,47],"killed_by":"Awakened One","ascension_level":6}}