{"host":"kp5m5tbwfn2imaek","time":1612890405,"event":{"mods":["AchievementEnabler","BaseMod","Bestiary","Minty Spire (QoL Compilation)","Relic Stats"],"gold_per_floor":[113,113,188,203,228,228,241,241,241,241,241,42,42,56,56,159,159,176,195,210,210,224,224,224,243,266,266,266,23,122,133,133,133,133],"floor_reached":33,"language":"ENG","playtime":1589,"items_purged":["Force Field","Dualcast"],"score":392,"play_id":"bf341cf0-307f-4c76-9bef-5651fda83283","local_time":"20210209120645","is_ascension_mode":true,"campfire_choices":[{"data":"Zap","floor":6,"key":"SMITH"},{"data":"Glacier","floor":11,"key":"SMITH"},{"data":"Go for the Eyes","floor":15,"key":"SMITH"},{"floor":23,"key":"REST"},{"data":"Machine Learning","floor":24,"key":"SMITH"},{"floor":28,"key":"REST"},{"floor":32,"key":"REST"}],"circlet_count":0,"master_deck":["AscendersBane","Zap+1","Turbo","Glacier+1","Fusion","Stack","Fusion","All For One","Chill","Sweeping Beam+1","Streamline","Genetic Algorithm","FTL","Go for the Eyes+1","Machine Learning+1","Compile Driver+1","Gash","Aggregate","Coolheaded","Beam Cell","Bandage Up","Compile Driver"],"relics":["Pandora\u0027s Box","WingedGreaves","Bronze Scales","Darkstone Periapt","Philosopher\u0027s Stone","Tiny Chest"],"acts_visited":["Exordium","TheCity"],"potions_floor_usage":[8,16,19,33],"damage_taken":[{"damage":1,"enemies":"Jaw Worm","floor":1,"turns":8},{"damage":4,"enemies":"2 Louse","floor":4,"turns":4},{"damage":2,"enemies":"Small Slimes","floor":7,"turns":4},{"damage":0,"enemies":"Gremlin Nob","floor":8,"turns":2},{"damage":0,"enemies":"Looter","floor":14,"turns":2},{"damage":30,"enemies":"The Guardian","floor":16,"turns":10},{"damage":10,"enemies":"Spheric Guardian","floor":18,"turns":4},{"damage":7,"enemies":"Shell Parasite","floor":19,"turns":3},{"damage":8,"enemies":"Snecko","floor":20,"turns":6},{"damage":15,"enemies":"Chosen and Byrds","floor":22,"turns":6},{"damage":17,"enemies":"Centurion and Healer","floor":25,"turns":6},{"damage":27,"enemies":"Snake Plant","floor":31,"turns":4},{"damage":42,"enemies":"Collector","floor":33,"turns":8}],"seed_played":"2143341524270306735","potions_obtained":[{"floor":1,"key":"Block Potion"},{"floor":4,"key":"SmokeBomb"},{"floor":14,"key":"Weak Potion"},{"floor":22,"key":"BlessingOfTheForge"},{"floor":31,"key":"BlessingOfTheForge"}],"is_trial":false,"path_per_floor":["M","?","?","M","T","R","M","E","T","?","R","$","T","M","R","B",null,"M","M","M","?","M","R","R","M","T","?","R","$","?","M","R","B"],"character_chosen":"DEFECT","items_purchased":["FTL","Go for the Eyes","Beam Cell","Bandage Up"],"campfire_rested":3,"item_purchase_floors":[12,12,29,29],"current_hp_per_floor":[67,60,49,45,45,45,43,43,43,43,43,43,43,43,43,13,60,50,43,35,21,6,30,30,13,13,13,37,37,37,14,38,0,0],"gold":133,"neow_bonus":"BOSS_RELIC","is_daily":false,"chose_seed":false,"campfire_upgraded":4,"win_rate":0.0,"timestamp":1612890405,"path_taken":["M","?","?","M","?","R","M","E","T","?","R","$","?","M","R","BOSS","M","M","M","?","M","R","R","M","T","?","R","$","?","M","R","BOSS"],"items_purchased_type":["Card","Card","Card","Card"],"build_version":"2020-12-22","purchased_purges":2,"victory":false,"max_hp_per_floor":[75,75,75,75,75,75,75,75,75,75,75,75,75,75,75,75,75,75,75,75,80,80,80,80,80,80,80,80,80,80,80,80,80,80],"relic_stats":{"Darkstone Periapt":0,"counters":[13,67],"Bronze Scales":[153],"Pandora\u0027s Box":["Turbo","Glacier","Fusion","Stack","Fusion","All For One","Force Field","Chill"],"Tiny Chest":0,"obtain_stats":[{"Darkstone Periapt":13,"Bronze Scales":5,"Pandora\u0027s Box":0,"Philosopher\u0027s Stone":17,"Tiny Chest":26,"WingedGreaves":2,"Cracked Core":0},{"Darkstone Periapt":4,"Bronze Scales":2,"Pandora\u0027s Box":0,"Philosopher\u0027s Stone":6,"Tiny Chest":11,"WingedGreaves":1,"Cracked Core":0},{"Darkstone Periapt":18,"Bronze Scales":12,"Pandora\u0027s Box":0,"Philosopher\u0027s Stone":30,"Tiny Chest":55,"WingedGreaves":8,"Cracked Core":0}]},"card_choices":[{"not_picked":["White Noise","Leap"],"picked":"Sweeping Beam","floor":1},{"not_picked":["Coolheaded","BootSequence"],"picked":"Streamline","floor":4},{"not_picked":["Darkness","Cold Snap"],"picked":"Genetic Algorithm","floor":7},{"not_picked":["Streamline","Consume","Stack"],"picked":"SKIP","floor":14},{"not_picked":["Biased Cognition","Rainbow"],"picked":"Machine Learning","floor":16},{"not_picked":["Chaos","Cold Snap"],"picked":"Compile Driver+1","floor":18},{"not_picked":["Steam","Beam Cell"],"picked":"Gash","floor":19},{"not_picked":["Go for the Eyes","Cold Snap"],"picked":"Aggregate","floor":20},{"not_picked":["Barrage","Rebound","Ball Lightning+1"],"picked":"SKIP","floor":22},{"not_picked":["Scrape","Conserve Battery"],"picked":"Coolheaded","floor":25},{"not_picked":["Steam","Aggregate+1"],"picked":"Compile Driver","floor":31}],"player_experience":710840,"relics_obtained":[{"floor":5,"key":"Bronze Scales"},{"floor":13,"key":"Darkstone Periapt"},{"floor":26,"key":"Tiny Chest"}],"event_choices":[{"damage_healed":0,"gold_gain":0,"player_choice":"Success","damage_taken":7,"relics_obtained":["WingedGreaves"],"max_hp_gain":0,"max_hp_loss":0,"event_name":"Scrap Ooze","floor":2,"gold_loss":0},{"damage_healed":0,"gold_gain":75,"player_choice":"Gather Gold","damage_taken":11,"max_hp_gain":0,"max_hp_loss":0,"event_name":"World of Goop","floor":3,"gold_loss":0},{"damage_healed":0,"gold_gain":0,"player_choice":"Grow","damage_taken":0,"max_hp_gain":0,"max_hp_loss":0,"event_name":"Living Wall","floor":10,"gold_loss":0,"cards_upgraded":["Sweeping Beam"]},{"damage_healed":0,"gold_gain":0,"player_choice":"Shed Blood","damage_taken":19,"max_hp_gain":5,"max_hp_loss":0,"event_name":"Forgotten Altar","floor":21,"gold_loss":0},{"damage_healed":0,"gold_gain":0,"player_choice":"Ignored","damage_taken":0,"max_hp_gain":0,"max_hp_loss":0,"event_name":"Vampires","floor":27,"gold_loss":0},{"damage_healed":0,"gold_gain":99,"player_choice":"Stole From Cult","damage_taken":0,"max_hp_gain":0,"max_hp_loss":0,"event_name":"Nest","floor":30,"gold_loss":0}],"is_beta":false,"boss_relics":[{"not_picked":["Fusion Hammer","Sozu"],"picked":"Philosopher\u0027s Stone"}],"items_purged_floors":[12,29],"is_endless":false,"potions_floor_spawned":[1,4,8,14,22,31],"killed_by":"Collector","ascension_level":12}}