{"host":"g2yp6paluzgljz05","time":1612852319,"event":{"mods":["BaseMod","Bestiary","Colored Powertips","DeckTracker","Highlight Path","Minty Spire (QoL Compilation)","Quick Restart"],"gold_per_floor":[118,118,118,129,141,141,168,168,168,182,182,199,199,199,199,303,303,322,322,247,247,147,147,182,182,207,207,307,307,326,346,346,445,445,458,333,333,21,39,39,39,39],"floor_reached":41,"language":"ENG","playtime":1951,"items_purged":["Sever Soul","Cleave","Strike_R","Perfected Strike+1"],"score":628,"play_id":"b4c18ea0-4344-4235-962a-dbc3b3060c71","local_time":"20210209173159","is_ascension_mode":true,"campfire_choices":[{"data":"Pommel Strike","floor":6.0,"key":"SMITH"},{"data":"Bash","floor":8.0,"key":"SMITH"},{"floor":13.0,"key":"REST"},{"data":"Perfected Strike","floor":15.0,"key":"SMITH"},{"data":"Warcry","floor":23.0,"key":"SMITH"},{"floor":25.0,"key":"REST"},{"data":"True Grit","floor":32.0,"key":"SMITH"},{"data":"Berserk","floor":40,"key":"SMITH"}],"circlet_count":0,"master_deck":["AscendersBane","Strike_R","Defend_R+1","Bash+1","Pommel Strike+1","Warcry+1","Feed","Uppercut+1","Cleave+1","Immolate+1","Warcry+1","True Grit+1","Berserk+1","Mayhem"],"relics":["Burning Blood","NeowsBlessing","Gremlin Horn","Lizard Tail","InkBottle","Astrolabe","MutagenicStrength","Vajra","War Paint","Bird Faced Urn","Mummified Hand","Empty Cage"],"acts_visited":["Exordium","TheCity","TheBeyond"],"potions_floor_usage":[41],"damage_taken":[{"damage":0.0,"enemies":"Small Slimes","floor":1.0,"turns":2.0},{"damage":0.0,"enemies":"2 Louse","floor":4.0,"turns":1.0},{"damage":0.0,"enemies":"Cultist","floor":5.0,"turns":1.0},{"damage":35.0,"enemies":"3 Sentries","floor":7.0,"turns":5.0},{"damage":21.0,"enemies":"Exordium Wildlife","floor":10.0,"turns":4.0},{"damage":14.0,"enemies":"Red Slaver","floor":12.0,"turns":2.0},{"damage":18.0,"enemies":"Slime Boss","floor":16.0,"turns":7.0},{"damage":8.0,"enemies":"Chosen","floor":18.0,"turns":4.0},{"damage":37.0,"enemies":"Slavers","floor":24.0,"turns":3.0},{"damage":19.0,"enemies":"Colosseum Slavers","floor":28.0,"turns":2.0},{"damage":30.0,"enemies":"Colosseum Nobs","floor":28.0,"turns":4.0},{"damage":23.0,"enemies":"Shell Parasite","floor":30.0,"turns":4.0},{"damage":7.0,"enemies":"Snecko","floor":31.0,"turns":3.0},{"damage":72.0,"enemies":"Collector","floor":33.0,"turns":10.0},{"damage":0.0,"enemies":"3 Shapes","floor":35.0,"turns":1.0},{"damage":52,"enemies":"3 Darklings","floor":39,"turns":4},{"damage":66,"enemies":"Nemesis","floor":41,"turns":5}],"seed_played":"-223753075859382428","potions_obtained":[{"floor":5.0,"key":"Strength Potion"},{"floor":10.0,"key":"ColorlessPotion"},{"floor":11.0,"key":"Ancient Potion"},{"floor":11.0,"key":"PowerPotion"},{"floor":12.0,"key":"PowerPotion"},{"floor":18.0,"key":"BloodPotion"},{"floor":30.0,"key":"BloodPotion"},{"floor":33.0,"key":"BlessingOfTheForge"},{"floor":39,"key":"PowerPotion"}],"is_trial":false,"path_per_floor":["M","?","?","M","M","R","E","R","T","M","?","M","R","T","R","B",null,"M","?","$","?","$","R","E","R","T","?","?","?","M","M","R","B",null,"M","$","?","$","M","R","E"],"character_chosen":"IRONCLAD","items_purchased":["Mayhem"],"campfire_rested":2,"item_purchase_floors":[38],"current_hp_per_floor":[78,71,80,80,80,80,51,51,51,36,36,28,52,52,52,40,70,71,71,71,71,71,71,59,84,84,84,47,41,41,40,40,31,72,81,81,81,81,39,39,0,0],"gold":39,"neow_bonus":"THREE_ENEMY_KILL","is_daily":false,"chose_seed":false,"campfire_upgraded":6,"win_rate":0.0,"timestamp":1612852319,"path_taken":["M","?","?","?","M","R","E","R","T","M","?","?","R","?","R","BOSS","M","?","$","?","$","R","E","R","T","?","?","?","M","M","R","BOSS","M","$","?","$","M","R","E"],"items_purchased_type":["Card"],"build_version":"2020-12-22","purchased_purges":4,"victory":false,"max_hp_per_floor":[80,80,80,80,80,80,80,80,80,80,80,80,80,80,80,80,80,83,83,83,83,83,83,86,86,86,86,86,86,86,86,86,86,86,89,89,89,89,89,89,89,89],"card_choices":[{"not_picked":["Anger","Combust"],"picked":"Cleave","floor":1.0},{"not_picked":["Flex","Twin Strike","Intimidate"],"picked":"SKIP","floor":4.0},{"not_picked":["Pommel Strike","Warcry","Armaments"],"picked":"SKIP","floor":5.0},{"not_picked":["Warcry","Armaments"],"picked":"Pommel Strike","floor":5.0},{"not_picked":["Combust","Juggernaut"],"picked":"Warcry","floor":7.0},{"not_picked":["Evolve","Armaments"],"picked":"Sever Soul","floor":10.0},{"not_picked":["Wild Strike","Armaments"],"picked":"Perfected Strike","floor":12.0},{"not_picked":["Juggernaut","Limit Break"],"picked":"Feed","floor":16.0},{"not_picked":["Iron Wave","Anger+1"],"picked":"Warcry+1","floor":18.0},{"not_picked":["Fire Breathing","Flex","Headbutt+1"],"picked":"SKIP","floor":24.0},{"not_picked":["Iron Wave","Shrug It Off+1","True Grit"],"picked":"SKIP","floor":30.0},{"not_picked":["Ghostly Armor","Body Slam","Seeing Red"],"picked":"SKIP","floor":31.0},{"not_picked":["Reaper","Double Tap"],"picked":"Berserk","floor":33.0},{"not_picked":["Hemokinesis","Thunderclap","Cleave"],"picked":"SKIP","floor":35.0},{"not_picked":["Heavy Blade","Warcry","Havoc"],"picked":"SKIP","floor":39}],"player_experience":342077,"relics_obtained":[{"floor":7.0,"key":"Gremlin Horn"},{"floor":9.0,"key":"Lizard Tail"},{"floor":14.0,"key":"InkBottle"},{"floor":24.0,"key":"Vajra"},{"floor":26.0,"key":"War Paint"},{"floor":28.0,"key":"Bird Faced Urn"},{"floor":28.0,"key":"Mummified Hand"}],"event_choices":[{"cards_removed":["Strike_R"],"damage_healed":0.0,"max_hp_gain":0.0,"max_hp_loss":0.0,"gold_gain":0.0,"event_name":"Golden Wing","player_choice":"Card Removal","floor":2.0,"gold_loss":0.0,"damage_taken":7.0},{"damage_healed":9.0,"max_hp_gain":0.0,"max_hp_loss":0.0,"gold_gain":0.0,"event_name":"Wheel of Change","player_choice":"Full Heal","floor":3.0,"gold_loss":0.0,"damage_taken":0.0},{"damage_healed":0.0,"max_hp_gain":0.0,"max_hp_loss":0.0,"gold_gain":0.0,"event_name":"Lab","player_choice":"Got Potions","floor":11.0,"gold_loss":0.0,"damage_taken":0.0},{"damage_healed":0.0,"max_hp_gain":0.0,"max_hp_loss":0.0,"gold_gain":0.0,"event_name":"Vampires","player_choice":"Ignored","floor":19.0,"gold_loss":0.0,"damage_taken":0.0},{"damage_healed":0.0,"max_hp_gain":0.0,"max_hp_loss":0.0,"gold_gain":0.0,"event_name":"Drug Dealer","player_choice":"Inject Mutagens","floor":21.0,"gold_loss":0.0,"damage_taken":0.0,"relics_obtained":["MutagenicStrength"]},{"damage_healed":0.0,"max_hp_gain":0.0,"max_hp_loss":0.0,"gold_gain":0.0,"event_name":"The Library","player_choice":"Read","floor":27.0,"gold_loss":0.0,"damage_taken":0.0,"cards_obtained":["True Grit"]},{"damage_healed":0.0,"max_hp_gain":0.0,"max_hp_loss":0.0,"gold_gain":0.0,"event_name":"Colosseum","player_choice":"Fight","floor":28.0,"gold_loss":0.0,"damage_taken":0.0},{"damage_healed":0.0,"max_hp_gain":0.0,"max_hp_loss":0.0,"gold_gain":0.0,"event_name":"Colosseum","player_choice":"Fought Nobs","floor":28.0,"gold_loss":0.0,"damage_taken":0.0},{"damage_healed":0.0,"max_hp_gain":0.0,"max_hp_loss":0.0,"gold_gain":0.0,"event_name":"Knowing Skull","player_choice":"","floor":29.0,"potions_obtained":[],"gold_loss":0.0,"damage_taken":6.0,"cards_obtained":[]},{"damage_healed":0,"gold_gain":0,"player_choice":"Ignored","damage_taken":0,"max_hp_gain":0,"max_hp_loss":0,"event_name":"Mysterious Sphere","floor":37,"gold_loss":0}],"is_beta":false,"boss_relics":[{"not_picked":["Pandora\u0027s Box","SacredBark"],"picked":"Astrolabe"},{"not_picked":["SlaversCollar","Black Star"],"picked":"Empty Cage"}],"items_purged_floors":[20,22,36,38],"is_endless":false,"potions_floor_spawned":[5,10,12,18,30,33,39],"killed_by":"Nemesis","ascension_level":11}}