{"host":"8sf1xglkdai6nf6k","time":1612901585,"event":{"mods":["BaseMod","Hermit","Minty Spire (QoL Compilation)","StSLib"],"gold_per_floor":[114,128,141,156,173,21,21,53,53,53,67,67,108,129,129,255,255,276,276,300,300,300,300,319,355,380,380,227,227,250,54,54,173,173,194,225,288,288,307,346,346,377,377,377,409,443,443,468,468,468,468,468,37,68,68],"floor_reached":56,"language":"ENG","playtime":7963,"items_purged":["hermit:Defend_Hermit"],"score":1289,"play_id":"2ef4dc83-18bc-486d-b69e-280def96c22d","local_time":"20210209141305","is_ascension_mode":false,"campfire_choices":[{"data":"hermit:Manifest","floor":7,"key":"SMITH"},{"data":"hermit:Brawl","floor":10,"key":"SMITH"},{"floor":15,"key":"REST"},{"data":"hermit:FromBeyond","floor":23,"key":"SMITH"},{"data":"hermit:FlashPowder","floor":27,"key":"SMITH"},{"data":"hermit:Determination","floor":32,"key":"SMITH"},{"floor":41,"key":"RECALL"},{"data":"hermit:Dissolve","floor":44,"key":"SMITH"},{"floor":49,"key":"REST"},{"floor":52,"key":"REST"}],"circlet_count":0,"master_deck":["hermit:Strike_Hermit","hermit:Strike_Hermit","hermit:Strike_Hermit","hermit:Defend_Hermit","hermit:Defend_Hermit","hermit:Defend_Hermit","hermit:Snapshot","hermit:Covet+1","CurseOfTheBell","hermit:FinalCanter","hermit:Glare","hermit:Brawl+1","hermit:WideOpen+1","hermit:Manifest+1","hermit:Ricochet","hermit:FlashPowder+1","Injury","hermit:GhostlyPresence","hermit:Magnum+1","hermit:FromBeyond+1","hermit:LoneWolf+1","Shame","hermit:Gestalt+1","RitualDagger+1","hermit:Glare","hermit:LowProfile+1","hermit:Determination+1","hermit:Desperado+1","hermit:DeadOrAlive+1","hermit:Scavenge+1","hermit:CalledShot+1","hermit:HoleUp+1","hermit:Dissolve+1","hermit:CalledShot+1","hermit:Determination+1","hermit:Deadeye+1","hermit:Midnight","hermit:HoleUp+1","Secret Technique","hermit:EyeOfTheStorm"],"relics":["Calling Bell","Toy Ornithopter","Gremlin Horn","Peace Pipe","Medical Kit","Du-Vu Doll","Molten Egg 2","Golden Idol","HornCleat","hermit:BartenderGlass","Question Card","MutagenicStrength","Sundial","Ancient Tea Set","Nilry\u0027s Codex","War Paint","hermit:DentedPlate","Incense Burner","Art of War","Oddly Smooth Stone","Letter Opener","hermit:Spyglass"],"acts_visited":["Exordium","TheCity","TheBeyond","TheEnding"],"potions_floor_usage":[8,13,18,18,18,18,20,24,24,25,25,30,30,33,33,33,35,35,35,36,36,37,37,37,39,39,40,40,40,40,42,42,45,45,46,46,48,48,50,50,50,54,54,55,55,55,55],"damage_taken":[{"damage":0,"enemies":"2 Louse","floor":1,"turns":1},{"damage":6,"enemies":"Jaw Worm","floor":2,"turns":3},{"damage":0,"enemies":"Small Slimes","floor":3,"turns":3},{"damage":10,"enemies":"Looter","floor":4,"turns":4},{"damage":7,"enemies":"Large Slime","floor":5,"turns":5},{"damage":13,"enemies":"Lagavulin","floor":8,"turns":6},{"damage":7,"enemies":"Blue Slaver","floor":11,"turns":2},{"damage":15,"enemies":"Gremlin Nob","floor":13,"turns":4},{"damage":16,"enemies":"Lots of Slimes","floor":14,"turns":4},{"damage":6,"enemies":"Slime Boss","floor":16,"turns":7},{"damage":15,"enemies":"2 Thieves","floor":18,"turns":4},{"damage":4,"enemies":"Shell Parasite","floor":20,"turns":4},{"damage":0,"enemies":"Snecko","floor":24,"turns":2},{"damage":0,"enemies":"Book of Stabbing","floor":25,"turns":3},{"damage":1,"enemies":"Cultist and Chosen","floor":30,"turns":6},{"damage":68,"enemies":"Automaton","floor":33,"turns":9},{"damage":0,"enemies":"Orb Walker","floor":35,"turns":2},{"damage":2,"enemies":"3 Shapes","floor":36,"turns":6},{"damage":18,"enemies":"Mind Bloom Boss Battle","floor":37,"turns":7},{"damage":7,"enemies":"Maw","floor":39,"turns":5},{"damage":14,"enemies":"Reptomancer","floor":40,"turns":8},{"damage":0,"enemies":"3 Darklings","floor":42,"turns":5},{"damage":30,"enemies":"Transient","floor":45,"turns":5},{"damage":34,"enemies":"Nemesis","floor":46,"turns":7},{"damage":6,"enemies":"Maw","floor":48,"turns":6},{"damage":12,"enemies":"Time Eater","floor":50,"turns":9},{"damage":28,"enemies":"Shield and Spear","floor":54,"turns":6},{"damage":73,"enemies":"The Heart","floor":55,"turns":9}],"seed_played":"-1304309766054029719","potions_obtained":[{"floor":1,"key":"LiquidBronze"},{"floor":11,"key":"hermit:Tonic"},{"floor":14,"key":"Block Potion"},{"floor":25,"key":"BlessingOfTheForge"},{"floor":30,"key":"Regen Potion"},{"floor":36,"key":"ColorlessPotion"},{"floor":37,"key":"hermit:BlackBile"},{"floor":45,"key":"hermit:BlackBile"},{"floor":46,"key":"SneckoOil"},{"floor":48,"key":"hermit:Tonic"}],"is_trial":false,"path_per_floor":["M","M","M","M","M","$","R","E","T","R","M","?","E","M","R","B",null,"M","?","M","?","?","R","M","E","T","R","$","?","M","$","R","B",null,"M","M","?","?","M","E","R","M","T","R","M","E","?","M","R","B",null,"R","$","E","B",null],"character_chosen":"HERMIT","items_purchased":["Medical Kit","hermit:Determination","War Paint","hermit:Desperado+1","Letter Opener","Secret Technique"],"campfire_rested":3,"item_purchase_floors":[6,28,31,31,53,53],"current_hp_per_floor":[75,69,69,59,52,52,52,44,44,44,37,37,27,11,33,27,75,75,75,75,69,69,69,75,75,75,75,75,59,68,68,68,15,47,62,70,67,67,70,76,76,86,86,86,66,42,42,46,79,82,82,112,112,94,41],"gold":68,"neow_bonus":"BOSS_RELIC","is_daily":false,"chose_seed":false,"campfire_upgraded":6,"win_rate":0.0,"timestamp":1612901585,"path_taken":["M","M","M","M","M","$","R","E","T","R","M","?","E","M","R","BOSS","M","?","M","?","?","R","M","E","T","R","$","?","M","$","R","BOSS","M","M","?","?","?","E","R","M","T","R","M","E","?","M","R","BOSS","R","$","E","BOSS"],"items_purchased_type":["Relic","Card","Relic","Card","Relic","Card"],"build_version":"2020-12-22","purchased_purges":1,"victory":true,"max_hp_per_floor":[75,75,75,75,75,75,75,75,75,75,75,75,75,75,75,75,75,75,75,75,75,75,75,75,75,75,75,75,75,75,75,75,80,112,112,112,112,112,112,112,112,112,112,112,112,112,112,112,112,112,112,112,112,112,112],"card_choices":[{"not_picked":["hermit:NoHoldsBarred","hermit:Snipe"],"picked":"hermit:FinalCanter","floor":1},{"not_picked":["hermit:Brawl","hermit:HoleUp"],"picked":"hermit:Glare","floor":2},{"not_picked":["hermit:TakeCover","hermit:BodyArmor"],"picked":"hermit:Brawl","floor":3},{"not_picked":["hermit:Glare","hermit:CursedWeapon"],"picked":"hermit:WideOpen","floor":4},{"not_picked":["hermit:Enervate","hermit:Determination"],"picked":"hermit:Manifest","floor":5},{"not_picked":["hermit:ItchyTrigger","hermit:BodyArmor"],"picked":"hermit:Ricochet","floor":8},{"not_picked":["hermit:Malice+1","hermit:Misfire+1"],"picked":"hermit:FlashPowder","floor":11},{"not_picked":["hermit:Virtue","hermit:Spite+1"],"picked":"hermit:GhostlyPresence","floor":13},{"not_picked":["hermit:HoleUp","hermit:SprayPray+1"],"picked":"hermit:Magnum+1","floor":14},{"not_picked":["hermit:OverwhelmingPower","hermit:Magnum+1"],"picked":"hermit:FromBeyond","floor":16},{"not_picked":["hermit:Horror+1","hermit:Headshot+1"],"picked":"hermit:LoneWolf+1","floor":18},{"not_picked":["hermit:EyeOfTheStorm","hermit:GoldenBullet+1","hermit:LowProfile"],"picked":"hermit:Gestalt","floor":20},{"not_picked":["hermit:LuckOfTheDraw","hermit:Spite+1","hermit:Roulette+1"],"picked":"hermit:Glare","floor":24},{"not_picked":["hermit:Shortfuse+1","hermit:Spite+1","hermit:Manifest"],"picked":"hermit:LowProfile+1","floor":25},{"not_picked":["hermit:Glare","hermit:Coalescence","hermit:Manifest+1","hermit:Enervate+1"],"picked":"SKIP","floor":30},{"not_picked":["hermit:Purgatory+1","hermit:BlackWind+1","hermit:Magnum+1"],"picked":"hermit:DeadOrAlive+1","floor":33},{"not_picked":["hermit:HoleUp+1","hermit:Headshot+1","hermit:Manifest+1"],"picked":"hermit:Scavenge+1","floor":35},{"not_picked":["hermit:BigShot+1","hermit:Feint+1","hermit:Vantage"],"picked":"hermit:CalledShot+1","floor":36},{"not_picked":["hermit:TrackingShot+1","hermit:HighCaliber+1","hermit:WideOpen+1"],"picked":"hermit:HoleUp+1","floor":37},{"not_picked":["hermit:Quickdraw+1","hermit:BigShot","hermit:Shortfuse+1"],"picked":"hermit:Dissolve","floor":39},{"not_picked":["hermit:BodyArmor","hermit:Snipe","hermit:NoHoldsBarred+1"],"picked":"hermit:CalledShot+1","floor":40},{"not_picked":["hermit:Vantage","hermit:CalledShot+1","hermit:TakeCover"],"picked":"hermit:Determination+1","floor":42},{"not_picked":["hermit:HighCaliber+1","hermit:Desperado+1","hermit:Scavenge"],"picked":"hermit:Deadeye+1","floor":45},{"not_picked":["hermit:GoldenBullet+1","hermit:Grudge+1","hermit:TakeAim","hermit:BodyArmor"],"picked":"SKIP","floor":46},{"not_picked":["hermit:Desperado+1","hermit:ShadowCloak","hermit:HighCaliber+1"],"picked":"hermit:HoleUp+1","floor":48},{"not_picked":["hermit:Feint+1","hermit:DeadOrAlive+1","hermit:Enervate+1"],"picked":"hermit:EyeOfTheStorm","floor":54}],"player_experience":501497,"relics_obtained":[{"floor":0,"key":"Toy Ornithopter"},{"floor":0,"key":"Gremlin Horn"},{"floor":0,"key":"Peace Pipe"},{"floor":8,"key":"Du-Vu Doll"},{"floor":9,"key":"Molten Egg 2"},{"floor":13,"key":"HornCleat"},{"floor":25,"key":"Sundial"},{"floor":26,"key":"Ancient Tea Set"},{"floor":29,"key":"Nilry\u0027s Codex"},{"floor":37,"key":"Incense Burner"},{"floor":40,"key":"Art of War"},{"floor":46,"key":"Oddly Smooth Stone"},{"floor":54,"key":"hermit:Spyglass"}],"event_choices":[{"damage_healed":0,"gold_gain":0,"player_choice":"Take Wound","damage_taken":0,"relics_obtained":["Golden Idol"],"max_hp_gain":0,"max_hp_loss":0,"event_name":"Golden Idol","floor":12,"gold_loss":0,"cards_obtained":["Injury"]},{"damage_healed":0,"gold_gain":0,"player_choice":"Stole Relic","damage_taken":0,"relics_obtained":["Question Card"],"max_hp_gain":0,"max_hp_loss":0,"event_name":"Addict","floor":19,"gold_loss":0,"cards_obtained":["Shame"]},{"damage_healed":0,"gold_gain":0,"player_choice":"Joined the Cult","damage_taken":6,"max_hp_gain":0,"max_hp_loss":0,"event_name":"Nest","floor":21,"gold_loss":0,"cards_obtained":["RitualDagger"]},{"damage_healed":0,"gold_gain":0,"player_choice":"Inject Mutagens","damage_taken":0,"relics_obtained":["MutagenicStrength"],"max_hp_gain":0,"max_hp_loss":0,"event_name":"Drug Dealer","floor":22,"gold_loss":0},{"damage_healed":0,"gold_gain":0,"player_choice":"Obtained Book","damage_taken":16,"max_hp_gain":0,"max_hp_loss":0,"event_name":"Cursed Tome","floor":29,"gold_loss":0},{"damage_healed":0,"gold_gain":0,"player_choice":"Fight","damage_taken":0,"max_hp_gain":0,"max_hp_loss":0,"event_name":"MindBloom","floor":37,"gold_loss":0},{"damage_healed":0,"gold_gain":0,"player_choice":"Upgraded","damage_taken":0,"max_hp_gain":0,"max_hp_loss":0,"event_name":"Upgrade Shrine","floor":38,"gold_loss":0,"cards_upgraded":["hermit:WideOpen"]},{"damage_healed":0,"gold_gain":0,"cards_transformed":["hermit:Strike_Hermit"],"player_choice":"Transformed","damage_taken":0,"max_hp_gain":0,"max_hp_loss":0,"event_name":"Transmorgrifier","floor":47,"gold_loss":0,"cards_obtained":["hermit:Midnight"]}],"is_beta":false,"boss_relics":[{"not_picked":["Astrolabe","Velvet Choker"],"picked":"hermit:BartenderGlass"},{"not_picked":["Tiny House","Black Star"],"picked":"hermit:DentedPlate"}],"items_purged_floors":[28],"is_endless":false,"potions_floor_spawned":[1,11,14,25,30,36,37,39,45,46,48],"ascension_level":0}}