{"host":"e14va605tljgvqtz","time":1612903910,"event":{"mods":["BaseMod","Colored Map","Highlight Path","Minty Spire (QoL Compilation)","Relic Stats"],"gold_per_floor":[167,182,200,200,214,230,230,263,340,360,393,412,431,442,442,537,537,557,568,585,585,685,720,720,731,758,758,758,784,799,824,824,824,824],"floor_reached":33,"language":"ENG","playtime":2192,"items_purged":[],"score":466,"play_id":"09bbedbe-2554-4a7b-886b-469e7655e064","local_time":"20210209125150","is_ascension_mode":true,"campfire_choices":[{"data":"Zap","floor":7,"key":"SMITH"},{"data":"Consume","floor":15,"key":"SMITH"},{"data":"Buffer","floor":24,"key":"SMITH"},{"data":"Self Repair","floor":27,"key":"SMITH"},{"data":"Defragment","floor":32,"key":"SMITH"}],"circlet_count":0,"master_deck":["Strike_B","Strike_B","Strike_B","Strike_B","Defend_B+1","Defend_B","Defend_B","Defend_B","Zap+1","Dualcast","Loop+1","Conserve Battery","Static Discharge","Sweeping Beam","Barrage","Chill","Rebound","Consume+1","FTL","Doom and Gloom","Buffer+1","Echo Form","Auto Shields","Self Repair+1","Chill","RitualDagger","Coolheaded","Defragment+1"],"relics":["Tiny House","Boot","InkBottle","FossilizedHelix","Coffee Dripper","Enchiridion","Art of War","Bag of Marbles","Bronze Scales","StoneCalendar"],"acts_visited":["Exordium","TheCity"],"potions_floor_usage":[8,10,23,29],"damage_taken":[{"damage":2,"enemies":"Cultist","floor":1,"turns":4},{"damage":0,"enemies":"2 Louse","floor":2,"turns":4},{"damage":1,"enemies":"Small Slimes","floor":3,"turns":4},{"damage":9,"enemies":"2 Fungi Beasts","floor":5,"turns":4},{"damage":9,"enemies":"Large Slime","floor":6,"turns":5},{"damage":6,"enemies":"3 Sentries","floor":8,"turns":10},{"damage":8,"enemies":"Gremlin Gang","floor":10,"turns":4},{"damage":9,"enemies":"Lagavulin","floor":11,"turns":7},{"damage":0,"enemies":"Exordium Wildlife","floor":12,"turns":4},{"damage":0,"enemies":"Large Slime","floor":13,"turns":5},{"damage":0,"enemies":"Looter","floor":14,"turns":4},{"damage":0,"enemies":"Slime Boss","floor":16,"turns":6},{"damage":0,"enemies":"Chosen","floor":18,"turns":5},{"damage":6,"enemies":"Shell Parasite","floor":19,"turns":6},{"damage":6,"enemies":"Cultist and Chosen","floor":20,"turns":6},{"damage":4,"enemies":"Slavers","floor":23,"turns":9},{"damage":0,"enemies":"Chosen and Byrds","floor":25,"turns":4},{"damage":19,"enemies":"Gremlin Leader","floor":29,"turns":8},{"damage":19,"enemies":"Snake Plant","floor":30,"turns":4},{"damage":19,"enemies":"Book of Stabbing","floor":31,"turns":6},{"damage":44,"enemies":"Collector","floor":33,"turns":5}],"seed_played":"-7811079499085407428","potions_obtained":[{"floor":0,"key":"Regen Potion"},{"floor":1,"key":"ColorlessPotion"},{"floor":3,"key":"LiquidMemories"},{"floor":5,"key":"FairyPotion"},{"floor":6,"key":"AttackPotion"},{"floor":11,"key":"AttackPotion"},{"floor":13,"key":"AttackPotion"},{"floor":23,"key":"FearPotion"},{"floor":29,"key":"Swift Potion"}],"is_trial":false,"path_per_floor":["M","M","M","?","M","M","R","E","T","M","E","M","M","M","R","B",null,"M","M","M","?","?","E","R","M","T","R","?","E","M","E","R","B"],"character_chosen":"DEFECT","items_purchased":[],"campfire_rested":0,"item_purchase_floors":[],"current_hp_per_floor":[78,78,77,77,68,59,59,68,68,60,51,51,51,51,51,51,73,73,67,68,52,52,55,55,62,62,62,56,57,48,39,39,0,0],"gold":824,"neow_bonus":"BOSS_RELIC","is_daily":false,"chose_seed":false,"campfire_upgraded":5,"win_rate":0.0,"timestamp":1612903910,"path_taken":["M","M","M","?","M","M","R","E","T","M","E","M","?","M","R","BOSS","M","M","?","?","?","E","R","?","T","R","?","E","M","E","R","BOSS"],"items_purchased_type":[],"build_version":"2020-12-22","purchased_purges":0,"victory":false,"max_hp_per_floor":[80,80,80,80,80,80,80,80,80,80,80,80,80,80,80,80,80,80,80,80,80,80,80,80,80,80,80,80,80,80,80,80,80,80],"relic_stats":{"counters":[21,109],"Bronze Scales":[60],"StoneCalendar":[0],"Art of War":[4],"Boot":[94],"obtain_stats":[{"Tiny House":0,"Bronze Scales":29,"Enchiridion":21,"StoneCalendar":31,"Coffee Dripper":17,"Art of War":23,"Bag of Marbles":26,"Cracked Core":0,"Boot":8,"InkBottle":9,"FossilizedHelix":11},{"Tiny House":0,"Bronze Scales":18,"Enchiridion":15,"StoneCalendar":20,"Coffee Dripper":12,"Art of War":16,"Bag of Marbles":17,"Cracked Core":0,"Boot":6,"InkBottle":6,"FossilizedHelix":8},{"Tiny House":0,"Bronze Scales":94,"Enchiridion":73,"StoneCalendar":104,"Coffee Dripper":57,"Art of War":82,"Bag of Marbles":86,"Cracked Core":0,"Boot":28,"InkBottle":28,"FossilizedHelix":38}],"InkBottle":[29]},"card_choices":[{"not_picked":["Double Energy","Leap"],"picked":"Loop","floor":0},{"not_picked":["Blizzard","Scrape"],"picked":"Conserve Battery","floor":1},{"not_picked":["Hello World","Reinforced Body"],"picked":"Static Discharge","floor":2},{"not_picked":["Go for the Eyes","Double Energy"],"picked":"Sweeping Beam","floor":3},{"not_picked":["Leap","Conserve Battery"],"picked":"Barrage","floor":5},{"not_picked":["Stack","Gash"],"picked":"Chill","floor":6},{"not_picked":["Stack","Leap"],"picked":"Rebound","floor":8},{"not_picked":["Chill","Beam Cell"],"picked":"Consume","floor":10},{"not_picked":["Beam Cell","Sweeping Beam","Go for the Eyes"],"picked":"SKIP","floor":11},{"not_picked":["Hologram","Compile Driver"],"picked":"FTL","floor":12},{"not_picked":["Ball Lightning","Sweeping Beam"],"picked":"Doom and Gloom","floor":13},{"not_picked":["FTL","Reinforced Body"],"picked":"Buffer","floor":14},{"not_picked":["Fission","Rainbow"],"picked":"Echo Form","floor":16},{"not_picked":["Double Energy","Compile Driver"],"picked":"Auto Shields","floor":18},{"not_picked":["Gash+1","Reprogram"],"picked":"Self Repair","floor":19},{"not_picked":["Leap+1","Barrage"],"picked":"Chill","floor":20},{"not_picked":["Conserve Battery","Auto Shields","Self Repair"],"picked":"SKIP","floor":23},{"not_picked":["Static Discharge","Beam Cell","Sunder"],"picked":"SKIP","floor":25},{"not_picked":["Rebound","Thunder Strike","Beam Cell"],"picked":"SKIP","floor":29},{"not_picked":["Fusion","Skim"],"picked":"Coolheaded","floor":30},{"not_picked":["Turbo","Hologram"],"picked":"Defragment","floor":31}],"player_experience":316996,"relics_obtained":[{"floor":8,"key":"Boot"},{"floor":9,"key":"InkBottle"},{"floor":11,"key":"FossilizedHelix"},{"floor":21,"key":"Enchiridion"},{"floor":23,"key":"Art of War"},{"floor":26,"key":"Bag of Marbles"},{"floor":29,"key":"Bronze Scales"},{"floor":31,"key":"StoneCalendar"}],"event_choices":[{"damage_healed":0,"gold_gain":0,"player_choice":"Upgraded","damage_taken":0,"max_hp_gain":0,"max_hp_loss":0,"event_name":"Upgrade Shrine","floor":4,"gold_loss":0,"cards_upgraded":["Loop"]},{"damage_healed":0,"gold_gain":0,"player_choice":"Obtained Book","damage_taken":16,"max_hp_gain":0,"max_hp_loss":0,"event_name":"Cursed Tome","floor":21,"gold_loss":0},{"damage_healed":0,"gold_gain":100,"player_choice":"Pray","damage_taken":0,"max_hp_gain":0,"max_hp_loss":0,"event_name":"Golden Shrine","floor":22,"gold_loss":0},{"damage_healed":0,"gold_gain":0,"player_choice":"Joined the Cult","damage_taken":6,"max_hp_gain":0,"max_hp_loss":0,"event_name":"Nest","floor":28,"gold_loss":0,"cards_obtained":["RitualDagger"]}],"is_beta":false,"boss_relics":[{"not_picked":["Velvet Choker","Philosopher\u0027s Stone"],"picked":"Coffee Dripper"}],"items_purged_floors":[],"is_endless":false,"potions_floor_spawned":[1,3,5,6,11,13,23,29,31],"killed_by":"Collector","ascension_level":5}}