{"host":"13o02hya6v6rzuva","time":1612870584,"event":{"mods":["BaseMod","Minty Spire (QoL Compilation)","Relic Stats"],"gold_per_floor":[116,129,147,167,16,16,91,122,147,161,126,149,165,183,183,280,280,290,301,301,301],"floor_reached":20,"language":"ENG","playtime":760,"items_purged":[],"score":285,"play_id":"9dcc9a3c-58e3-4737-999b-b980132caec5","local_time":"20210209123624","is_ascension_mode":true,"campfire_choices":[{"data":"Seeing Red","floor":6,"key":"SMITH"},{"floor":15,"key":"REST"}],"circlet_count":0,"master_deck":["AscendersBane","Strike_R+1","Strike_R","Strike_R","Strike_R","Defend_R","Defend_R","Defend_R","Defend_R","Bash+1","Juggernaut","Carnage","Seeing Red+1","Intimidate","Shrug It Off","Bludgeon","Clothesline","Shockwave","Shrug It Off","Barricade","Shrug It Off"],"relics":["Burning Blood","HandDrill","Whetstone","Regal Pillow","Runic Pyramid"],"acts_visited":["Exordium","TheCity"],"potions_floor_usage":[8,8,16],"damage_taken":[{"damage":6,"enemies":"Cultist","floor":1,"turns":4},{"damage":5,"enemies":"Small Slimes","floor":2,"turns":5},{"damage":11,"enemies":"Jaw Worm","floor":3,"turns":4},{"damage":19,"enemies":"Lots of Slimes","floor":4,"turns":5},{"damage":26,"enemies":"Gremlin Nob","floor":8,"turns":4},{"damage":18,"enemies":"Large Slime","floor":10,"turns":4},{"damage":2,"enemies":"3 Louse","floor":13,"turns":3},{"damage":10,"enemies":"Blue Slaver","floor":14,"turns":3},{"damage":20,"enemies":"Slime Boss","floor":16,"turns":8},{"damage":40,"enemies":"3 Byrds","floor":18,"turns":9},{"damage":31,"enemies":"Shell Parasite","floor":19,"turns":10},{"damage":5,"enemies":"3 Cultists","floor":20,"turns":3}],"seed_played":"7523922447448022048","potions_obtained":[{"floor":1,"key":"Strength Potion"},{"floor":2,"key":"Swift Potion"},{"floor":4,"key":"Fire Potion"},{"floor":10,"key":"Fire Potion"}],"is_trial":false,"path_per_floor":["M","M","M","M","$","R","?","E","T","M","?","T","M","M","R","B",null,"M","M","M"],"character_chosen":"IRONCLAD","items_purchased":["HandDrill"],"campfire_rested":1,"item_purchase_floors":[5],"current_hp_per_floor":[72,73,68,55,55,55,44,24,24,12,32,32,36,32,71,57,74,40,15,10,10],"gold":301,"neow_bonus":"TRANSFORM_CARD","is_daily":false,"chose_seed":false,"campfire_upgraded":1,"win_rate":0.0,"timestamp":1612870584,"path_taken":["M","M","?","M","$","R","?","E","T","M","?","?","M","M","R","BOSS","M","M","?"],"items_purchased_type":["Relic"],"build_version":"2020-12-22","purchased_purges":0,"victory":false,"max_hp_per_floor":[80,80,80,80,80,80,80,80,80,80,80,80,80,80,80,80,80,80,80,80,80],"relic_stats":{"Regal Pillow":15,"counters":[12,62],"HandDrill":[16],"Whetstone":["Bash","Strike_R"],"obtain_stats":[{"Regal Pillow":12,"HandDrill":5,"Whetstone":8,"Burning Blood":0,"Runic Pyramid":17},{"Regal Pillow":6,"HandDrill":4,"Whetstone":5,"Burning Blood":0,"Runic Pyramid":9},{"Regal Pillow":26,"HandDrill":18,"Whetstone":22,"Burning Blood":0,"Runic Pyramid":40}],"Burning Blood":66},"card_choices":[{"not_picked":["Headbutt","Infernal Blade"],"picked":"Carnage","floor":1},{"not_picked":["Perfected Strike","Twin Strike"],"picked":"Seeing Red","floor":2},{"not_picked":["Clash","Iron Wave"],"picked":"Intimidate","floor":3},{"not_picked":["Twin Strike","Cleave"],"picked":"Shrug It Off","floor":4},{"not_picked":["Rupture","Perfected Strike"],"picked":"Bludgeon","floor":8},{"not_picked":["Wild Strike","Sword Boomerang"],"picked":"Clothesline","floor":10},{"not_picked":["Carnage","Headbutt"],"picked":"Shockwave","floor":13},{"not_picked":["Iron Wave","Perfected Strike"],"picked":"Shrug It Off","floor":14},{"not_picked":["Juggernaut","Exhume"],"picked":"Barricade","floor":16},{"not_picked":["Reckless Charge","Heavy Blade"],"picked":"Shrug It Off","floor":18},{"not_picked":["Dropkick","Clash","Thunderclap+1"],"picked":"SKIP","floor":19}],"player_experience":1200326,"relics_obtained":[{"floor":8,"key":"Whetstone"},{"floor":12,"key":"Regal Pillow"}],"event_choices":[{"damage_healed":0,"gold_gain":75,"player_choice":"Gather Gold","damage_taken":11,"max_hp_gain":0,"max_hp_loss":0,"event_name":"World of Goop","floor":7,"gold_loss":0},{"damage_healed":20,"gold_gain":0,"player_choice":"Healed","damage_taken":0,"max_hp_gain":0,"max_hp_loss":0,"event_name":"The Cleric","floor":11,"gold_loss":35}],"is_beta":false,"boss_relics":[{"not_picked":["Black Star","Pandora\u0027s Box"],"picked":"Runic Pyramid"}],"items_purged_floors":[],"is_endless":false,"potions_floor_spawned":[1,2,4,10],"killed_by":"3 Cultists","ascension_level":12}}