{"host":"2qyxu97h6u4ukicb","time":1612829662,"event":{"mods":["AchievementEnabler","BaseMod","BetterRewards","Colored Map","Colored Powertips","Minty Spire (QoL Compilation)","Replay The Spire","Shop Mod","StSLib"],"gold_per_floor":[118,118,118,128,128,128,143,208,208,233,245,245,245,261,261,389,389,409,433,433,358,298,298,298],"floor_reached":23,"language":"ENG","playtime":1652,"items_purged":[],"score":179,"play_id":"c32a91ef-2d42-4eb3-ba93-f4f97384b3bd","local_time":"20210208181422","is_ascension_mode":false,"campfire_choices":[{"floor":6,"key":"RECALL"},{"floor":15,"key":"REST"}],"circlet_count":0,"master_deck":["Strike_G","Strike_G","Strike_G","Strike_G","Strike_G","Defend_G","Defend_G","Defend_G","Defend_G","Defend_G","Survivor","Neutralize+1","Venomology","Phantasmal Killer","Deadly Poison","Replay:Poison Smokescreen","Replay:Bag of Tricks","Deadly Poison"],"relics":["Ring of the Snake","NeowsBlessing","ReplayTheSpireMod:Ring of Exchange","Ring of Fury","Anchor","WingedGreaves","Golden Idol","Lee\u0027s Waffle","Enchiridion"],"acts_visited":["Exordium","TheCity"],"potions_floor_usage":[8,8,14,14,14,14,14,16,16,16,18,19,19,23,23],"damage_taken":[{"damage":0,"enemies":"Small Slimes","floor":1,"turns":1},{"damage":0,"enemies":"2 Louse","floor":4,"turns":1},{"damage":0,"enemies":"Jaw Worm","floor":7,"turns":1},{"damage":20,"enemies":"3 Sentries","floor":8,"turns":10},{"damage":11,"enemies":"3 Louse","floor":11,"turns":3},{"damage":0,"enemies":"Looter","floor":14,"turns":3},{"damage":44,"enemies":"The Guardian","floor":16,"turns":11},{"damage":11,"enemies":"Shell Parasite","floor":18,"turns":5},{"damage":0,"enemies":"Chosen","floor":19,"turns":4},{"damage":51,"enemies":"Gremlin Leader","floor":23,"turns":8}],"seed_played":"-1254636321915876371","potions_obtained":[{"floor":4,"key":"LifebloodPotion"},{"floor":11,"key":"Strength Potion"},{"floor":14,"key":"Dexterity Potion"},{"floor":18,"key":"Ancient Potion"},{"floor":19,"key":"LifebloodPotion"}],"is_trial":false,"path_per_floor":["M","$","?","M","?","R","M","?","T","T","M","?","?","M","R","B",null,"M","M","?","?","?","E"],"character_chosen":"THE_SILENT","items_purchased":[],"campfire_rested":1,"item_purchase_floors":[],"current_hp_per_floor":[70,70,70,70,70,70,70,50,50,50,39,39,39,39,60,16,77,66,66,50,50,50,0,0],"gold":298,"neow_bonus":"THREE_ENEMY_KILL","is_daily":false,"chose_seed":false,"campfire_upgraded":0,"win_rate":0.0,"timestamp":1612829662,"path_taken":["M","$","?","M","?","R","M","?","T","?","?","?","?","M","R","BOSS","M","M","?","?","?","E"],"items_purchased_type":[],"build_version":"2020-12-22","purchased_purges":0,"victory":false,"max_hp_per_floor":[70,70,70,70,70,70,70,70,70,70,70,70,70,70,70,70,77,77,77,77,77,77,77,77],"card_choices":[{"not_picked":["Sucker Punch","PiercingWail","Quick Slash"],"picked":"SKIP","floor":1},{"not_picked":["ReplayTheSpireMod:Shiv Toss","Dodge and Roll","Quick Slash"],"picked":"SKIP","floor":4},{"not_picked":["ReplayTheSpireMod:Scrap Shanks","Underhanded Strike"],"picked":"Venomology","floor":7},{"not_picked":["Quick Slash","Acrobatics"],"picked":"Phantasmal Killer","floor":8},{"not_picked":["Sucker Punch","Dodge and Roll"],"picked":"Deadly Poison","floor":11},{"not_picked":["Escape Plan","Flechettes"],"picked":"Replay:Poison Smokescreen","floor":14},{"not_picked":["Phantasmal Killer","Doppelganger"],"picked":"Replay:Bag of Tricks","floor":16},{"not_picked":["Acrobatics","Endless Agony","Prepared"],"picked":"SKIP","floor":18},{"not_picked":["Poisoned Stab","Outmaneuver"],"picked":"Deadly Poison","floor":19}],"player_experience":799161,"relics_obtained":[{"floor":5,"key":"ReplayTheSpireMod:Ring of Exchange"},{"floor":5,"key":"Ring of Fury"},{"floor":8,"key":"Anchor"},{"floor":9,"key":"WingedGreaves"},{"floor":20,"key":"Enchiridion"}],"event_choices":[{"damage_healed":0,"gold_gain":0,"player_choice":"Grow","damage_taken":0,"max_hp_gain":0,"max_hp_loss":0,"event_name":"Living Wall","floor":3,"gold_loss":0,"cards_upgraded":["Neutralize"]},{"damage_healed":0,"gold_gain":0,"player_choice":"Searched \u00271\u0027 times","damage_taken":0,"max_hp_gain":0,"max_hp_loss":0,"event_name":"Dead Adventurer","floor":8,"gold_loss":0},{"damage_healed":0,"gold_gain":0,"player_choice":"Ignored","damage_taken":0,"max_hp_gain":0,"max_hp_loss":0,"event_name":"Golden Wing","floor":12,"gold_loss":0},{"damage_healed":0,"gold_gain":0,"player_choice":"Take Wound","damage_taken":0,"relics_obtained":["Golden Idol"],"max_hp_gain":0,"max_hp_loss":0,"event_name":"Golden Idol","floor":13,"gold_loss":0,"cards_obtained":["Injury"]},{"damage_healed":0,"gold_gain":0,"player_choice":"Obtained Book","damage_taken":16,"max_hp_gain":0,"max_hp_loss":0,"event_name":"Cursed Tome","floor":20,"gold_loss":0},{"cards_removed":["Injury"],"damage_healed":0,"gold_gain":0,"player_choice":"Gave Gold","damage_taken":0,"max_hp_gain":0,"max_hp_loss":0,"event_name":"Beggar","floor":21,"gold_loss":75}],"is_beta":false,"boss_relics":[{"not_picked":["Replay:Grab Bag","Runic Dome"],"picked":"Lee\u0027s Waffle"}],"items_purged_floors":[],"is_endless":false,"potions_floor_spawned":[4,11,14,18,19],"killed_by":"Gremlin Leader","ascension_level":0}}