{"host":"e8rlfedn69rz2s07","time":1612881114,"event":{"mods":["AchievementEnabler","BaseMod","Minty Spire (QoL Compilation)","Permanent Neow","Relic Stats"],"gold_per_floor":[365,365,8,8,33,33,33,33],"floor_reached":7,"language":"ENG","playtime":167,"items_purged":["Injury"],"score":78,"play_id":"205804f8-15a0-420d-935b-9bab65e92132","local_time":"20210209163154","is_ascension_mode":true,"campfire_choices":[{"data":"Defragment","floor":6.0,"key":"SMITH"}],"circlet_count":0,"master_deck":["AscendersBane","Strike_B","Strike_B","Strike_B","Strike_B","Defend_B","Defend_B","Defend_B","Defend_B","Zap","Dualcast","Gash","Leap","Streamline","Genetic Algorithm","Defragment+1"],"relics":["Cracked Core","Juzu Bracelet","Golden Idol"],"acts_visited":["Exordium"],"potions_floor_usage":[],"damage_taken":[{"damage":0.0,"enemies":"2 Louse","floor":1.0,"turns":2.0},{"damage":16.0,"enemies":"Cultist","floor":5.0,"turns":4.0},{"damage":55,"enemies":"Gremlin Nob","floor":7,"turns":4}],"seed_played":"292013126202537270","potions_obtained":[],"is_trial":false,"path_per_floor":["M","?","$","?","M","R","E"],"character_chosen":"DEFECT","items_purchased":["Juzu Bracelet","Streamline","Genetic Algorithm"],"campfire_rested":0,"item_purchase_floors":[3,3,3],"current_hp_per_floor":[64,64,64,64,48,48,0,0],"gold":33,"neow_bonus":"TWO_FIFTY_GOLD","is_daily":false,"chose_seed":false,"campfire_upgraded":1,"win_rate":0.0,"timestamp":1612881114,"path_taken":["M","?","$","?","M","R","E"],"items_purchased_type":["Relic","Card","Card"],"build_version":"2020-12-22","purchased_purges":1,"victory":false,"max_hp_per_floor":[71,71,71,64,64,64,64,64],"relic_stats":{"counters":[3,10],"Golden Idol":5,"Juzu Bracelet":1,"obtain_stats":[{"Golden Idol":4,"Juzu Bracelet":3,"Cracked Core":0},{"Golden Idol":1,"Juzu Bracelet":1,"Cracked Core":0},{"Golden Idol":2,"Juzu Bracelet":2,"Cracked Core":0}]},"card_choices":[{"not_picked":["Leap","Tempest"],"picked":"Gash","floor":1.0},{"not_picked":["Barrage","Leap"],"picked":"Defragment","floor":5.0}],"player_experience":1052180,"relics_obtained":[],"event_choices":[{"damage_healed":0.0,"max_hp_gain":0.0,"max_hp_loss":0.0,"gold_gain":0.0,"event_name":"Match and Keep!","player_choice":"1 cards matched","floor":2.0,"gold_loss":0.0,"damage_taken":0.0,"cards_obtained":["Leap"]},{"damage_healed":0.0,"max_hp_gain":0.0,"max_hp_loss":7.0,"gold_gain":0.0,"event_name":"Golden Idol","player_choice":"Lose Max HP","floor":4.0,"gold_loss":0.0,"damage_taken":0.0,"relics_obtained":["Golden Idol"]}],"is_beta":false,"boss_relics":[],"items_purged_floors":[3],"is_endless":false,"potions_floor_spawned":[],"killed_by":"Gremlin Nob","ascension_level":20}}