{"host":"o1umn66c6cmsknp2","time":1612875358,"event":{"mods":["BaseMod","Colored Map","DeckTracker","Highlight Path","Keyboard Shortcuts","Minty Spire (QoL Compilation)","Permanent Neow","SuperFastMode","Unceasing Turn Reminder","everything is the same but u backflip on backflip"],"gold_per_floor":[117,19,119,131,142,169,169,184,211,180,196,215,231,244,244,244,244],"floor_reached":16,"language":"KOR","playtime":540,"items_purged":["Strike_R"],"score":175,"play_id":"b3b166ea-cae6-4dbc-8b8a-dc749174d30a","local_time":"20210209215558","is_ascension_mode":true,"campfire_choices":[{"data":"Armaments","floor":7,"key":"SMITH"},{"data":"Flame Barrier","floor":15,"key":"SMITH"}],"circlet_count":0,"master_deck":["AscendersBane","Strike_R","Strike_R","Strike_R","Strike_R","Defend_R","Defend_R","Defend_R","Defend_R","Bash","Battle Trance","Headbutt","Thunderclap","Armaments+1","Immolate","Shrug It Off","Flame Barrier+1","Entrench"],"relics":["Burning Blood","NeowsBlessing","Akabeko","Bag of Preparation"],"acts_visited":["Exordium"],"potions_floor_usage":[6,16,16],"damage_taken":[{"damage":0,"enemies":"2 Louse","floor":1,"turns":1},{"damage":0,"enemies":"Cultist","floor":4,"turns":1},{"damage":0,"enemies":"Small Slimes","floor":5,"turns":1},{"damage":64,"enemies":"3 Sentries","floor":6,"turns":11},{"damage":12,"enemies":"Exordium Wildlife","floor":8,"turns":2},{"damage":7,"enemies":"3 Louse","floor":11,"turns":2},{"damage":0,"enemies":"Large Slime","floor":12,"turns":3},{"damage":0,"enemies":"2 Fungi Beasts","floor":13,"turns":2},{"damage":0,"enemies":"Exordium Wildlife","floor":14,"turns":3},{"damage":31,"enemies":"Hexaghost","floor":16,"turns":12}],"seed_played":"1099581297744363753","potions_obtained":[{"floor":1,"key":"SkillPotion"},{"floor":6,"key":"Swift Potion"},{"floor":8,"key":"AttackPotion"}],"is_trial":false,"path_per_floor":["M","$","?","M","M","E","R","M","T","?","M","M","M","M","R","B"],"character_chosen":"IRONCLAD","items_purchased":["Headbutt"],"campfire_rested":0,"item_purchase_floors":[2],"current_hp_per_floor":[78,78,78,80,80,22,22,16,16,16,15,21,27,33,33,2,2],"gold":244,"neow_bonus":"THREE_ENEMY_KILL","is_daily":false,"chose_seed":false,"campfire_upgraded":2,"win_rate":0.0,"timestamp":1612875358,"path_taken":["M","$","?","M","?","E","R","M","T","?","M","M","M","M","R","BOSS"],"items_purchased_type":["Card"],"build_version":"2020-12-22","purchased_purges":1,"victory":false,"max_hp_per_floor":[80,80,80,80,80,80,80,80,80,80,80,80,80,80,80,80,80],"card_choices":[{"not_picked":["Perfected Strike","Flex"],"picked":"Battle Trance","floor":1},{"not_picked":["Warcry","Clash"],"picked":"Thunderclap","floor":4},{"not_picked":["Anger","Feel No Pain"],"picked":"Armaments","floor":5},{"not_picked":["Heavy Blade","True Grit"],"picked":"Immolate","floor":6},{"not_picked":["Iron Wave","Body Slam","Cleave"],"picked":"SKIP","floor":8},{"not_picked":["Blood for Blood","Carnage","Clothesline"],"picked":"SKIP","floor":11},{"not_picked":["Wild Strike","Thunderclap"],"picked":"Shrug It Off","floor":12},{"not_picked":["Flex","Rage"],"picked":"Flame Barrier","floor":13},{"not_picked":["Wild Strike","Reckless Charge"],"picked":"Entrench","floor":14}],"player_experience":393096,"relics_obtained":[{"floor":6,"key":"Akabeko"},{"floor":9,"key":"Bag of Preparation"}],"event_choices":[{"damage_healed":0,"gold_gain":100,"player_choice":"Pray","damage_taken":0,"max_hp_gain":0,"max_hp_loss":0,"event_name":"Golden Shrine","floor":3,"gold_loss":0},{"damage_healed":0,"gold_gain":0,"player_choice":"Left Gold","damage_taken":0,"max_hp_gain":0,"max_hp_loss":0,"event_name":"World of Goop","floor":10,"gold_loss":31}],"is_beta":false,"boss_relics":[],"items_purged_floors":[2],"is_endless":false,"potions_floor_spawned":[1,6,8],"killed_by":"Hexaghost","ascension_level":13}}