{"host":"wuernuywc9gl215o","time":1612894144,"event":{"mods":["AchievementEnabler","BaseMod","Block Reminder","Highlight Path","Key Reminder","Minty Spire (QoL Compilation)","Permanent Neow","Potion Indicator Mod","Quick Restart","Relic Stats"],"gold_per_floor":[109,109,129,145,165,165,198,217,217,240,258,292,292,309,309,411,411,386,386,404,415,8,39,39,65,65,76,88,116,116,136,136,239,239,256,356,367,380,400,400,411,440,440,22,36,46,59,86,86,86,86,86,16,45,45,45],"floor_reached":55,"language":"ENG","playtime":5161,"items_purged":["Injury"],"score":1023,"play_id":"edb9e4cb-dd43-472e-b461-3ba13520a84c","local_time":"20210209180904","is_ascension_mode":true,"campfire_choices":[{"data":"Genetic Algorithm","floor":6.0,"key":"SMITH"},{"floor":13.0,"key":"REST"},{"data":"Consume","floor":15.0,"key":"SMITH"},{"data":"Sunder","floor":24.0,"key":"SMITH"},{"data":"Defragment","floor":32.0,"key":"SMITH"},{"data":"Buffer","floor":40.0,"key":"SMITH"},{"floor":49.0,"key":"RECALL"},{"data":"Loop","floor":52.0,"key":"SMITH"}],"circlet_count":0,"master_deck":["Strike_B","Strike_B","Defend_B","Defend_B","Zap","Dualcast","Cold Snap","Capacitor+1","Rainbow","Genetic Algorithm+1","Glacier","Buffer+1","Go for the Eyes","Conserve Battery","Consume+1","Reinforced Body","Defragment+1","Necronomicurse","Ball Lightning","Hologram","Sunder+1","Chill+1","Sweeping Beam+1","Blizzard+1","Amplify+1","Storm+1","Streamline+1","Auto Shields+1","Defragment","Clumsy","Capacitor","Chaos+1","Loop+1","Chill+1","Chill+1","Leap+1"],"relics":["Runic Pyramid","Blood Vial","Gremlin Horn","Odd Mushroom","Mummified Hand","Cursed Key","Necronomicon","Toxic Egg 2","Happy Flower","Mercury Hourglass","Pen Nib","Darkstone Periapt","Potion Belt","Astrolabe","Regal Pillow","Runic Capacitor","Bottled Lightning","Sundial"],"acts_visited":["Exordium","TheCity","TheBeyond","TheEnding"],"potions_floor_usage":[55,55,55,55],"damage_taken":[{"damage":8.0,"enemies":"Jaw Worm","floor":1.0,"turns":4.0},{"damage":1.0,"enemies":"Cultist","floor":3.0,"turns":4.0},{"damage":3.0,"enemies":"Small Slimes","floor":4.0,"turns":4.0},{"damage":6.0,"enemies":"Looter","floor":5.0,"turns":4.0},{"damage":36.0,"enemies":"Gremlin Nob","floor":7.0,"turns":6.0},{"damage":3.0,"enemies":"3 Louse","floor":8.0,"turns":4.0},{"damage":4.0,"enemies":"The Mushroom Lair","floor":10.0,"turns":4.0},{"damage":6.0,"enemies":"Gremlin Gang","floor":11.0,"turns":7.0},{"damage":0.0,"enemies":"Lagavulin","floor":12.0,"turns":6.0},{"damage":2.0,"enemies":"Looter","floor":14.0,"turns":3.0},{"damage":0.0,"enemies":"The Guardian","floor":16.0,"turns":12.0},{"damage":15.0,"enemies":"2 Thieves","floor":18.0,"turns":5.0},{"damage":0.0,"enemies":"Shell Parasite","floor":20.0,"turns":6.0},{"damage":0.0,"enemies":"3 Cultists","floor":21.0,"turns":7.0},{"damage":0.0,"enemies":"Book of Stabbing","floor":23.0,"turns":6.0},{"damage":2.0,"enemies":"Gremlin Leader","floor":25.0,"turns":5.0},{"damage":0.0,"enemies":"Snake Plant","floor":27.0,"turns":5.0},{"damage":0.0,"enemies":"Centurion and Healer","floor":28.0,"turns":11.0},{"damage":6.0,"enemies":"Slavers","floor":29.0,"turns":3.0},{"damage":0.0,"enemies":"3 Cultists","floor":31.0,"turns":6.0},{"damage":2.0,"enemies":"Automaton","floor":33.0,"turns":8.0},{"damage":0.0,"enemies":"3 Shapes","floor":35.0,"turns":3.0},{"damage":0.0,"enemies":"3 Darklings","floor":37.0,"turns":4.0},{"damage":18.0,"enemies":"Jaw Worm Horde","floor":38.0,"turns":3.0},{"damage":2.0,"enemies":"Writhing Mass","floor":39.0,"turns":5.0},{"damage":5.0,"enemies":"Sphere and 2 Shapes","floor":41.0,"turns":4.0},{"damage":0.0,"enemies":"Giant Head","floor":42.0,"turns":9.0},{"damage":0.0,"enemies":"Transient","floor":45.0,"turns":5.0},{"damage":0.0,"enemies":"Spire Growth","floor":46.0,"turns":6.0},{"damage":8.0,"enemies":"Maw","floor":47.0,"turns":5.0},{"damage":0.0,"enemies":"Reptomancer","floor":48.0,"turns":5.0},{"damage":8.0,"enemies":"Awakened One","floor":50.0,"turns":9.0},{"damage":16.0,"enemies":"Shield and Spear","floor":54.0,"turns":7.0},{"damage":71,"enemies":"The Heart","floor":55,"turns":9}],"seed_played":"-5412158715468309203","potions_obtained":[{"floor":3.0,"key":"Swift Potion"},{"floor":7.0,"key":"BlessingOfTheForge"},{"floor":14.0,"key":"SkillPotion"},{"floor":16.0,"key":"BlessingOfTheForge"},{"floor":21.0,"key":"LiquidMemories"},{"floor":33.0,"key":"Dexterity Potion"},{"floor":42.0,"key":"Fire Potion"},{"floor":45.0,"key":"LiquidBronze"},{"floor":46.0,"key":"CultistPotion"}],"is_trial":false,"path_per_floor":["M","?","M","M","M","R","E","M","T","?","M","E","R","M","R","B",null,"M","?","M","M","$","E","R","E","T","M","M","E","?","M","R","B",null,"M","?","M","M","M","R","M","E","T","$","M","M","M","E","R","B",null,"R","$","E","B"],"character_chosen":"DEFECT","items_purchased":["Toxic Egg 2","Happy Flower","Runic Capacitor","Capacitor","Chaos+1","Swift Potion","Chill+1"],"campfire_rested":1,"item_purchase_floors":[22,22,44,44,44,44,53],"current_hp_per_floor":[67,67,66,63,57,57,21,20,20,18,14,16,38,38,38,40,75,60,44,46,48,48,50,50,50,50,52,54,50,50,52,52,52,75,75,75,75,57,57,57,54,56,62,62,64,66,60,62,62,56,81,81,81,65,0,0],"gold":45,"neow_bonus":"BOSS_RELIC","is_daily":false,"chose_seed":false,"campfire_upgraded":6,"win_rate":0.0,"timestamp":1612894144,"path_taken":["M","?","?","M","M","R","E","M","T","?","M","E","R","M","R","BOSS","M","?","M","M","$","E","R","E","T","M","M","E","?","?","R","BOSS","M","?","M","M","M","R","?","E","T","$","M","M","M","E","R","BOSS","R","$","E","BOSS"],"items_purchased_type":["Relic","Relic","Relic","Card","Card","Potion","Card"],"build_version":"2020-12-22","purchased_purges":1,"victory":false,"max_hp_per_floor":[75,75,75,75,75,75,75,75,75,75,75,75,75,75,75,75,75,75,75,75,75,75,75,75,75,75,75,75,75,75,75,75,75,75,75,75,75,75,75,75,75,75,81,81,81,81,81,81,81,81,81,81,81,81,81,81],"relic_stats":{"Darkstone Periapt":6,"Regal Pillow":0,"Gremlin Horn":[32,34],"Happy Flower":[39],"counters":[34,194],"Astrolabe":["Storm","Streamline","Auto Shields"],"Pen Nib":[14],"Cursed Key":2,"Mercury Hourglass":[452],"Blood Vial":48,"Mummified Hand":[112],"Sundial":[0],"Necronomicon":[28],"obtain_stats":[{"Darkstone Periapt":26,"Potion Belt":29,"Regal Pillow":42,"Gremlin Horn":9,"Happy Flower":22,"Astrolabe":34,"Pen Nib":25,"Runic Capacitor":44,"Odd Mushroom":10,"Cursed Key":17,"Mercury Hourglass":23,"Blood Vial":7,"keyreminder:keyreminder":42,"Mummified Hand":12,"Sundial":54,"Necronomicon":19,"Bottled Lightning":48,"Toxic Egg 2":22,"Cracked Core":0,"Runic Pyramid":0},{"Darkstone Periapt":16,"Potion Belt":19,"Regal Pillow":27,"Gremlin Horn":6,"Happy Flower":14,"Astrolabe":21,"Pen Nib":16,"Runic Capacitor":27,"Odd Mushroom":7,"Cursed Key":11,"Mercury Hourglass":15,"Blood Vial":5,"keyreminder:keyreminder":27,"Mummified Hand":9,"Sundial":33,"Necronomicon":12,"Bottled Lightning":31,"Toxic Egg 2":14,"Cracked Core":0,"Runic Pyramid":0},{"Darkstone Periapt":87,"Potion Belt":106,"Regal Pillow":148,"Gremlin Horn":26,"Happy Flower":76,"Astrolabe":120,"Pen Nib":87,"Runic Capacitor":148,"Odd Mushroom":30,"Cursed Key":58,"Mercury Hourglass":82,"Blood Vial":22,"keyreminder:keyreminder":148,"Mummified Hand":43,"Sundial":185,"Necronomicon":63,"Bottled Lightning":169,"Toxic Egg 2":76,"Cracked Core":0,"Runic Pyramid":0}]},"card_choices":[{"not_picked":["Leap","Reprogram"],"picked":"Cold Snap","floor":1.0},{"not_picked":["Gash","Barrage"],"picked":"Capacitor","floor":3.0},{"not_picked":["Sweeping Beam","Streamline"],"picked":"Rainbow","floor":4.0},{"not_picked":["Stack","Streamline"],"picked":"Genetic Algorithm","floor":5.0},{"not_picked":["Redo","Coolheaded"],"picked":"Glacier","floor":7.0},{"not_picked":["Storm","Hologram"],"picked":"Buffer","floor":8.0},{"not_picked":["Sweeping Beam","Leap"],"picked":"Go for the Eyes","floor":10.0},{"not_picked":["Turbo","Hologram"],"picked":"Conserve Battery","floor":11.0},{"not_picked":["Amplify","Streamline"],"picked":"Consume","floor":12.0},{"not_picked":["Steam","Go for the Eyes"],"picked":"Reinforced Body","floor":14.0},{"not_picked":["Melter","Coolheaded"],"picked":"Defragment","floor":18.0},{"not_picked":["Beam Cell","Static Discharge"],"picked":"Ball Lightning","floor":20.0},{"not_picked":["Hello World+1","Sweeping Beam"],"picked":"Hologram","floor":21.0},{"not_picked":["Rebound","Hyperbeam"],"picked":"Sunder","floor":23.0},{"not_picked":["Reinforced Body+1","Genetic Algorithm+1"],"picked":"Chill+1","floor":25.0},{"not_picked":["Melter+1","Barrage","Glacier+1"],"picked":"SKIP","floor":27.0},{"not_picked":["Static Discharge","Skim+1"],"picked":"Sweeping Beam+1","floor":28.0},{"not_picked":["Rainbow+1","Hello World+1","Consume+1"],"picked":"SKIP","floor":29.0},{"not_picked":["Stack+1","Skim+1"],"picked":"Blizzard+1","floor":31.0},{"not_picked":["Seek+1","Reboot+1"],"picked":"Amplify+1","floor":33.0},{"not_picked":["Conserve Battery+1","Compile Driver","Reinforced Body+1"],"picked":"SKIP","floor":35.0},{"not_picked":["FTL","Skim+1","Consume+1"],"picked":"SKIP","floor":37.0},{"not_picked":["Double Energy+1","Leap+1"],"picked":"Defragment","floor":38.0},{"not_picked":["Storm","Go for the Eyes","Chaos+1"],"picked":"SKIP","floor":39.0},{"not_picked":["Turbo+1","Undo+1","Steam+1"],"picked":"SKIP","floor":41.0},{"not_picked":["Reprogram+1","Sweeping Beam","Cold Snap"],"picked":"SKIP","floor":42.0},{"not_picked":["Conserve Battery+1","FTL+1","Gash"],"picked":"SKIP","floor":45.0},{"not_picked":["Buffer","Cold Snap"],"picked":"Loop","floor":46.0},{"not_picked":["Conserve Battery+1","Chaos+1"],"picked":"Chill+1","floor":47.0},{"not_picked":["Stack+1","Cold Snap+1","Reinforced Body+1"],"picked":"SKIP","floor":48.0},{"not_picked":["Conserve Battery+1","Recycle+1"],"picked":"Leap+1","floor":54.0}],"player_experience":875896,"relics_obtained":[{"floor":7.0,"key":"Blood Vial"},{"floor":9.0,"key":"Gremlin Horn"},{"floor":10.0,"key":"Odd Mushroom"},{"floor":12.0,"key":"Mummified Hand"},{"floor":19.0,"key":"Necronomicon"},{"floor":23.0,"key":"Mercury Hourglass"},{"floor":25.0,"key":"Pen Nib"},{"floor":26.0,"key":"Darkstone Periapt"},{"floor":29.0,"key":"Potion Belt"},{"floor":42.0,"key":"Regal Pillow"},{"floor":48.0,"key":"Bottled Lightning"},{"floor":54.0,"key":"Sundial"}],"event_choices":[{"cards_removed":["Strike_B"],"damage_healed":0.0,"max_hp_gain":0.0,"max_hp_loss":0.0,"gold_gain":0.0,"event_name":"Purifier","player_choice":"Purged","floor":2.0,"gold_loss":0.0,"damage_taken":0.0},{"damage_healed":0.0,"max_hp_gain":0.0,"max_hp_loss":0.0,"gold_gain":0.0,"event_name":"Mushrooms","player_choice":"Fought Mushrooms","floor":10.0,"gold_loss":0.0,"damage_taken":0.0},{"damage_healed":0.0,"max_hp_gain":0.0,"max_hp_loss":0.0,"gold_gain":0.0,"event_name":"Cursed Tome","player_choice":"Obtained Book","floor":19.0,"gold_loss":0.0,"damage_taken":16.0},{"damage_healed":0.0,"max_hp_gain":0.0,"max_hp_loss":0.0,"gold_gain":0.0,"event_name":"Upgrade Shrine","player_choice":"Upgraded","floor":30.0,"gold_loss":0.0,"damage_taken":0.0,"cards_upgraded":["Capacitor"]},{"damage_healed":0.0,"max_hp_gain":0.0,"max_hp_loss":0.0,"gold_gain":100.0,"event_name":"Golden Shrine","player_choice":"Pray","floor":36.0,"gold_loss":0.0,"damage_taken":0.0}],"is_beta":false,"boss_relics":[{"not_picked":["Fusion Hammer","Velvet Choker"],"picked":"Cursed Key"},{"not_picked":["Philosopher\u0027s Stone","Snecko Eye"],"picked":"Astrolabe"}],"items_purged_floors":[44],"is_endless":false,"potions_floor_spawned":[3,7,14,16,21,25,33,42,45,46,48],"killed_by":"The Heart","ascension_level":2}}