{"host":"pgxgichrafn85q5c","time":1612865803,"event":{"mods":["BaseMod","Colored Powertips","Highlight Path","Minty Spire (QoL Compilation)","StSLib","Warlord Emblem"],"gold_per_floor":[113,38,38,138,148,148,9,9,64,93,108,121,132,132,132,237,237,256,256,270,289,308,308,2,28,28,28,45,80,80,80,80,181,181,197,197,213,17,17,17,17,17,17],"floor_reached":42,"language":"ZHS","playtime":2658,"items_purged":["WarlordEmblem:Defend_DK","WarlordEmblem:RuneStrike","WarlordEmblem:HeartStrike"],"score":514,"play_id":"77a068a6-5799-48f4-8590-8cb55e273325","local_time":"20210209181643","is_ascension_mode":false,"campfire_choices":[{"data":"WarlordEmblem:RuneDefend","floor":6.0,"key":"SMITH"},{"data":"WarlordEmblem:BloodSacrifice","floor":8.0,"key":"SMITH"},{"data":"WarlordEmblem:DarkSimulation","floor":15.0,"key":"SMITH"},{"data":"RitualDagger","floor":23.0,"key":"SMITH"},{"data":"WarlordEmblem:RuneExplode","floor":27.0,"key":"SMITH"},{"data":"WarlordEmblem:AntiMagicShield","floor":30.0,"key":"SMITH"},{"data":"WarlordEmblem:RuneBurn","floor":32.0,"key":"SMITH"},{"data":"WarlordEmblem:NoLightShield","floor":41,"key":"SMITH"}],"circlet_count":0,"master_deck":["WarlordEmblem:RuneDefend+1","WarlordEmblem:RuneHeavyStrike","WarlordEmblem:Withstand","WarlordEmblem:DeathShake","WarlordEmblem:BloodSacrifice+1","WarlordEmblem:RuneBlade","WarlordEmblem:DarkSimulation+1","WarlordEmblem:AntiMagicShield+1","WarlordEmblem:RuneBurn+1","WarlordEmblem:RuneRecast","RitualDagger+1","WarlordEmblem:ForceDeflexion","WarlordEmblem:BloodStrike","WarlordEmblem:GhostStrike","WarlordEmblem:RuneExplode+1","WarlordEmblem:BoneShield+1","WarlordEmblem:NoLightShield+1","WarlordEmblem:RuneMultiplex","WarlordEmblem:RealmStorm","WarlordEmblem:CurseBlade","WarlordEmblem:BloodMask","WarlordEmblem:Execute+1","WarlordEmblem:HungeringCold"],"relics":["WarlordEmblem:RuneSword","WarlordEmblem:BloodRealm","NeowsBlessing","WarlordEmblem:DK_Ghoul","Boot","Empty Cage","WarlordEmblem:MagicRuneSword","Matryoshka","Juzu Bracelet","Pantograph","Omamori","Pandora\u0027s Box"],"acts_visited":["Exordium","TheCity","TheBeyond"],"potions_floor_usage":[40],"damage_taken":[{"damage":0.0,"enemies":"2 Louse","floor":1.0,"turns":1.0},{"damage":0.0,"enemies":"Jaw Worm","floor":5.0,"turns":1.0},{"damage":0.0,"enemies":"Gremlin Nob","floor":10.0,"turns":1.0},{"damage":0.0,"enemies":"Cultist","floor":11.0,"turns":3.0},{"damage":0.0,"enemies":"Large Slime","floor":12.0,"turns":7.0},{"damage":0.0,"enemies":"2 Fungi Beasts","floor":13.0,"turns":3.0},{"damage":18.0,"enemies":"Slime Boss","floor":16.0,"turns":10.0},{"damage":0.0,"enemies":"3 Byrds","floor":18.0,"turns":6.0},{"damage":1.0,"enemies":"Chosen","floor":20.0,"turns":6.0},{"damage":11.0,"enemies":"Snake Plant","floor":21.0,"turns":3.0},{"damage":16.0,"enemies":"Centurion and Healer","floor":22.0,"turns":5.0},{"damage":7.0,"enemies":"Slavers","floor":25.0,"turns":4.0},{"damage":7.0,"enemies":"3 Cultists","floor":28.0,"turns":5.0},{"damage":25.0,"enemies":"Book of Stabbing","floor":29.0,"turns":6.0},{"damage":39.0,"enemies":"Collector","floor":33.0,"turns":11.0},{"damage":0.0,"enemies":"3 Shapes","floor":35.0,"turns":6.0},{"damage":19.0,"enemies":"Orb Walker","floor":37.0,"turns":4.0},{"damage":66,"enemies":"Reptomancer","floor":40,"turns":5},{"damage":39,"enemies":"Transient","floor":42,"turns":5}],"seed_played":"-6063536002745104681","potions_obtained":[{"floor":10.0,"key":"Block Potion"},{"floor":11.0,"key":"ColorlessPotion"},{"floor":13.0,"key":"Dexterity Potion"},{"floor":25.0,"key":"SmokeBomb"},{"floor":28.0,"key":"LiquidMemories"},{"floor":29.0,"key":"BlessingOfTheForge"}],"is_trial":false,"path_per_floor":["M","$","?","?","M","R","$","R","T","E","M","M","M","?","R","B",null,"M","?","M","M","M","R","$","E","T","R","M","E","R","?","R","B",null,"M","?","M","$","?","E","R","M"],"character_chosen":"DeathKnight","items_purchased":["WarlordEmblem:BloodSacrifice","WarlordEmblem:MagicRuneSword","WarlordEmblem:GhostStrike","WarlordEmblem:HungeringCold"],"campfire_rested":0,"item_purchase_floors":[7,24,24,38],"current_hp_per_floor":[80,80,64,64,64,64,64,64,64,64,64,64,64,64,64,46,80,80,74,73,62,46,46,46,49,49,49,42,28,28,28,28,23,80,80,80,80,80,76,19,19,0,0],"gold":17,"neow_bonus":"THREE_ENEMY_KILL","is_daily":false,"chose_seed":false,"campfire_upgraded":8,"win_rate":0.0,"timestamp":1612865803,"path_taken":["M","$","?","?","M","R","$","R","T","E","M","M","?","?","R","BOSS","M","?","M","M","M","R","$","E","T","R","M","E","R","?","R","BOSS","M","?","M","$","?","E","R","M"],"items_purchased_type":["Card","Relic","Card","Card"],"build_version":"2020-12-22","purchased_purges":3,"victory":false,"max_hp_per_floor":[80,80,80,80,80,80,80,80,80,80,80,80,80,80,80,80,80,80,80,80,80,80,80,80,80,80,80,80,80,80,80,80,80,80,80,80,80,80,76,76,76,76,76],"card_choices":[{"not_picked":["WarlordEmblem:FrostbiteStrike","WarlordEmblem:EvilPower"],"picked":"WarlordEmblem:Withstand","floor":1.0},{"not_picked":["WarlordEmblem:VoidDefend","WarlordEmblem:HeartStrike"],"picked":"WarlordEmblem:DeathShake","floor":5.0},{"not_picked":["WarlordEmblem:DeathStrike","WarlordEmblem:Potential","WarlordEmblem:EvilEager"],"picked":"SKIP","floor":10.0},{"not_picked":["WarlordEmblem:EvilWorm","WarlordEmblem:SevereWinter"],"picked":"WarlordEmblem:RuneBlade","floor":11.0},{"not_picked":["WarlordEmblem:VoidDefend","WarlordEmblem:HeartStrike"],"picked":"WarlordEmblem:DarkSimulation","floor":12.0},{"not_picked":["WarlordEmblem:VoidDefend","WarlordEmblem:EvilPower"],"picked":"WarlordEmblem:HeartStrike","floor":13.0},{"not_picked":["WarlordEmblem:BloodBoiling","WarlordEmblem:DeathWither"],"picked":"WarlordEmblem:RuneBurn","floor":16.0},{"not_picked":["WarlordEmblem:EvilWorm","WarlordEmblem:RuneMelter"],"picked":"WarlordEmblem:RuneRecast","floor":18.0},{"not_picked":["WarlordEmblem:WindStrike+1","WarlordEmblem:UltimateCold"],"picked":"WarlordEmblem:ForceDeflexion","floor":20.0},{"not_picked":["WarlordEmblem:RuneBlade","WarlordEmblem:HeartStrike","WarlordEmblem:RuneRecast+1"],"picked":"SKIP","floor":21.0},{"not_picked":["WarlordEmblem:Annihilation","WarlordEmblem:BloodSacrifice+1"],"picked":"WarlordEmblem:BloodStrike","floor":22.0},{"not_picked":["WarlordEmblem:DeathCoil","WarlordEmblem:HeartStrike"],"picked":"WarlordEmblem:RuneExplode","floor":25.0},{"not_picked":["WarlordEmblem:WinterHorn","WarlordEmblem:Potential"],"picked":"WarlordEmblem:BoneShield+1","floor":28.0},{"not_picked":["WarlordEmblem:BoneShield","WarlordEmblem:BloodSacrifice+1"],"picked":"WarlordEmblem:NoLightShield","floor":29.0},{"not_picked":["WarlordEmblem:FrozenTouch","WarlordEmblem:CurseBlade"],"picked":"WarlordEmblem:RuneMultiplex","floor":33.0},{"not_picked":["WarlordEmblem:ForceDeflexion","WarlordEmblem:CurseStrike","WarlordEmblem:RuneBlade"],"picked":"SKIP","floor":35.0},{"not_picked":["WarlordEmblem:VoidStrike+1","WarlordEmblem:EvilPower"],"picked":"WarlordEmblem:Execute+1","floor":37.0}],"player_experience":171520,"relics_obtained":[{"floor":9.0,"key":"WarlordEmblem:DK_Ghoul"},{"floor":10.0,"key":"Boot"},{"floor":25.0,"key":"Matryoshka"},{"floor":26.0,"key":"Juzu Bracelet"},{"floor":26.0,"key":"Pantograph"},{"floor":29.0,"key":"Omamori"}],"event_choices":[{"damage_healed":0.0,"max_hp_gain":0.0,"max_hp_loss":0.0,"gold_gain":0.0,"event_name":"Shining Light","player_choice":"Entered Light","floor":3.0,"gold_loss":0.0,"damage_taken":16.0,"cards_upgraded":["WarlordEmblem:Defend_DK","WarlordEmblem:RuneStrike"]},{"damage_healed":0.0,"max_hp_gain":0.0,"max_hp_loss":0.0,"gold_gain":100.0,"event_name":"Golden Shrine","player_choice":"Pray","floor":4.0,"gold_loss":0.0,"damage_taken":0.0},{"damage_healed":0.0,"max_hp_gain":0.0,"max_hp_loss":0.0,"gold_gain":0.0,"cards_transformed":["WarlordEmblem:RuneStrike"],"event_name":"Living Wall","player_choice":"Change","floor":14.0,"gold_loss":0.0,"damage_taken":0.0,"cards_obtained":["WarlordEmblem:AntiMagicShield"]},{"damage_healed":0.0,"max_hp_gain":0.0,"max_hp_loss":0.0,"gold_gain":0.0,"event_name":"Nest","player_choice":"Joined the Cult","floor":19.0,"gold_loss":0.0,"damage_taken":6.0,"cards_obtained":["RitualDagger"]},{"damage_healed":0.0,"max_hp_gain":0.0,"max_hp_loss":0.0,"gold_gain":0.0,"event_name":"Vampires","player_choice":"Ignored","floor":31.0,"gold_loss":0.0,"damage_taken":0.0},{"damage_healed":0.0,"max_hp_gain":0.0,"max_hp_loss":0.0,"gold_gain":0.0,"event_name":"Tomb of Lord Red Mask","player_choice":"Ignored","floor":36.0,"gold_loss":0.0,"damage_taken":0.0},{"damage_healed":0.0,"max_hp_gain":0.0,"max_hp_loss":4.0,"gold_gain":0.0,"event_name":"Winding Halls","player_choice":"Max HP","floor":39.0,"gold_loss":0.0,"damage_taken":0.0}],"is_beta":false,"boss_relics":[{"not_picked":["Philosopher\u0027s Stone","Calling Bell"],"picked":"Empty Cage"},{"not_picked":["Tiny House","Runic Dome"],"picked":"Pandora\u0027s Box"}],"items_purged_floors":[2,7,38],"is_endless":false,"potions_floor_spawned":[10,11,13,22,25,28,29,40],"killed_by":"Transient","ascension_level":0}}