{"host":"5iwo0e8xrppiapi7","time":1612885722,"event":{"mods":["BaseMod","Decade(王小明)","Highlight Path","KinomotoSakuraMod(木之本樱)","Marisa（F雨　魔理沙）","Minty Spire (QoL Compilation)","Quick Restart","Remilia（蕾米莉亚）","Shop Mod","The Servant 0.9.4","UnlockEverythingMod","WarShipGirlsR/战舰少女R mod","Yakumo Yukari mod","Youmu（魂魄妖梦）","Yuyuko"],"gold_per_floor":[118,118,98,123,123,161,161,180,203,59,98,116,135,168,168,294,294,294,294,294,318,333,333,333],"floor_reached":23,"language":"ZHS","playtime":2415,"items_purged":[],"score":209,"play_id":"cec6a2d1-612d-4bb1-ab92-b060a5bab3e8","local_time":"20210209234842","is_ascension_mode":false,"campfire_choices":[{"data":"KamenRide","floor":7.0,"key":"SMITH"},{"floor":15,"key":"REST"}],"circlet_count":0,"master_deck":["Decade_Attack","Decade_Attack","Decade_Attack","KamenRide+1","Decade_SpecialSkill","Decade_Defend","Decade_Defend","Decade_Defend","Decade_Defend","Hibiki_Attack1","Kuuga_Rising","KamenRideDecade","KamenRideDecade","RideBooker","FormRideDragon","Kiva_Swallow","RideBooker_Skill_1","DragClaw","Hibiki_Attack3","Blade_Slash","KamenRideDecade+1","DragShield","NMDAZYYGL","DecadeViolentEmotion","FormRideDragon","Blade_Mach","RideBooker_Skill_2","Blade_Mach","DragClaw","Blade_Slash","UnarmedAttack1","PrometheusPower","FormRideGaruru"],"relics":["Decadriver","TOEIDeficitBill","NeowsBlessing","Golden Idol","Happy Flower","Ancient Tea Set","Anchor","Frozen Egg 2","HornCleat","Empty Cage"],"acts_visited":["Exordium","TheCity"],"potions_floor_usage":[16],"damage_taken":[{"damage":0.0,"enemies":"2 Louse","floor":1.0,"turns":2.0},{"damage":0.0,"enemies":"Cultist","floor":4.0,"turns":1.0},{"damage":9.0,"enemies":"3 Sentries","floor":6.0,"turns":3.0},{"damage":4.0,"enemies":"Small Slimes","floor":8.0,"turns":3.0},{"damage":25.0,"enemies":"Lagavulin","floor":11.0,"turns":7.0},{"damage":0.0,"enemies":"Gremlin Gang","floor":12.0,"turns":3.0},{"damage":7.0,"enemies":"Looter","floor":13.0,"turns":4.0},{"damage":41,"enemies":"3 Sentries","floor":14,"turns":4},{"damage":68,"enemies":"The Guardian","floor":16,"turns":10},{"damage":10,"enemies":"Spheric Guardian","floor":18,"turns":5},{"damage":12,"enemies":"Chosen","floor":19,"turns":5},{"damage":24,"enemies":"Snake Plant","floor":20,"turns":6},{"damage":16,"enemies":"Shelled Parasite and Fungi","floor":21,"turns":5},{"damage":10,"enemies":"Centurion and Healer","floor":22,"turns":8},{"damage":72,"enemies":"Slavers","floor":23,"turns":5}],"seed_played":"-535325129698299383","potions_obtained":[{"floor":6.0,"key":"Fruit Juice"},{"floor":12.0,"key":"SkillPotion"},{"floor":13.0,"key":"DuplicationPotion"},{"floor":21,"key":"SkillPotion"}],"is_trial":false,"path_per_floor":["M","?","?","M","?","E","R","M","T","$","E","M","M","E","R","B",null,"M","M","M","M","M","E"],"character_chosen":"Decade","items_purchased":["Anchor"],"campfire_rested":1,"item_purchase_floors":[10],"current_hp_per_floor":[70,53,53,53,53,49,49,53,53,53,47,47,45,18,40,10,75,65,53,60,49,60,0,0],"gold":333,"neow_bonus":"THREE_ENEMY_KILL","is_daily":false,"chose_seed":false,"campfire_upgraded":1,"win_rate":0.0,"timestamp":1612885722,"path_taken":["M","?","?","M","?","E","R","?","T","$","E","M","M","E","R","BOSS","M","M","M","M","M","E"],"items_purchased_type":["Relic"],"build_version":"2020-12-22","purchased_purges":0,"victory":false,"max_hp_per_floor":[70,70,70,70,70,70,70,70,70,70,70,70,75,75,75,75,75,75,75,75,75,75,75,75],"card_choices":[{"not_picked":["DenO_Sword","PrometheusPower"],"picked":"KamenRideFaiz","floor":1.0},{"not_picked":[],"picked":"Hibiki_Attack1","floor":3.0},{"not_picked":[],"picked":"Kuuga_Rising","floor":3.0},{"not_picked":["PhotonAcceleration","UnarmedAttack8"],"picked":"KamenRideDecade","floor":4.0},{"not_picked":["Hibiki_Attack2","FormRideGaruru"],"picked":"KamenRideDecade","floor":4.0},{"not_picked":["PhotonAcceleration","DenO_Ax"],"picked":"RideBooker","floor":6.0},{"not_picked":["PrometheusPower","DenO_Sword"],"picked":"FormRideDragon","floor":6.0},{"not_picked":["Hibiki_Attack1","Decade_Dash2"],"picked":"Kiva_Swallow","floor":8.0},{"not_picked":["Decade_Dash1","FormRideJack"],"picked":"RideBooker_Skill_1","floor":8.0},{"not_picked":["RideBooker","Kiva_Frozen"],"picked":"DragClaw","floor":11.0},{"not_picked":["FormRideStorm","Blade_Kick"],"picked":"Hibiki_Attack3","floor":11.0},{"not_picked":["Decade_Dash1","Kiva_Frozen"],"picked":"Blade_Slash","floor":12.0},{"not_picked":["Blade_Metal","MirrorWorld"],"picked":"KamenRideKiva+1","floor":13.0},{"not_picked":["UnarmedAttack3","RideBooker_Skill_3"],"picked":"KamenRideDecade+1","floor":13.0},{"not_picked":["KamenRideDecade+1","FormRideBasshaa"],"picked":"DragShield","floor":14},{"not_picked":["KamenRideAgito+1","Hibiki_Attack3"],"picked":"NMDAZYYGL","floor":14},{"not_picked":["Hibiki_FEVER","DenO_Climax+1"],"picked":"TimeVent","floor":16},{"not_picked":["Kiva_Swallow","Kiva_Eat"],"picked":"DecadeViolentEmotion","floor":16},{"not_picked":["Decade_Dash1","Decade_Defend3"],"picked":"FormRideDragon","floor":18},{"not_picked":["Kiva_Frozen+1","Decade_Defend3+1"],"picked":"Blade_Mach","floor":18},{"not_picked":["KamenRideKabuto+1","UnarmedAttack1"],"picked":"RideBooker_Skill_2","floor":19},{"not_picked":["UnarmedAttack8+1","Decade_Defend3","UnarmedAttack7+1"],"picked":"SKIP","floor":19},{"not_picked":["KamenRideRyuki+1","KamenRideKiva+1"],"picked":"Blade_Mach","floor":20},{"not_picked":["FormRideStorm","RideBooker+1"],"picked":"DragClaw","floor":20},{"not_picked":["Blade_Beat","FormRideDogga+1"],"picked":"Blade_Slash","floor":21},{"not_picked":["FormRideFlame","RideBooker_Skill_1"],"picked":"UnarmedAttack1","floor":21},{"not_picked":["Hibiki_Attack1","Blade_Beat"],"picked":"PrometheusPower","floor":22},{"not_picked":["RideBooker","Decade_Dash2+1"],"picked":"FormRideGaruru","floor":22}],"player_experience":18718,"relics_obtained":[{"floor":6.0,"key":"Happy Flower"},{"floor":9.0,"key":"Ancient Tea Set"},{"floor":11.0,"key":"Frozen Egg 2"},{"floor":14,"key":"HornCleat"}],"event_choices":[{"damage_healed":0.0,"max_hp_gain":0.0,"max_hp_loss":0.0,"gold_gain":0.0,"event_name":"Golden Idol","player_choice":"Take Damage","floor":2.0,"gold_loss":0.0,"damage_taken":17.0,"relics_obtained":["Golden Idol"]},{"cards_removed":["Decade_Attack"],"damage_healed":0.0,"max_hp_gain":0.0,"max_hp_loss":0.0,"gold_gain":0.0,"event_name":"Purifier","player_choice":"Purged","floor":5.0,"gold_loss":0.0,"damage_taken":0.0}],"is_beta":false,"boss_relics":[{"not_picked":["Runic Pyramid","Cursed Key"],"picked":"Empty Cage"}],"items_purged_floors":[],"is_endless":false,"potions_floor_spawned":[6,12,13,21],"killed_by":"Slavers","ascension_level":0}}