{"host":"i0avyit1s6jb1siw","time":1612856584,"event":{"mods":["BaseMod","DeckTracker","Dota2Spire","Highlight Path","Minty Spire (QoL Compilation)","Quick Restart","StSLib","SuperFastMode"],"gold_per_floor":[109,34,47,8,8,8,38,38,38,38,38,56,75,75,75,109,109,184,184,197,197,48,66,85,85,118,118,198,224,274,199,199,199,199,271,271,283,283,303,39,49,80,80,104,185,219,219,236,264,276,276,276,276,276,276,94,127,127,127],"floor_reached":58,"language":"ENG","playtime":2158,"items_purged":["Strike_G","Strike_G","Strike_G"],"score":2003,"play_id":"5335b85d-da12-40bc-8ec4-1a604a444b01","local_time":"20210209084304","is_ascension_mode":true,"campfire_choices":[{"data":"Predator","floor":6,"key":"SMITH"},{"data":"Deadly Poison","floor":8,"key":"SMITH"},{"data":"Neutralize","floor":15,"key":"SMITH"},{"floor":17,"key":"REST"},{"data":"Wraith Form v2","floor":25,"key":"SMITH"},{"data":"Choke","floor":32,"key":"SMITH"},{"data":"Tactician","floor":34,"key":"SMITH"},{"floor":47,"key":"RECALL"},{"floor":51,"key":"REST"},{"data":"Night Terror","floor":55,"key":"SMITH"}],"circlet_count":0,"master_deck":["AscendersBane","Defend_G","Defend_G","Defend_G","Defend_G","Survivor","Neutralize+1","Blade Dance","Masterful Stab","Backflip","Tactician+1","Predator+1","Deadly Poison+1","PiercingWail","Dagger Throw","Night Terror+1","Bouncing Flask","Wraith Form v2+1","Noxious Fumes","Noxious Fumes+1","After Image","PiercingWail+1","Footwork+1"],"relics":["Ring of the Snake","Pantograph","Blue Candle","Ornamental Fan","MealTicket","Snecko Eye","Dota2Spire:MonkeyKingBar","Nilry\u0027s Codex","Pear","Dota2Spire:LotusOrb","Dota2Spire:PowerTreads","Dota2Spire:Bloodstone","OrangePellets","Orichalcum","Nunchaku","Dota2Spire:CrimsonGuard","Dota2Spire:ArcaneBoots","Mummified Hand","Strawberry"],"acts_visited":["Exordium","TheCity","TheBeyond","TheEnding"],"potions_floor_usage":[18,24,29,52,57],"damage_taken":[{"damage":0,"enemies":"Cultist","floor":1,"turns":3},{"damage":0,"enemies":"Jaw Worm","floor":3,"turns":3},{"damage":32,"enemies":"3 Sentries","floor":7,"turns":10},{"damage":0,"enemies":"2 Louse","floor":12,"turns":2},{"damage":4,"enemies":"Blue Slaver","floor":13,"turns":4},{"damage":22,"enemies":"Gremlin Nob","floor":16,"turns":4},{"damage":6,"enemies":"Hexaghost","floor":18,"turns":9},{"damage":10,"enemies":"3 Byrds","floor":20,"turns":6},{"damage":0,"enemies":"Spheric Guardian","floor":23,"turns":3},{"damage":16,"enemies":"Snecko","floor":24,"turns":6},{"damage":12,"enemies":"Book of Stabbing","floor":26,"turns":7},{"damage":0,"enemies":"Slavers","floor":29,"turns":3},{"damage":8,"enemies":"Collector","floor":35,"turns":11},{"damage":27,"enemies":"3 Darklings","floor":37,"turns":6},{"damage":1,"enemies":"Orb Walker","floor":39,"turns":3},{"damage":3,"enemies":"Transient","floor":41,"turns":6},{"damage":5,"enemies":"Giant Head","floor":42,"turns":9},{"damage":35,"enemies":"Nemesis","floor":46,"turns":11},{"damage":0,"enemies":"Maw","floor":48,"turns":3},{"damage":4,"enemies":"Reptomancer","floor":49,"turns":6},{"damage":0,"enemies":"3 Darklings","floor":50,"turns":3},{"damage":25,"enemies":"Time Eater","floor":52,"turns":13},{"damage":24,"enemies":"Donu and Deca","floor":53,"turns":7},{"damage":45,"enemies":"Shield and Spear","floor":57,"turns":7},{"damage":132,"enemies":"The Heart","floor":58,"turns":11}],"seed_played":"385136628697154206","potions_obtained":[{"floor":7,"key":"Weak Potion"},{"floor":16,"key":"Strength Potion"},{"floor":18,"key":"SpeedPotion"},{"floor":23,"key":"Fruit Juice"},{"floor":24,"key":"Fire Potion"},{"floor":35,"key":"FairyPotion"},{"floor":46,"key":"Energy Potion"},{"floor":50,"key":"GhostInAJar"}],"is_trial":false,"path_per_floor":["M","?","M","$","$","R","E","R","?","T","T","M","M","?","R","E","R","B",null,"M","?","$","M","M","R","E","?","T","E","?","$","R","T","R","B",null,"M","?","M","$","M","E","$","T","T","E","R","M","E","M","R","B","B",null,"R","$","E","B"],"character_chosen":"THE_SILENT","items_purchased":["Predator","Wraith Form v2","OrangePellets","AttackPotion"],"campfire_rested":2,"item_purchase_floors":[4,22,40,56],"current_hp_per_floor":[59,59,59,59,59,59,27,27,27,27,27,27,23,28,28,6,25,44,60,50,50,65,65,54,54,42,21,31,31,31,46,46,46,46,63,76,49,49,48,63,60,55,70,70,70,35,35,35,31,31,55,55,56,74,74,80,42,0,0],"gold":127,"neow_bonus":"TRANSFORM_TWO_CARDS","is_daily":false,"chose_seed":false,"campfire_upgraded":7,"win_rate":0.0,"timestamp":1612856584,"path_taken":["M","?","M","?","$","R","E","R","?","T","T","M","?","?","R","E","R","BOSS","M","?","?","M","?","R","E","?","T","E","?","$","R","?","R","BOSS","M","?","M","$","M","E","?","?","T","E","R","M","E","M","R","BOSS","BOSS","R","$","E","BOSS"],"items_purchased_type":["Card","Card","Relic","Potion"],"build_version":"2020-12-22","purchased_purges":3,"victory":false,"max_hp_per_floor":[60,60,60,60,60,60,60,60,60,60,60,60,60,65,65,65,65,65,65,65,65,65,65,70,70,70,70,80,80,80,80,80,80,80,80,80,80,80,80,80,80,80,80,80,80,80,80,80,80,80,80,80,80,80,80,80,87,87,87],"card_choices":[{"not_picked":["Underhanded Strike","Deflect"],"picked":"Backflip","floor":1},{"not_picked":["All Out Attack","Outmaneuver"],"picked":"Tactician","floor":3},{"not_picked":["Footwork","Bane"],"picked":"Deadly Poison","floor":7},{"not_picked":["Blade Dance","Dagger Throw"],"picked":"PiercingWail","floor":12},{"not_picked":["Flying Knee","Riddle With Holes"],"picked":"Dagger Throw","floor":13},{"not_picked":["Quick Slash","PiercingWail","Backflip"],"picked":"SKIP","floor":16},{"not_picked":["Storm of Steel","Unload"],"picked":"Night Terror","floor":18},{"not_picked":["Quick Slash","Dagger Spray"],"picked":"Bouncing Flask","floor":20},{"not_picked":["Sucker Punch+1","Flying Knee"],"picked":"Noxious Fumes","floor":23},{"not_picked":["Dash","Heel Hook+1"],"picked":"Noxious Fumes+1","floor":24},{"not_picked":["Endless Agony","Masterful Stab","Escape Plan"],"picked":"SKIP","floor":26},{"not_picked":["Dodge and Roll+1","Underhanded Strike"],"picked":"Choke","floor":29},{"not_picked":["Malaise","A Thousand Cuts"],"picked":"After Image","floor":35},{"not_picked":["Flying Knee+1","Outmaneuver+1","Dagger Spray"],"picked":"SKIP","floor":37},{"not_picked":["Underhanded Strike","Flying Knee+1","Crippling Poison"],"picked":"SKIP","floor":39},{"not_picked":["Footwork","Masterful Stab"],"picked":"PiercingWail+1","floor":41},{"not_picked":["Poisoned Stab","Finisher","Unload"],"picked":"SKIP","floor":42},{"not_picked":["Concentrate","Poisoned Stab+1","Underhanded Strike"],"picked":"SKIP","floor":46},{"not_picked":["Quick Slash","Cloak And Dagger","Deadly Poison"],"picked":"SKIP","floor":48},{"not_picked":["PiercingWail+1","Flying Knee","Dagger Throw"],"picked":"SKIP","floor":49},{"not_picked":["Prepared","Poisoned Stab","Deadly Poison"],"picked":"SKIP","floor":50},{"not_picked":["Underhanded Strike+1","Slice"],"picked":"Footwork+1","floor":57}],"player_experience":2428150,"relics_obtained":[{"floor":7,"key":"Pantograph"},{"floor":11,"key":"Ornamental Fan"},{"floor":16,"key":"MealTicket"},{"floor":26,"key":"Dota2Spire:MonkeyKingBar"},{"floor":27,"key":"Nilry\u0027s Codex"},{"floor":28,"key":"Pear"},{"floor":29,"key":"Dota2Spire:LotusOrb"},{"floor":33,"key":"Dota2Spire:PowerTreads"},{"floor":42,"key":"Orichalcum"},{"floor":44,"key":"Nunchaku"},{"floor":45,"key":"Dota2Spire:CrimsonGuard"},{"floor":46,"key":"Dota2Spire:ArcaneBoots"},{"floor":49,"key":"Mummified Hand"},{"floor":57,"key":"Strawberry"}],"event_choices":[{"cards_removed":["Strike_G"],"damage_healed":0,"gold_gain":0,"player_choice":"Card Removal","damage_taken":0,"max_hp_gain":0,"max_hp_loss":0,"event_name":"The Cleric","floor":2,"gold_loss":75},{"damage_healed":0,"gold_gain":0,"player_choice":"Gave Potion","damage_taken":0,"relics_obtained":["Blue Candle"],"max_hp_gain":0,"max_hp_loss":0,"event_name":"WeMeetAgain","floor":9,"gold_loss":0},{"damage_healed":0,"gold_gain":0,"player_choice":"Donut","damage_taken":0,"max_hp_gain":5,"max_hp_loss":0,"event_name":"Big Fish","floor":14,"gold_loss":0},{"damage_healed":0,"gold_gain":0,"player_choice":"Ignored","damage_taken":0,"max_hp_gain":0,"max_hp_loss":0,"event_name":"The Mausoleum","floor":21,"gold_loss":0},{"damage_healed":0,"gold_gain":0,"player_choice":"Obtained Book","damage_taken":21,"max_hp_gain":0,"max_hp_loss":0,"event_name":"Cursed Tome","floor":27,"gold_loss":0},{"damage_healed":0,"gold_gain":50,"player_choice":"Stole From Cult","damage_taken":0,"max_hp_gain":0,"max_hp_loss":0,"event_name":"Nest","floor":30,"gold_loss":0},{"cards_removed":["Choke"],"damage_healed":0,"gold_gain":0,"player_choice":"Removed Attack","damage_taken":0,"max_hp_gain":0,"max_hp_loss":0,"event_name":"Falling","floor":38,"gold_loss":0}],"is_beta":false,"boss_relics":[{"not_picked":["Busted Crown","Black Star"],"picked":"Snecko Eye"},{"not_picked":["Empty Cage","Cursed Key"],"picked":"Dota2Spire:Bloodstone"}],"items_purged_floors":[31,40,56],"is_endless":false,"potions_floor_spawned":[7,16,18,23,24,35,39,46,48,50],"killed_by":"The Heart","ascension_level":20}}