{"host":"uv5ws9rdk87e8i5k","time":1612851305,"event":{"mods":["AchievementEnabler","BaseMod","Colored Map","Minty Spire (QoL Compilation)","Permanent Neow","Quick Restart","StSLib","SuperFastMode","The Necromancer"],"gold_per_floor":[18,37,47,47,47,80,80,80,80],"floor_reached":8,"language":"ENG","playtime":190,"items_purged":[],"score":78,"play_id":"d6a23b35-297e-4950-b523-a206639675aa","local_time":"20210209001505","is_ascension_mode":true,"campfire_choices":[{"data":"Shockwave","floor":7,"key":"SMITH"}],"circlet_count":0,"master_deck":["Strike_R","Strike_R","Strike_R","Strike_R","Defend_R","Defend_R","Defend_R","Defend_R","Bash","Shockwave+1","Sword Boomerang","Flame Barrier","Pummel"],"relics":["Burning Blood","Pocketwatch","Toxic Egg 2"],"acts_visited":["Exordium"],"potions_floor_usage":[],"damage_taken":[{"damage":3.0,"enemies":"Jaw Worm","floor":1.0,"turns":5.0},{"damage":8,"enemies":"2 Louse","floor":2,"turns":4},{"damage":13,"enemies":"Small Slimes","floor":3,"turns":4},{"damage":32,"enemies":"Gremlin Nob","floor":6,"turns":5},{"damage":38,"enemies":"3 Sentries","floor":8,"turns":7}],"seed_played":"1042241036910597890","potions_obtained":[{"floor":1.0,"key":"BloodPotion"},{"floor":2,"key":"FairyPotion"}],"is_trial":false,"path_per_floor":["M","M","M","?","?","E","R","E"],"character_chosen":"IRONCLAD","items_purchased":[],"campfire_rested":0,"item_purchase_floors":[],"current_hp_per_floor":[75,73,66,59,80,54,54,16,16],"gold":80,"neow_bonus":"ONE_RARE_RELIC","is_daily":false,"chose_seed":false,"campfire_upgraded":1,"win_rate":0.0,"timestamp":1612851305,"path_taken":["M","M","M","?","?","E","R","E"],"items_purchased_type":[],"build_version":"2020-12-22","purchased_purges":0,"victory":false,"max_hp_per_floor":[80,80,80,80,80,80,80,80,80],"card_choices":[{"not_picked":["Iron Wave","Armaments"],"picked":"Shockwave","floor":1.0},{"not_picked":["Reckless Charge","Body Slam"],"picked":"Sword Boomerang","floor":2},{"not_picked":["Feel No Pain","Heavy Blade"],"picked":"Flame Barrier","floor":3},{"not_picked":["Intimidate+1","Power Through+1"],"picked":"Pummel","floor":6}],"player_experience":280046,"relics_obtained":[{"floor":6,"key":"Toxic Egg 2"}],"event_choices":[{"cards_removed":["Strike_R"],"damage_healed":0,"gold_gain":0,"player_choice":"Card Removal","damage_taken":7,"max_hp_gain":0,"max_hp_loss":0,"event_name":"Golden Wing","floor":4,"gold_loss":0},{"damage_healed":26,"gold_gain":0,"player_choice":"Banana","damage_taken":0,"max_hp_gain":0,"max_hp_loss":0,"event_name":"Big Fish","floor":5,"gold_loss":0}],"is_beta":false,"boss_relics":[],"items_purged_floors":[],"is_endless":false,"potions_floor_spawned":[1,2],"killed_by":"3 Sentries","ascension_level":8}}