{"host":"lnfs5t5iydkm2lft","time":1612900775,"event":{"mods":["AchievementEnabler","BaseMod","BetterRewards","Colored Powertips","Downfall","Hubris","Marisa????????","Minty Spire (QoL Compilation)","Quick Restart","Replay The Spire","StSLib","The Runesmith"],"gold_per_floor":[99,110,124,136,216,116,116,139,139,139,239,261,282,282,302,412,412,412,420,420,420],"floor_reached":19,"language":"ENG","playtime":2270,"items_purged":[],"score":159,"play_id":"241c22ea-2a86-408f-9ab2-e2a191d6be89","local_time":"20210209135935","is_ascension_mode":false,"campfire_choices":[{"floor":1,"key":"RECALL"},{"data":"champ:Taunt","floor":6,"key":"SMITH"},{"data":"champ:FlashCut","floor":9,"key":"SMITH"},{"data":"champ:IronFortress","floor":18,"key":"SMITH"}],"circlet_count":0,"master_deck":["champ:Strike","champ:Strike","champ:Strike","champ:Strike","champ:Defend","champ:Defend","champ:Defend","champ:Defend","champ:Execute","champ:Taunt+1","champ:Circumvent+1","champ:FlashCut+1","champ:Endure","champ:ShieldSlam","champ:PreciseThrust","champ:IronFortress+1","champ:Duel"],"relics":["champ:ChampionCrown","Replay:Bandana","downfall:HeartBlessingRed","Replay:Mystery Machine","Ring of Chaos"],"acts_visited":["Exordium","TheCity"],"potions_floor_usage":[8,16],"damage_taken":[{"damage":10,"enemies":"2 Louse","floor":2,"turns":2},{"damage":10,"enemies":"Small Slimes","floor":3,"turns":4},{"damage":20,"enemies":"Cultist","floor":4,"turns":3},{"damage":20,"enemies":"Gremlin Gang","floor":8,"turns":7},{"damage":25,"enemies":"3 Louse","floor":12,"turns":3},{"damage":0,"enemies":"Blue Slaver","floor":13,"turns":3},{"damage":15,"enemies":"Exordium Wildlife","floor":15,"turns":4},{"damage":36,"enemies":"SI_SHIV_ARCHETYPE","floor":16,"turns":8},{"damage":14,"enemies":"3 Byrds","floor":19,"turns":4}],"seed_played":"7632431414369913967","potions_obtained":[{"floor":2,"key":"sneckomod:MuddlingPotion"},{"floor":5,"key":"sneckomod:MuddlingPotion"},{"floor":5,"key":"sneckomod:MuddlingPotion"},{"floor":12,"key":"Elixir"},{"floor":13,"key":"Reflective Coating"}],"is_trial":false,"path_per_floor":["R","M","M","M","?","R","T","M","R","?","?","M","M","?","M","B",null,"R","M"],"character_chosen":"THE_CHAMP","items_purchased":[],"campfire_rested":0,"item_purchase_floors":[],"current_hp_per_floor":[99,99,99,99,99,99,99,99,99,99,99,89,89,89,89,73,99,99,85,85,85],"gold":420,"neow_bonus":"TEN_PERCENT_HP_BONUS","is_daily":false,"chose_seed":false,"campfire_upgraded":3,"win_rate":0.0,"timestamp":1612900775,"path_taken":["R","M","M","M","?","R","T","M","R","?","?","?","M","?","M","BOSS","R","M"],"items_purchased_type":[],"build_version":"2020-12-22","purchased_purges":0,"victory":false,"max_hp_per_floor":[99,99,99,99,99,99,99,99,99,99,99,99,99,99,99,99,99,99,99,99,99],"card_choices":[{"not_picked":["champ:RecklessLeap","champ:BerserkersShout"],"picked":"champ:Circumvent","floor":2},{"not_picked":["champ:BerserkersShout","champ:StanceDance"],"picked":"champ:FlashCut","floor":3},{"not_picked":["champ:Circumvent","champ:EndlessRage"],"picked":"champ:FocusedBerserking","floor":4},{"not_picked":["champ:Parry","champ:RecklessLeap"],"picked":"champ:Endure","floor":5},{"not_picked":["champ:ArenaPreparation","champ:FalseCounter"],"picked":"champ:ShieldSlam","floor":8},{"not_picked":["champ:PerfectedStrike","champ:Backstep"],"picked":"champ:PreciseThrust","floor":12},{"not_picked":["champ:ShieldSlam","champ:BerserkersShout"],"picked":"champ:IronFortress","floor":13},{"not_picked":["champ:GutPunch","champ:BladeFlurry"],"picked":"champ:Duel","floor":15}],"player_experience":338187,"relics_obtained":[{"floor":5,"key":"Replay:Bandana"},{"floor":7,"key":"Replay:Mystery Machine"}],"event_choices":[{"damage_healed":0,"gold_gain":0,"player_choice":"Grow","damage_taken":0,"max_hp_gain":0,"max_hp_loss":0,"event_name":"Living Wall","floor":10,"gold_loss":0,"cards_upgraded":["champ:Circumvent"]},{"cards_removed":["champ:FocusedBerserking"],"damage_healed":0,"gold_gain":0,"player_choice":"Card Removal","damage_taken":0,"max_hp_gain":0,"max_hp_loss":0,"event_name":"Wheel of Change","floor":14,"gold_loss":0}],"is_beta":false,"boss_relics":[{"not_picked":["Sozu","hubris:CrackedHourglass"],"picked":"Ring of Chaos"}],"items_purged_floors":[],"is_endless":false,"potions_floor_spawned":[2,12,13,15],"killed_by":"3 Byrds","ascension_level":0}}