{"host":"vit9b6u76k1y61sh","time":1612847237,"event":{"mods":["BaseMod","Block Reminder","Colored Powertips","Highlight Path","Minty Spire (QoL Compilation)","Rare Cards Sparkle","Relic Sorter","Relic Stats","StSLib"],"gold_per_floor":[109,184,33,52,52,83,83,97,144,178,178,191,217,217,217,217,217],"floor_reached":16,"language":"ENG","playtime":552,"items_purged":[],"score":150,"play_id":"d3e9af3d-dfef-4670-8889-ecd43773bccd","local_time":"20210209000717","is_ascension_mode":true,"campfire_choices":[{"data":"Genetic Algorithm","floor":7,"key":"SMITH"},{"data":"Electrodynamics","floor":11,"key":"SMITH"},{"data":"Barrage","floor":15,"key":"SMITH"}],"circlet_count":0,"master_deck":["Strike_B","Strike_B","Strike_B","Strike_B","Defend_B+1","Defend_B","Defend_B+1","Defend_B+1","Zap+1","Dualcast","Hello World","Beam Cell","Genetic Algorithm+1","Gash","Electrodynamics+1","Streamline","Barrage+1"],"relics":["Cracked Core","NeowsBlessing","Membership Card","Toy Ornithopter","War Paint","Omamori","Bottled Tornado","Blue Candle"],"acts_visited":["Exordium"],"potions_floor_usage":[12,13],"damage_taken":[{"damage":0,"enemies":"Jaw Worm","floor":1,"turns":1},{"damage":0,"enemies":"2 Louse","floor":4,"turns":1},{"damage":0,"enemies":"Gremlin Nob","floor":6,"turns":1},{"damage":0,"enemies":"Cultist","floor":8,"turns":3},{"damage":10,"enemies":"3 Sentries","floor":10,"turns":7},{"damage":8,"enemies":"Red Slaver","floor":12,"turns":2},{"damage":13,"enemies":"Lagavulin","floor":13,"turns":5},{"damage":26,"enemies":"Hexaghost","floor":16,"turns":8}],"seed_played":"-8755364253724422560","potions_obtained":[{"floor":6,"key":"Regen Potion"},{"floor":10,"key":"Swift Potion"},{"floor":13,"key":"Energy Potion"}],"is_trial":false,"path_per_floor":["M","?","$","M","?","E","R","M","T","E","R","M","E","?","R","B"],"character_chosen":"DEFECT","items_purchased":["Membership Card"],"campfire_rested":0,"item_purchase_floors":[3],"current_hp_per_floor":[75,64,64,64,49,49,49,49,49,39,39,36,37,30,30,4,4],"gold":217,"neow_bonus":"THREE_ENEMY_KILL","is_daily":false,"chose_seed":false,"campfire_upgraded":3,"win_rate":0.0,"timestamp":1612847237,"path_taken":["M","?","$","M","?","E","R","M","T","E","R","M","E","?","R","BOSS"],"items_purchased_type":["Relic"],"build_version":"2020-12-22","purchased_purges":0,"victory":false,"max_hp_per_floor":[75,75,75,75,75,75,75,75,75,75,75,75,75,75,75,75,75],"relic_stats":{"counters":[8,28],"Blue Candle":[0],"War Paint":["Defend_B","Defend_B"],"obtain_stats":[{"NeowsBlessing":0,"Blue Candle":14,"Omamori":10,"Membership Card":3,"War Paint":9,"Bottled Tornado":13,"Cracked Core":0,"Toy Ornithopter":6},{"NeowsBlessing":0,"Blue Candle":7,"Omamori":5,"Membership Card":1,"War Paint":4,"Bottled Tornado":7,"Cracked Core":0,"Toy Ornithopter":3},{"NeowsBlessing":0,"Blue Candle":20,"Omamori":13,"Membership Card":1,"War Paint":6,"Bottled Tornado":20,"Cracked Core":0,"Toy Ornithopter":3}],"Toy Ornithopter":10},"card_choices":[{"not_picked":["Hologram","Sweeping Beam"],"picked":"Hello World","floor":1},{"not_picked":["Cold Snap","Redo"],"picked":"Beam Cell","floor":4},{"not_picked":["Melter","Leap"],"picked":"Genetic Algorithm","floor":6},{"not_picked":["Skim","Steam"],"picked":"Gash","floor":8},{"not_picked":["Chill","Barrage"],"picked":"Electrodynamics","floor":10},{"not_picked":["Chaos","White Noise"],"picked":"Streamline","floor":12},{"not_picked":["Rip and Tear","Steam"],"picked":"Barrage","floor":13}],"player_experience":148466,"relics_obtained":[{"floor":6,"key":"Toy Ornithopter"},{"floor":9,"key":"War Paint"},{"floor":10,"key":"Omamori"},{"floor":13,"key":"Bottled Tornado"}],"event_choices":[{"damage_healed":0,"gold_gain":75,"player_choice":"Gather Gold","damage_taken":11,"max_hp_gain":0,"max_hp_loss":0,"event_name":"World of Goop","floor":2,"gold_loss":0},{"damage_healed":0,"gold_gain":0,"player_choice":"Entered Light","damage_taken":15,"max_hp_gain":0,"max_hp_loss":0,"event_name":"Shining Light","floor":5,"gold_loss":0,"cards_upgraded":["Zap","Defend_B"]},{"damage_healed":0,"gold_gain":0,"player_choice":"Success","damage_taken":7,"relics_obtained":["Blue Candle"],"max_hp_gain":0,"max_hp_loss":0,"event_name":"Scrap Ooze","floor":14,"gold_loss":0}],"is_beta":false,"boss_relics":[],"items_purged_floors":[],"is_endless":false,"potions_floor_spawned":[6,10,13],"killed_by":"Hexaghost","ascension_level":1}}