{"host":"mo324zvkdr1xwprd","time":1612910064,"event":{"mods":["BaseMod","Better Note","BetterRewards","Hermit","Highlight Path","Hubris","Minty Spire (QoL Compilation)","Quick Restart","Rare Cards Sparkle","Shop Mod","StSLib","The Cursed","The Hierophant"],"gold_per_floor":[117,137,147,163,181,213,213,239,294,321,321,17,27,45,45,144,144,155,169,180,197,197,197],"floor_reached":22,"language":"ENG","playtime":1617,"items_purged":[],"score":254,"play_id":"66b78c8a-8f27-449b-a8da-84d05e5fd483","local_time":"20210209223424","is_ascension_mode":true,"campfire_choices":[{"data":"A Thousand Cuts","floor":7.0,"key":"SMITH"},{"floor":15,"key":"REST"}],"circlet_count":0,"master_deck":["Strike_G","Strike_G","Strike_G","Strike_G","Strike_G","Defend_G","Defend_G","Defend_G","Defend_G","Defend_G","Survivor","Neutralize","Noxious Fumes","PiercingWail","PiercingWail","Quick Slash","A Thousand Cuts+1","Noxious Fumes+1","Well Laid Plans","Flying Knee","Footwork","Acrobatics","Dodge and Roll","Slice","Poisoned Stab","Envenom","Caltrops","Caltrops","Terror","Bane"],"relics":["Ring of the Snake","Bag of Preparation","Gremlin Horn","Centennial Puzzle","Darkstone Periapt","hubris:HerbalPaste","SlaversCollar"],"acts_visited":["Exordium","TheCity"],"potions_floor_usage":[18,22],"damage_taken":[{"damage":1.0,"enemies":"Cultist","floor":1.0,"turns":6.0},{"damage":0.0,"enemies":"Jaw Worm","floor":2.0,"turns":5.0},{"damage":0.0,"enemies":"Small Slimes","floor":3.0,"turns":4.0},{"damage":1.0,"enemies":"3 Louse","floor":4.0,"turns":2.0},{"damage":2.0,"enemies":"Exordium Wildlife","floor":5.0,"turns":4.0},{"damage":17.0,"enemies":"3 Sentries","floor":6.0,"turns":7.0},{"damage":22.0,"enemies":"Lagavulin","floor":8.0,"turns":8.0},{"damage":28.0,"enemies":"Gremlin Nob","floor":10.0,"turns":4.0},{"damage":1.0,"enemies":"Gremlin Gang","floor":13.0,"turns":3.0},{"damage":0,"enemies":"2 Fungi Beasts","floor":14,"turns":3},{"damage":26,"enemies":"The Guardian","floor":16,"turns":9},{"damage":9,"enemies":"2 Thieves","floor":18,"turns":5},{"damage":3,"enemies":"Chosen","floor":19,"turns":6},{"damage":33,"enemies":"Centurion and Healer","floor":20,"turns":7},{"damage":43,"enemies":"Snake Plant","floor":21,"turns":6},{"damage":15,"enemies":"Shelled Parasite and Fungi","floor":22,"turns":1}],"seed_played":"1154300238137308854","potions_obtained":[{"floor":1.0,"key":"Explosive Potion"},{"floor":2.0,"key":"AttackPotion"},{"floor":4.0,"key":"CunningPotion"},{"floor":10.0,"key":"Energy Potion"},{"floor":16,"key":"DistilledChaos"},{"floor":18,"key":"SteroidPotion"},{"floor":20,"key":"Strength Potion"},{"floor":21,"key":"PowerPotion"}],"is_trial":false,"path_per_floor":["M","M","M","M","M","E","R","E","T","E","?","$","M","M","R","B",null,"M","M","M","M","M"],"character_chosen":"THE_SILENT","items_purchased":["hubris:HerbalPaste","Footwork","Acrobatics","Dodge and Roll"],"campfire_rested":1,"item_purchase_floors":[12,12,12,12],"current_hp_per_floor":[76,76,76,75,73,56,56,34,34,6,6,6,10,15,38,18,77,71,74,47,10,0,0],"gold":197,"neow_bonus":"TEN_PERCENT_HP_BONUS","is_daily":false,"chose_seed":false,"campfire_upgraded":1,"win_rate":0.0,"timestamp":1612910064,"path_taken":["M","M","M","M","M","E","R","E","T","E","?","?","M","M","R","BOSS","M","M","M","?","M"],"items_purchased_type":["Relic","Card","Card","Card"],"build_version":"2020-12-22","purchased_purges":0,"victory":false,"max_hp_per_floor":[77,77,77,77,77,77,77,77,77,77,77,77,77,77,77,77,77,77,77,77,77,77,77],"card_choices":[{"not_picked":["Predator","Outmaneuver"],"picked":"Noxious Fumes","floor":1.0},{"not_picked":["Poisoned Stab","Backflip"],"picked":"PiercingWail","floor":2.0},{"not_picked":["Dagger Spray","Poisoned Stab"],"picked":"PiercingWail","floor":3.0},{"not_picked":["Heel Hook","Eviscerate"],"picked":"Quick Slash","floor":4.0},{"not_picked":["Cloak And Dagger","Riddle With Holes"],"picked":"A Thousand Cuts","floor":5.0},{"not_picked":["Outmaneuver","Footwork"],"picked":"Noxious Fumes","floor":6.0},{"not_picked":["Reflex","hubris:SlightOfHand"],"picked":"Well Laid Plans","floor":8.0},{"not_picked":["Cloak And Dagger","Quick Slash"],"picked":"Flying Knee","floor":10.0},{"not_picked":["Deadly Poison","hubris:TrickCloak"],"picked":"Slice","floor":13.0},{"not_picked":["hubris:TrickCloak","hubris:SlightOfHand"],"picked":"Poisoned Stab","floor":14},{"not_picked":["Die Die Die","Grand Finale"],"picked":"Envenom","floor":16},{"not_picked":["Accuracy+1","Riddle With Holes"],"picked":"Caltrops","floor":18},{"not_picked":["Bane+1","Underhanded Strike+1"],"picked":"Caltrops","floor":19},{"not_picked":["Tactician","Slice"],"picked":"Terror","floor":20},{"not_picked":["Accuracy","Eviscerate"],"picked":"Bane","floor":21}],"player_experience":552304,"relics_obtained":[{"floor":6.0,"key":"Bag of Preparation"},{"floor":8.0,"key":"Gremlin Horn"},{"floor":9.0,"key":"Centennial Puzzle"},{"floor":10.0,"key":"Darkstone Periapt"}],"event_choices":[{"damage_healed":0.0,"max_hp_gain":0.0,"max_hp_loss":0.0,"gold_gain":0.0,"event_name":"Upgrade Shrine","player_choice":"Upgraded","floor":11.0,"gold_loss":0.0,"damage_taken":0.0,"cards_upgraded":["Noxious Fumes"]}],"is_beta":false,"boss_relics":[{"not_picked":["Astrolabe","WristBlade"],"picked":"SlaversCollar"}],"items_purged_floors":[],"is_endless":false,"potions_floor_spawned":[1,2,4,10,16,18,20,21],"killed_by":"Shelled Parasite and Fungi","ascension_level":4}}