{"host":"2i1rjl87isetstuj","time":1612848327,"event":{"mods":["BaseMod","Better Vampires","Challenge The Spire","Lobotomy","LobotomyExtend","Marked Mod","Minty Spire (QoL Compilation)","Quick Restart","Shop Mod","StSLib","Waifu the Spire","óô»ðÖ¸ÄÏ"],"gold_per_floor":[112,287,306,306,306,306,321,321,344,344,370,451,486,502,188,292,292,304,403,429,182,192,192,206,239,239,47,47,74,89,89,89],"floor_reached":31,"language":"ZHS","playtime":2588,"items_purged":["Doubt","Compile Driver"],"score":331,"play_id":"5d35d2c8-b37e-4292-ac92-ba5c9142f993","local_time":"20210209132527","is_ascension_mode":false,"campfire_choices":[{"data":"Scrape","floor":6.0,"key":"SMITH"},{"floor":8.0,"key":"RECALL"},{"data":"Go for the Eyes","floor":10.0,"key":"SMITH"},{"data":"Seek","floor":23.0,"key":"SMITH"}],"circlet_count":0,"master_deck":["Defend_B","Defend_B","Defend_B","Defend_B","Gash+1","Sunder+1","Glacier+1","Scrape+1","Melter","Go for the Eyes+1","Go for the Eyes","All For One","Finesse","Seek+1","Gash+1","Beam Cell+1","Swift Strike","Leap","Buffer","Gash","Violence+1"],"relics":["Astrolabe","Gremlin Horn","PreservedInsect","Letter Opener","Shuriken","Mango","Orichalcum","Empty Cage","MealTicket","Frozen Egg 2","Pantograph","The Courier","Moonlight_r"],"acts_visited":["Exordium","TheCity"],"potions_floor_usage":[],"damage_taken":[{"damage":0.0,"enemies":"Small Slimes","floor":1.0,"turns":4.0},{"damage":1.0,"enemies":"Jaw Worm","floor":3.0,"turns":3.0},{"damage":0.0,"enemies":"Cultist","floor":7.0,"turns":3.0},{"damage":3.0,"enemies":"Lagavulin","floor":11.0,"turns":5.0},{"damage":0.0,"enemies":"3 Sentries","floor":13.0,"turns":4.0},{"damage":0.0,"enemies":"Exordium Wildlife","floor":14.0,"turns":2.0},{"damage":27.0,"enemies":"Slime Boss","floor":16.0,"turns":9.0},{"damage":4.0,"enemies":"Shell Parasite","floor":18.0,"turns":2.0},{"damage":0.0,"enemies":"3 Byrds","floor":22.0,"turns":3.0},{"damage":0.0,"enemies":"3 Cultists","floor":24.0,"turns":4.0},{"damage":7.0,"enemies":"Book of Stabbing","floor":25.0,"turns":4.0},{"damage":0,"enemies":"Gremlin Leader","floor":29,"turns":3},{"damage":0,"enemies":"Centurion and Healer","floor":30,"turns":2}],"seed_played":"456696944967080686","potions_obtained":[{"floor":7.0,"key":"Energy Potion"},{"floor":16.0,"key":"Block Potion"},{"floor":22.0,"key":"Fire Potion"}],"is_trial":false,"path_per_floor":["M","?","M","?","?","R","M","R","T","R","E","T","E","M","R","B",null,"M","?","T","$","M","R","M","E","T","$","?","E","M","?"],"character_chosen":"DEFECT","items_purchased":["Orichalcum","Finesse","Beam Cell","Swift Strike","Violence"],"campfire_rested":0,"item_purchase_floors":[15,15,21,21,27],"current_hp_per_floor":[75,75,74,71,71,71,71,71,71,71,68,68,82,82,82,55,89,85,85,85,85,85,85,85,78,78,89,89,89,89,0,0],"gold":89,"neow_bonus":"BOSS_RELIC","is_daily":false,"chose_seed":false,"campfire_upgraded":3,"win_rate":0.0,"timestamp":1612848327,"path_taken":["M","?","M","?","?","R","?","R","T","R","E","?","E","?","R","BOSS","M","?","?","$","M","R","M","E","T","$","?","E","M","?"],"items_purchased_type":["Relic","Card","Card","Card","Card"],"build_version":"2020-12-22","purchased_purges":2,"victory":false,"max_hp_per_floor":[75,75,75,75,75,75,75,75,75,75,75,75,89,89,89,89,89,89,89,89,89,89,89,89,89,89,89,89,89,89,89,89],"card_choices":[{"not_picked":["Self Repair","Heatsinks"],"picked":"Compile Driver","floor":1.0},{"not_picked":["Turbo","Redo"],"picked":"Scrape","floor":3.0},{"not_picked":["Fusion","Doom and Gloom"],"picked":"Go for the Eyes","floor":7.0},{"not_picked":["Ball Lightning","Hologram","Turbo"],"picked":"SKIP","floor":11.0},{"not_picked":["Sweeping Beam","Steam Power"],"picked":"Go for the Eyes","floor":13.0},{"not_picked":["Fusion","Sunder"],"picked":"All For One","floor":14.0},{"not_picked":["Core Surge","Fission"],"picked":"Seek","floor":16.0},{"not_picked":["Beam Cell","Reinforced Body"],"picked":"Gash+1","floor":18.0},{"not_picked":["Melter","Redo+1"],"picked":"Leap","floor":22.0},{"not_picked":["Rebound","Doom and Gloom+1"],"picked":"Buffer","floor":24.0},{"not_picked":["Barrage","Rebound+1"],"picked":"Gash","floor":25.0},{"not_picked":["Coolheaded","Multi-Cast","Streamline"],"picked":"SKIP","floor":29},{"not_picked":["Streamline","Go for the Eyes","Conserve Battery+1"],"picked":"SKIP","floor":30}],"player_experience":135212,"relics_obtained":[{"floor":9.0,"key":"PreservedInsect"},{"floor":11.0,"key":"Letter Opener"},{"floor":12.0,"key":"Shuriken"},{"floor":13.0,"key":"Mango"},{"floor":25.0,"key":"MealTicket"},{"floor":26.0,"key":"Frozen Egg 2"},{"floor":29,"key":"The Courier"}],"event_choices":[{"damage_healed":0.0,"max_hp_gain":0.0,"max_hp_loss":0.0,"gold_gain":175.0,"event_name":"Liars Game","player_choice":"AGREE","floor":2.0,"gold_loss":0.0,"damage_taken":0.0,"cards_obtained":["Doubt"]},{"damage_healed":0.0,"max_hp_gain":0.0,"max_hp_loss":0.0,"gold_gain":0.0,"event_name":"Scrap Ooze","player_choice":"Success","floor":4.0,"gold_loss":0.0,"damage_taken":3.0,"relics_obtained":["Gremlin Horn"]},{"damage_healed":0.0,"max_hp_gain":0.0,"max_hp_loss":0.0,"gold_gain":0.0,"cards_transformed":["Strike_B"],"event_name":"Transmorgrifier","player_choice":"Transformed","floor":5.0,"gold_loss":0.0,"damage_taken":0.0,"cards_obtained":["Melter"]},{"damage_healed":0.0,"max_hp_gain":0.0,"max_hp_loss":0.0,"gold_gain":99.0,"event_name":"Nest","player_choice":"Stole From Cult","floor":19.0,"gold_loss":0.0,"damage_taken":0.0},{"damage_healed":0,"gold_gain":0,"player_choice":"Opened","damage_taken":0,"relics_obtained":["Pantograph"],"max_hp_gain":0,"max_hp_loss":0,"event_name":"The Mausoleum","floor":28,"gold_loss":0}],"is_beta":false,"boss_relics":[{"not_picked":["Philosopher\u0027s Stone","Pandora\u0027s Box"],"picked":"Empty Cage"}],"items_purged_floors":[15,21],"is_endless":false,"potions_floor_spawned":[7,16,22],"ascension_level":0}}