{"host":"9q13bdr84c6iv3c6","time":1612907332,"event":{"mods":["BaseMod","Colored Powertips","Downfall","Hermit","Minty Spire (QoL Compilation)","Replay The Spire","StSLib"],"gold_per_floor":[99,99,117,128,145,164,190,290,190,207,307,307,34,69,85,183,183,183,194,207,225,225,65,89,115,137,337,363,473,501,530,547,657,657,557,585,611,674,703,9,60,73,114,114,114,138,38,62,91,103,103,132,72,72,86,96],"floor_reached":57,"language":"ENG","playtime":5933,"items_purged":["champ:Strike"],"score":1312,"play_id":"069d5424-4556-4856-aeec-60a166c87f86","local_time":"20210209154852","is_ascension_mode":false,"campfire_choices":[{"data":"champ:Execute","floor":1,"key":"SMITH"},{"data":"champ:TornadoPunch","floor":9,"key":"SMITH"},{"data":"Pot Of Greed","floor":18,"key":"SMITH"},{"data":"Pot Of Greed","floor":27,"key":"SMITH"},{"data":"champ:StanceDance","floor":35,"key":"SMITH"},{"floor":45,"key":"RECALL"},{"data":"Pot Of Greed","floor":47,"key":"SMITH"},{"data":"Pot Of Greed","floor":54,"key":"SMITH"}],"circlet_count":0,"master_deck":["champ:Strike","champ:Strike","champ:Defend","champ:Defend","champ:Defend","champ:Defend","champ:Execute+1","champ:Taunt","champ:Parry","champ:IronFortress","champ:TornadoPunch+1","champ:FlashCut","champ:RecklessLeap","champ:PreciseThrust","champ:DefensiveShout+1","champ:EndlessRage+1","Pot Of Greed+1","Pot Of Greed+1","champ:LastStand+1","champ:FocusedDefense","champ:IgnorePain+1","champ:AdrenalArmor+1","champ:ShieldSlam","champ:SetATrap","champ:StanceDance+1","Pot Of Greed+1","champ:EndlessRage+1","champ:PerfectedStrike+1","champ:ShieldThrow+1","champ:DefensiveShout+1","champ:CrookedStrike+1","champ:HoldFirm+1","champ:SetATrap+1","champ:Improvising+1","champ:Improvising+1","Apotheosis+1","Amnesia","champ:Parry+1","Pot Of Greed+1","champ:ShieldWall+1"],"relics":["champ:ChampionCrown","Golden Egg","downfall:GremlinWheel","downfall:HeartBlessingBlue","CloakClasp","Pear","Regal Pillow","Grinning Jar","Busted Crown","Anchor","Replay:Bandana","champ:BlackKnightHelmet","Chameleon Ring","ReplayFunnel","Coffee Dripper","downfall:HeartBlessingGreen","Thread and Needle","Pet Ghost","Boot","ReplayTheSpireMod:Shallot","Ring of Peace","ReplayTheSpireMod:Ring of Exchange","downfall:HeartBlessingRed","Bag of Preparation"],"acts_visited":["Exordium","TheCity","TheBeyond","TheEnding"],"potions_floor_usage":[8,11,13,31,38],"damage_taken":[{"damage":20,"enemies":"Cultist","floor":3,"turns":3},{"damage":10,"enemies":"2 Louse","floor":4,"turns":2},{"damage":23,"enemies":"Small Slimes","floor":5,"turns":3},{"damage":19,"enemies":"Blue Slaver","floor":6,"turns":4},{"damage":44,"enemies":"Blue Slaver","floor":8,"turns":6},{"damage":27,"enemies":"Exordium Thugs","floor":10,"turns":5},{"damage":39,"enemies":"Exordium Thugs","floor":11,"turns":7},{"damage":29,"enemies":"downfall:FleeingMerchant","floor":13,"turns":4},{"damage":0,"enemies":"3 Sentries","floor":14,"turns":4},{"damage":10,"enemies":"Red Slaver","floor":15,"turns":2},{"damage":14,"enemies":"SI_SHIV_ARCHETYPE","floor":16,"turns":5},{"damage":46,"enemies":"Spheric Guardian","floor":19,"turns":4},{"damage":27,"enemies":"Sentry and Sphere","floor":20,"turns":7},{"damage":74,"enemies":"Snecko","floor":21,"turns":7},{"damage":10,"enemies":"downfall:FleeingMerchant","floor":23,"turns":4},{"damage":33,"enemies":"Snake Plant","floor":25,"turns":5},{"damage":22,"enemies":"Cultist and Chosen","floor":26,"turns":7},{"damage":35,"enemies":"Centurion and Healer","floor":28,"turns":8},{"damage":45,"enemies":"Centurion and Healer","floor":29,"turns":7},{"damage":0,"enemies":"Shelled Parasite and Fungi","floor":30,"turns":6},{"damage":29,"enemies":"Slavers","floor":31,"turns":6},{"damage":20,"enemies":"Cultist and Chosen","floor":32,"turns":6},{"damage":37,"enemies":"IC_MUSHROOM_ARCHETYPE","floor":33,"turns":11},{"damage":33,"enemies":"3 Shapes","floor":36,"turns":3},{"damage":3,"enemies":"Orb Walker","floor":37,"turns":3},{"damage":72,"enemies":"2 Orb Walkers","floor":38,"turns":8},{"damage":10,"enemies":"Spire Growth","floor":39,"turns":4},{"damage":5,"enemies":"downfall:FleeingMerchant","floor":40,"turns":4},{"damage":8,"enemies":"Transient","floor":42,"turns":5},{"damage":5,"enemies":"Reptomancer","floor":43,"turns":6},{"damage":10,"enemies":"4 Shapes","floor":46,"turns":5},{"damage":0,"enemies":"Maw","floor":48,"turns":6},{"damage":0,"enemies":"Transient","floor":49,"turns":5},{"damage":7,"enemies":"DF_ARCHETYPE_ORBS","floor":50,"turns":7},{"damage":26,"enemies":"downfall:CharBossMerchant","floor":52,"turns":10},{"damage":0,"enemies":"downfall:NeowBoss","floor":55,"turns":15},{"damage":99,"enemies":"downfall:NeowBossFinal","floor":56,"turns":11}],"seed_played":"2019097479811878626","potions_obtained":[{"floor":3,"key":"Ancient Potion"},{"floor":5,"key":"sneckomod:MuddlingPotion"},{"floor":6,"key":"Energy Potion"},{"floor":10,"key":"Elixir"},{"floor":11,"key":"champ:OpenerPotion"},{"floor":20,"key":"FairyPotion"},{"floor":29,"key":"champ:TechniquePotion"},{"floor":33,"key":"DuplicationPotion"},{"floor":42,"key":"champ:CounterPotion"}],"is_trial":false,"path_per_floor":["R","T","M","M","M","M","T","?","R","M","?","?","$","E","M","B",null,"R","M","M","M","?","$","T","M","M","R","M","?","M","E","M","B",null,"R","M","M","?","M","$","T","M","E","?","R","M","R","M","M","B",null,"E","$","R","B","B",null],"character_chosen":"THE_CHAMP","items_purchased":["Regal Pillow","champ:EndlessRage","Anchor","champ:HoldFirm","champ:SetATrap","champ:Improvising","Apotheosis","Pet Ghost","champ:ShieldWall+1"],"campfire_rested":0,"item_purchase_floors":[13,13,23,40,40,40,40,40,53],"current_hp_per_floor":[99,99,99,99,96,77,77,53,63,46,27,30,23,23,23,19,119,119,103,96,87,87,87,87,79,67,67,67,67,67,38,28,14,119,119,111,108,56,56,56,56,48,48,48,48,48,48,48,48,41,119,98,98,98,98,73],"gold":96,"neow_bonus":"TEN_PERCENT_HP_BONUS","is_daily":false,"chose_seed":false,"campfire_upgraded":7,"win_rate":0.0,"timestamp":1612907332,"path_taken":["R","?","M","M","M","M","T","?","R","?","?","?","?","E","M","BOSS","R","M","M","M","?","$","T","?","M","R","M","?","M","E","M","BOSS","R","M","M","?","M","$","T","M","E","?","R","M","R","M","M","BOSS","E","$","R","BOSS","BOSS"],"items_purchased_type":["Relic","Card","Relic","Card","Card","Card","Card","Relic","Card"],"build_version":"2020-12-22","purchased_purges":1,"victory":true,"max_hp_per_floor":[99,99,99,99,99,99,99,99,109,109,109,119,119,119,119,119,119,119,119,119,119,119,119,119,119,119,119,119,119,119,119,119,119,119,119,119,119,119,119,119,119,119,119,119,119,119,119,119,119,119,119,119,119,119,119,119],"card_choices":[{"not_picked":["champ:FanOfKnives","champ:RecklessLeap"],"picked":"champ:Parry","floor":3},{"not_picked":["champ:EnragedBash","champ:FalseCounter"],"picked":"champ:IronFortress","floor":4},{"not_picked":["champ:DefensiveShout","champ:BringItOn"],"picked":"champ:TornadoPunch","floor":5},{"not_picked":["champ:TornadoPunch","champ:EnragedBash"],"picked":"champ:FlashCut","floor":6},{"not_picked":["champ:RisingSlash","champ:Circumvent"],"picked":"champ:RecklessLeap","floor":10},{"not_picked":["champ:FancyFootwork","champ:AdrenalArmor"],"picked":"champ:PreciseThrust","floor":11},{"not_picked":["champ:Shatter","champ:FanOfKnives"],"picked":"champ:DefensiveShout","floor":13},{"not_picked":["champ:Parry","champ:RisingSlash"],"picked":"champ:LastStand","floor":14},{"not_picked":["champ:PerfectedStrike","champ:TornadoPunch"],"picked":"champ:FocusedDefense","floor":15},{"not_picked":["champ:StrikeOfGenius","champ:DancingMaster"],"picked":"champ:IgnorePain","floor":16},{"not_picked":[],"picked":"champ:AdrenalArmor+1","floor":19},{"not_picked":["champ:FlashCut"],"picked":"SKIP","floor":20},{"not_picked":["champ:Shatter"],"picked":"SKIP","floor":21},{"not_picked":["champ:Circumvent"],"picked":"SKIP","floor":23},{"not_picked":[],"picked":"champ:SetATrap","floor":25},{"not_picked":[],"picked":"champ:StanceDance","floor":26},{"not_picked":["champ:GutPunch"],"picked":"SKIP","floor":28},{"not_picked":[],"picked":"champ:EndlessRage+1","floor":30},{"not_picked":["champ:BerserkersShout+1"],"picked":"SKIP","floor":31},{"not_picked":[],"picked":"champ:PerfectedStrike+1","floor":32},{"not_picked":[],"picked":"champ:ShieldThrow","floor":33},{"not_picked":[],"picked":"champ:DefensiveShout+1","floor":36},{"not_picked":["champ:PreciseThrust"],"picked":"SKIP","floor":37},{"not_picked":["champ:EnragedBash"],"picked":"SKIP","floor":39},{"not_picked":[],"picked":"champ:CrookedStrike+1","floor":40},{"not_picked":["champ:RapidStrikes"],"picked":"SKIP","floor":42},{"not_picked":["champ:FanOfKnives+1"],"picked":"SKIP","floor":43},{"not_picked":["champ:TornadoPunch"],"picked":"SKIP","floor":46},{"not_picked":["champ:RecklessLeap"],"picked":"SKIP","floor":48},{"not_picked":[],"picked":"champ:Parry+1","floor":49},{"not_picked":["champ:AdrenalArmor"],"picked":"SKIP","floor":52}],"player_experience":25496,"relics_obtained":[{"floor":2,"key":"Golden Egg"},{"floor":8,"key":"downfall:GremlinWheel"},{"floor":11,"key":"CloakClasp"},{"floor":14,"key":"Grinning Jar"},{"floor":24,"key":"Replay:Bandana"},{"floor":29,"key":"champ:BlackKnightHelmet"},{"floor":29,"key":"Chameleon Ring"},{"floor":31,"key":"ReplayFunnel"},{"floor":38,"key":"Thread and Needle"},{"floor":41,"key":"Boot"},{"floor":43,"key":"ReplayTheSpireMod:Shallot"},{"floor":44,"key":"Ring of Peace"},{"floor":44,"key":"ReplayTheSpireMod:Ring of Exchange"},{"floor":52,"key":"Bag of Preparation"}],"event_choices":[{"damage_healed":0,"gold_gain":0,"player_choice":"Success","damage_taken":7,"relics_obtained":["Pear"],"max_hp_gain":0,"max_hp_loss":0,"event_name":"Scrap Ooze","floor":12,"gold_loss":0},{"damage_healed":0,"gold_gain":200,"player_choice":"Gold","damage_taken":0,"max_hp_gain":0,"max_hp_loss":0,"event_name":"Wheel of Change","floor":27,"gold_loss":0},{"damage_healed":0,"gold_gain":0,"player_choice":"Fight","damage_taken":0,"max_hp_gain":0,"max_hp_loss":0,"event_name":"Mysterious Sphere","floor":38,"gold_loss":0}],"is_beta":false,"boss_relics":[{"not_picked":["Runic Pyramid","Tiny House"],"picked":"Busted Crown"},{"not_picked":["Replay:Grab Bag","Replay:Drink Me"],"picked":"Coffee Dripper"}],"items_purged_floors":[13],"is_endless":false,"potions_floor_spawned":[3,5,6,10,11,20,21,28,29,33,36,42,46],"ascension_level":0}}