{"host":"gk5m6v7zec9neb0j","time":1612907076,"event":{"mods":["AchievementEnabler","AlwaysNeverKeys","BaseMod","BetterRewards","Block Reminder","Minty Spire (QoL Compilation)","Rare Cards Sparkle","Relic Stats","StSLib"],"gold_per_floor":[112,123,138,15,26,26,40,60,60,60,79,79,29,29,29,130,130,141,154,154,253,253,284,302,302,302,5,5,32,32,44,44,142,142,156,31,31,31,47,80,100,122,122,140,153,153,187,200,200,200,200,200,51,78,78,78],"floor_reached":55,"language":"ENG","playtime":1533,"items_purged":["Strike_G","Strike_G","Strike_G","Strike_G"],"score":1084,"play_id":"d1159fdb-8dcd-4508-8e7c-48f83b56ede9","local_time":"20210209164436","is_ascension_mode":false,"campfire_choices":[{"floor":6.0,"key":"REST"},{"data":"Neutralize","floor":10.0,"key":"SMITH"},{"data":"Burst","floor":12.0,"key":"SMITH"},{"data":"Blade Dance","floor":15.0,"key":"SMITH"},{"data":"Cloak And Dagger","floor":25.0,"key":"SMITH"},{"data":"A Thousand Cuts","floor":28.0,"key":"SMITH"},{"data":"Blade Dance","floor":32,"key":"SMITH"},{"data":"A Thousand Cuts","floor":46,"key":"SMITH"},{"floor":49,"key":"REST"},{"data":"A Thousand Cuts","floor":52,"key":"SMITH"}],"circlet_count":0,"master_deck":["Defend_G","Defend_G","Defend_G","Defend_G","Defend_G","Survivor","Neutralize+1","Blade Dance+1","Blade Dance","Deflect","Blade Dance","Burst+1","Blade Dance","Escape Plan","A Thousand Cuts+1","Cloak And Dagger+1","Blade Dance+1","Accuracy+1","A Thousand Cuts+1","A Thousand Cuts+1","Madness","Madness","Escape Plan","Deflect"],"relics":["Ring of the Snake","DollysMirror","Kunai","Sundial","Matryoshka","WristBlade","MutagenicStrength","Question Card","PreservedInsect","Ninja Scroll","StoneCalendar","Ginger","Black Star","Smiling Mask","CeramicFish","Ornamental Fan","Mango","Du-Vu Doll","Vajra","Pear","White Beast Statue"],"acts_visited":["Exordium","TheCity","TheBeyond","TheEnding"],"potions_floor_usage":[47],"damage_taken":[{"damage":0.0,"enemies":"Cultist","floor":1.0,"turns":3.0},{"damage":0.0,"enemies":"Small Slimes","floor":2.0,"turns":3.0},{"damage":0.0,"enemies":"2 Louse","floor":3.0,"turns":2.0},{"damage":0.0,"enemies":"Looter","floor":5.0,"turns":2.0},{"damage":9.0,"enemies":"Large Slime","floor":7.0,"turns":4.0},{"damage":0.0,"enemies":"3 Louse","floor":8.0,"turns":3.0},{"damage":0.0,"enemies":"Exordium Thugs","floor":11.0,"turns":3.0},{"damage":0.0,"enemies":"The Guardian","floor":16.0,"turns":13.0},{"damage":0.0,"enemies":"3 Byrds","floor":18.0,"turns":3.0},{"damage":0.0,"enemies":"Spheric Guardian","floor":19.0,"turns":1.0},{"damage":17.0,"enemies":"Slavers","floor":23.0,"turns":5.0},{"damage":0.0,"enemies":"Snecko","floor":24.0,"turns":5.0},{"damage":0.0,"enemies":"Gremlin Leader","floor":29.0,"turns":3.0},{"damage":0,"enemies":"Centurion and Healer","floor":31,"turns":1},{"damage":14,"enemies":"Automaton","floor":33,"turns":5},{"damage":0,"enemies":"Orb Walker","floor":35,"turns":1},{"damage":4,"enemies":"3 Shapes","floor":39,"turns":5},{"damage":0,"enemies":"Giant Head","floor":40,"turns":2},{"damage":10,"enemies":"Writhing Mass","floor":41,"turns":6},{"damage":4,"enemies":"Maw","floor":42,"turns":4},{"damage":0,"enemies":"Jaw Worm Horde","floor":45,"turns":3},{"damage":11,"enemies":"Reptomancer","floor":47,"turns":4},{"damage":0,"enemies":"3 Darklings","floor":48,"turns":1},{"damage":71,"enemies":"Time Eater","floor":50,"turns":9},{"damage":0,"enemies":"Shield and Spear","floor":54,"turns":3},{"damage":97,"enemies":"The Heart","floor":55,"turns":5}],"seed_played":"8991902703258576573","potions_obtained":[{"floor":16.0,"key":"BlessingOfTheForge"},{"floor":29.0,"key":"Energy Potion"},{"floor":33,"key":"Regen Potion"},{"floor":48,"key":"Ancient Potion"}],"is_trial":false,"path_per_floor":["M","M","M","$","M","R","M","M","T","R","M","R","?","?","R","B",null,"M","M","$","?","?","E","M","R","T","$","R","E","?","M","R","B",null,"M","$","?","?","M","E","M","M","T","?","M","R","E","M","R","B",null,"R","$","E","B"],"character_chosen":"THE_SILENT","items_purchased":["Blade Dance","DollysMirror","Kunai","Escape Plan","Sundial","Burst","Blade Dance","StoneCalendar","Escape Plan","Deflect"],"campfire_rested":2,"item_purchase_floors":[0,0,0,0,0,4,4,27,53,53],"current_hp_per_floor":[37,37,37,37,37,58,49,49,49,49,49,49,49,70,70,70,70,70,70,70,70,70,53,53,53,53,53,53,53,53,53,53,39,70,70,70,70,70,66,66,56,52,66,55,55,55,49,49,74,3,84,84,84,94,0,0],"gold":78,"neow_bonus":"","is_daily":false,"chose_seed":false,"campfire_upgraded":8,"win_rate":0.0,"timestamp":1612907076,"path_taken":["M","M","?","$","M","R","M","M","T","R","M","R","?","?","R","BOSS","M","M","$","?","?","E","M","R","T","$","R","E","?","M","R","BOSS","M","$","?","?","?","E","M","M","T","?","M","R","E","M","R","BOSS","R","$","E","BOSS"],"items_purchased_type":["Card","Relic","Relic","Card","Relic","Card","Card","Relic","Card","Card"],"build_version":"2020-12-22","purchased_purges":4,"victory":false,"max_hp_per_floor":[70,70,70,70,70,70,70,70,70,70,70,70,70,70,70,70,70,70,70,70,70,70,70,70,70,70,70,70,70,70,70,70,70,70,70,70,70,70,70,70,70,70,84,84,84,84,84,84,84,84,84,84,84,94,94,94],"relic_stats":{"counters":[544,3004],"CeramicFish":45,"StoneCalendar":[52],"PreservedInsect":295,"Ginger":[24],"Question Card":44,"Smiling Mask":100,"Sundial":[10],"Ornamental Fan":[96],"Black Star":3,"Kunai":[325],"obtain_stats":[{"TwistedFunnel":0,"Ginger":0,"Whetstone":11,"Bottled Tornado":43,"Old Coin":34,"Blood Vial":17,"Sundial":24,"HandDrill":48,"Kunai":0,"Pear":28,"Blue Candle":54,"Eternal Feather":54,"Tingsha":0,"Pen Nib":11,"Paper Crane":43,"SlaversCollar":17,"MutagenicStrength":19,"Bird Faced Urn":38,"StrikeDummy":27,"Unceasing Top":46,"Ring of the Serpent":17,"Regal Pillow":9,"Lantern":45,"Torii":0,"Singing Bowl":43,"StoneCalendar":42,"Bag of Preparation":26,"Ancient Tea Set":4,"Cursed Key":17,"Smiling Mask":41,"Matryoshka":37,"WristBlade":34,"Ninja Scroll":0,"WingedGreaves":17,"Chemical X":37,"InkBottle":54,"Ring of the Snake":0,"Potion Belt":9,"The Specimen":0,"Golden Idol":3,"Thread and Needle":45,"The Courier":26,"PreservedInsect":38,"Omamori":39,"Frozen Egg 2":43,"MawBank":45,"Ornamental Fan":0,"Bloody Idol":31,"Orrery":0,"Turnip":38,"Art of War":17,"Bottled Lightning":43,"Toy Ornithopter":27,"Ice Cream":7,"Calipers":13,"Gremlin Horn":26,"CeramicFish":0,"HoveringKite":34,"Vajra":43,"Sozu":34,"Centennial Puzzle":6,"Lizard Tail":10,"DollysMirror":4,"Strawberry":26,"Prayer Wheel":38,"Toxic Egg 2":28,"Girya":0,"Happy Flower":13,"Astrolabe":34,"Oddly Smooth Stone":0,"Letter Opener":53,"War Paint":43,"Question Card":48,"Du-Vu Doll":47,"Bottled Flame":25,"Shuriken":0,"Bronze Scales":10,"Molten Egg 2":9,"Black Star":17,"Meat on the Bone":17,"Pocketwatch":17,"Darkstone Periapt":23,"SacredBark":17,"Enchiridion":22,"Mango":43,"Snake Skull":54,"Juzu Bracelet":43,"Empty Cage":17,"PrismaticShard":53,"ClockworkSouvenir":20,"Tough Bandages":25,"Nunchaku":31,"Dream Catcher":9,"Mummified Hand":30,"Pantograph":12,"Gambling Chip":0,"Tiny Chest":26,"Red Mask":47,"Orichalcum":26,"Odd Mushroom":12,"Medical Kit":37,"White Beast Statue":9,"Mercury Hourglass":54,"Peace Pipe":9,"Calling Bell":17,"Anchor":34,"CaptainsWheel":54,"Bag of Marbles":43,"Membership Card":36,"FossilizedHelix":0,"TungstenRod":26},{"TwistedFunnel":381,"Ginger":97,"Whetstone":100,"Bottled Tornado":52,"Old Coin":338,"Blood Vial":129,"Sundial":44,"HandDrill":491,"Kunai":31,"Pear":315,"Blue Candle":249,"Eternal Feather":146,"Tingsha":274,"Pen Nib":356,"Paper Crane":322,"SlaversCollar":231,"MutagenicStrength":156,"Bird Faced Urn":189,"StrikeDummy":17,"Unceasing Top":193,"Ring of the Serpent":388,"Regal Pillow":36,"Lantern":269,"Torii":31,"Singing Bowl":116,"StoneCalendar":217,"Bag of Preparation":366,"Ancient Tea Set":2,"Cursed Key":281,"Smiling Mask":452,"Matryoshka":137,"WristBlade":112,"Ninja Scroll":172,"WingedGreaves":80,"Chemical X":22,"InkBottle":57,"Ring of the Snake":0,"Potion Belt":3,"The Specimen":274,"Golden Idol":2,"Thread and Needle":245,"The Courier":183,"PreservedInsect":240,"Omamori":189,"Frozen Egg 2":398,"MawBank":245,"Ornamental Fan":72,"Bloody Idol":161,"Orrery":58,"Turnip":116,"Art of War":80,"Bottled Lightning":24,"Toy Ornithopter":17,"Ice Cream":11,"Calipers":154,"Gremlin Horn":480,"CeramicFish":172,"HoveringKite":21,"Vajra":91,"Sozu":136,"Centennial Puzzle":278,"Lizard Tail":329,"DollysMirror":123,"Strawberry":107,"Prayer Wheel":138,"Toxic Egg 2":108,"Girya":250,"Happy Flower":12,"Astrolabe":86,"Oddly Smooth Stone":122,"Letter Opener":272,"War Paint":191,"Question Card":94,"Du-Vu Doll":540,"Bottled Flame":16,"Shuriken":97,"Bronze Scales":36,"Molten Egg 2":151,"Black Star":13,"Meat on the Bone":80,"Pocketwatch":129,"Darkstone Periapt":182,"SacredBark":360,"Enchiridion":68,"Mango":538,"Snake Skull":273,"Juzu Bracelet":141,"Empty Cage":103,"PrismaticShard":272,"ClockworkSouvenir":41,"Tough Bandages":16,"Nunchaku":85,"Dream Catcher":355,"Mummified Hand":110,"Pantograph":11,"Gambling Chip":197,"Tiny Chest":16,"Red Mask":54,"Orichalcum":235,"Odd Mushroom":499,"Medical Kit":188,"White Beast Statue":11,"Mercury Hourglass":349,"Peace Pipe":62,"Calling Bell":80,"Anchor":338,"CaptainsWheel":349,"Bag of Marbles":267,"Membership Card":163,"FossilizedHelix":250,"TungstenRod":416},{"TwistedFunnel":2158,"Ginger":599,"Whetstone":611,"Bottled Tornado":309,"Old Coin":1918,"Blood Vial":722,"Sundial":249,"HandDrill":2775,"Kunai":183,"Pear":1796,"Blue Candle":1454,"Eternal Feather":781,"Tingsha":1567,"Pen Nib":2009,"Paper Crane":1834,"SlaversCollar":1359,"MutagenicStrength":843,"Bird Faced Urn":1121,"StrikeDummy":100,"Unceasing Top":1141,"Ring of the Serpent":2183,"Regal Pillow":206,"Lantern":1539,"Torii":183,"Singing Bowl":676,"StoneCalendar":1281,"Bag of Preparation":2061,"Ancient Tea Set":5,"Cursed Key":1617,"Smiling Mask":2575,"Matryoshka":750,"WristBlade":661,"Ninja Scroll":996,"WingedGreaves":500,"Chemical X":129,"InkBottle":364,"Ring of the Snake":0,"Potion Belt":9,"The Specimen":1567,"Golden Idol":5,"Thread and Needle":1436,"The Courier":1085,"PreservedInsect":1411,"Omamori":1121,"Frozen Egg 2":2226,"MawBank":1436,"Ornamental Fan":459,"Bloody Idol":873,"Orrery":367,"Turnip":676,"Art of War":500,"Bottled Lightning":139,"Toy Ornithopter":100,"Ice Cream":57,"Calipers":823,"Gremlin Horn":2719,"CeramicFish":996,"HoveringKite":124,"Vajra":558,"Sozu":746,"Centennial Puzzle":1590,"Lizard Tail":1866,"DollysMirror":699,"Strawberry":637,"Prayer Wheel":755,"Toxic Egg 2":643,"Girya":1462,"Happy Flower":68,"Astrolabe":533,"Oddly Smooth Stone":696,"Letter Opener":1557,"War Paint":1131,"Question Card":574,"Du-Vu Doll":2986,"Bottled Flame":94,"Shuriken":599,"Bronze Scales":206,"Molten Egg 2":801,"Black Star":79,"Meat on the Bone":500,"Pocketwatch":722,"Darkstone Periapt":1075,"SacredBark":2027,"Enchiridion":435,"Mango":2979,"Snake Skull":1562,"Juzu Bracelet":766,"Empty Cage":621,"PrismaticShard":1557,"ClockworkSouvenir":234,"Tough Bandages":94,"Nunchaku":521,"Dream Catcher":2005,"Mummified Hand":652,"Pantograph":57,"Gambling Chip":1176,"Tiny Chest":94,"Red Mask":329,"Orichalcum":1384,"Odd Mushroom":2819,"Medical Kit":1117,"White Beast Statue":57,"Mercury Hourglass":1972,"Peace Pipe":387,"Calling Bell":500,"Anchor":1918,"CaptainsWheel":1972,"Bag of Marbles":1530,"Membership Card":899,"FossilizedHelix":1462,"TungstenRod":2337}],"Ring of the Snake":[281]},"card_choices":[{"not_picked":["Acrobatics","Underhanded Strike"],"picked":"Deflect","floor":1.0},{"not_picked":["Slice","Backflip"],"picked":"Blade Dance","floor":2.0},{"not_picked":["Setup","Crippling Poison","Sucker Punch"],"picked":"SKIP","floor":3.0},{"not_picked":["Bane","Masterful Stab"],"picked":"Escape Plan","floor":5.0},{"not_picked":["Outmaneuver","Dodge and Roll","Backflip"],"picked":"SKIP","floor":7.0},{"not_picked":["Outmaneuver","Dash","Crippling Poison"],"picked":"SKIP","floor":8.0},{"not_picked":["Flechettes","Acrobatics","Dodge and Roll"],"picked":"SKIP","floor":11.0},{"not_picked":["Glass Knife","Venomology"],"picked":"A Thousand Cuts","floor":16.0},{"not_picked":["Dodge and Roll","Slice+1","Deflect"],"picked":"SKIP","floor":18.0},{"not_picked":["Prepared","Slice+1","Catalyst"],"picked":"SKIP","floor":19.0},{"not_picked":["Dagger Throw+1","Poisoned Stab"],"picked":"Cloak And Dagger","floor":23.0},{"not_picked":["Skewer","Deflect","Dagger Spray+1","Outmaneuver"],"picked":"SKIP","floor":24.0},{"not_picked":["Calculated Gamble+1","Glass Knife","Sucker Punch"],"picked":"Blade Dance","floor":29.0},{"not_picked":["Bouncing Flask","Flying Knee","Deadly Poison"],"picked":"Accuracy+1","floor":31},{"not_picked":["Burst","Envenom","Glass Knife"],"picked":"A Thousand Cuts","floor":33},{"not_picked":["Bane","Backflip+1","Sucker Punch+1","Expertise"],"picked":"SKIP","floor":35},{"not_picked":["Night Terror","Deadly Poison+1","Slice","Blade Dance"],"picked":"SKIP","floor":39},{"not_picked":["Dagger Spray","Malaise","Cloak And Dagger","Venomology"],"picked":"SKIP","floor":40},{"not_picked":["Dagger Spray+1","Acrobatics+1","Outmaneuver+1","Slice"],"picked":"SKIP","floor":41},{"not_picked":["Blade Dance","Bane","Prepared"],"picked":"A Thousand Cuts","floor":42},{"not_picked":["Acrobatics+1","Well Laid Plans+1","Backflip","Sucker Punch+1"],"picked":"SKIP","floor":45},{"not_picked":["Predator","Underhanded Strike+1","Dash+1","Endless Agony+1"],"picked":"SKIP","floor":47},{"not_picked":["Eviscerate","Sucker Punch+1","Storm of Steel","Masterful Stab"],"picked":"SKIP","floor":48},{"not_picked":["Tactician","Skewer","Concentrate+1","Noxious Fumes+1"],"picked":"SKIP","floor":54}],"player_experience":803257,"relics_obtained":[{"floor":9.0,"key":"Matryoshka"},{"floor":23.0,"key":"Question Card"},{"floor":26.0,"key":"PreservedInsect"},{"floor":26.0,"key":"Ninja Scroll"},{"floor":29.0,"key":"Ginger"},{"floor":40,"key":"Smiling Mask"},{"floor":40,"key":"CeramicFish"},{"floor":43,"key":"Ornamental Fan"},{"floor":43,"key":"Mango"},{"floor":47,"key":"Du-Vu Doll"},{"floor":47,"key":"Vajra"},{"floor":54,"key":"Pear"},{"floor":54,"key":"White Beast Statue"}],"event_choices":[{"cards_removed":["Strike_G"],"damage_healed":0.0,"max_hp_gain":0.0,"max_hp_loss":0.0,"gold_gain":0.0,"event_name":"The Cleric","player_choice":"Card Removal","floor":13.0,"gold_loss":50.0,"damage_taken":0.0},{"damage_healed":23.0,"max_hp_gain":0.0,"max_hp_loss":0.0,"gold_gain":0.0,"event_name":"Big Fish","player_choice":"Banana","floor":14.0,"gold_loss":0.0,"damage_taken":0.0},{"damage_healed":0.0,"max_hp_gain":0.0,"max_hp_loss":0.0,"gold_gain":99.0,"event_name":"Nest","player_choice":"Stole From Cult","floor":21.0,"gold_loss":0.0,"damage_taken":0.0},{"damage_healed":0.0,"max_hp_gain":0.0,"max_hp_loss":0.0,"gold_gain":0.0,"event_name":"Drug Dealer","player_choice":"Inject Mutagens","floor":22.0,"gold_loss":0.0,"damage_taken":0.0,"relics_obtained":["MutagenicStrength"]},{"damage_healed":0,"gold_gain":0,"player_choice":"Ignored","damage_taken":0,"max_hp_gain":0,"max_hp_loss":0,"event_name":"The Mausoleum","floor":30,"gold_loss":0},{"cards_removed":["Escape Plan"],"damage_healed":0,"gold_gain":0,"player_choice":"Removed Skill","damage_taken":0,"max_hp_gain":0,"max_hp_loss":0,"event_name":"Falling","floor":37,"gold_loss":0},{"damage_healed":0,"gold_gain":0,"player_choice":"Ignored","damage_taken":0,"max_hp_gain":0,"max_hp_loss":0,"event_name":"NoteForYourself","floor":38,"gold_loss":0},{"damage_healed":0,"gold_gain":0,"player_choice":"Embrace Madness","damage_taken":11,"max_hp_gain":0,"max_hp_loss":0,"event_name":"Winding Halls","floor":44,"gold_loss":0,"cards_obtained":["Madness","Madness"]}],"is_beta":false,"boss_relics":[{"not_picked":["SacredBark","Sozu"],"picked":"WristBlade"},{"not_picked":["Cursed Key","Snecko Eye"],"picked":"Black Star"}],"items_purged_floors":[0,0,36,53],"is_endless":false,"potions_floor_spawned":[1,8,11,16,29,33,39,48,54],"killed_by":"The Heart","ascension_level":0}}