{"host":"2pmmafybkq7zb6na","time":1612878377,"event":{"mods":["AchievementEnabler","BaseMod","Colored Map","Highlight Path","Keyboard Shortcuts","Minty Spire (QoL Compilation)","Quick Restart","StSLib","SuperFastMode"],"gold_per_floor":[109,184,27,37,37,37,50,83,109,125,125,144,162,41,41,146,146,146,146],"floor_reached":18,"language":"KOR","playtime":623,"items_purged":[],"score":194,"play_id":"f577ed58-71c0-4f0d-a1cc-3a1a8171876a","local_time":"20210209224617","is_ascension_mode":true,"campfire_choices":[{"floor":6,"key":"REST"},{"floor":11,"key":"REST"},{"floor":15,"key":"REST"}],"circlet_count":0,"master_deck":["Strike_B","Strike_B","Strike_B","Strike_B","Defend_B","Defend_B","Defend_B","Defend_B","Zap+1","Dualcast","Turbo","Loop","Go for the Eyes","Redo","Ball Lightning","Seek","Skim","Fission"],"relics":["FrozenCore","HandDrill","Regal Pillow","Pantograph","Art of War"],"acts_visited":["Exordium","TheCity"],"potions_floor_usage":[10,13,16,16],"damage_taken":[{"damage":9,"enemies":"Jaw Worm","floor":1,"turns":3},{"damage":0,"enemies":"Small Slimes","floor":4,"turns":2},{"damage":0,"enemies":"Cultist","floor":7,"turns":3},{"damage":51,"enemies":"Lagavulin","floor":8,"turns":7},{"damage":22,"enemies":"Large Slime","floor":10,"turns":6},{"damage":27,"enemies":"3 Louse","floor":12,"turns":4},{"damage":8,"enemies":"Exordium Thugs","floor":13,"turns":4},{"damage":22,"enemies":"Hexaghost","floor":16,"turns":9},{"damage":29,"enemies":"3 Byrds","floor":18,"turns":4}],"seed_played":"7931609045932551043","potions_obtained":[{"floor":4,"key":"DuplicationPotion"},{"floor":8,"key":"PotionOfCapacity"},{"floor":10,"key":"PotionOfCapacity"},{"floor":12,"key":"Block Potion"}],"is_trial":false,"path_per_floor":["M","?","$","M","?","R","M","E","T","M","R","M","M","$","R","B",null,"M"],"character_chosen":"DEFECT","items_purchased":["HandDrill","Dexterity Potion","Skim"],"campfire_rested":3,"item_purchase_floors":[3,14,14],"current_hp_per_floor":[66,55,55,55,37,74,74,23,23,1,38,11,3,3,40,43,75,46,46],"gold":146,"neow_bonus":"UPGRADE_CARD","is_daily":false,"chose_seed":false,"campfire_upgraded":0,"win_rate":0.0,"timestamp":1612878377,"path_taken":["M","?","$","M","?","R","M","E","T","M","R","M","M","?","R","BOSS","M"],"items_purchased_type":["Relic","Potion","Card"],"build_version":"2020-12-22","purchased_purges":0,"victory":false,"max_hp_per_floor":[75,75,75,75,75,75,75,75,75,75,75,75,75,75,75,75,75,75,75],"card_choices":[{"not_picked":["Gash","Conserve Battery"],"picked":"Turbo","floor":1},{"not_picked":["Stack","Storm","Turbo"],"picked":"SKIP","floor":4},{"not_picked":["Undo","Fission"],"picked":"Loop","floor":7},{"not_picked":["Leap","Stack"],"picked":"Go for the Eyes","floor":8},{"not_picked":["Barrage","Stack"],"picked":"Redo","floor":10},{"not_picked":["Reprogram","Streamline"],"picked":"Ball Lightning","floor":12},{"not_picked":["Turbo","Ball Lightning"],"picked":"Seek","floor":13},{"not_picked":["Machine Learning","Amplify"],"picked":"Fission","floor":16}],"player_experience":130294,"relics_obtained":[{"floor":8,"key":"Pantograph"},{"floor":9,"key":"Art of War"}],"event_choices":[{"damage_healed":0,"gold_gain":75,"player_choice":"Gather Gold","damage_taken":11,"max_hp_gain":0,"max_hp_loss":0,"event_name":"World of Goop","floor":2,"gold_loss":0},{"damage_healed":0,"gold_gain":0,"player_choice":"Success","damage_taken":18,"relics_obtained":["Regal Pillow"],"max_hp_gain":0,"max_hp_loss":0,"event_name":"Scrap Ooze","floor":5,"gold_loss":0}],"is_beta":false,"boss_relics":[{"not_picked":["Ectoplasm","Black Star"],"picked":"FrozenCore"}],"items_purged_floors":[],"is_endless":false,"potions_floor_spawned":[4,8,10,12],"killed_by":"3 Byrds","ascension_level":4}}