{"host":"ttzdpsscxkem3xrs","time":1612848842,"event":{"mods":["BaseMod","Colored Map","Downfall","Minty Spire (QoL Compilation)","Replay The Spire","StSLib","The Cursed","The Hierophant"],"gold_per_floor":[110,210,218,293,293,293,295,295,347,347,360,360,377,389,389,359,359],"floor_reached":16,"language":"ENG","playtime":531,"items_purged":[],"score":125,"play_id":"a36735ac-ab16-4122-b796-f894212e2505","local_time":"20210208213402","is_ascension_mode":true,"campfire_choices":[{"data":"hierophant:ChurchCoffers","floor":6,"key":"SMITH"},{"floor":8,"key":"REST"},{"floor":10,"key":"REST"},{"floor":12,"key":"REST"},{"floor":15,"key":"REST"}],"circlet_count":0,"master_deck":["hierophant:Strike_Hierophant","hierophant:Strike_Hierophant","hierophant:Strike_Hierophant","hierophant:Strike_Hierophant","hierophant:Punish","hierophant:Defend_Hierophant","hierophant:Defend_Hierophant","hierophant:Defend_Hierophant","hierophant:Defend_Hierophant","hierophant:ChurchCoffers+1","hierophant:Blessing","hierophant:OrnateJavelin","hierophant:Purify","hierophant:DisplayOfPower","hierophant:Chorus"],"relics":["hierophant:PropheticMaskRelic","Blood Vial","NlothsMask","Potion Belt"],"acts_visited":["Exordium"],"potions_floor_usage":[16,16],"damage_taken":[{"damage":2,"enemies":"2 Louse","floor":1,"turns":2},{"damage":6,"enemies":"Cultist","floor":3,"turns":3},{"damage":60,"enemies":"Lagavulin","floor":7,"turns":7},{"damage":12,"enemies":"Jaw Worm","floor":11,"turns":2},{"damage":7,"enemies":"2 Fungi Beasts","floor":13,"turns":3},{"damage":13,"enemies":"Red Slaver","floor":14,"turns":3},{"damage":90,"enemies":"Fading Forest","floor":16,"turns":11}],"seed_played":"-2884919889976165521","potions_obtained":[{"floor":7,"key":"FearPotion"},{"floor":14,"key":"Fire Potion"}],"is_trial":false,"path_per_floor":["M","?","M","?","?","R","E","R","T","R","M","R","M","M","R","B"],"character_chosen":"HIEROPHANT","items_purchased":[],"campfire_rested":4,"item_purchase_floors":[],"current_hp_per_floor":[73,73,69,58,58,58,7,29,29,51,41,63,58,54,75,3,3],"gold":359,"neow_bonus":"RANDOM_COMMON_RELIC","is_daily":false,"chose_seed":false,"campfire_upgraded":1,"win_rate":0.0,"timestamp":1612848842,"path_taken":["M","?","?","?","?","R","E","R","T","R","?","R","M","M","R","BOSS"],"items_purchased_type":[],"build_version":"2020-12-22","purchased_purges":0,"victory":false,"max_hp_per_floor":[75,75,75,75,75,75,75,75,75,75,75,75,75,75,75,75,75],"card_choices":[{"not_picked":["hierophant:RustyCrate","hierophant:AuricShield"],"picked":"hierophant:Blessing","floor":1},{"not_picked":["hierophant:Sermon","hierophant:FieryStrike"],"picked":"hierophant:OrnateJavelin","floor":3},{"not_picked":["hierophant:Charity","hierophant:Doubloon"],"picked":"hierophant:Purify","floor":7},{"not_picked":["hierophant:RustyCrate","hierophant:HolyVerse"],"picked":"hierophant:DisplayOfPower","floor":11},{"not_picked":["hierophant:Refuge","hierophant:OrnateBuckler","hierophant:Smite"],"picked":"SKIP","floor":13},{"not_picked":["hierophant:Smite","hierophant:SecretStash"],"picked":"hierophant:Chorus","floor":14}],"player_experience":1402675,"relics_obtained":[{"floor":7,"key":"Potion Belt"}],"event_choices":[{"damage_healed":0,"gold_gain":100,"player_choice":"Gold","damage_taken":0,"max_hp_gain":0,"max_hp_loss":0,"event_name":"Wheel of Change","floor":2,"gold_loss":0},{"damage_healed":0,"gold_gain":75,"player_choice":"Gather Gold","damage_taken":11,"max_hp_gain":0,"max_hp_loss":0,"event_name":"World of Goop","floor":4,"gold_loss":0},{"damage_healed":0,"gold_gain":0,"player_choice":"Trade","damage_taken":0,"relics_obtained":["NlothsMask"],"max_hp_gain":0,"max_hp_loss":0,"event_name":"FaceTrader","floor":5,"gold_loss":0}],"is_beta":false,"boss_relics":[],"items_purged_floors":[],"is_endless":false,"potions_floor_spawned":[7,14],"killed_by":"Fading Forest","ascension_level":5}}