{"host":"2dp3t1i5s6bd92af","time":1612866592,"event":{"mods":["ATMod(ªü½@Mod)","BaseMod","Colored Powertips","Minty Spire (QoL Compilation)","Reliquary","StSLib"],"gold_per_floor":[118,136,136,136,136,171,184,213,213,213,213,213],"floor_reached":11,"language":"ZHS","playtime":345,"items_purged":[],"score":111,"play_id":"de502f54-9272-4b21-8264-6a87e267e5e2","local_time":"20210209182952","is_ascension_mode":true,"campfire_choices":[],"circlet_count":0,"master_deck":["Strike_B","Strike_B","Strike_B+1","Strike_B","Defend_B","Defend_B","Defend_B","Defend_B","Zap","Dualcast","AT_EssenceShift+1","Turbo","Defragment","AT_WarpDrive","Seek"],"relics":["Cracked Core","AT_ATBox","NeowsBlessing","reliquary:Stiletto","reliquary:RosewoodLute","AT_LudenTempest","reliquary:SharkskinSheath","Shuriken"],"acts_visited":["Exordium"],"potions_floor_usage":[],"damage_taken":[{"damage":0.0,"enemies":"Jaw Worm","floor":1.0,"turns":1.0},{"damage":0.0,"enemies":"2 Louse","floor":2.0,"turns":1.0},{"damage":0.0,"enemies":"3 Sentries","floor":6.0,"turns":2.0},{"damage":14.0,"enemies":"Small Slimes","floor":7.0,"turns":2.0},{"damage":33.0,"enemies":"Gremlin Nob","floor":8.0,"turns":4.0},{"damage":21,"enemies":"3 Sentries","floor":11,"turns":4}],"seed_played":"6945566996615435840","potions_obtained":[{"floor":6.0,"key":"Weak Potion"},{"floor":7.0,"key":"Fruit Juice"}],"is_trial":false,"path_per_floor":["M","M","?","T","?","E","M","E","T","?","E"],"character_chosen":"DEFECT","items_purchased":[],"campfire_rested":0,"item_purchase_floors":[],"current_hp_per_floor":[75,75,75,75,60,60,51,18,18,18,0,0],"gold":213,"neow_bonus":"THREE_ENEMY_KILL","is_daily":false,"chose_seed":false,"campfire_upgraded":0,"win_rate":0.0,"timestamp":1612866592,"path_taken":["M","M","?","?","?","E","?","E","T","?","E"],"items_purchased_type":[],"build_version":"2020-12-22","purchased_purges":0,"victory":false,"max_hp_per_floor":[75,75,75,75,75,75,80,80,80,80,80,80],"card_choices":[{"not_picked":["Skim","Beam Cell"],"picked":"Turbo","floor":1.0},{"not_picked":["Sweeping Beam","Stack","Cold Snap"],"picked":"SKIP","floor":2.0},{"not_picked":["Leap","Coolheaded"],"picked":"Defragment","floor":6.0},{"not_picked":["Glacier","Ball Lightning"],"picked":"AT_WarpDrive","floor":7.0},{"not_picked":["Reboot","Fusion"],"picked":"Seek","floor":8.0}],"player_experience":434455,"relics_obtained":[{"floor":4.0,"key":"reliquary:RosewoodLute"},{"floor":6.0,"key":"AT_LudenTempest"},{"floor":8.0,"key":"reliquary:SharkskinSheath"},{"floor":9.0,"key":"Shuriken"}],"event_choices":[{"damage_healed":0.0,"max_hp_gain":0.0,"max_hp_loss":0.0,"gold_gain":0.0,"event_name":"Big Fish","player_choice":"Box","floor":3.0,"gold_loss":0.0,"damage_taken":0.0,"relics_obtained":["reliquary:Stiletto"],"cards_obtained":["Regret"]},{"damage_healed":0.0,"max_hp_gain":0.0,"max_hp_loss":0.0,"gold_gain":0.0,"event_name":"Shining Light","player_choice":"Entered Light","floor":5.0,"gold_loss":0.0,"damage_taken":15.0,"cards_upgraded":["AT_EssenceShift","Strike_B"]},{"cards_removed":["Regret"],"damage_healed":0,"gold_gain":0,"player_choice":"Forget","damage_taken":0,"max_hp_gain":0,"max_hp_loss":0,"event_name":"Living Wall","floor":10,"gold_loss":0}],"is_beta":false,"boss_relics":[],"items_purged_floors":[],"is_endless":false,"potions_floor_spawned":[6,7],"killed_by":"3 Sentries","ascension_level":1}}