{"host":"13o02hya6v6rzuva","time":1612901461,"event":{"mods":["BaseMod","Minty Spire (QoL Compilation)","Relic Stats"],"gold_per_floor":[118,133,133,133,151,185,185,198,253,253,253,25,25,200,200,326,326,326,326,326,326,326,326,199,199,199,199,199,199,199,3,3,3,3,3,3,3,3,3,3,3,3,3,3,3,3,3,3,3],"floor_reached":48,"language":"ENG","playtime":1902,"items_purged":["Pain","Doubt"],"score":618,"play_id":"6faf7082-84af-4b85-b3f2-e685e4b1f945","local_time":"20210209211101","is_ascension_mode":true,"campfire_choices":[{"data":"Vigilance","floor":7,"key":"SMITH"},{"data":"ThirdEye","floor":10,"key":"SMITH"},{"floor":13,"key":"REST"},{"floor":15,"key":"RECALL"},{"floor":23,"key":"REST"},{"floor":25,"key":"REST"},{"floor":32,"key":"REST"},{"floor":40,"key":"REST"},{"floor":42,"key":"REST"}],"circlet_count":0,"master_deck":["Strike_P","Strike_P","Strike_P","Strike_P","Defend_P+1","Defend_P+1","Eruption","Vigilance+1","ThirdEye+1","EmptyFist","EmptyBody","Alpha","Alpha","FlurryOfBlows","Injury","Evaluate","ThirdEye+1","EmptyBody","LikeWater+1","EmptyBody+1","Parasite","ThirdEye+1","Panacea","ThirdEye+1"],"relics":["HolyWater","WarpedTongs","Bottled Lightning","Regal Pillow","Golden Idol","Membership Card","Ectoplasm","MutagenicStrength","Red Mask","War Paint","FossilizedHelix","Bronze Scales","TeardropLocket","Oddly Smooth Stone","Lantern","CloakClasp"],"acts_visited":["Exordium","TheCity","TheBeyond"],"potions_floor_usage":[16,18,22,30,47,48,48],"damage_taken":[{"damage":0,"enemies":"Jaw Worm","floor":1,"turns":6},{"damage":0,"enemies":"2 Louse","floor":2,"turns":1},{"damage":1,"enemies":"Cultist","floor":5,"turns":2},{"damage":15,"enemies":"3 Sentries","floor":6,"turns":4},{"damage":4,"enemies":"2 Fungi Beasts","floor":8,"turns":4},{"damage":33,"enemies":"Hexaghost","floor":16,"turns":6},{"damage":11,"enemies":"Spheric Guardian","floor":18,"turns":3},{"damage":10,"enemies":"Chosen","floor":19,"turns":5},{"damage":22,"enemies":"3 Cultists","floor":21,"turns":4},{"damage":16,"enemies":"Masked Bandits","floor":22,"turns":3},{"damage":0,"enemies":"Cultist and Chosen","floor":27,"turns":4},{"damage":0,"enemies":"Chosen and Byrds","floor":29,"turns":4},{"damage":15,"enemies":"Book of Stabbing","floor":30,"turns":6},{"damage":11,"enemies":"Champ","floor":33,"turns":8},{"damage":19,"enemies":"3 Darklings","floor":35,"turns":5},{"damage":0,"enemies":"3 Shapes","floor":36,"turns":4},{"damage":25,"enemies":"Spire Growth","floor":39,"turns":5},{"damage":14,"enemies":"Writhing Mass","floor":41,"turns":6},{"damage":30,"enemies":"Jaw Worm Horde","floor":46,"turns":4},{"damage":0,"enemies":"Mind Bloom Boss Battle","floor":47,"turns":7},{"damage":68,"enemies":"Reptomancer","floor":48,"turns":4}],"seed_played":"8204395205130220351","potions_obtained":[{"floor":1,"key":"Swift Potion"},{"floor":6,"key":"SpeedPotion"},{"floor":8,"key":"Dexterity Potion"},{"floor":18,"key":"SkillPotion"},{"floor":19,"key":"FearPotion"},{"floor":28,"key":"Regen Potion"},{"floor":28,"key":"SkillPotion"},{"floor":30,"key":"Fire Potion"},{"floor":39,"key":"Dexterity Potion"}],"is_trial":false,"path_per_floor":["M","M","?","?","M","E","R","M","T","R","?","$","R","?","R","B",null,"M","M","?","M","?","R","$","R","T","M","?","M","E","$","R","B",null,"M","M","$","?","M","R","M","R","T","?","?","M","?","E"],"character_chosen":"WATCHER","items_purchased":["Membership Card","DistilledChaos","War Paint","TeardropLocket","Oddly Smooth Stone"],"campfire_rested":6,"item_purchase_floors":[12,12,24,31,31],"current_hp_per_floor":[72,72,65,65,64,49,49,45,45,45,45,45,72,72,72,39,72,61,51,51,29,13,49,49,72,72,72,72,72,57,57,72,61,72,53,53,53,53,28,64,50,72,72,72,72,42,42,0,0],"gold":3,"neow_bonus":"TRANSFORM_CARD","is_daily":false,"chose_seed":false,"campfire_upgraded":2,"win_rate":0.0,"timestamp":1612901461,"path_taken":["M","M","?","?","?","E","R","M","T","R","?","$","R","?","R","BOSS","M","M","?","M","?","R","$","R","T","M","?","?","E","?","R","BOSS","M","M","$","?","?","R","M","R","T","?","?","M","?","E"],"items_purchased_type":["Relic","Potion","Relic","Relic","Relic"],"build_version":"2020-12-22","purchased_purges":2,"victory":false,"max_hp_per_floor":[72,72,72,72,72,72,72,72,72,72,72,72,72,72,72,72,72,72,72,72,72,72,72,72,72,72,72,72,72,72,72,72,72,72,72,72,72,72,72,72,72,72,72,72,72,72,72,72,72],"relic_stats":{"Regal Pillow":39,"counters":[21,95],"Golden Idol":119,"Bronze Scales":[135],"Ectoplasm":491,"CloakClasp":[15],"War Paint":["Defend_P","Defend_P"],"obtain_stats":[{"Regal Pillow":9,"Lantern":38,"Golden Idol":11,"Oddly Smooth Stone":31,"CloakClasp":47,"TeardropLocket":31,"War Paint":24,"WarpedTongs":4,"MutagenicStrength":20,"Bronze Scales":30,"HolyWater":34,"Ectoplasm":17,"Red Mask":22,"Bottled Lightning":6,"Membership Card":12,"PureWater":0,"FossilizedHelix":26},{"Regal Pillow":5,"Lantern":16,"Golden Idol":5,"Oddly Smooth Stone":13,"CloakClasp":20,"TeardropLocket":13,"War Paint":10,"WarpedTongs":2,"MutagenicStrength":8,"Bronze Scales":13,"HolyWater":14,"Ectoplasm":6,"Red Mask":10,"Bottled Lightning":4,"Membership Card":5,"PureWater":0,"FossilizedHelix":10},{"Regal Pillow":17,"Lantern":69,"Golden Idol":17,"Oddly Smooth Stone":52,"CloakClasp":91,"TeardropLocket":52,"War Paint":38,"WarpedTongs":7,"MutagenicStrength":31,"Bronze Scales":52,"HolyWater":60,"Ectoplasm":23,"Red Mask":38,"Bottled Lightning":13,"Membership Card":17,"PureWater":0,"FossilizedHelix":38}],"WarpedTongs":[87]},"card_choices":[{"not_picked":["Nirvana","Study"],"picked":"EmptyFist","floor":1},{"not_picked":["Wireheading","CrushJoints"],"picked":"EmptyBody","floor":2},{"not_picked":["Evaluate","Prostrate"],"picked":"Alpha","floor":5},{"not_picked":["SashWhip","SandsOfTime"],"picked":"Alpha","floor":6},{"not_picked":["ForeignInfluence","WheelKick"],"picked":"FlurryOfBlows","floor":8},{"not_picked":["ClearTheMind","CutThroughFate"],"picked":"Evaluate","floor":18},{"not_picked":["SignatureMove+1","Pray"],"picked":"ThirdEye+1","floor":19},{"not_picked":["Halt+1","Meditate","FlyingSleeves"],"picked":"SKIP","floor":21},{"not_picked":["Adaptation","Indignation","CarveReality"],"picked":"SKIP","floor":27},{"not_picked":["MentalFortress+1","Evaluate"],"picked":"EmptyBody","floor":29},{"not_picked":["Ragnarok","Tantrum","FlyingSleeves"],"picked":"SKIP","floor":30},{"not_picked":["FollowUp+1","Evaluate","Crescendo"],"picked":"SKIP","floor":35},{"not_picked":["BowlingBash","Consecrate"],"picked":"LikeWater+1","floor":36},{"not_picked":["WindmillStrike+1","Study+1"],"picked":"EmptyBody+1","floor":39},{"not_picked":["ClearTheMind+1","Weave"],"picked":"ThirdEye+1","floor":41},{"not_picked":["Dark Shackles","Swift Strike"],"picked":"Panacea","floor":45},{"not_picked":["Perseverance","SashWhip","EmptyBody"],"picked":"SKIP","floor":46},{"not_picked":["JustLucky","Weave+1"],"picked":"ThirdEye+1","floor":47}],"player_experience":1208416,"relics_obtained":[{"floor":6,"key":"Bottled Lightning"},{"floor":9,"key":"Regal Pillow"},{"floor":22,"key":"Red Mask"},{"floor":26,"key":"FossilizedHelix"},{"floor":30,"key":"Bronze Scales"},{"floor":47,"key":"CloakClasp"}],"event_choices":[{"cards_removed":["Defend_P"],"damage_healed":0,"gold_gain":0,"player_choice":"Card Removal","damage_taken":7,"max_hp_gain":0,"max_hp_loss":0,"event_name":"Golden Wing","floor":3,"gold_loss":0},{"damage_healed":0,"gold_gain":0,"player_choice":"Rummage","damage_taken":0,"relics_obtained":["WarpedTongs"],"max_hp_gain":0,"max_hp_loss":0,"event_name":"Accursed Blacksmith","floor":4,"gold_loss":0,"cards_obtained":["Pain"]},{"damage_healed":0,"gold_gain":0,"player_choice":"Take Wound","damage_taken":0,"relics_obtained":["Golden Idol"],"max_hp_gain":0,"max_hp_loss":0,"event_name":"Golden Idol","floor":11,"gold_loss":0,"cards_obtained":["Injury"]},{"damage_healed":0,"gold_gain":175,"player_choice":"AGREE","damage_taken":0,"max_hp_gain":0,"max_hp_loss":0,"event_name":"Liars Game","floor":14,"gold_loss":0,"cards_obtained":["Doubt"]},{"damage_healed":0,"gold_gain":0,"player_choice":"Inject Mutagens","damage_taken":0,"relics_obtained":["MutagenicStrength"],"max_hp_gain":0,"max_hp_loss":0,"event_name":"Drug Dealer","floor":20,"gold_loss":0},{"damage_healed":0,"gold_gain":0,"player_choice":"Fought Bandits","damage_taken":0,"max_hp_gain":0,"max_hp_loss":0,"event_name":"Masked Bandits","floor":22,"gold_loss":0},{"damage_healed":0,"gold_gain":0,"player_choice":"Got Potions","damage_taken":0,"max_hp_gain":0,"max_hp_loss":0,"event_name":"Lab","floor":28,"gold_loss":0},{"damage_healed":0,"gold_gain":0,"player_choice":"Gave Potion","damage_taken":0,"relics_obtained":["Lantern"],"max_hp_gain":0,"max_hp_loss":0,"event_name":"WeMeetAgain","floor":38,"gold_loss":0},{"damage_healed":0,"gold_gain":0,"player_choice":"Ignored","damage_taken":0,"max_hp_gain":0,"max_hp_loss":0,"event_name":"Mysterious Sphere","floor":44,"gold_loss":0},{"damage_healed":0,"gold_gain":0,"player_choice":"Memory 1","damage_taken":0,"max_hp_gain":0,"max_hp_loss":0,"event_name":"SensoryStone","floor":45,"gold_loss":0},{"damage_healed":0,"gold_gain":0,"player_choice":"Fight","damage_taken":0,"max_hp_gain":0,"max_hp_loss":0,"event_name":"MindBloom","floor":47,"gold_loss":0}],"is_beta":false,"boss_relics":[{"not_picked":["Philosopher\u0027s Stone","Velvet Choker"],"picked":"Ectoplasm"},{"not_picked":["Astrolabe","Busted Crown"],"picked":"HolyWater"}],"items_purged_floors":[12,24],"is_endless":false,"potions_floor_spawned":[1,6,8,18,19,29,30,33,39],"killed_by":"Reptomancer","ascension_level":4}}