{"host":"2e3z4r48quhw80cc","time":1612867800,"event":{"mods":["BaseMod","Minty Spire (QoL Compilation)","Quick Restart","StSLib","SuperFastMode"],"gold_per_floor":[115,115,129,58,77,77,110,127,127,142,161,161,193,46,46,143,143,114,114,147,167,185,213,213,213],"floor_reached":24,"language":"KOR","playtime":964,"items_purged":["Strike_G"],"score":367,"play_id":"9d04e2c9-5b3a-402d-bbd2-be01541415d1","local_time":"20210209195000","is_ascension_mode":true,"campfire_choices":[{"data":"Neutralize","floor":6.0,"key":"SMITH"},{"data":"Cloak And Dagger","floor":12.0,"key":"SMITH"},{"floor":15.0,"key":"REST"}],"circlet_count":0,"master_deck":["AscendersBane","Strike_G","Strike_G","Strike_G","Strike_G","Defend_G","Defend_G","Defend_G","Defend_G","Defend_G","Survivor","Neutralize+1","Flying Knee","Cloak And Dagger+1","Blur","Deflect","Terror","Backflip","Doppelganger","Well Laid Plans","Glass Knife","Writhe","Escape Plan","Blade Dance","Accuracy+1"],"relics":["Ring of the Serpent","NeowsBlessing","Matryoshka","Oddly Smooth Stone","Pear","Juzu Bracelet","Paper Crane","Red Mask","Snake Skull"],"acts_visited":["Exordium","TheCity"],"potions_floor_usage":[23,24,24],"damage_taken":[{"damage":0.0,"enemies":"Cultist","floor":1.0,"turns":1.0},{"damage":0.0,"enemies":"Jaw Worm","floor":3.0,"turns":1.0},{"damage":0.0,"enemies":"Small Slimes","floor":5.0,"turns":1.0},{"damage":29.0,"enemies":"Gremlin Nob","floor":7.0,"turns":5.0},{"damage":0.0,"enemies":"3 Louse","floor":8.0,"turns":4.0},{"damage":2.0,"enemies":"Blue Slaver","floor":10.0,"turns":5.0},{"damage":13.0,"enemies":"Lots of Slimes","floor":11.0,"turns":7.0},{"damage":21.0,"enemies":"Lagavulin","floor":13.0,"turns":10.0},{"damage":32.0,"enemies":"Slime Boss","floor":16.0,"turns":13.0},{"damage":14.0,"enemies":"2 Thieves","floor":18.0,"turns":5.0},{"damage":55.0,"enemies":"Masked Bandits","floor":20.0,"turns":10.0},{"damage":3.0,"enemies":"Shell Parasite","floor":21.0,"turns":6.0},{"damage":1.0,"enemies":"Chosen and Byrds","floor":22.0,"turns":7.0},{"damage":6,"enemies":"Book of Stabbing","floor":23,"turns":6},{"damage":0,"enemies":"Shelled Parasite and Fungi","floor":24,"turns":2}],"seed_played":"-8488401677186451036","potions_obtained":[{"floor":1.0,"key":"Swift Potion"},{"floor":2.0,"key":"Fruit Juice"},{"floor":2.0,"key":"Strength Potion"},{"floor":2.0,"key":"BlessingOfTheForge"},{"floor":7.0,"key":"LiquidMemories"},{"floor":11.0,"key":"LiquidBronze"},{"floor":13.0,"key":"Regen Potion"},{"floor":18.0,"key":"ColorlessPotion"},{"floor":22.0,"key":"AttackPotion"}],"is_trial":false,"path_per_floor":["M","?","M","$","M","R","E","M","T","M","M","R","E","$","R","B",null,"M","?","?","M","M","E","M"],"character_chosen":"THE_SILENT","items_purchased":["Blur","Well Laid Plans"],"campfire_rested":1,"item_purchase_floors":[4,14],"current_hp_per_floor":[63,68,68,68,68,68,39,39,49,47,34,34,13,13,38,6,65,51,51,11,8,7,1,1,1],"gold":213,"neow_bonus":"THREE_ENEMY_KILL","is_daily":false,"chose_seed":false,"campfire_upgraded":2,"win_rate":0.0,"timestamp":1612867800,"path_taken":["M","?","M","?","?","R","E","M","T","M","M","R","E","$","R","BOSS","M","?","?","M","M","E","M"],"items_purchased_type":["Card","Card"],"build_version":"2020-12-22","purchased_purges":1,"victory":false,"max_hp_per_floor":[70,75,75,75,75,75,75,75,85,85,85,85,85,85,85,85,85,85,85,85,85,85,85,85,85],"card_choices":[{"not_picked":["Flechettes","Setup"],"picked":"Flying Knee","floor":1.0},{"not_picked":["Caltrops","Dodge and Roll"],"picked":"Cloak And Dagger","floor":3.0},{"not_picked":["Flying Knee","Cloak And Dagger"],"picked":"Deflect","floor":5.0},{"not_picked":["All Out Attack","Backflip"],"picked":"Terror","floor":7.0},{"not_picked":["Dodge and Roll","Choke","PiercingWail"],"picked":"SKIP","floor":8.0},{"not_picked":["Sucker Punch","Calculated Gamble","Deflect"],"picked":"SKIP","floor":10.0},{"not_picked":["Dash","Setup"],"picked":"Backflip","floor":11.0},{"not_picked":["Dagger Spray","Phantasmal Killer"],"picked":"Doppelganger","floor":13.0},{"not_picked":["Storm of Steel","Unload"],"picked":"Glass Knife","floor":16.0},{"not_picked":["Quick Slash","All Out Attack+1","Underhanded Strike"],"picked":"SKIP","floor":18.0},{"not_picked":["Deflect+1","Backflip"],"picked":"Escape Plan","floor":20.0},{"not_picked":["Dagger Throw+1","Concentrate"],"picked":"Blade Dance","floor":21.0},{"not_picked":["Underhanded Strike","Dagger Spray+1","Eviscerate"],"picked":"SKIP","floor":22.0},{"not_picked":["Flechettes","Terror"],"picked":"Accuracy+1","floor":23}],"player_experience":169227,"relics_obtained":[{"floor":7.0,"key":"Matryoshka"},{"floor":9.0,"key":"Oddly Smooth Stone"},{"floor":9.0,"key":"Pear"},{"floor":13.0,"key":"Juzu Bracelet"},{"floor":20.0,"key":"Red Mask"},{"floor":23,"key":"Snake Skull"}],"event_choices":[{"damage_healed":0.0,"max_hp_gain":0.0,"max_hp_loss":0.0,"gold_gain":0.0,"event_name":"Lab","player_choice":"Got Potions","floor":2.0,"gold_loss":0.0,"damage_taken":0.0},{"damage_healed":0.0,"max_hp_gain":0.0,"max_hp_loss":0.0,"gold_gain":0.0,"event_name":"The Mausoleum","player_choice":"Opened","floor":19.0,"gold_loss":0.0,"damage_taken":0.0,"relics_obtained":["Paper Crane"],"cards_obtained":["Writhe"]},{"damage_healed":0.0,"max_hp_gain":0.0,"max_hp_loss":0.0,"gold_gain":0.0,"event_name":"Masked Bandits","player_choice":"Fought Bandits","floor":20.0,"gold_loss":0.0,"damage_taken":0.0}],"is_beta":false,"boss_relics":[{"not_picked":["Sozu","Empty Cage"],"picked":"Ring of the Serpent"}],"items_purged_floors":[14],"is_endless":false,"potions_floor_spawned":[1,5,7,11,13,18,22],"killed_by":"Shelled Parasite and Fungi","ascension_level":10}}