{"host":"aqym1xxr3lb31d9m","time":1612884281,"event":{"mods":["BaseMod","Block Reminder","Colored Map","Colored Powertips","DeckTracker","Highlight Path","Minty Spire (QoL Compilation)","Quick Restart","Random Character Button","StSLib","SuperFastMode","UnlockEverythingMod"],"gold_per_floor":[16,30,30,30,50,50,73,38,62,62,81,113,132,158,158,233,233,246,246,273,102,121,121,121,121,121,121,149,149,149,166,166,166,166],"floor_reached":33,"language":"JPN","playtime":1036,"items_purged":[],"score":642,"play_id":"51600d51-9148-4140-bd64-42dcf922ea4b","local_time":"20210210002441","is_ascension_mode":true,"campfire_choices":[{"data":"Bash","floor":6,"key":"SMITH"},{"data":"Hemokinesis","floor":10,"key":"SMITH"},{"data":"Armaments","floor":15,"key":"SMITH"},{"data":"Immolate","floor":23,"key":"SMITH"},{"data":"Feel No Pain","floor":25,"key":"SMITH"},{"data":"Rupture","floor":29,"key":"SMITH"},{"data":"Evolve","floor":32,"key":"SMITH"}],"circlet_count":0,"master_deck":["AscendersBane","Strike_R+1","Strike_R+1","Strike_R+1","Strike_R+1","Defend_R+1","Defend_R+1","Defend_R+1","Defend_R+1","Bash+1","Evolve+1","Hemokinesis+1","Rupture+1","Carnage","Cleave","Hemokinesis","Immolate+1","Armaments+1","Dropkick","Offering","Ghostly Armor","Dropkick","Feel No Pain+1","Thunderclap","Shrug It Off","True Grit+1"],"relics":["Burning Blood","Odd Mushroom","Red Skull","TungstenRod","Self Forming Clay","Mark of Pain","Red Mask","PreservedInsect","HornCleat","Question Card"],"acts_visited":["Exordium","TheCity"],"potions_floor_usage":[7,20,28,33],"damage_taken":[{"damage":4,"enemies":"2 Louse","floor":1,"turns":4},{"damage":9,"enemies":"Small Slimes","floor":2,"turns":5},{"damage":4,"enemies":"Jaw Worm","floor":5,"turns":3},{"damage":19,"enemies":"The Mushroom Lair","floor":7,"turns":6},{"damage":19,"enemies":"Exordium Wildlife","floor":11,"turns":4},{"damage":33,"enemies":"3 Sentries","floor":12,"turns":6},{"damage":11,"enemies":"Large Slime","floor":13,"turns":4},{"damage":18,"enemies":"Lagavulin","floor":14,"turns":6},{"damage":2,"enemies":"Slime Boss","floor":16,"turns":4},{"damage":11,"enemies":"Spheric Guardian","floor":18,"turns":3},{"damage":27,"enemies":"Masked Bandits","floor":20,"turns":4},{"damage":15,"enemies":"Shell Parasite","floor":22,"turns":2},{"damage":8,"enemies":"Slavers","floor":28,"turns":4},{"damage":5,"enemies":"Snecko","floor":31,"turns":4},{"damage":59,"enemies":"Champ","floor":33,"turns":9}],"seed_played":"6623559608654681766","potions_obtained":[{"floor":1,"key":"SmokeBomb"},{"floor":2,"key":"BlessingOfTheForge"},{"floor":12,"key":"Ancient Potion"},{"floor":13,"key":"Block Potion"},{"floor":22,"key":"GamblersBrew"},{"floor":31,"key":"Dexterity Potion"}],"is_trial":false,"path_per_floor":["M","M","?","?","M","R","?","?","T","R","M","E","M","E","R","B",null,"M","?","?","$","M","R","$","R","T","?","E","R","T","M","R","B"],"character_chosen":"IRONCLAD","items_purchased":["PreservedInsect"],"campfire_rested":0,"item_purchase_floors":[21],"current_hp_per_floor":[84,81,81,81,83,83,70,89,89,89,76,49,44,32,32,36,76,71,71,50,50,41,41,41,41,41,41,39,39,39,40,40,0,0],"gold":166,"neow_bonus":"TWENTY_PERCENT_HP_BONUS","is_daily":false,"chose_seed":false,"campfire_upgraded":7,"win_rate":0.0,"timestamp":1612884281,"path_taken":["M","M","?","?","M","R","?","?","T","R","M","E","M","E","R","BOSS","M","?","?","$","M","R","?","R","T","?","E","R","?","M","R","BOSS"],"items_purchased_type":["Relic"],"build_version":"2020-12-22","purchased_purges":0,"victory":false,"max_hp_per_floor":[89,89,89,89,89,89,89,89,89,89,89,89,89,89,89,89,89,89,89,89,89,89,89,89,89,89,89,89,89,89,89,89,89,89],"card_choices":[{"not_picked":["Dual Wield","Feel No Pain"],"picked":"Evolve","floor":1},{"not_picked":["Bloodletting","Wild Strike"],"picked":"Hemokinesis","floor":2},{"not_picked":["Twin Strike","Clash"],"picked":"Carnage","floor":5},{"not_picked":["Heavy Blade","True Grit"],"picked":"Cleave","floor":7},{"not_picked":["Anger","Double Tap"],"picked":"Hemokinesis","floor":11},{"not_picked":["Blood for Blood","Fire Breathing"],"picked":"Immolate","floor":12},{"not_picked":["Searing Blow","Havoc"],"picked":"Armaments","floor":13},{"not_picked":["Rupture","Evolve"],"picked":"Dropkick","floor":14},{"not_picked":["Demon Form","Berserk"],"picked":"Offering","floor":16},{"not_picked":["Havoc","Bloodletting"],"picked":"Ghostly Armor","floor":18},{"not_picked":["Clash","Rampage"],"picked":"Feel No Pain","floor":20},{"not_picked":["Anger","Iron Wave"],"picked":"Thunderclap","floor":22},{"not_picked":["Bloodletting","Headbutt"],"picked":"Shrug It Off","floor":28},{"not_picked":["Intimidate","Dual Wield+1","Havoc"],"picked":"True Grit+1","floor":31}],"player_experience":4190137,"relics_obtained":[{"floor":7,"key":"Odd Mushroom"},{"floor":9,"key":"Red Skull"},{"floor":12,"key":"TungstenRod"},{"floor":14,"key":"Self Forming Clay"},{"floor":20,"key":"Red Mask"},{"floor":26,"key":"HornCleat"},{"floor":28,"key":"Question Card"}],"event_choices":[{"damage_healed":0,"gold_gain":0,"cards_transformed":["Strike_R"],"player_choice":"Change","damage_taken":0,"max_hp_gain":0,"max_hp_loss":0,"event_name":"Living Wall","floor":3,"gold_loss":0,"cards_obtained":["Rupture"]},{"damage_healed":0,"gold_gain":0,"player_choice":"Ignored","damage_taken":0,"max_hp_gain":0,"max_hp_loss":0,"event_name":"Liars Game","floor":4,"gold_loss":0},{"damage_healed":0,"gold_gain":0,"player_choice":"Fought Mushrooms","damage_taken":0,"max_hp_gain":0,"max_hp_loss":0,"event_name":"Mushrooms","floor":7,"gold_loss":0},{"damage_healed":22,"gold_gain":0,"player_choice":"Healed","damage_taken":0,"max_hp_gain":0,"max_hp_loss":0,"event_name":"The Cleric","floor":8,"gold_loss":35},{"damage_healed":0,"gold_gain":0,"player_choice":"Read","damage_taken":0,"max_hp_gain":0,"max_hp_loss":0,"event_name":"The Library","floor":19,"gold_loss":0,"cards_obtained":["Dropkick"]},{"damage_healed":0,"gold_gain":0,"player_choice":"Fought Bandits","damage_taken":0,"max_hp_gain":0,"max_hp_loss":0,"event_name":"Masked Bandits","floor":20,"gold_loss":0},{"damage_healed":0,"gold_gain":0,"player_choice":"Simplicity","damage_taken":0,"max_hp_gain":0,"max_hp_loss":0,"event_name":"Back to Basics","floor":27,"gold_loss":0,"cards_upgraded":["Strike_R","Strike_R","Strike_R","Strike_R","Defend_R","Defend_R","Defend_R","Defend_R"]}],"is_beta":false,"boss_relics":[{"not_picked":["Sozu","Runic Cube"],"picked":"Mark of Pain"}],"items_purged_floors":[],"is_endless":false,"potions_floor_spawned":[1,2,12,13,22,31],"killed_by":"Champ","ascension_level":20}}