{"host":"vh33hu3wddwn6yt6","time":1612900763,"event":{"mods":["AchievementEnabler","Act Like it!","Aspiration","BaseMod","Better Altar","Better Match","Better Note","Better Sensory Stone","Better Skull","Better Third Choice","BetterRewards","Bossed Relics","Downfall","Hermit","Hubris","Infinite Spire","Minty Spire (QoL Compilation)","Permanent Neow","Replay The Spire","Shade Mod","Shop Mod","Spicy Shops","StSLib","SuperFastMode","The Blackbeard","The Necromancer","The Runesmith","The Servant 0.9.4","TheBandit","Wandering Minibosses"],"gold_per_floor":[99,112,131,173,183,213,213,213,239,259,139,364,64,84,101,206,206,206,225,225,241,241,241,241,241,260,275,275,290,290,290,305,426,426,426,426,426,440,460,188,188,204,204,24,58,69,69,103,117,117,117,151,4,4,4,4],"floor_reached":57,"language":"DEU","playtime":2030,"items_purged":[],"score":1371,"play_id":"b5c91f5c-dc5f-48c6-990d-b7cab9045150","local_time":"20210209205923","is_ascension_mode":true,"campfire_choices":[{"floor":1,"key":"RECALL"},{"data":"blackbeard:InfiniteBarrage","floor":13,"key":"SMITH"},{"data":"blackbeard:InfiniteBarrage","floor":18,"key":"SMITH"},{"data":"blackbeard:WeaponProficiency","floor":25,"key":"SMITH"},{"data":"blackbeard:Rum","floor":28,"key":"SMITH"},{"data":"blackbeard:Rum","floor":35,"key":"SMITH"},{"floor":47,"key":"REST"},{"data":"blackbeard:RearmingStrike","floor":54,"key":"SMITH"}],"circlet_count":0,"master_deck":["blackbeard:BlackbeardStrike","blackbeard:IntimidatingStrike","blackbeard:BlackbeardDefend","blackbeard:BlackbeardDefend","blackbeard:BlackbeardDefend","blackbeard:BlackbeardDefend","blackbeard:Cutlass","blackbeard:RearmingStrike","blackbeard:Shrapnel","blackbeard:BrownPants","blackbeard:InfiniteBarrage+1","blackbeard:InfiniteBarrage+1","blackbeard:RearmingStrike","blackbeard:WeaponProficiency+1","blackbeard:Rum+1","blackbeard:Rum+1","blackbeard:BeatUp","blackbeard:InfiniteBarrage+1","Writhe","blackbeard:RearmingStrike+1","blackbeard:RearmingStrike+1","blackbeard:Salvager","blackbeard:Shrapnel+1","blackbeard:CaptainsHat","blackbeard:Rum+1","blackbeard:WeaponProficiency"],"relics":["blackbeard:LoadTheCannons","Vajra","hubris:Reverence","infinitespire:PuzzleCube","hubris:TinFlute","downfall:HeartBlessingRed","downfall:HeartBlessingGreen","downfall:HeartBlessingBlue","Empty Cage","ReplayTheSpireMod:TigerMarble","Ornamental Fan","Astrolabe","Omamori","aspiration:MobileForge","Mummified Hand","InkBottle","Replay:WaspNest","infinitespire:FocusingShard","Bottled Tornado","aspiration:Lifesprig","Replay:PocketPolymizer","Replay:Baseball"],"acts_visited":[],"potions_floor_usage":[6,9,11,14,16,16,27,27,29,33,38,40,50,55],"damage_taken":[{"damage":0,"enemies":"Small Slimes","floor":2,"turns":4},{"damage":1,"enemies":"Cultist","floor":3,"turns":4},{"damage":3,"enemies":"2 Louse","floor":5,"turns":2},{"damage":19,"enemies":"3 Sentries","floor":6,"turns":5},{"damage":2,"enemies":"Replay:BlueRogue","floor":9,"turns":5},{"damage":2,"enemies":"Blue Slaver","floor":10,"turns":4},{"damage":0,"enemies":"downfall:FleeingMerchant","floor":11,"turns":4},{"damage":26,"enemies":"Exordium Thugs","floor":14,"turns":4},{"damage":11,"enemies":"Large Slime","floor":15,"turns":4},{"damage":15,"enemies":"IC_STATUS_ARCHETYPE","floor":16,"turns":7},{"damage":14,"enemies":"Shell Parasite","floor":19,"turns":5},{"damage":0,"enemies":"Chosen","floor":21,"turns":5},{"damage":1,"enemies":"Snecko","floor":26,"turns":5},{"damage":10,"enemies":"Sentry and Sphere","floor":27,"turns":5},{"damage":11,"enemies":"Centurion and Healer","floor":29,"turns":5},{"damage":0,"enemies":"3 Cultists","floor":32,"turns":4},{"damage":2,"enemies":"SI_MIRROR_ARCHETYPE","floor":33,"turns":9},{"damage":0,"enemies":"Orb Walker","floor":38,"turns":3},{"damage":16,"enemies":"3 Darklings","floor":39,"turns":4},{"damage":5,"enemies":"downfall:FleeingMerchant","floor":40,"turns":4},{"damage":10,"enemies":"4 Shapes","floor":42,"turns":5},{"damage":0,"enemies":"downfall:FleeingMerchant","floor":44,"turns":3},{"damage":36,"enemies":"Nemesis","floor":45,"turns":3},{"damage":0,"enemies":"Transient","floor":46,"turns":5},{"damage":0,"enemies":"Giant Head","floor":48,"turns":4},{"damage":3,"enemies":"Spire Growth","floor":49,"turns":3},{"damage":16,"enemies":"DF_ARCHETYPE_ORBS","floor":50,"turns":6},{"damage":6,"enemies":"downfall:CharBossMerchant","floor":52,"turns":3},{"damage":26,"enemies":"downfall:NeowBoss","floor":55,"turns":9},{"damage":26,"enemies":"downfall:NeowBossFinal","floor":56,"turns":9}],"seed_played":"3816382615301658545","potions_obtained":[{"floor":4,"key":"SteroidPotion"},{"floor":4,"key":"Languid Potion"},{"floor":6,"key":"SteroidPotion"},{"floor":9,"key":"Dexterity Potion"},{"floor":14,"key":"blackbeard:OrangeJuicePotion"},{"floor":15,"key":"Strength Potion"},{"floor":16,"key":"Dexterity Potion"},{"floor":26,"key":"SkillPotion"},{"floor":27,"key":"Venom Potion"},{"floor":32,"key":"Slimebound:ThreeZeroPotion"},{"floor":33,"key":"SpeedPotion"},{"floor":38,"key":"GamblersBrew"},{"floor":46,"key":"Elixir"},{"floor":48,"key":"Regen Potion"},{"floor":49,"key":"Fire Potion"}],"is_trial":false,"path_per_floor":["R","M","M","?","M","E","T","?","E","M","$","?","R","M","M","B",null,"R","M","?","M","T","?","T","R","M","M","R","M","AVR","?","M","B",null,"R","?","?","M","M","$","T","M","?","$","E","M","R","E","M","B",null,"E","$","R","B","B",null],"character_chosen":"BLACKBEARD_CLASS","items_purchased":["blackbeard:WeaponProficiency","Mummified Hand","Replay:WaspNest","infinitespire:FocusingShard","Replay:Baseball"],"campfire_rested":1,"item_purchase_floors":[11,40,44,44,53],"current_hp_per_floor":[82,82,81,81,78,59,59,59,57,55,55,55,65,39,28,21,92,92,78,78,78,78,78,78,78,77,67,67,56,56,56,56,54,92,92,92,92,92,76,71,71,61,61,61,25,25,52,52,49,47,92,86,86,86,60,34],"gold":4,"neow_bonus":"TEN_PERCENT_HP_BONUS","is_daily":false,"chose_seed":false,"campfire_upgraded":6,"win_rate":0.0,"timestamp":1612900763,"path_taken":["R","M","M","?","?","E","T","?","E","M","$","?","R","M","M","BOSS","R","M","?","M","?","?","T","R","M","?","R","M","AVR","?","M","BOSS","R","?","?","?","M","$","T","M","?","?","E","M","R","E","M","BOSS","E","$","R","BOSS","BOSS"],"items_purchased_type":["Card","Relic","Relic","Relic","Relic"],"build_version":"2020-12-22","purchased_purges":0,"victory":true,"max_hp_per_floor":[82,82,82,82,82,82,82,82,82,82,82,82,92,92,92,92,92,92,92,92,92,92,92,92,92,92,92,92,92,92,92,92,92,92,92,92,92,92,92,92,92,92,92,92,92,92,92,92,92,92,92,92,92,92,92,92],"card_choices":[{"not_picked":["blackbeard:PirateHook","blackbeard:SwordDance"],"picked":"blackbeard:RearmingStrike","floor":2},{"not_picked":["blackbeard:BeatUp","blackbeard:Recklessness"],"picked":"blackbeard:Shrapnel","floor":3},{"not_picked":["blackbeard:Dagger","blackbeard:CannonballSupply"],"picked":"blackbeard:BrownPants","floor":4},{"not_picked":["blackbeard:GoldenDefense","blackbeard:BeatUp"],"picked":"blackbeard:InfiniteBarrage","floor":5},{"not_picked":["blackbeard:BeatUp","blackbeard:GoldenStrike","blackbeard:FinalBarrage"],"picked":"SKIP","floor":6},{"not_picked":["blackbeard:Toast","blackbeard:BrownPants"],"picked":"blackbeard:InfiniteBarrage","floor":9},{"not_picked":["blackbeard:Bandana","blackbeard:CannonBarrage"],"picked":"blackbeard:RearmingStrike","floor":10},{"not_picked":["blackbeard:PowderKeg","blackbeard:CloakAndCannonball","blackbeard:GoldenDefense"],"picked":"SKIP","floor":11},{"not_picked":["blackbeard:DeadlyArsenal","blackbeard:Revenge"],"picked":"blackbeard:Rum","floor":14},{"not_picked":["blackbeard:DeadlyArsenal","blackbeard:WiseDefense"],"picked":"blackbeard:Rum","floor":15},{"not_picked":["blackbeard:TacticalRetreat+1","blackbeard:CloakAndCannonball"],"picked":"blackbeard:BeatUp","floor":19},{"not_picked":["blackbeard:Spear","blackbeard:CatONineTails"],"picked":"blackbeard:InfiniteBarrage+1","floor":21},{"not_picked":["blackbeard:FieryDefense+1","blackbeard:TacticalRetreat","blackbeard:GoldenDefense"],"picked":"SKIP","floor":26},{"not_picked":["blackbeard:ChaoticDefense+1","blackbeard:Spear+1"],"picked":"blackbeard:RearmingStrike+1","floor":27},{"not_picked":["blackbeard:Spear+1","blackbeard:Toast"],"picked":"blackbeard:RearmingStrike","floor":29},{"not_picked":["blackbeard:PirateHook","blackbeard:DelayedPain","blackbeard:Scrap"],"picked":"SKIP","floor":32},{"not_picked":["blackbeard:ReapersScythe","blackbeard:TheDrunkenSailor"],"picked":"blackbeard:Salvager","floor":33},{"not_picked":["blackbeard:CannonballSupply+1","blackbeard:PirateEarring","blackbeard:FieryDefense+1"],"picked":"SKIP","floor":38},{"not_picked":["blackbeard:WiseDefense","blackbeard:BlindAttacks+1"],"picked":"blackbeard:Shrapnel+1","floor":39},{"not_picked":["blackbeard:Scrap","blackbeard:Sharpening+1"],"picked":"blackbeard:CaptainsHat","floor":40},{"not_picked":["blackbeard:BlindAttacks+1","blackbeard:RemoveScurvy","blackbeard:TacticalRetreat"],"picked":"SKIP","floor":42},{"not_picked":["blackbeard:Sharpening","blackbeard:FishingNets+1","blackbeard:SwordDance+1"],"picked":"SKIP","floor":44},{"not_picked":["blackbeard:Sword","blackbeard:PirateEarring"],"picked":"blackbeard:Rum+1","floor":45},{"not_picked":["blackbeard:TacticalRetreat","blackbeard:DeadlyArsenal","blackbeard:Sword+1"],"picked":"SKIP","floor":46},{"not_picked":["blackbeard:Sharpening","blackbeard:Toast+1","blackbeard:ReapersScythe"],"picked":"SKIP","floor":48},{"not_picked":["blackbeard:WiseDefense","blackbeard:Dagger"],"picked":"blackbeard:WeaponProficiency","floor":49},{"not_picked":["blackbeard:WiseDefense+1","blackbeard:CloakAndCannonball+1","blackbeard:PirateHook+1"],"picked":"SKIP","floor":52}],"player_experience":658104,"relics_obtained":[{"floor":4,"key":"Vajra"},{"floor":6,"key":"hubris:Reverence"},{"floor":9,"key":"infinitespire:PuzzleCube"},{"floor":22,"key":"ReplayTheSpireMod:TigerMarble"},{"floor":41,"key":"InkBottle"},{"floor":45,"key":"Bottled Tornado"},{"floor":48,"key":"aspiration:Lifesprig"},{"floor":52,"key":"Replay:PocketPolymizer"}],"event_choices":[{"damage_healed":0,"gold_gain":225,"player_choice":"YARR","damage_taken":0,"relics_obtained":["hubris:TinFlute"],"max_hp_gain":0,"max_hp_loss":0,"event_name":"blackbeard:Ssssserpent","floor":12,"gold_loss":0},{"damage_healed":0,"gold_gain":0,"player_choice":"Ignored","damage_taken":0,"max_hp_gain":0,"max_hp_loss":0,"event_name":"betterNote:BetterNote","floor":20,"gold_loss":0,"cards_obtained":["Defend_S"]},{"damage_healed":0,"gold_gain":3,"player_choice":"1","damage_taken":0,"max_hp_gain":0,"max_hp_loss":0,"event_name":"betterStone:BetterStone","floor":43,"gold_loss":0}],"is_beta":false,"boss_relics":[{"not_picked":["hubris:HollowSoul","Replay:Drink Me"],"picked":"Empty Cage"},{"not_picked":["aspiration:PoetsPen_weak","Replay:Ancient Bell"],"picked":"aspiration:MobileForge"}],"items_purged_floors":[],"is_endless":false,"potions_floor_spawned":[6,9,14,15,16,26,27,32,33,38,46,48,49],"ascension_level":1}}