{"host":"qxeepl7ydvsgmfdb","time":1612880451,"event":{"mods":["AchievementEnabler","BaseMod","Colored Powertips","Minty Spire (QoL Compilation)","Quick Restart","slay the spire mod where everything is the same but ironclad has a cowboy hat"],"gold_per_floor":[119,129,129,129,48,48,82,82,109,109,36,1,17,49,49,154,154,164,175,274,274,288,288,319,319,319],"floor_reached":25,"language":"ENG","playtime":858,"items_purged":[],"score":315,"play_id":"d3bea1c1-fad8-4bc1-b99b-5664e643e924","local_time":"20210209092051","is_ascension_mode":true,"campfire_choices":[{"floor":6,"key":"DIG"},{"floor":8,"key":"DIG"},{"floor":10,"key":"DIG"},{"data":"Zap","floor":15,"key":"SMITH"},{"floor":23,"key":"REST"}],"circlet_count":0,"master_deck":["Strike_B","Defend_B","Defend_B","Defend_B","Defend_B","Zap+1","Dualcast","Ball Lightning","Chaos","Chaos","Conserve Battery","Redo","Rainbow","Ball Lightning","Capacitor","Cold Snap","Leap"],"relics":["Cracked Core","NeowsBlessing","Shovel","Mummified Hand","Tiny Chest","DataDisk","Orichalcum","Ginger","Turnip","Empty Cage","Thread and Needle","Dead Branch"],"acts_visited":["Exordium","TheCity"],"potions_floor_usage":[16,24,25],"damage_taken":[{"damage":0,"enemies":"Small Slimes","floor":1,"turns":1},{"damage":0,"enemies":"Jaw Worm","floor":2,"turns":1},{"damage":0,"enemies":"Lagavulin","floor":7,"turns":2},{"damage":0,"enemies":"Cultist","floor":13,"turns":3},{"damage":23,"enemies":"3 Sentries","floor":14,"turns":6},{"damage":8,"enemies":"The Guardian","floor":16,"turns":11},{"damage":3,"enemies":"Chosen","floor":18,"turns":4},{"damage":23,"enemies":"Shell Parasite","floor":19,"turns":5},{"damage":19,"enemies":"Shelled Parasite and Fungi","floor":22,"turns":6},{"damage":54,"enemies":"Book of Stabbing","floor":24,"turns":7},{"damage":23,"enemies":"3 Cultists","floor":25,"turns":4}],"seed_played":"-3564251374226305611","potions_obtained":[{"floor":14,"key":"PowerPotion"},{"floor":16,"key":"Swift Potion"},{"floor":18,"key":"Strength Potion"},{"floor":22,"key":"FairyPotion"}],"is_trial":false,"path_per_floor":["M","M","?","?","$","R","E","R","T","R","$","?","M","E","R","B",null,"M","M","?","T","M","R","E","M"],"character_chosen":"DEFECT","items_purchased":["Chaos","Chaos"],"campfire_rested":1,"item_purchase_floors":[5,11],"current_hp_per_floor":[75,75,68,65,65,65,65,65,65,65,65,75,75,52,52,44,67,64,41,41,41,22,44,15,0,0],"gold":319,"neow_bonus":"THREE_ENEMY_KILL","is_daily":false,"chose_seed":false,"campfire_upgraded":1,"win_rate":0.0,"timestamp":1612880451,"path_taken":["M","M","?","?","$","R","E","R","T","R","?","?","M","E","R","BOSS","M","M","?","?","?","R","E","?"],"items_purchased_type":["Card","Card"],"build_version":"2020-12-22","purchased_purges":0,"victory":false,"max_hp_per_floor":[75,75,75,75,75,75,75,75,75,75,75,75,75,75,75,75,75,75,75,75,75,75,75,75,75,75],"card_choices":[{"not_picked":["Gash","Conserve Battery"],"picked":"Ball Lightning","floor":1},{"not_picked":["Hologram","Go for the Eyes","Stack"],"picked":"SKIP","floor":2},{"not_picked":["Scrape","Static Discharge","Lockon"],"picked":"SKIP","floor":7},{"not_picked":["Sunder","Lockon"],"picked":"Conserve Battery","floor":13},{"not_picked":["Conserve Battery","Rebound"],"picked":"Redo","floor":14},{"not_picked":["Biased Cognition","Creative AI"],"picked":"Rainbow","floor":16},{"not_picked":["Sweeping Beam","Static Discharge"],"picked":"Ball Lightning","floor":18},{"not_picked":["Steam","BootSequence"],"picked":"Capacitor","floor":19},{"not_picked":["Tempest+1","Coolheaded+1"],"picked":"Cold Snap","floor":22},{"not_picked":["Consume","Sunder"],"picked":"Leap","floor":24}],"player_experience":137584,"relics_obtained":[{"floor":6,"key":"Mummified Hand"},{"floor":7,"key":"Tiny Chest"},{"floor":8,"key":"DataDisk"},{"floor":9,"key":"Orichalcum"},{"floor":10,"key":"Ginger"},{"floor":14,"key":"Turnip"},{"floor":21,"key":"Thread and Needle"},{"floor":24,"key":"Dead Branch"}],"event_choices":[{"cards_removed":["Strike_B"],"damage_healed":0,"gold_gain":0,"player_choice":"Card Removal","damage_taken":7,"max_hp_gain":0,"max_hp_loss":0,"event_name":"Golden Wing","floor":3,"gold_loss":0},{"damage_healed":0,"gold_gain":0,"player_choice":"Success","damage_taken":3,"relics_obtained":["Shovel"],"max_hp_gain":0,"max_hp_loss":0,"event_name":"Scrap Ooze","floor":4,"gold_loss":0},{"damage_healed":18,"gold_gain":0,"player_choice":"Healed","damage_taken":0,"max_hp_gain":0,"max_hp_loss":0,"event_name":"The Cleric","floor":12,"gold_loss":35},{"damage_healed":0,"gold_gain":99,"player_choice":"Stole From Cult","damage_taken":0,"max_hp_gain":0,"max_hp_loss":0,"event_name":"Nest","floor":20,"gold_loss":0}],"is_beta":false,"boss_relics":[{"not_picked":["Velvet Choker","Busted Crown"],"picked":"Empty Cage"}],"items_purged_floors":[],"is_endless":false,"potions_floor_spawned":[14,16,18,22],"killed_by":"3 Cultists","ascension_level":5}}