{"host":"l029r2dqxfiqiq5i","time":1612867675,"event":{"mods":["Act Like it!","Arknights","BaseMod","Minty Spire (QoL Compilation)","StSLib","óô»ðÖ¸ÄÏ"],"gold_per_floor":[113,130,147,72,91,123,123,156,183,183,208,208,218,118,118,215,215,234,248,259,259,219,219,250,250,250,278,303,315,327,359,371,486,498,524,586,598,622,647,659,725,737,817,842,854,886,898,910,649,661,673,205,67,96,96],"floor_reached":56,"language":"ZHS","playtime":3275,"items_purged":["ats:Strike V","ats:Strike S","ats:Defend","ats:Defend"],"score":1262,"play_id":"aa84ca12-ca1e-406f-b88e-efed2fd06e34","local_time":"20210209184755","is_ascension_mode":false,"campfire_choices":[{"floor":15.0,"key":"REST"},{"data":"ats:Composite Medical Shells","floor":23.0,"key":"SMITH"},{"data":"ats:Healing Drone","floor":25.0,"key":"SMITH"},{"data":"ats:Soul Rend","floor":29.0,"key":"SMITH"},{"data":"ats:Red Shift","floor":32.0,"key":"SMITH"},{"data":"ats:Serious Mode","floor":40.0,"key":"SMITH"},{"data":"ats:Defend","floor":42,"key":"PURGE"},{"floor":45,"key":"RECALL"},{"data":"ats:Emotion Absorption","floor":47,"key":"SMITH"}],"circlet_count":0,"master_deck":["ats:Strike G","ats:Armor Crushing Shot","ats:Emotion Absorption+1","ats:Collapsing Strike","ats:Serious Mode+1","ats:Healing Drone+1","ats:Healing Strengthening+1","ats:Composite Medical Shells+1","ats:Soul Rend+1","ats:Red Shift+1","ats:Cat Scratch"],"relics":["ats:Sanity Plus","ats:Originium","Bronze Scales","Centennial Puzzle","Bag of Marbles","SacredBark","Peace Pipe","MawBank","Incense Burner","Gambling Chip","ats:Cure","ats:Bonebreaker","Letter Opener","Lizard Tail"],"acts_visited":["Exordium","TheCity","TheBeyond","TheEnding"],"potions_floor_usage":[55,55,55],"damage_taken":[{"damage":5.0,"enemies":"Jaw Worm","floor":1.0,"turns":4.0},{"damage":2.0,"enemies":"2 Louse","floor":2.0,"turns":2.0},{"damage":4.0,"enemies":"ats:Genji","floor":3.0,"turns":4.0},{"damage":0.0,"enemies":"3 Louse","floor":5.0,"turns":4.0},{"damage":36.0,"enemies":"Lagavulin","floor":6.0,"turns":5.0},{"damage":22.0,"enemies":"Gremlin Nob","floor":8.0,"turns":4.0},{"damage":39.0,"enemies":"3 Sentries","floor":11.0,"turns":6.0},{"damage":21.0,"enemies":"Exordium Thugs","floor":13.0,"turns":4.0},{"damage":98.0,"enemies":"The Guardian","floor":16.0,"turns":12.0},{"damage":38.0,"enemies":"Spheric Guardian","floor":18.0,"turns":5.0},{"damage":23.0,"enemies":"3 Byrds","floor":19.0,"turns":3.0},{"damage":56.0,"enemies":"Centurion and Healer","floor":20.0,"turns":8.0},{"damage":61.0,"enemies":"Book of Stabbing","floor":24.0,"turns":4.0},{"damage":42.0,"enemies":"Shelled Parasite and Fungi","floor":27.0,"turns":4.0},{"damage":42.0,"enemies":"Snake Plant","floor":28.0,"turns":3.0},{"damage":28.0,"enemies":"Snecko","floor":31.0,"turns":4.0},{"damage":119.0,"enemies":"Automaton","floor":33.0,"turns":9.0},{"damage":22.0,"enemies":"3 Shapes","floor":35.0,"turns":3.0},{"damage":78.0,"enemies":"Mind Bloom Boss Battle","floor":36.0,"turns":8.0},{"damage":25.0,"enemies":"Orb Walker","floor":38.0,"turns":3.0},{"damage":48.0,"enemies":"Spire Growth","floor":39.0,"turns":5.0},{"damage":87,"enemies":"2 Orb Walkers","floor":41,"turns":5},{"damage":40,"enemies":"Transient","floor":44,"turns":5},{"damage":43,"enemies":"Maw","floor":46,"turns":6},{"damage":287,"enemies":"Awakened One","floor":50,"turns":11},{"damage":120,"enemies":"Shield and Spear","floor":54,"turns":6},{"damage":311,"enemies":"The Heart","floor":55,"turns":10}],"seed_played":"-4706512678199241714","potions_obtained":[{"floor":1.0,"key":"SneckoOil"},{"floor":8.0,"key":"AttackPotion"},{"floor":11.0,"key":"Ancient Potion"},{"floor":33.0,"key":"SmokeBomb"},{"floor":38.0,"key":"Ancient Potion"},{"floor":44,"key":"Ancient Potion"}],"is_trial":false,"path_per_floor":["M","M","M","$","M","E","?","E","T","?","E","?","M","$","R","B",null,"M","M","M","?","?","R","E","R","T","M","M","R","?","M","R","B",null,"M","?","?","M","M","R","?","R","T","M","R","M","R","?","R","B",null,"R","$","E","B",null],"character_chosen":"DOCTOR_CLASS","items_purchased":["ats:Cure","ats:Bonebreaker","Letter Opener"],"campfire_rested":1,"item_purchase_floors":[49,52,52],"current_hp_per_floor":[74,72,68,68,68,38,38,28,28,28,20,25,23,23,48,21,84,67,59,64,64,64,64,64,64,64,82,68,68,68,84,84,74,84,84,78,78,61,64,64,41,41,41,84,84,82,82,82,82,84,84,84,84,84,30],"gold":96,"neow_bonus":"TEN_PERCENT_HP_BONUS","is_daily":false,"chose_seed":false,"campfire_upgraded":6,"win_rate":0.0,"timestamp":1612867675,"path_taken":["M","M","M","$","M","E","?","E","T","?","E","?","M","$","R","BOSS","M","M","M","?","?","R","E","R","T","?","M","R","?","M","R","BOSS","M","?","?","M","M","R","?","R","T","M","R","M","R","?","R","BOSS","R","$","E","BOSS"],"items_purchased_type":["Relic","Relic","Relic"],"build_version":"2020-12-22","purchased_purges":4,"victory":true,"max_hp_per_floor":[79,79,79,79,79,79,79,79,79,79,79,84,84,84,84,84,84,84,84,84,84,84,84,84,84,84,84,84,84,84,84,84,84,84,84,84,84,84,84,84,84,84,84,84,84,84,84,84,84,84,84,84,84,84,84],"card_choices":[{"not_picked":["ats:Demon Strength","ats:Powerful Strike"],"picked":"ats:Collapsing Strike","floor":1.0},{"not_picked":["ats:Guard Mode","ats:Very Hot Blade","ats:Curse Doll"],"picked":"SKIP","floor":2.0},{"not_picked":["ats:Support Order","ats:Assault Order"],"picked":"ats:Serious Mode","floor":3.0},{"not_picked":["ats:Powerful Strike","ats:Apocalypse"],"picked":"ats:Healing Drone","floor":5.0},{"not_picked":["ats:Disruption Kick","ats:Explosion Area Strengthen"],"picked":"ats:Healing Strengthening","floor":6.0},{"not_picked":["ats:Mental Burst","ats:Collapsing Strike"],"picked":"ats:Shell Defense","floor":8.0},{"not_picked":["ats:Assault Order","ats:Steam Pump","ats:Burning Ground"],"picked":"SKIP","floor":11.0},{"not_picked":["ats:Mental Burst","ats:Closed Bolt Burst Fire"],"picked":"ats:Composite Medical Shells","floor":13.0},{"not_picked":["ats:Fractured Body","ats:Nebulous Foxfire"],"picked":"ats:Soul Rend","floor":16.0},{"not_picked":["ats:Explosion Area Strengthen","ats:Steam Pump","ats:Mental Burst"],"picked":"SKIP","floor":18.0},{"not_picked":["ats:Assault Order","ats:Poison Spread","ats:Automatic Cover"],"picked":"SKIP","floor":19.0},{"not_picked":["ats:Apocalypse","ats:Assault Order","ats:Automatic Cover"],"picked":"SKIP","floor":20.0},{"not_picked":["ats:Disruption Kick","ats:Poison Spread","ats:Closed Bolt Burst Fire"],"picked":"SKIP","floor":24.0},{"not_picked":["ats:Shadow Raid+1","ats:Composite Medical Shells","ats:Apocalypse"],"picked":"SKIP","floor":27.0},{"not_picked":["ats:Ignite","ats:Absolute Focus","ats:Assault Order"],"picked":"SKIP","floor":28.0},{"not_picked":["ats:Powerful Strike","ats:Directed Diagnosis","ats:Overload"],"picked":"SKIP","floor":31.0},{"not_picked":["ats:Beaten Up","ats:Guard Mode","ats:Ignite"],"picked":"SKIP","floor":35.0},{"not_picked":["ats:Phantom+1","ats:Very Hot Blade+1","ats:Chain Hook+1"],"picked":"SKIP","floor":38.0},{"not_picked":["ats:Chain Hook+1","ats:Flexible Camouflage","ats:Closed Bolt Burst Fire+1"],"picked":"SKIP","floor":39.0},{"not_picked":["ats:Support Order","ats:Defend Order+1","ats:Curse Doll"],"picked":"SKIP","floor":44},{"not_picked":["ats:Absolute Focus+1","ats:Ignite+1","ats:Poison Spread+1"],"picked":"SKIP","floor":46},{"not_picked":["ats:Calcification","ats:Curse Doll+1"],"picked":"ats:Cat Scratch","floor":54}],"player_experience":195157,"relics_obtained":[{"floor":6.0,"key":"ats:Originium"},{"floor":6.0,"key":"Bronze Scales"},{"floor":8.0,"key":"ats:Originium"},{"floor":8.0,"key":"Centennial Puzzle"},{"floor":11.0,"key":"ats:Originium"},{"floor":11.0,"key":"Bag of Marbles"},{"floor":24.0,"key":"ats:Originium"},{"floor":24.0,"key":"Peace Pipe"},{"floor":26.0,"key":"MawBank"},{"floor":36.0,"key":"Incense Burner"},{"floor":41,"key":"Gambling Chip"},{"floor":54,"key":"ats:Originium"},{"floor":54,"key":"Lizard Tail"}],"event_choices":[{"cards_removed":["ats:Strike C"],"damage_healed":0.0,"max_hp_gain":0.0,"max_hp_loss":0.0,"gold_gain":0.0,"event_name":"Living Wall","player_choice":"Forget","floor":7.0,"gold_loss":0.0,"damage_taken":0.0},{"damage_healed":0.0,"max_hp_gain":0.0,"max_hp_loss":0.0,"gold_gain":0.0,"event_name":"Golden Idol","player_choice":"Ignored","floor":10.0,"gold_loss":0.0,"damage_taken":0.0},{"damage_healed":0.0,"max_hp_gain":5.0,"max_hp_loss":0.0,"gold_gain":0.0,"event_name":"Big Fish","player_choice":"Donut","floor":12.0,"gold_loss":0.0,"damage_taken":0.0},{"damage_healed":0.0,"max_hp_gain":0.0,"max_hp_loss":0.0,"gold_gain":0.0,"event_name":"The Library","player_choice":"Read","floor":21.0,"gold_loss":0.0,"damage_taken":0.0,"cards_obtained":["ats:Red Shift"]},{"damage_healed":0.0,"max_hp_gain":0.0,"max_hp_loss":0.0,"gold_gain":0.0,"event_name":"Designer","player_choice":"Upgrade","floor":22.0,"gold_loss":40.0,"damage_taken":0.0,"cards_upgraded":["ats:Healing Strengthening"]},{"cards_removed":["ats:Defend"],"damage_healed":0.0,"max_hp_gain":0.0,"max_hp_loss":0.0,"gold_gain":0.0,"event_name":"Back to Basics","player_choice":"Elegance","floor":30.0,"gold_loss":0.0,"damage_taken":0.0},{"damage_healed":0.0,"max_hp_gain":0.0,"max_hp_loss":0.0,"gold_gain":0.0,"event_name":"MindBloom","player_choice":"Fight","floor":36.0,"gold_loss":0.0,"damage_taken":0.0},{"cards_removed":["ats:Shell Defense"],"damage_healed":0.0,"max_hp_gain":0.0,"max_hp_loss":0.0,"gold_gain":0.0,"event_name":"Falling","player_choice":"Removed Skill","floor":37.0,"gold_loss":0.0,"damage_taken":0.0},{"damage_healed":0,"gold_gain":0,"player_choice":"Fight","damage_taken":0,"max_hp_gain":0,"max_hp_loss":0,"event_name":"Mysterious Sphere","floor":41,"gold_loss":0},{"damage_healed":0,"gold_gain":0,"player_choice":"Ignored","damage_taken":0,"max_hp_gain":0,"max_hp_loss":0,"event_name":"Tomb of Lord Red Mask","floor":48,"gold_loss":0}],"is_beta":false,"boss_relics":[{"not_picked":["Fusion Hammer","Velvet Choker"],"picked":"SacredBark"},{"not_picked":["ats:Tactical Delivery","Busted Crown"],"picked":"ats:Sanity Plus"}],"items_purged_floors":[4,14,49,53],"is_endless":false,"potions_floor_spawned":[1,8,11,16,19,28,33,36,38,44,54],"ascension_level":0}}