{"host":"i70yit5z0kpl303k","time":1612845120,"event":{"mods":["2.2 Compatiblity","Act Like it!","BaseMod","BetterRewards","Evolution","Gensokyo","Infinite Spire","Ironclad Rager","Koishi","Marked Mod","Minty Spire (QoL Compilation)","Relic Stats","Reliquary","Replay The Spire","StSLib","The Blue Laboratory","The Marked","The Servant 0.9.4","TheSwordswoman"],"gold_per_floor":[110,110,80,33,51,86,107,142,142,186,209,242,265,280,280,411,411,435,27,126,74,74,74,108,108,108,151,165,181,181,239,239,375,375,422,422,468,512,558,635,635,721,721,721,721,790,790,861,861,867,867],"floor_reached":50,"language":"ENG","playtime":2448,"items_purged":[],"score":1072,"play_id":"74dd5de4-54a2-4fab-87c0-4b1716bdc9e0","local_time":"20210208203200","is_ascension_mode":true,"campfire_choices":[{"floor":15,"key":"REST"},{"data":"BasicCrystalCard","floor":23,"key":"SMITH"},{"floor":25,"key":"REST"},{"floor":32,"key":"REST"},{"data":"Defragment","floor":45,"key":"SMITH"},{"floor":49,"key":"REST"}],"circlet_count":0,"master_deck":["Ball Lightning","Ball Lightning","Ball Lightning+1","Ball Lightning","Leap","Leap","Leap","Zap","Dualcast","BasicCrystalCard+1","Gash","Conserve Battery","Fusion","BasicCrystalCard","BootSequence","Storm","Defragment+1","Seek+1","Static Discharge","Ball Lightning+1","Buffer+1","Barrage","Gash","Beam Cell+1","Core Surge","Gash","Go for the Eyes","Electrodynamics","Gash","ReplayGash+1","Ball Lightning","Lockon+1","Chill","Compile Driver+1","Writhe","Capacitor","Stack+1"],"relics":["Cracked Core","EVO:Axolotl","NeowsBlessing","Golden Idol","reliquary:QuartzCube","Bottled Lightning","Letter Opener","ReplayTheSpireMod:Shallot","infinitespire:Bottled Soul","reliquary:KinkedSpring","Symbiotic Virus","Guide Book","reliquary:BoilingFlask","Whetstone","Juzu Bracelet","Ginger","infinitespire:Cupcake","Letter Opener","infinitespire:EvilPickle","ChewingGum","SlaversCollar","PreservedInsect","infinitespire:Midas Blood","reliquary:Knoch","PreservedInsect","Replay:Arrowhead"],"acts_visited":["Exordium","TheCity","TheBeyond"],"potions_floor_usage":[27,46,46,46,50],"damage_taken":[{"damage":0.0,"enemies":"Small Slimes","floor":1.0,"turns":1.0},{"damage":0.0,"enemies":"Jaw Worm","floor":5.0,"turns":1.0},{"damage":0.0,"enemies":"3 Sentries","floor":6.0,"turns":1.0},{"damage":0.0,"enemies":"Cultist","floor":7.0,"turns":2.0},{"damage":12.0,"enemies":"Gremlin Nob","floor":8.0,"turns":3.0},{"damage":22.0,"enemies":"Lagavulin","floor":10.0,"turns":5.0},{"damage":0.0,"enemies":"Red Slaver","floor":11.0,"turns":2.0},{"damage":14.0,"enemies":"Gremlin Nob","floor":12.0,"turns":4.0},{"damage":0,"enemies":"Large Slime","floor":13,"turns":3},{"damage":0,"enemies":"3 Louse","floor":14,"turns":3},{"damage":15,"enemies":"Hexaghost","floor":16,"turns":7},{"damage":0,"enemies":"Chosen","floor":18,"turns":4},{"damage":43,"enemies":"Book of Stabbing","floor":24,"turns":5},{"damage":0,"enemies":"Gremlin Leader","floor":27,"turns":6},{"damage":0,"enemies":"3 Byrds","floor":28,"turns":4},{"damage":0,"enemies":"3 Cultists","floor":29,"turns":4},{"damage":35,"enemies":"Pondfish","floor":33,"turns":11},{"damage":0,"enemies":"Orb Walker","floor":35,"turns":3},{"damage":2,"enemies":"3 Shapes","floor":37,"turns":4},{"damage":8,"enemies":"Maw","floor":38,"turns":5},{"damage":0,"enemies":"Spire Growth","floor":39,"turns":4},{"damage":28,"enemies":"R_Hoarder","floor":40,"turns":5},{"damage":0,"enemies":"R_Hoarder","floor":41,"turns":3},{"damage":3,"enemies":"Giant Head","floor":42,"turns":7},{"damage":42,"enemies":"2 Orb Walkers","floor":46,"turns":4},{"damage":0,"enemies":"Sphere and 2 Shapes","floor":48,"turns":4},{"damage":80,"enemies":"Time Eater","floor":50,"turns":5}],"seed_played":"7346146320400295544","potions_obtained":[{"floor":3.0,"key":"blueLaboratory:HeartbeatPotion"},{"floor":3.0,"key":"blueLaboratory:CreativityPotion"},{"floor":5.0,"key":"blueLaboratory:ExaltedPotion"},{"floor":8.0,"key":"Explosive Potion"},{"floor":27,"key":"blueLaboratory:RememoryPotion"},{"floor":31,"key":"Death Potion"},{"floor":37,"key":"Ancient Potion"},{"floor":42,"key":"blueLaboratory:FruitPunch"},{"floor":48,"key":"Strength Potion"}],"is_trial":false,"path_per_floor":["M","?","?","$","M","E","M","E","T","E","M","E","M","M","R","B",null,"M","$","?","$","?","R","E","R","T","E","M","M","AVR","?","R","B",null,"M","AVR","M","M","M","E","?","E","T","?","R","?","?","M","R","B"],"character_chosen":"DEFECT","items_purchased":["Gash","Symbiotic Virus","Guide Book","Gash"],"campfire_rested":4,"item_purchase_floors":[4,19,19,21],"current_hp_per_floor":[75,57,57,57,57,57,57,45,45,23,23,9,9,9,31,16,75,75,75,75,75,75,75,32,54,54,54,54,54,54,54,75,40,75,76,76,74,66,66,38,38,35,35,54,54,14,14,14,37,0,0],"gold":867,"neow_bonus":"THREE_ENEMY_KILL","is_daily":false,"chose_seed":false,"campfire_upgraded":2,"win_rate":0.0,"timestamp":1612845120,"path_taken":["M","?","?","$","M","E","M","E","T","E","?","E","M","M","R","BOSS","M","?","?","$","?","R","E","R","T","E","M","M","AVR","?","R","BOSS","M","AVR","M","M","M","E","?","E","T","?","R","?","?","M","R","BOSS"],"items_purchased_type":["Card","Relic","Relic","Card"],"build_version":"2020-12-22","purchased_purges":0,"victory":false,"max_hp_per_floor":[75,75,75,75,75,75,75,75,75,75,75,75,75,75,75,75,75,75,75,75,75,75,75,75,75,75,75,75,75,75,75,75,75,75,76,76,76,76,76,76,76,76,76,76,76,78,78,78,78,78,78],"relic_stats":{"counters":[27,110],"Golden Idol":195,"PreservedInsect":200,"Juzu Bracelet":0,"Letter Opener":[303],"Whetstone":["Ball Lightning","Ball Lightning"],"Ginger":[8],"obtain_stats":[{"reliquary:BoilingFlask":24,"Juzu Bracelet":27,"EVO:Axolotl":0,"Whetstone":26,"Ginger":30,"reliquary:QuartzCube":6,"infinitespire:Bottled Soul":12,"Cracked Core":0,"NeowsBlessing":0,"Golden Idol":2,"Guide Book":19,"PreservedInsect":36,"Letter Opener":9,"Replay:Arrowhead":46,"reliquary:KinkedSpring":17,"infinitespire:EvilPickle":33,"SlaversCollar":36,"ReplayTheSpireMod:Shallot":10,"ChewingGum":34,"reliquary:SculptingSteel":31,"Bottled Lightning":8,"reliquary:Knoch":42,"Symbiotic Virus":19,"infinitespire:Cupcake":30,"infinitespire:Midas Blood":40},{"reliquary:BoilingFlask":13,"Juzu Bracelet":14,"EVO:Axolotl":0,"Whetstone":13,"Ginger":16,"reliquary:QuartzCube":3,"infinitespire:Bottled Soul":8,"Cracked Core":0,"NeowsBlessing":0,"Golden Idol":1,"Guide Book":12,"PreservedInsect":18,"Letter Opener":5,"Replay:Arrowhead":25,"reliquary:KinkedSpring":11,"infinitespire:EvilPickle":17,"SlaversCollar":18,"ReplayTheSpireMod:Shallot":6,"ChewingGum":17,"reliquary:SculptingSteel":16,"Bottled Lightning":5,"reliquary:Knoch":24,"Symbiotic Virus":12,"infinitespire:Cupcake":16,"infinitespire:Midas Blood":22},{"reliquary:BoilingFlask":41,"Juzu Bracelet":47,"EVO:Axolotl":0,"Whetstone":41,"Ginger":55,"reliquary:QuartzCube":3,"infinitespire:Bottled Soul":19,"Cracked Core":0,"NeowsBlessing":0,"Golden Idol":1,"Guide Book":36,"PreservedInsect":69,"Letter Opener":8,"Replay:Arrowhead":101,"reliquary:KinkedSpring":32,"infinitespire:EvilPickle":66,"SlaversCollar":69,"ReplayTheSpireMod:Shallot":13,"ChewingGum":66,"reliquary:SculptingSteel":55,"Bottled Lightning":8,"reliquary:Knoch":97,"Symbiotic Virus":36,"infinitespire:Cupcake":55,"infinitespire:Midas Blood":87}]},"card_choices":[{"not_picked":["Turbo","Steam"],"picked":"BasicCrystalCard","floor":1.0},{"not_picked":["Stack","Barrage"],"picked":"Conserve Battery","floor":5.0},{"not_picked":["ReplayTheSpireMod:System Scan","ReplayTheSpireMod:Omega Cannon"],"picked":"Fusion","floor":6.0},{"not_picked":["Steam","Aggregate"],"picked":"BasicCrystalCard","floor":7.0},{"not_picked":["Heatsinks","Leap"],"picked":"BootSequence","floor":8.0},{"not_picked":["Doom and Gloom","Reinforced Body"],"picked":"Storm","floor":10.0},{"not_picked":["Cold Snap","ReplaySolidLightProjector"],"picked":"Defragment","floor":11.0},{"not_picked":["Conserve Battery","Biased Cognition"],"picked":"Seek","floor":12},{"not_picked":["BootSequence","ReplayTheSpireMod:Reroute Power"],"picked":"Static Discharge","floor":13},{"not_picked":["Conserve Battery","Undo"],"picked":"Ball Lightning","floor":14},{"not_picked":["All For One","Meteor Strike"],"picked":"Buffer","floor":16},{"not_picked":["Leap","BasicCrystalCard"],"picked":"Barrage","floor":18},{"not_picked":["Leap","Sweeping Beam"],"picked":"Beam Cell+1","floor":24},{"not_picked":["Turbo","Gash"],"picked":"Core Surge","floor":27},{"not_picked":["Static Discharge","Redo"],"picked":"Gash","floor":28},{"not_picked":["Beam Cell","Panic Button+1"],"picked":"Conserve Battery","floor":29},{"not_picked":["Fusion","Auto Shields+1"],"picked":"Go for the Eyes","floor":31},{"not_picked":["Core Surge","Creative AI"],"picked":"Electrodynamics","floor":33},{"not_picked":["Tempest+1","Panic Button+1"],"picked":"Gash","floor":35},{"not_picked":["FIFO Queue+1","Beam Cell"],"picked":"ReplayGash+1","floor":37},{"not_picked":["Darkness+1","Reinforced Body+1"],"picked":"Ball Lightning","floor":38},{"not_picked":["Leap+1","Turbo+1"],"picked":"Lockon+1","floor":39},{"not_picked":["Lockon+1","BasicCrystalCard"],"picked":"Chill","floor":40},{"not_picked":["Turbo+1","BasicCrystalCard"],"picked":"Compile Driver+1","floor":42},{"not_picked":["Electrodynamics","Redo+1"],"picked":"Capacitor","floor":46},{"not_picked":["BasicCrystalCard+1","ReplayTheSpireMod:Reroute Power"],"picked":"Stack+1","floor":48}],"player_experience":290659,"relics_obtained":[{"floor":6.0,"key":"reliquary:QuartzCube"},{"floor":8.0,"key":"Bottled Lightning"},{"floor":9.0,"key":"Letter Opener"},{"floor":10.0,"key":"ReplayTheSpireMod:Shallot"},{"floor":12,"key":"infinitespire:Bottled Soul"},{"floor":24,"key":"reliquary:BoilingFlask"},{"floor":26,"key":"Whetstone"},{"floor":27,"key":"Juzu Bracelet"},{"floor":31,"key":"reliquary:SculptingSteel"},{"floor":40,"key":"infinitespire:Midas Blood"},{"floor":42,"key":"reliquary:Knoch"},{"floor":43,"key":"PreservedInsect"},{"floor":46,"key":"Replay:Arrowhead"}],"event_choices":[{"damage_healed":0.0,"max_hp_gain":0.0,"max_hp_loss":0.0,"gold_gain":0.0,"event_name":"Golden Idol","player_choice":"Take Damage","floor":2.0,"gold_loss":0.0,"damage_taken":18.0,"relics_obtained":["Golden Idol"]},{"damage_healed":0.0,"max_hp_gain":0.0,"max_hp_loss":0.0,"gold_gain":0.0,"event_name":"The Woman in Blue","player_choice":"Bought 2 Potions","floor":3.0,"gold_loss":0.0,"damage_taken":0.0},{"damage_healed":0,"gold_gain":99,"player_choice":"Stole From Cult","damage_taken":0,"max_hp_gain":0,"max_hp_loss":0,"event_name":"Nest","floor":20,"gold_loss":0},{"damage_healed":19,"gold_gain":0,"player_choice":"Writhe","damage_taken":0,"max_hp_gain":0,"max_hp_loss":0,"event_name":"Winding Halls","floor":44,"gold_loss":0,"cards_obtained":["Writhe"]},{"damage_healed":0,"gold_gain":0,"player_choice":"Fight","damage_taken":0,"max_hp_gain":0,"max_hp_loss":0,"event_name":"Mysterious Sphere","floor":46,"gold_loss":0},{"cards_removed":["Defend_B"],"damage_healed":0,"gold_gain":0,"player_choice":"Removed Skill","damage_taken":0,"max_hp_gain":0,"max_hp_loss":0,"event_name":"Falling","floor":47,"gold_loss":0}],"is_beta":false,"boss_relics":[{"not_picked":["Busted Crown","Runic Dome"],"picked":"reliquary:KinkedSpring"},{"not_picked":["Coffee Dripper","Astrolabe"],"picked":"ChewingGum"}],"items_purged_floors":[],"is_endless":false,"potions_floor_spawned":[5,8,10,11,12,18,24,27,35,37,40,42,48],"killed_by":"Time Eater","ascension_level":4}}