{"host":"5yoj846f700ld8qy","time":1612900006,"event":{"mods":["AchievementEnabler","BaseMod","Better Altar","Better Match","Better Note","Better Sensory Stone","Better Skull","Better Third Choice","Colored Map","Colored Powertips","Minty Spire (QoL Compilation)","StSLib","UnlockEverythingMod"],"gold_per_floor":[10,10,25,42,18,18,51,61,130,130,155,170,185,201,201,275,275,288,12,22,40,57,89,89,114,139,168,168,168,0,0,0,76,76,86,102,152,52,67,67,98,98,98,129,129,79,79,97,97,97,97,97],"floor_reached":51,"language":"ENG","playtime":1841,"items_purged":["Strike_R","Strike_R","Strike_R"],"score":1525,"play_id":"d775fd22-831f-416d-b7ed-bf06f924fc90","local_time":"20210209214646","is_ascension_mode":true,"campfire_choices":[{"data":"Armaments","floor":6,"key":"SMITH"},{"data":"Fiend Fire","floor":10,"key":"SMITH"},{"data":"Demon Form","floor":15,"key":"SMITH"},{"floor":24,"key":"REST"},{"floor":28,"key":"REST"},{"floor":32,"key":"REST"},{"floor":40,"key":"REST"},{"floor":45,"key":"REST"},{"floor":49,"key":"REST"}],"circlet_count":0,"master_deck":["AscendersBane","Strike_R","Defend_R","Defend_R","Bash","Rupture","True Grit","Clothesline","Uppercut","Armaments+1","Fiend Fire+1","Spot Weakness","Disarm","Shrug It Off","Shockwave","Demon Form+1","Brutality","Twin Strike+1","Combust","Whirlwind","Power Through","Battle Trance","Heavy Blade+1","Battle Trance","Offering","Bloodletting","Metallicize+1","Warcry+1"],"relics":["Burning Blood","Ice Cream","Pantograph","Potion Belt","Fusion Hammer","Lee\u0027s Waffle","Red Skull","Lantern","PreservedInsect","Omamori","Runic Cube","Pear","Smiling Mask"],"acts_visited":["Exordium","TheCity","TheBeyond"],"potions_floor_usage":[7,11,13,20,22,23,27,13033,33,33,44,50,51],"damage_taken":[{"damage":10,"enemies":"2 Louse","floor":1,"turns":3},{"damage":5,"enemies":"Cultist","floor":3,"turns":4},{"damage":12,"enemies":"Jaw Worm","floor":4,"turns":3},{"damage":25,"enemies":"Lagavulin","floor":7,"turns":5},{"damage":5,"enemies":"3 Louse","floor":8,"turns":4},{"damage":6,"enemies":"Gremlin Nob","floor":11,"turns":3},{"damage":0,"enemies":"2 Fungi Beasts","floor":12,"turns":3},{"damage":11,"enemies":"Lots of Slimes","floor":13,"turns":6},{"damage":23,"enemies":"Exordium Thugs","floor":14,"turns":4},{"damage":20,"enemies":"The Guardian","floor":16,"turns":9},{"damage":32,"enemies":"2 Thieves","floor":18,"turns":4},{"damage":14,"enemies":"3 Byrds","floor":20,"turns":3},{"damage":19,"enemies":"Snecko","floor":21,"turns":4},{"damage":24,"enemies":"Snake Plant","floor":22,"turns":2},{"damage":31,"enemies":"Book of Stabbing","floor":23,"turns":4},{"damage":46,"enemies":"Gremlin Leader","floor":25,"turns":4},{"damage":7,"enemies":"Slavers","floor":27,"turns":2},{"damage":31,"enemies":"Champ","floor":33,"turns":7},{"damage":15,"enemies":"Orb Walker","floor":35,"turns":2},{"damage":44,"enemies":"3 Shapes","floor":36,"turns":5},{"damage":16,"enemies":"Spire Growth","floor":39,"turns":3},{"damage":19,"enemies":"Giant Head","floor":41,"turns":5},{"damage":30,"enemies":"Nemesis","floor":44,"turns":7},{"damage":22,"enemies":"3 Darklings","floor":48,"turns":3},{"damage":93,"enemies":"Donu and Deca","floor":50,"turns":5},{"damage":118,"enemies":"Awakened One","floor":51,"turns":6}],"seed_played":"3250321363291381054","potions_obtained":[{"floor":4,"key":"FearPotion"},{"floor":7,"key":"LiquidMemories"},{"floor":11,"key":"ColorlessPotion"},{"floor":12,"key":"FairyPotion"},{"floor":16,"key":"AttackPotion"},{"floor":18,"key":"AttackPotion"},{"floor":20,"key":"SteroidPotion"},{"floor":25,"key":"ElixirPotion"},{"floor":33,"key":"SteroidPotion"},{"floor":35,"key":"EssenceOfSteel"},{"floor":44,"key":"SpeedPotion"},{"floor":48,"key":"AttackPotion"}],"is_trial":false,"path_per_floor":["M","?","M","M","$","R","E","M","T","R","E","M","M","M","R","B",null,"M","$","M","M","M","E","R","E","T","E","R","?","$","?","R","B",null,"M","M","?","$","M","R","E","?","T","E","R","$","?","M","R","B","B"],"character_chosen":"IRONCLAD","items_purchased":["Armaments","Lee\u0027s Waffle","Combust","FairyPotion","Strength Potion"],"campfire_rested":6,"item_purchase_floors":[5,19,19,30,30],"current_hp_per_floor":[64,85,85,79,79,79,60,61,61,61,61,67,62,45,45,56,78,52,92,84,71,53,28,55,15,15,14,41,14,14,14,41,69,86,77,39,39,39,29,56,53,53,53,29,59,59,59,43,73,11,0,0],"gold":97,"neow_bonus":"TRANSFORM_TWO_CARDS","is_daily":false,"chose_seed":false,"campfire_upgraded":3,"win_rate":0.0,"timestamp":1612900006,"path_taken":["M","?","?","?","$","R","E","M","T","R","E","M","M","M","R","BOSS","M","$","M","M","?","E","R","E","T","E","R","?","$","?","R","BOSS","M","M","?","$","?","R","E","?","T","E","R","?","?","M","R","BOSS","BOSS"],"items_purchased_type":["Card","Relic","Card","Potion","Potion"],"build_version":"2020-12-22","purchased_purges":3,"victory":false,"max_hp_per_floor":[75,85,85,85,85,85,85,85,85,85,85,85,85,85,85,85,85,85,92,92,92,92,92,92,92,92,92,92,92,92,92,92,92,92,92,92,92,92,92,92,102,102,102,102,102,102,102,102,102,102,102,102],"card_choices":[{"not_picked":["Wild Strike","Warcry"],"picked":"True Grit","floor":1},{"not_picked":["Sword Boomerang","Power Through"],"picked":"Clothesline","floor":3},{"not_picked":["Dropkick","Bloodletting"],"picked":"Uppercut","floor":4},{"not_picked":["Inflame","Flex"],"picked":"Fiend Fire","floor":7},{"not_picked":["Sever Soul","Perfected Strike"],"picked":"Spot Weakness","floor":8},{"not_picked":["Heavy Blade","True Grit"],"picked":"Disarm","floor":11},{"not_picked":["Iron Wave","Thunderclap"],"picked":"Shrug It Off","floor":12},{"not_picked":["Clash","Perfected Strike"],"picked":"Shockwave","floor":13},{"not_picked":["Body Slam","Cleave"],"picked":"Demon Form","floor":14},{"not_picked":["Berserk","Bludgeon"],"picked":"Brutality","floor":16},{"not_picked":["Sword Boomerang","Heavy Blade"],"picked":"Twin Strike+1","floor":18},{"not_picked":["Power Through","Armaments"],"picked":"Whirlwind","floor":20},{"not_picked":["Thunderclap","Pommel Strike"],"picked":"Power Through","floor":21},{"not_picked":["Twin Strike+1","Pommel Strike"],"picked":"Battle Trance","floor":22},{"not_picked":["True Grit","Headbutt","Corruption"],"picked":"SKIP","floor":23},{"not_picked":["Burning Pact","Headbutt"],"picked":"Heavy Blade+1","floor":25},{"not_picked":["Clash","Cleave","Shrug It Off"],"picked":"SKIP","floor":27},{"not_picked":["Exhume","Berserk"],"picked":"Offering","floor":33},{"not_picked":["Pommel Strike","Dual Wield"],"picked":"Bloodletting","floor":35},{"not_picked":["Rage","Body Slam","Iron Wave"],"picked":"SKIP","floor":36},{"not_picked":["Wild Strike+1","Whirlwind","Shrug It Off"],"picked":"SKIP","floor":39},{"not_picked":["Shockwave+1","Perfected Strike+1"],"picked":"Metallicize+1","floor":41},{"not_picked":["Shrug It Off","Rampage+1"],"picked":"Warcry+1","floor":44},{"not_picked":["Searing Blow","Warcry","Power Through"],"picked":"SKIP","floor":48}],"player_experience":442289,"relics_obtained":[{"floor":7,"key":"Ice Cream"},{"floor":9,"key":"Pantograph"},{"floor":11,"key":"Potion Belt"},{"floor":23,"key":"Red Skull"},{"floor":25,"key":"Lantern"},{"floor":26,"key":"PreservedInsect"},{"floor":27,"key":"Omamori"},{"floor":41,"key":"Pear"},{"floor":44,"key":"Smiling Mask"}],"event_choices":[{"cards_removed":["Juggernaut"],"damage_healed":11,"gold_gain":0,"player_choice":"Offered Rare","damage_taken":0,"max_hp_gain":10,"max_hp_loss":0,"event_name":"Bonfire Elementals","floor":2,"gold_loss":0},{"damage_healed":0,"gold_gain":0,"player_choice":" Potion ","damage_taken":27,"relics_obtained":[],"max_hp_gain":41,"max_hp_loss":14,"event_name":"betterAltar:BetterAltar","floor":29,"potions_obtained":["betterAltar:AltarPotion"],"relics_lost":[],"gold_loss":0},{"damage_healed":0,"gold_gain":0,"player_choice":"Read","damage_taken":0,"max_hp_gain":0,"max_hp_loss":0,"event_name":"The Library","floor":31,"gold_loss":0,"cards_obtained":["Battle Trance"]},{"damage_healed":0,"gold_gain":50,"player_choice":"Pray","damage_taken":0,"max_hp_gain":0,"max_hp_loss":0,"event_name":"Golden Shrine","floor":37,"gold_loss":0},{"cards_removed":["Defend_R"],"damage_healed":0,"gold_gain":0,"player_choice":"Removed Skill","damage_taken":0,"max_hp_gain":0,"max_hp_loss":0,"event_name":"Falling","floor":42,"gold_loss":0},{"damage_healed":0,"gold_gain":0,"player_choice":"Ignored","damage_taken":0,"max_hp_gain":0,"max_hp_loss":0,"event_name":"Mysterious Sphere","floor":47,"gold_loss":0}],"is_beta":false,"boss_relics":[{"not_picked":["Runic Dome","SacredBark"],"picked":"Fusion Hammer"},{"not_picked":["Mark of Pain","SlaversCollar"],"picked":"Runic Cube"}],"items_purged_floors":[19,38,46],"is_endless":false,"potions_floor_spawned":[4,7,11,12,16,18,20,25,33,35,36,44,48],"killed_by":"Awakened One","ascension_level":20}}