{"host":"v3qphhcqhwfpabne","time":1612857115,"event":{"mods":["100% Spire Juice","2.2 Compatiblity","AchievementEnabler","BaseMod","CapriCore","DeckTracker","KinomotoSakuraMod(ÙÊñýÜâ?)","Koishi","Marisa£¨Ùöéë¡¡Øª×âÞÞ£©","Minty Spire (QoL Compilation)","Permanent Neow","Prisma Mod","StSLib","Td1madao Mod","The Bug Knight","The Cursed","The Immortal","The Runesmith","WarShipGirlsR/??á´Ò³R mod"],"gold_per_floor":[110,126,139,139,154,154,329,343,343,326,326,66,66,79,79,79,79],"floor_reached":16,"language":"KOR","playtime":598,"items_purged":["Doubt"],"score":108,"play_id":"1ac557a2-9709-40c7-bb2a-2dd4b3d8d928","local_time":"20210209165155","is_ascension_mode":true,"campfire_choices":[{"data":"Sentinel","floor":6,"key":"SMITH"},{"data":"Immolate","floor":13,"key":"SMITH"},{"floor":15,"key":"REST"}],"circlet_count":0,"master_deck":["Strike_R","Strike_R","Strike_R","Strike_R","Defend_R","Defend_R","Defend_R","Defend_R","Bash","Injury","Impervious","Sentinel+1","Burning Pact","Metallicize","Immolate+1","True Grit"],"relics":["Burning Blood","Matryoshka"],"acts_visited":["Exordium"],"potions_floor_usage":[16],"damage_taken":[{"damage":0,"enemies":"2 Louse","floor":1,"turns":4},{"damage":23,"enemies":"Jaw Worm","floor":2,"turns":4},{"damage":24,"enemies":"Small Slimes","floor":3,"turns":4},{"damage":16,"enemies":"Gremlin Gang","floor":5,"turns":9},{"damage":12,"enemies":"Exordium Wildlife","floor":8,"turns":6},{"damage":11,"enemies":"Exordium Thugs","floor":10,"turns":4},{"damage":17,"enemies":"Lots of Slimes","floor":14,"turns":2},{"damage":64,"enemies":"Hexaghost","floor":16,"turns":16}],"seed_played":"-8548367703386192699","potions_obtained":[{"floor":1,"key":"Energy Potion"},{"floor":8,"key":"Block Potion"},{"floor":14,"key":"BlessingOfTheForge"}],"is_trial":false,"path_per_floor":["M","M","M","?","M","R","?","M","T","M","?","$","R","M","R","B"],"character_chosen":"IRONCLAD","items_purchased":["Metallicize","Immolate"],"campfire_rested":1,"item_purchase_floors":[12,12],"current_hp_per_floor":[80,63,45,71,61,61,61,55,55,50,50,50,50,39,63,0,0],"gold":79,"neow_bonus":"THREE_RARE_CARDS","is_daily":false,"chose_seed":false,"campfire_upgraded":2,"win_rate":0.0,"timestamp":1612857115,"path_taken":["M","M","M","?","M","R","?","M","T","M","?","$","R","M","R","BOSS"],"items_purchased_type":["Card","Card"],"build_version":"2020-12-22","purchased_purges":1,"victory":false,"max_hp_per_floor":[80,80,80,80,80,80,80,80,80,80,80,80,80,80,80,80,80],"card_choices":[{"not_picked":["Berserk","Corruption"],"picked":"Impervious","floor":0},{"not_picked":["Twin Strike","Infernal Blade","Warcry"],"picked":"SKIP","floor":1},{"not_picked":["Twin Strike","Offering","Perfected Strike"],"picked":"SKIP","floor":2},{"not_picked":["Cleave","Havoc"],"picked":"Sentinel","floor":3},{"not_picked":["Warcry","Dual Wield","Blood for Blood"],"picked":"SKIP","floor":5},{"not_picked":["Cleave","Headbutt"],"picked":"Burning Pact","floor":8},{"not_picked":["Searing Blow","Twin Strike","Intimidate"],"picked":"SKIP","floor":10},{"not_picked":["Seeing Red","Dual Wield"],"picked":"True Grit","floor":14}],"player_experience":141551,"relics_obtained":[{"floor":9,"key":"Matryoshka"}],"event_choices":[{"damage_healed":26,"gold_gain":0,"player_choice":"Banana","damage_taken":0,"max_hp_gain":0,"max_hp_loss":0,"event_name":"Big Fish","floor":4,"gold_loss":0},{"damage_healed":0,"gold_gain":175,"player_choice":"AGREE","damage_taken":0,"max_hp_gain":0,"max_hp_loss":0,"event_name":"Liars Game","floor":7,"gold_loss":0,"cards_obtained":["Doubt"]},{"cards_removed":["Strike_R"],"damage_healed":0,"gold_gain":0,"player_choice":"Offered Basic","damage_taken":0,"max_hp_gain":0,"max_hp_loss":0,"event_name":"Bonfire Elementals","floor":11,"gold_loss":0}],"is_beta":false,"boss_relics":[],"items_purged_floors":[12],"is_endless":false,"potions_floor_spawned":[1,8,14],"killed_by":"Hexaghost","ascension_level":3}}