{"host":"ou23awlgcm0pi7o1","time":1612897724,"event":{"mods":["BaseMod","Colored Map","Downfall","Minty Spire (QoL Compilation)","StSLib","Unceasing Turn Reminder"],"gold_per_floor":[0,10,28,43,53,69,69,169,183,83,112,562,462,487,500,604,604,604,623,643,643,654,654,733,763,663,58,78,113,113,46,64,168,168,168,181,235,235,252,252,252,280,380,269,269,151,167,167,167,167],"floor_reached":48,"language":"ENG","playtime":2372,"items_purged":["Regret","bronze:NullPointer+1"],"score":691,"play_id":"7036ba80-1b41-4b08-8e78-74780b930372","local_time":"20210209190844","is_ascension_mode":true,"campfire_choices":[{"floor":1,"key":"RECALL"},{"data":"bronze:RecursiveStrike","floor":10,"key":"SMITH"},{"data":"bronze:ItsAFeature","floor":13,"key":"SMITH"},{"data":"bronze:Boost","floor":18,"key":"SMITH"},{"data":"bronze:Flail","floor":23,"key":"SMITH"},{"floor":26,"key":"REST"},{"data":"bronze:Goto","floor":30,"key":"SMITH"},{"data":"bronze:InfiniteBeams","floor":35,"key":"SMITH"},{"floor":45,"key":"REST"}],"circlet_count":0,"master_deck":["bronze:Replicate","bronze:Goto+1","bronze:RecursiveStrike+1","bronze:Shield","bronze:BugBarrage","bronze:ItsAFeature+1","bronze:Flail+1","bronze:DigitalCarnage","bronze:Boost+1","bronze:BuggyMess+1","downfall:Icky","downfall:Icky","downfall:Icky","bronze:WildBeam","bronze:Safeguard+1","bronze:Format+1","bronze:OilSpill+1","bronze:Verify","bronze:CloningBeam","bronze:BronzeArmor+1","bronze:InfiniteBeams+1","bronze:Shield+1","bronze:CloningBeam+1","bronze:ItsAFeature","bronze:FineTuning+1","bronze:BuggyMess+1","bronze:WhirlingStrike+1","bronze:Fortify+1","bronze:FineTuning+1","bronze:Verify","bronze:Flail+1","Clumsy","expansioncontent:InvincibleStrength","bronze:Frontload+1","bronze:Repulsor","Mayhem","bronze:CutThrough+1","bronze:ForceShield+1","bronze:Flail+1","bronze:OilSpill+1","bronze:BitShift+1"],"relics":["bronze:BronzeCore","Toxic Egg 2","downfall:HeartBlessingRed","Blue Candle","downfall:HeartBlessingGreen","Orichalcum","Busted Crown","Ornamental Fan","downfall:HeartBlessingBlue","Guardian:PocketSentry","Molten Egg 2","Mango","Astrolabe","CaptainsWheel","HornCleat","Boot"],"acts_visited":["Exordium","TheCity","TheBeyond"],"potions_floor_usage":[11,14,16,29,48,48],"damage_taken":[{"damage":0,"enemies":"2 Louse","floor":2,"turns":1},{"damage":1,"enemies":"Jaw Worm","floor":3,"turns":2},{"damage":0,"enemies":"Cultist","floor":4,"turns":3},{"damage":13,"enemies":"Large Slime","floor":5,"turns":3},{"damage":2,"enemies":"Blue Slaver","floor":6,"turns":3},{"damage":18,"enemies":"Exordium Thugs","floor":9,"turns":3},{"damage":15,"enemies":"Lagavulin","floor":11,"turns":5},{"damage":9,"enemies":"3 Sentries","floor":14,"turns":2},{"damage":6,"enemies":"2 Fungi Beasts","floor":15,"turns":2},{"damage":1,"enemies":"SI_SHIV_ARCHETYPE","floor":16,"turns":6},{"damage":1,"enemies":"3 Byrds","floor":19,"turns":3},{"damage":0,"enemies":"Cultist and Chosen","floor":20,"turns":3},{"damage":14,"enemies":"Shelled Parasite and Fungi","floor":22,"turns":3},{"damage":29,"enemies":"Slavers","floor":25,"turns":3},{"damage":1,"enemies":"downfall:FleeingMerchant","floor":27,"turns":4},{"damage":6,"enemies":"Centurion and Healer","floor":28,"turns":4},{"damage":21,"enemies":"Gremlin Leader","floor":29,"turns":6},{"damage":6,"enemies":"downfall:FleeingMerchant","floor":31,"turns":4},{"damage":2,"enemies":"Chosen and Byrds","floor":32,"turns":4},{"damage":21,"enemies":"IC_MUSHROOM_ARCHETYPE","floor":33,"turns":7},{"damage":7,"enemies":"Orb Walker","floor":36,"turns":3},{"damage":51,"enemies":"2 Orb Walkers","floor":37,"turns":4},{"damage":15,"enemies":"3 Darklings","floor":39,"turns":6},{"damage":10,"enemies":"Giant Head","floor":42,"turns":8},{"damage":0,"enemies":"downfall:FleeingMerchant","floor":44,"turns":3},{"damage":26,"enemies":"Writhing Mass","floor":47,"turns":8}],"seed_played":"-7887274536755550301","potions_obtained":[{"floor":3,"key":"Fire Potion"},{"floor":6,"key":"SteroidPotion"},{"floor":9,"key":"Dexterity Potion"},{"floor":11,"key":"BlessingOfTheForge"},{"floor":19,"key":"Explosive Potion"},{"floor":28,"key":"Guardian:BlockOnCardUsePotion"},{"floor":32,"key":"champ:CounterPotion"},{"floor":33,"key":"EssenceOfSteel"}],"is_trial":false,"path_per_floor":["R","M","M","M","M","M","T","?","M","R","E","?","R","E","M","B",null,"R","M","M","?","M","R","T","E","R","$","M","E","R","$","M","B",null,"R","M","?","?","M","?","T","E","?","$","R","$","M","M"],"character_chosen":"THE_AUTOMATON","items_purchased":["bronze:BronzeArmor+1","Guardian:PocketSentry","Molten Egg 2","bronze:InfiniteBeams","bronze:FineTuning+1","bronze:Repulsor","Mayhem","bronze:CutThrough+1","bronze:ForceShield+1","bronze:Flail+1","bronze:OilSpill+1"],"campfire_rested":2,"item_purchase_floors":[27,27,27,27,31,44,44,44,44,46,46],"current_hp_per_floor":[70,70,69,69,56,54,54,54,36,36,21,21,21,12,6,5,70,70,69,69,69,55,55,55,26,60,59,53,46,46,40,38,17,94,94,87,36,36,21,21,21,11,11,11,39,39,13,0,0,0],"gold":167,"neow_bonus":"TRANSFORM_TWO_CARDS","is_daily":false,"chose_seed":false,"campfire_upgraded":6,"win_rate":0.0,"timestamp":1612897724,"path_taken":["R","M","M","M","M","M","T","?","M","R","E","?","R","E","M","BOSS","R","M","M","?","M","R","T","E","R","$","?","E","R","$","M","BOSS","R","M","?","?","?","?","T","E","?","$","R","$","?","M"],"items_purchased_type":["Card","Relic","Relic","Card","Card","Card","Card","Card","Card","Card","Card"],"build_version":"2020-12-22","purchased_purges":2,"victory":false,"max_hp_per_floor":[70,70,70,70,70,70,70,70,70,70,70,70,70,70,70,70,70,70,70,70,70,70,70,70,70,80,80,80,94,94,94,94,94,94,94,94,94,94,94,94,94,94,94,94,94,94,94,94,94,94],"card_choices":[{"not_picked":["bronze:Invalidate","bronze:DigitalCarnage"],"picked":"bronze:BugBarrage","floor":2},{"not_picked":["bronze:Shield","bronze:Overheat"],"picked":"bronze:ItsAFeature","floor":3},{"not_picked":["bronze:Branch","bronze:Iterate"],"picked":"bronze:Flail","floor":4},{"not_picked":["bronze:BugBarrage","bronze:OilSpill"],"picked":"bronze:DigitalCarnage","floor":5},{"not_picked":["bronze:BugBarrage","bronze:FollowUp"],"picked":"bronze:Boost","floor":6},{"not_picked":["bronze:ThunderWave","bronze:Separator","bronze:WhirlingStrike"],"picked":"SKIP","floor":9},{"not_picked":["bronze:DelayedSlice","bronze:CutThrough"],"picked":"bronze:BuggyMess+1","floor":11},{"not_picked":["bronze:DelayedGuard+1","bronze:Invalidate+1"],"picked":"bronze:WildBeam","floor":14},{"not_picked":["bronze:WildBeam","bronze:FindAndReplace+1"],"picked":"bronze:Safeguard+1","floor":15},{"not_picked":["bronze:FindAndReplace+1","bronze:BurnOut"],"picked":"bronze:Format+1","floor":16},{"not_picked":["bronze:DelayedGuard+1"],"picked":"SKIP","floor":19},{"not_picked":["bronze:Invalidate+1"],"picked":"SKIP","floor":20},{"not_picked":[],"picked":"bronze:OilSpill+1","floor":22},{"not_picked":[],"picked":"bronze:Verify","floor":25},{"not_picked":[],"picked":"bronze:CloningBeam","floor":27},{"not_picked":[],"picked":"bronze:Shield+1","floor":28},{"not_picked":[],"picked":"bronze:CloningBeam+1","floor":29},{"not_picked":[],"picked":"bronze:ItsAFeature","floor":31},{"not_picked":[],"picked":"bronze:BuggyMess+1","floor":32},{"not_picked":["bronze:DigitalCarnage+1"],"picked":"SKIP","floor":36},{"not_picked":[],"picked":"bronze:FineTuning+1","floor":37},{"not_picked":["bronze:ChosenStrike+1"],"picked":"SKIP","floor":39},{"not_picked":["expansioncontent:YouAreMine","expansioncontent:PolyBeam"],"picked":"expansioncontent:InvincibleStrength","floor":40},{"not_picked":[],"picked":"bronze:Frontload+1","floor":42},{"not_picked":["bronze:Deprecate+1"],"picked":"SKIP","floor":44},{"not_picked":[],"picked":"bronze:BitShift+1","floor":47}],"player_experience":366305,"relics_obtained":[{"floor":7,"key":"Toxic Egg 2"},{"floor":11,"key":"Blue Candle"},{"floor":14,"key":"Orichalcum"},{"floor":25,"key":"Ornamental Fan"},{"floor":29,"key":"Mango"},{"floor":37,"key":"CaptainsWheel"},{"floor":41,"key":"HornCleat"},{"floor":42,"key":"Boot"}],"event_choices":[{"damage_healed":0,"gold_gain":0,"player_choice":"Fight","damage_taken":0,"max_hp_gain":0,"max_hp_loss":0,"event_name":"Mysterious Sphere","floor":37,"gold_loss":0}],"is_beta":false,"boss_relics":[{"not_picked":["Tiny House","SlaversCollar"],"picked":"Busted Crown"},{"not_picked":["Velvet Choker","Pandora\u0027s Box"],"picked":"Astrolabe"}],"items_purged_floors":[27,44],"is_endless":false,"potions_floor_spawned":[3,6,9,11,19,28,32,33,36],"killed_by":"4 Shapes","ascension_level":2}}