{"host":"w5vfr18i2ft1pzo2","time":1612901380,"event":{"mods":["AchievementEnabler","Act Like it!","Aspiration","BaseMod","Better Debug","Better Third Choice","BetterRewards","Bossed Relics","Colored Map","Colored Powertips","Conspire","Curses Come First","DNKmod","Defuse TimeMaze Blight","Dota2Spire","Elementarium","Energized Spire","Evolution","Force Act Four","Fox Events","Friendly Minions","Gensokyo","GifTheSpireLib","Gold Saver","Halation","Hallownest","Hubris","Hyrulean Relics","Infinite Spire","Jedi Mod","Marisa????????","Minty Spire (QoL Compilation)","MostiFishMod","Poor People Problems","Prisma Mod","Reimu??????","Relic Filter Mod","Reliquary","Remilia??????","Replay The Spire","RumiaBox-????????","SacredBarkPlus","Shop Mod","Small Relic Pack","Spicy Shops","Spikes Relics","Spire Arcade","StS++","StSLib","Stuff the Spire","SuperFastMode","Synergy Search","The Animator","The Blue Laboratory","The Servant 0.9.4","Trackpad","Treasure Hunter","Uncapped","Wandering Minibosses","Yakumo Yukari mod","noobMod","??????REMEMod"],"gold_per_floor":[15754,15768,15768,15768,15768,15808,15824,15837,15860,15890,15438,15438,15475,15566,15566,15642,15642,15663,15663,15691,15748,15748,15796,15819,15852,15898,15898,15933,15933,15933,15954,15954,16040,16040,16060,15910,15925,15935,15954,15989,16002,16002,16002,16002,16002,16024,16037,16090,16090,16163,16253,16253,16253],"floor_reached":52,"language":"ENG","playtime":2571,"items_purged":["Evaluate","jedi:BattleThirst","EmptyBody","Evaluate","Parasite"],"score":2909,"play_id":"8cd3ea8a-b75c-4a80-b767-82e9164e2443","local_time":"20210210040940","is_ascension_mode":true,"campfire_choices":[{"floor":15.0,"key":"RECALL"},{"data":"MostiFishMod:Kaleido","floor":32.0,"key":"SMITH"},{"data":"MostiFishMod:KamiSmash","floor":42.0,"key":"SMITH"},{"data":"Master of Strategy","floor":44.0,"key":"SMITH"},{"data":"MastersStateliness","floor":49.0,"key":"SMITH"}],"circlet_count":0,"master_deck":["AscendersBane","EmptyFist+1","StSpp:LatentStrike+1","CutThroughFate","CrushJoints","ThirdEye","Eruption","Vigilance","Master of Strategy+1","BowlingBash","MostiFishMod:KingOfFree+1","REME_Repentance","jedi:forcepull","TH:BikiniMail+1","Replay:BluntJabs","Fasting2","TH:TreasureMap","TH:CursedSword","Sanctity","MostiFishMod:Kaleido+1","Master of Strategy+1","MostiFishMod:MusicBox","TH:CursedSword","TH:BikiniMail","MostiFishMod:DisColor+1","MostiFishMod:ScryFuture","Swivel+1","TH:BikiniMail","Omniscience+1","Replay:Hum+1","FollowUp","MostiFishMod:LegendTransform","jedi:forcepush+1","TH:DeckOfManyThings","Wish+1","NineCharacters:ReiMu","TH:BikiniMail","ConjureBlade+1","TH:DeckOfManyThings+1","TH:CopperCoins","PrismaMod:MiyuDevil+1","TH:BikiniMail","Demonic Infusion+1","animator:ChlammyZell+1","MostiFishMod:KamiSmash+1","Discovery+1","EndlessAdversity+1","TheWorld+1","TH:TreasureMap","Whirlwind","MastersStateliness+1","TH:BikiniMail","MostiFishMod:ScryFuture","Vengeance+1","Violence+1","Jack Of All Trades+1","Hidden Blade+1","ScarletDevil","TH:TreasureMap","AlertArray:ReiMu+1","TH:TreasureMap","Eclipse+1","Reforge+1"],"relics":["PureWater","EVO:Axolotl","DaveBox","ice","REME_ComplimentaryCards","jedi:Pinwheel","Dota2Spire:BladeMail","halation:IllGainedPizza","StuffTheSpire:Barrel","SynthV:TestCard","DiscerningMonocle","halation:EternalFortune","StSpp:GiftCard","Pondfish Scales","conspire:GlowingRock","hubris:64BitClover","halation:Sosunser","aspiration:Lifesprig","Mirror","Guide Book","StSpp:JackpotMachine","ReplayTheSpireMod:ShopPack","Toxic Egg 2","jedi:HeartOfTheCards","conspire:SpecialSausage","StuffTheSpire:DarkSteelAnvil","wanderingMiniBosses:CarrionFlame","REME_HourglassOfDeath","Ancient Tea Set","halation:LostSnail","ReplayTheSpireMod:Lightbulb","PrismaticShard","Dota2Spire:DrumOfEndurance","Replay:Baseball","halation:PromiseList","Gremlin Food","Oddly Smooth Stone","halation:PinkSoulGem","Ring of Searing","ReplayTheSpireMod:Ring of Challenge","Elementarium:ElementariumTrophy","Technique","OrangePellets","Whetstone","reliquary:RosewoodLute","Dota2Spire:BattleFury","aspiration:TomeofQuesting","SSSystem","reliquary:PrincelyHelmet","GodSword6","Chameleon Ring","Damaru","GodSword1","aspiration:Nostalgia","m_SpellCore","TeardropLocket","TheAbacus","Dota2Spire:ShivaGuard"],"acts_visited":["Gensokyo:Gensokyo","Elementarium:Elementarium","Hallownest:KingdomsEdge","Hallownest:Greenpath"],"potions_floor_usage":[],"damage_taken":[{"damage":0.0,"enemies":"Gensokyo:Python","floor":1.0,"turns":2.0},{"damage":0.0,"enemies":"Gensokyo:2_Kodama","floor":2.0,"turns":2.0},{"damage":0.0,"enemies":"Gensokyo:Cirno","floor":6.0,"turns":5.0},{"damage":0.0,"enemies":"Gensokyo:3_Fairies","floor":7.0,"turns":3.0},{"damage":0.0,"enemies":"Gensokyo:LivingMonolith","floor":8.0,"turns":2.0},{"damage":8.0,"enemies":"Gensokyo:Mamizou","floor":10.0,"turns":4.0},{"damage":0.0,"enemies":"Gensokyo:Cirno","floor":13.0,"turns":5.0},{"damage":10.0,"enemies":"Gensokyo:Reimu","floor":16.0,"turns":6.0},{"damage":1.0,"enemies":"Elementarium:Cyclone","floor":18.0,"turns":1.0},{"damage":0.0,"enemies":"Elementarium:2_ELEMENTALS","floor":20.0,"turns":4.0},{"damage":60.0,"enemies":"Elementarium:VoidBeast","floor":21.0,"turns":6.0},{"damage":25.0,"enemies":"Elementarium:ElementalPortal","floor":23.0,"turns":7.0},{"damage":12.0,"enemies":"Elementarium:Hydrostalker","floor":24.0,"turns":3.0},{"damage":10.0,"enemies":"Elementarium:FIRE_NOBILITY","floor":25.0,"turns":3.0},{"damage":4.0,"enemies":"Nightmare","floor":28.0,"turns":4.0},{"damage":26.0,"enemies":"Elementarium:STONE_GOLEMS","floor":31.0,"turns":2.0},{"damage":15.0,"enemies":"Elementarium:GolemEmperor","floor":33.0,"turns":3.0},{"damage":0.0,"enemies":"Hallownest:3_Siblings","floor":35.0,"turns":1.0},{"damage":11.0,"enemies":"Hallownest:2_Littles","floor":37.0,"turns":2.0},{"damage":0.0,"enemies":"Hallownest:monsterPrimalAspid","floor":38.0,"turns":1.0},{"damage":0.0,"enemies":"Hallownest:2_Great","floor":39.0,"turns":2.0},{"damage":0.0,"enemies":"Hallownest:eliteHiveKnight","floor":40.0,"turns":3.0},{"damage":0.0,"enemies":"Hallownest:Slobbering_and_Violent","floor":41.0,"turns":1.0},{"damage":0.0,"enemies":"Hallownest:2_Wing_and_1_Kings","floor":46.0,"turns":1.0},{"damage":0.0,"enemies":"Hallownest:monsterPrimalAspid","floor":47.0,"turns":1.0},{"damage":234.0,"enemies":"Nightmare","floor":48.0,"turns":5.0},{"damage":0.0,"enemies":"Hallownest:Radiance","floor":50.0,"turns":3.0},{"damage":71.0,"enemies":"Hallownest:BossHollowKnight","floor":51.0,"turns":3.0}],"seed_played":"8397111301773473657","potions_obtained":[{"floor":1.0,"key":"FearPotion"},{"floor":6.0,"key":"jedi:StrikingPotion"},{"floor":21.0,"key":"Strength Potion"},{"floor":24.0,"key":"Milkshake"},{"floor":47.0,"key":"PowerPotion"}],"is_trial":false,"path_per_floor":["M","M","?","$","?","E","M","M","T","E","COS","T","E","?","R","B",null,"M","?","M","M","$","E","M","E","T","?","NM","?","?","M","R","B",null,"M","$","M","M","M","E","M","R","T","R","$","M","M","NM","R","B","B",null],"character_chosen":"WATCHER","items_purchased":["jedi:Pinwheel","Dota2Spire:BladeMail","halation:IllGainedPizza","StuffTheSpire:Barrel","Master of Strategy","StSpp:GiftCard","Pondfish Scales","conspire:GlowingRock","hubris:64BitClover","halation:Sosunser","Fruit Juice","jedi:forcepull","REME_HourglassOfDeath","Ancient Tea Set","halation:LostSnail","ReplayTheSpireMod:Lightbulb","jedi:forcepush+1","PrismaticShard","Technique","OrangePellets","Whetstone","reliquary:RosewoodLute","Dota2Spire:BattleFury","aspiration:TomeofQuesting","MostiFishMod:KamiSmash","MostiFishMod:ScryFuture","Vengeance+1","Violence+1","Jack Of All Trades+1","Chameleon Ring","Damaru","GodSword1","aspiration:Nostalgia","TeardropLocket","TheAbacus"],"campfire_rested":0,"item_purchase_floors":[0,0,0,0,0,4,4,4,4,4,4,4,22,22,22,22,22,22,36,36,36,36,36,36,36,45,45,45,45,45,45,45,45,45,45],"current_hp_per_floor":[155,155,158,163,170,170,170,170,170,162,162,162,164,108,108,100,153,152,152,153,98,98,74,66,73,73,73,70,70,70,44,44,30,140,141,141,130,130,131,132,133,133,133,133,133,134,134,74,74,74,199,199,199],"gold":16253,"neow_bonus":"","is_daily":false,"chose_seed":false,"campfire_upgraded":4,"win_rate":0.0,"timestamp":1612901380,"path_taken":["M","M","?","$","?","E","M","?","T","E","COS","?","E","?","R","BOSS","M","?","?","M","$","E","M","E","T","?","NM","?","?","?","R","BOSS","M","$","?","M","M","E","M","R","T","R","$","M","M","NM","R","BOSS","BOSS","BOSS"],"items_purchased_type":["Relic","Relic","Relic","Relic","Card","Relic","Relic","Relic","Relic","Relic","Potion","Card","Relic","Relic","Relic","Relic","Card","Relic","Relic","Relic","Relic","Relic","Relic","Relic","Card","Card","Card","Card","Card","Relic","Relic","Relic","Relic","Relic","Relic"],"build_version":"2020-12-22","purchased_purges":5,"victory":false,"max_hp_per_floor":[162,162,165,170,170,170,170,170,170,170,170,170,170,170,170,170,170,170,170,170,173,173,173,176,176,176,176,176,176,176,176,176,176,176,176,176,176,176,176,176,176,176,176,176,173,173,173,180,180,181,199,199,199],"card_choices":[{"not_picked":["EmptyFist","CrushJoints"],"picked":"BowlingBash","floor":1.0},{"not_picked":["FlurryOfBlows","BowlingBash","SignatureMove","MostiFishMod:DustFall"],"picked":"REME_Repentance","floor":2.0},{"not_picked":["TH:PixieDust","TH:ArmorSpikes","TH:Mimic"],"picked":"TH:BikiniMail","floor":6.0},{"not_picked":["BowlingBash","Consecrate","DeceiveReality","StSpp:Renounce","REME_MusicOfDeath"],"picked":"SKIP","floor":6.0},{"not_picked":["REME_Repentance","CrushJoints","Evaluate","FlurryOfBlows"],"picked":"Replay:BluntJabs","floor":7.0},{"not_picked":["REME_Repentance","DeusExMachina","Replay:BluntJabs","BowlingBash"],"picked":"Fasting2","floor":8.0},{"not_picked":["TH:BikiniMail","TH:DeckOfManyThings","TH:ArmorSpikes"],"picked":"TH:TreasureMap","floor":9.0},{"not_picked":["TH:TreasureMap","TH:PixieDust","TH:BikiniMail"],"picked":"TH:CursedSword","floor":10.0},{"not_picked":["ThirdEye","CutThroughFate","SashWhip","Crescendo"],"picked":"Sanctity","floor":10.0},{"not_picked":["MostiFishMod:PerfectForm","jedi:LeechingStrike","Reforge","REME_WheelOfFate"],"picked":"MostiFishMod:Kaleido","floor":11.0},{"not_picked":["REME_ProfessionalPlagiarism","TH:PixieDust","Impatience","ReplayTheSpireMod:Brewmster"],"picked":"Master of Strategy","floor":11.0},{"not_picked":["Dramatic Entrance","Forethought","Impatience","StSpp:Unbreakable"],"picked":"MostiFishMod:MusicBox","floor":11.0},{"not_picked":["TH:EnergyPotion","TH:ArmorSpikes","TH:ElvenBoots"],"picked":"TH:CursedSword","floor":12.0},{"not_picked":["TH:DeckOfManyThings","TH:ElvenBoots","TH:PixieDust"],"picked":"TH:BikiniMail","floor":13.0},{"not_picked":["EmptyFist","Crescendo+1","CutThroughFate","BowlingBash"],"picked":"MostiFishMod:DisColor+1","floor":13.0},{"not_picked":["StSpp:Renounce+1","Consecrate","Prostrate+1","FlurryOfBlows"],"picked":"MostiFishMod:ScryFuture","floor":14.0},{"not_picked":["Perseverance+1","PathToVictory+1","Sanctity+1","EmptyFist"],"picked":"Swivel+1","floor":14.0},{"not_picked":["TH:ElvenBoots","TH:EnergyPotion","TH:Mimic"],"picked":"TH:BikiniMail","floor":16.0},{"not_picked":["StSpp:VitalPoint+1","Judgement+1","DevaForm","MostiFishMod:Minus+1"],"picked":"Omniscience+1","floor":16.0},{"not_picked":["Halt+1","FlyingSleeves","Consecrate","EmptyBody+1"],"picked":"Replay:Hum+1","floor":18.0},{"not_picked":["JustLucky","Halt+1","SashWhip","FlyingSleeves"],"picked":"FollowUp","floor":20.0},{"not_picked":["Replay:BluntJabs+1","Pray+1","Replay:AtTheReady+1","Worship+1"],"picked":"MostiFishMod:LegendTransform","floor":21.0},{"not_picked":["TH:EnergyPotion","TH:ArmorSpikes","TH:PixieDust"],"picked":"TH:DeckOfManyThings","floor":23.0},{"not_picked":["TightArray:ReiMu","AsteroidBelt+1","MeetDecomposer_purple+1","MostiFishMod:FlowState+1"],"picked":"Wish+1","floor":23.0},{"not_picked":["StSpp:TargetLocked+1","StuffTheSpire:ClusterCrunch","NineCharacters:ReiMu","animator:Scar","animator:ElricEdward"],"picked":"SKIP","floor":24.0},{"not_picked":["StSpp:TargetLocked+1","StuffTheSpire:ClusterCrunch","animator:Scar","animator:ElricEdward"],"picked":"NineCharacters:ReiMu","floor":24.0},{"not_picked":["TH:CopperCoins","TH:CursedSword","TH:EnergyPotion"],"picked":"TH:BikiniMail","floor":25.0},{"not_picked":["MostiFishMod:PreservedThorns+1","MostiFishMod:ShivMaster","StuffTheSpire:Fury+1","ReplayReversal+1"],"picked":"ConjureBlade+1","floor":25.0},{"not_picked":["TH:CursedSword","TH:CopperCoins","TH:EnergyPotion"],"picked":"TH:DeckOfManyThings","floor":26.0},{"not_picked":["TH:ArmorSpikes","TH:EnergyPotion","TH:PixieDust"],"picked":"TH:CopperCoins","floor":28.0},{"not_picked":["PurpleNeedle_purple","Terror+1","PrismaMod:IllyaInstallAvenger","DarkRealmRedLine_purple"],"picked":"PrismaMod:MiyuDevil","floor":28.0},{"not_picked":["MostiFishMod:FluxCapactior+1","conspire:Charge","Forethought+1","FlyingSleeves","animator:Guy+1"],"picked":"SKIP","floor":31.0},{"not_picked":["TH:CopperCoins","TH:TreasureMap","TH:ElvenBoots"],"picked":"TH:BikiniMail","floor":33.0},{"not_picked":["WangLiang_LineAndCurveDreams_purple","BinaryStars+1","Gensokyo:RainbowDanmaku","Thinking Ahead+1"],"picked":"Demonic Infusion+1","floor":33.0},{"not_picked":["PiercingWail+1","StSpp:FiercePoison+1","Mirror_FormAndEmptin_purple+1","Bane"],"picked":"animator:ChlammyZell+1","floor":35.0},{"not_picked":["UnderTheZenith+1","PrismaMod:IllyaHassanGift+1","animator:Viivi","PrismaMod:IllyaFriendMaker"],"picked":"Discovery+1","floor":37.0},{"not_picked":["ReturningBlade","CareerPray:ReiMu+1","Starlight","Acrobatics+1"],"picked":"EndlessAdversity+1","floor":38.0},{"not_picked":["Flex+1","OrrerysSun","ScarletDevil","animator:SakuraMatou+1"],"picked":"TheWorld+1","floor":39.0},{"not_picked":["TH:DeckOfManyThings","TH:Mimic","TH:BikiniMail"],"picked":"TH:TreasureMap","floor":40.0},{"not_picked":["Bait_Toxicbait_purple+1","animator:UneriGinkaku","PrismaMod:MiyuDevil","MostiFishMod:SupremeArchaeology+1"],"picked":"Whirlwind","floor":40.0},{"not_picked":["Cloak And Dagger+1","WitchLeyline","animator:Shinoa+1","RedRainbow"],"picked":"MastersStateliness","floor":41.0},{"not_picked":["TH:PixieDust","TH:EnergyPotion","TH:CopperCoins"],"picked":"TH:BikiniMail","floor":43.0},{"not_picked":["VampireSweep","PrismaMod:ChloeExcalibur","PiercingWail+1","PrismaMod:IllyaMinorRapidFire+1"],"picked":"Hidden Blade+1","floor":46.0},{"not_picked":["NonDirectionalLaser","StSpp:Succumb+1","UnderTheZenith+1","animator:Hibiki"],"picked":"ScarletDevil","floor":47.0},{"not_picked":["TH:EnergyPotion","TH:PixieDust","TH:ArmorSpikes"],"picked":"TH:TreasureMap","floor":48.0},{"not_picked":["Flying Knee","StSpp:TargetLocked+1","JustLucky+1","EmergencyTakeOff:ReiMu+1"],"picked":"AlertArray:ReiMu+1","floor":48.0},{"not_picked":["TH:CursedSword","TH:DeckOfManyThings","TH:ArmorSpikes"],"picked":"TH:TreasureMap","floor":50.0},{"not_picked":["Adrenaline+1","animator:Shiro","BigCrunch+1","StuffTheSpire:TitanForm"],"picked":"Eclipse+1","floor":50.0},{"not_picked":["jedi:meditation","Know_ledgeAbilityRealm_purple","TH:ArmorSpikes","PrismaMod:IllyaUberPoisonChannel+1"],"picked":"Reforge+1","floor":51}],"player_experience":502908,"relics_obtained":[{"floor":1.0,"key":"SynthV:TestCard"},{"floor":6.0,"key":"aspiration:Lifesprig"},{"floor":10.0,"key":"Mirror"},{"floor":12.0,"key":"Toxic Egg 2"},{"floor":13.0,"key":"jedi:HeartOfTheCards"},{"floor":21.0,"key":"wanderingMiniBosses:CarrionFlame"},{"floor":21.0,"key":"halation:EternalFortune"},{"floor":23.0,"key":"Dota2Spire:DrumOfEndurance"},{"floor":24.0,"key":"halation:EternalFortune"},{"floor":24.0,"key":"Replay:Baseball"},{"floor":25.0,"key":"halation:PromiseList"},{"floor":26.0,"key":"Gremlin Food"},{"floor":28.0,"key":"Oddly Smooth Stone"},{"floor":30.0,"key":"Ring of Searing"},{"floor":30.0,"key":"ReplayTheSpireMod:Ring of Challenge"},{"floor":40.0,"key":"SSSystem"},{"floor":41.0,"key":"reliquary:PrincelyHelmet"},{"floor":43.0,"key":"GodSword6"},{"floor":48.0,"key":"Dota2Spire:ShivaGuard"}],"event_choices":[],"is_beta":false,"boss_relics":[{"not_picked":["aspiration:SecretTechniqueScroll","HereWithMe"],"picked":"conspire:SpecialSausage"},{"not_picked":["Transparent","Replay:Ancient Bell","Fusion Hammer"]},{"not_picked":["REME_DuelDisc","trackpad:Trackpad","hubris:RunicObelisk"]}],"items_purged_floors":[4,22,36,36,45],"is_endless":true,"potions_floor_spawned":[1,6,8,13,16,21,24,33,37,40,41,47,50],"ascension_level":20}}