{"host":"bbvmu6yleqps41w7","time":1612858415,"event":{"mods":["BaseMod","Colored Map","Colored Powertips","Downfall","Hermit","Marisa????????","Minty Spire (QoL Compilation)","StSLib","The Bug Knight","The Cursed","The Servant 0.9.4"],"gold_per_floor":[99,99,99,199,199,225,249,281,327,49,49,60,60,60,70,172,172,172,186,71,88,98,116,116,132,132,160,160,160,178,38,54,149,149,149,165,181,181,198,198,198,198,212,267,102,102,58,73,91,91],"floor_reached":51,"language":"ENG","playtime":3005,"items_purged":["Writhe","downfall:Malfunctioning","Regret","Shame","downfall:Haunted"],"score":775,"play_id":"e2a8b1b1-e867-4d5b-9024-7b39069ef863","local_time":"20210209011335","is_ascension_mode":false,"campfire_choices":[{"data":"champ:Execute","floor":1,"key":"SMITH"},{"floor":13,"key":"REST"},{"data":"champ:ArenaPreparation","floor":18,"key":"SMITH"},{"data":"champ:HoldFirm","floor":26,"key":"SMITH"},{"data":"champ:IgnorePain","floor":28,"key":"SMITH"},{"data":"champ:Devastate","floor":35,"key":"SMITH"},{"data":"champ:IgnorePain","floor":40,"key":"SMITH"},{"data":"1","floor":46,"key":"LIFT"}],"circlet_count":0,"master_deck":["champ:Strike","champ:Strike+1","champ:Strike","champ:Strike","champ:Defend","champ:Defend","champ:Defend+1","champ:Defend","champ:Execute+1","champ:Taunt","champ:HeartStrike","downfall:Haunted","downfall:Haunted","champ:IgnorePain+1","champ:BerserkersShout","champ:IgnorePain+1","champ:ArenaPreparation+1","champ:Duel+1","champ:ShieldWall+1","champ:GladiatorStyle+1","champ:ShieldWall+1","champ:TripleStrike","champ:FaceSlap","champ:ShieldWall+1","champ:FocusedBerserking+1","champ:HoldFirm+1","champ:RisingSlash+1","champ:TripleStrike","champ:Devastate+1","champ:IronFortress+1","champ:IronFortress+1","champ:CheapShot","champ:UltimateStance","expansioncontent:InvincibleStrength+1","Parasite","champ:GladiatorForm+1"],"relics":["champ:ChampionCrown","downfall:HeartsMalice","Darkstone Periapt","Frozen Egg 2","Anchor","Nunchaku","Toolbox","Lizard Tail","Runic Dome","HollowMod:LifeEnderRelic","Bag of Preparation","Nloth\u0027s Gift","Sozu","Orichalcum","Girya","CatCart","Strawberry"],"acts_visited":["Exordium","TheCity","TheBeyond"],"potions_floor_usage":[8,16,20,27,33,44,50],"damage_taken":[{"damage":0,"enemies":"Cultist","floor":2,"turns":1},{"damage":0,"enemies":"Small Slimes","floor":3,"turns":1},{"damage":0,"enemies":"Jaw Worm","floor":5,"turns":1},{"damage":106,"enemies":"3 Sentries","floor":6,"turns":12},{"damage":52,"enemies":"Lagavulin","floor":8,"turns":6},{"damage":30,"enemies":"downfall:FleeingMerchant","floor":10,"turns":4},{"damage":32,"enemies":"Exordium Wildlife","floor":12,"turns":4},{"damage":9,"enemies":"Blue Slaver","floor":15,"turns":4},{"damage":47,"enemies":"IC_STATUS_ARCHETYPE","floor":16,"turns":7},{"damage":6,"enemies":"Spheric Guardian","floor":19,"turns":4},{"damage":8,"enemies":"downfall:FleeingMerchant","floor":20,"turns":4},{"damage":32,"enemies":"3 Byrds","floor":21,"turns":4},{"damage":15,"enemies":"Centurion and Healer","floor":22,"turns":4},{"damage":31,"enemies":"Snake Plant","floor":23,"turns":3},{"damage":38,"enemies":"Shelled Parasite and Fungi","floor":25,"turns":4},{"damage":33,"enemies":"Slavers","floor":27,"turns":4},{"damage":61,"enemies":"Sentry and Sphere","floor":30,"turns":4},{"damage":27,"enemies":"downfall:FleeingMerchant","floor":31,"turns":4},{"damage":11,"enemies":"Snake Plant","floor":32,"turns":4},{"damage":38,"enemies":"WA_ARCHETYPE_CALM","floor":33,"turns":7},{"damage":72,"enemies":"3 Darklings","floor":36,"turns":5},{"damage":30,"enemies":"Orb Walker","floor":37,"turns":1},{"damage":54,"enemies":"Spire Growth","floor":39,"turns":4},{"damage":113,"enemies":"Transient","floor":43,"turns":5},{"damage":124,"enemies":"Orin","floor":44,"turns":11},{"damage":52,"enemies":"downfall:FleeingMerchant","floor":45,"turns":5},{"damage":0,"enemies":"downfall:FleeingMerchant","floor":47,"turns":1},{"damage":0,"enemies":"Sphere and 2 Shapes","floor":48,"turns":3},{"damage":70,"enemies":"Writhing Mass","floor":49,"turns":6},{"damage":121,"enemies":"DF_ARCHETYPE_ORBS","floor":50,"turns":10}],"seed_played":"7019328762694905246","potions_obtained":[{"floor":6,"key":"champ:CounterPotion"},{"floor":8,"key":"bronze:BurnAndBuffPotion"},{"floor":12,"key":"Dexterity Potion"},{"floor":15,"key":"LiquidBronze"},{"floor":19,"key":"Block Potion"},{"floor":25,"key":"SpeedPotion"},{"floor":32,"key":"champ:OpenerPotion"},{"floor":33,"key":"Weak Potion"}],"is_trial":false,"path_per_floor":["R","M","M","?","M","E","T","E","T","$","?","M","R","?","M","B",null,"R","M","$","M","M","M","T","M","R","E","R","?","M","$","M","B",null,"R","M","M","?","M","R","T","T","M","?","$","R","$","M","M","B",null],"character_chosen":"THE_CHAMP","items_purchased":["Toolbox","champ:ShieldWall+1","Strawberry","expansioncontent:InvincibleStrength"],"campfire_rested":1,"item_purchase_floors":[10,10,47,47],"current_hp_per_floor":[90,90,90,125,125,74,74,47,47,42,48,31,70,76,67,50,137,137,137,134,122,107,101,101,88,88,75,75,75,54,52,51,48,137,137,115,115,115,81,81,81,81,93,49,34,34,41,41,47,4],"gold":91,"neow_bonus":"THREE_ENEMY_KILL","is_daily":false,"chose_seed":false,"campfire_upgraded":6,"win_rate":0.0,"timestamp":1612858415,"path_taken":["R","M","?","?","M","E","T","E","?","$","?","?","R","?","M","BOSS","R","M","$","M","M","M","T","M","R","E","R","?","?","$","M","BOSS","R","M","M","?","M","R","T","?","M","?","?","R","$","M","M","BOSS"],"items_purchased_type":["Relic","Card","Relic","Card"],"build_version":"2020-12-22","purchased_purges":5,"victory":true,"max_hp_per_floor":[90,90,90,125,125,125,125,125,125,125,131,131,131,137,137,137,137,137,137,137,137,137,137,137,137,137,137,137,137,137,137,137,137,137,137,137,137,137,137,137,137,137,137,137,137,137,144,144,150,150],"card_choices":[{"not_picked":["champ:BladeFlurry","champ:EnragedBash"],"picked":"champ:HeartStrike","floor":2},{"not_picked":["champ:Endure","champ:DefensiveShout"],"picked":"champ:Encircle","floor":3},{"not_picked":["champ:FalseCounter","champ:Haymaker"],"picked":"champ:BerserkersShout","floor":5},{"not_picked":["champ:PreciseThrust","champ:SkillfulDodge"],"picked":"champ:IgnorePain","floor":6},{"not_picked":["champ:Encircle","champ:Haymaker"],"picked":"champ:ArenaPreparation","floor":8},{"not_picked":["champ:GutPunch","champ:PreemptiveStrike"],"picked":"champ:Duel","floor":10},{"not_picked":["champ:FalseCounter","champ:BerserkersShout"],"picked":"champ:GladiatorStyle+1","floor":12},{"not_picked":["champ:CrookedStrike","champ:BringItOn"],"picked":"champ:ShieldWall+1","floor":15},{"not_picked":["champ:IgnorePain","champ:SwordThrow"],"picked":"champ:TripleStrike","floor":16},{"not_picked":["champ:Encircle","champ:FanOfKnives"],"picked":"champ:FaceSlap","floor":19},{"not_picked":["champ:CrownThrow","champ:EndlessRage+1"],"picked":"champ:ShieldWall+1","floor":20},{"not_picked":["champ:BringItOn","champ:BerserkersShout","champ:Shatter"],"picked":"SKIP","floor":21},{"not_picked":["champ:TornadoPunch+1","champ:EnGarde","champ:Circumvent"],"picked":"SKIP","floor":22},{"not_picked":["champ:EnGarde","champ:ShieldSlam"],"picked":"champ:FocusedBerserking+1","floor":23},{"not_picked":["champ:AdrenalArmor+1","champ:Shatter"],"picked":"champ:HoldFirm","floor":25},{"not_picked":["champ:Shatter","champ:ViciousMockery","champ:FanOfKnives"],"picked":"SKIP","floor":27},{"not_picked":["champ:EnGarde+1","champ:FlashCut","champ:FancyFootwork"],"picked":"SKIP","floor":30},{"not_picked":["champ:DefensiveShout","champ:ShieldWall+1"],"picked":"champ:RisingSlash+1","floor":31},{"not_picked":["champ:FlashCut","champ:SwordThrow"],"picked":"champ:TripleStrike","floor":32},{"not_picked":["champ:SteelEdge","champ:SwordThrow"],"picked":"champ:Devastate","floor":33},{"not_picked":["champ:Backstep","champ:Shatter+1","champ:HeartStrike"],"picked":"SKIP","floor":36},{"not_picked":["champ:CrookedStrike+1","champ:PreciseThrust+1"],"picked":"champ:IronFortress+1","floor":37},{"not_picked":["champ:PerfectedStrike","champ:AdrenalArmor+1"],"picked":"champ:IronFortress+1","floor":39},{"not_picked":["champ:Shatter","champ:Parry+1"],"picked":"champ:CheapShot","floor":43},{"not_picked":["champ:FlashCut+1","champ:BladeFlurry+1","champ:BerserkersShout"],"picked":"SKIP","floor":45},{"not_picked":["champ:Duel+1","champ:IronFortress+1"],"picked":"champ:UltimateStance","floor":47},{"not_picked":["champ:Circumvent","champ:EnGarde","champ:CrookedStrike"],"picked":"SKIP","floor":48},{"not_picked":["champ:Haymaker+1","champ:SetATrap+1"],"picked":"champ:GladiatorForm+1","floor":49}],"player_experience":631482,"relics_obtained":[{"floor":6,"key":"Frozen Egg 2"},{"floor":7,"key":"Boot"},{"floor":8,"key":"Anchor"},{"floor":9,"key":"Nunchaku"},{"floor":24,"key":"HollowMod:LifeEnderRelic"},{"floor":27,"key":"Bag of Preparation"},{"floor":41,"key":"Orichalcum"},{"floor":42,"key":"Girya"},{"floor":44,"key":"CatCart"}],"event_choices":[{"damage_healed":0,"gold_gain":0,"player_choice":"Box","damage_taken":0,"relics_obtained":["Lizard Tail"],"max_hp_gain":0,"max_hp_loss":0,"event_name":"Big Fish","floor":14,"gold_loss":0,"cards_obtained":["Regret"]},{"cards_removed":["champ:Encircle"],"damage_healed":0,"gold_gain":0,"player_choice":"Removed Attack","damage_taken":0,"max_hp_gain":0,"max_hp_loss":0,"event_name":"Falling","floor":38,"gold_loss":0},{"damage_healed":0,"gold_gain":0,"player_choice":"Fight","damage_taken":0,"max_hp_gain":0,"max_hp_loss":0,"event_name":"OrinTheCat","floor":44,"gold_loss":0}],"is_beta":false,"boss_relics":[{"not_picked":["SacredBark","Fusion Hammer"],"picked":"Runic Dome"},{"not_picked":["bronze:MakeshiftBattery","Philosopher\u0027s Stone"],"picked":"Sozu"}],"items_purged_floors":[10,20,31,45,47],"is_endless":false,"potions_floor_spawned":[6,8,12,15,19,25,32,33,36,37,48,49],"ascension_level":0}}