{"host":"uv5ws9rdk87e8i5k","time":1612883928,"event":{"mods":["AchievementEnabler","BaseMod","Colored Map","Minty Spire (QoL Compilation)","Permanent Neow","Quick Restart","StSLib","SuperFastMode","The Necromancer"],"gold_per_floor":[112,62,76,96,107,107,123,123,178,212,223,170,170,201,201,201,201],"floor_reached":16,"language":"ENG","playtime":290,"items_purged":[],"score":162,"play_id":"f7680b16-eaf4-4e5a-9a5d-1be16cd77aff","local_time":"20210209091848","is_ascension_mode":true,"campfire_choices":[{"data":"Searing Blow","floor":6.0,"key":"SMITH"},{"data":"Searing Blow+1","floor":8.0,"key":"SMITH"},{"data":"Searing Blow+2","floor":15.0,"key":"SMITH"}],"circlet_count":0,"master_deck":["Strike_R","Strike_R","Strike_R","Strike_R","Defend_R","Defend_R","Defend_R","Defend_R","Bash","Perfected Strike","Searing Blow+3","Sever Soul","Armaments","Warcry","Parasite","True Grit"],"relics":["Velvet Choker","Juzu Bracelet","White Beast Statue","Orichalcum","Ornamental Fan"],"acts_visited":["Exordium"],"potions_floor_usage":[],"damage_taken":[{"damage":3.0,"enemies":"Small Slimes","floor":1.0,"turns":3.0},{"damage":0.0,"enemies":"2 Louse","floor":3.0,"turns":2.0},{"damage":1.0,"enemies":"Cultist","floor":4.0,"turns":3.0},{"damage":10.0,"enemies":"2 Fungi Beasts","floor":5.0,"turns":4.0},{"damage":15.0,"enemies":"Exordium Wildlife","floor":7.0,"turns":2.0},{"damage":15.0,"enemies":"3 Sentries","floor":10.0,"turns":6.0},{"damage":15.0,"enemies":"Gremlin Gang","floor":11.0,"turns":5.0},{"damage":13.0,"enemies":"Gremlin Nob","floor":14.0,"turns":3.0},{"damage":0,"enemies":"Hexaghost","floor":16,"turns":1}],"seed_played":"1826787314209847855","potions_obtained":[{"floor":5.0,"key":"BloodPotion"},{"floor":7.0,"key":"EssenceOfSteel"},{"floor":11.0,"key":"CultistPotion"},{"floor":14.0,"key":"SkillPotion"}],"is_trial":false,"path_per_floor":["M","?","M","M","M","R","M","R","T","E","M","?","?","E","R","B"],"character_chosen":"IRONCLAD","items_purchased":[],"campfire_rested":0,"item_purchase_floors":[],"current_hp_per_floor":[69,69,69,68,58,58,43,43,43,44,29,29,49,36,36,36,36],"gold":201,"neow_bonus":"BOSS_RELIC","is_daily":false,"chose_seed":false,"campfire_upgraded":3,"win_rate":0.0,"timestamp":1612883928,"path_taken":["M","?","M","M","M","R","M","R","T","E","M","?","?","E","R","BOSS"],"items_purchased_type":[],"build_version":"2020-12-22","purchased_purges":0,"victory":false,"max_hp_per_floor":[80,80,80,80,80,80,80,80,80,80,80,80,80,80,80,80,80],"card_choices":[{"not_picked":["Havoc","Wild Strike"],"picked":"Perfected Strike","floor":1.0},{"not_picked":["Clash","Rupture"],"picked":"Searing Blow","floor":3.0},{"not_picked":["Fire Breathing","Power Through","Iron Wave"],"picked":"SKIP","floor":4.0},{"not_picked":["Shockwave","Warcry"],"picked":"Sever Soul","floor":5.0},{"not_picked":["Rupture","Dropkick","Sword Boomerang"],"picked":"SKIP","floor":7.0},{"not_picked":["Clothesline","Shockwave"],"picked":"Armaments","floor":10.0},{"not_picked":["Feel No Pain","Twin Strike"],"picked":"Warcry","floor":11.0},{"not_picked":["Reckless Charge","Bludgeon"],"picked":"True Grit","floor":14.0}],"player_experience":284373,"relics_obtained":[{"floor":9.0,"key":"Juzu Bracelet"},{"floor":10.0,"key":"White Beast Statue"},{"floor":14.0,"key":"Ornamental Fan"}],"event_choices":[{"cards_removed":["Strike_R"],"damage_healed":0.0,"max_hp_gain":0.0,"max_hp_loss":0.0,"gold_gain":0.0,"event_name":"The Cleric","player_choice":"Card Removal","floor":2.0,"gold_loss":50.0,"damage_taken":0.0},{"damage_healed":0.0,"max_hp_gain":0.0,"max_hp_loss":0.0,"gold_gain":0.0,"event_name":"WeMeetAgain","player_choice":"Paid Gold","floor":12.0,"gold_loss":53.0,"damage_taken":0.0,"relics_obtained":["Orichalcum"]},{"damage_healed":20.0,"max_hp_gain":0.0,"max_hp_loss":0.0,"gold_gain":0.0,"event_name":"Mushrooms","player_choice":"Healed and dodged fight","floor":13.0,"gold_loss":0.0,"damage_taken":0.0,"cards_obtained":["Parasite"]}],"is_beta":false,"boss_relics":[],"items_purged_floors":[],"is_endless":false,"potions_floor_spawned":[5,7,11,14],"killed_by":"Hexaghost","ascension_level":9}}