{"host":"dlqyscxstsnu98l1","time":1612835620,"event":{"mods":["AchievementEnabler","BaseMod","Colored Map","Colored Powertips","Downfall","GifTheSpireLib","Highlight Path","Minty Spire (QoL Compilation)","Random Character Button","SacredBarkPlus","StSLib","everything is the same but u backflip on backflip"],"gold_per_floor":[110,185,185,202,219,245,245,279,305,305,305,305,10,22,22,22,22],"floor_reached":16,"language":"ENG","playtime":2024,"items_purged":[],"score":124,"play_id":"6df56a93-e102-4824-9a13-a374084431c2","local_time":"20210208195340","is_ascension_mode":true,"campfire_choices":[{"data":"Worship","floor":7,"key":"SMITH"},{"data":"SandsOfTime","floor":10,"key":"SMITH"},{"floor":12,"key":"REST"},{"floor":15,"key":"REST"}],"circlet_count":0,"master_deck":["Strike_P","Strike_P","Strike_P","Defend_P","Defend_P","Defend_P","Eruption","Vigilance","Crescendo","BattleHymn","Brilliance","SandsOfTime+1","Worship+1","Conclude","Indignation","Tantrum"],"relics":["PureWater","Ancient Tea Set","Juzu Bracelet","Tiny Chest","Damaru","Chemical X"],"acts_visited":["Exordium"],"potions_floor_usage":[8,16],"damage_taken":[{"damage":0,"enemies":"Jaw Worm","floor":1,"turns":3},{"damage":1,"enemies":"2 Louse","floor":4,"turns":2},{"damage":0,"enemies":"Cultist","floor":5,"turns":2},{"damage":2,"enemies":"Gremlin Nob","floor":6,"turns":3},{"damage":15,"enemies":"3 Sentries","floor":8,"turns":4},{"damage":10,"enemies":"Gremlin Gang","floor":14,"turns":2},{"damage":72,"enemies":"Hexaghost","floor":16,"turns":2}],"seed_played":"3336672256549422044","potions_obtained":[{"floor":1,"key":"champ:CounterPotion"},{"floor":5,"key":"Energy Potion"},{"floor":8,"key":"SpeedPotion"},{"floor":14,"key":"GamblersBrew"}],"is_trial":false,"path_per_floor":["M","?","?","M","M","E","R","E","T","R","?","R","$","M","R","B"],"character_chosen":"WATCHER","items_purchased":["Damaru","Chemical X"],"campfire_rested":2,"item_purchase_floors":[13,13],"current_hp_per_floor":[72,61,61,60,60,58,58,43,43,43,31,52,52,42,63,0,0],"gold":22,"neow_bonus":"TRANSFORM_CARD","is_daily":false,"chose_seed":false,"campfire_upgraded":2,"win_rate":0.0,"timestamp":1612835620,"path_taken":["M","?","?","M","?","E","R","E","T","R","?","R","$","M","R","BOSS"],"items_purchased_type":["Relic","Relic"],"build_version":"2020-12-22","purchased_purges":0,"victory":false,"max_hp_per_floor":[72,72,72,72,72,72,72,72,72,72,72,72,72,72,72,72,72],"card_choices":[{"not_picked":["LikeWater","Evaluate"],"picked":"BattleHymn","floor":1},{"not_picked":["Vengeance","SashWhip"],"picked":"SandsOfTime","floor":4},{"not_picked":["PathToVictory","Evaluate"],"picked":"Worship","floor":5},{"not_picked":["EmptyFist","SashWhip"],"picked":"Conclude","floor":6},{"not_picked":["WindmillStrike","Wallop"],"picked":"Indignation","floor":8},{"not_picked":["InnerPeace","LikeWater"],"picked":"Tantrum","floor":14}],"player_experience":174698,"relics_obtained":[{"floor":6,"key":"Ancient Tea Set"},{"floor":8,"key":"Juzu Bracelet"}],"event_choices":[{"damage_healed":0,"gold_gain":75,"player_choice":"Gather Gold","damage_taken":11,"max_hp_gain":0,"max_hp_loss":0,"event_name":"World of Goop","floor":2,"gold_loss":0},{"damage_healed":0,"gold_gain":0,"cards_transformed":["Defend_P"],"player_choice":"Transformed","damage_taken":0,"max_hp_gain":0,"max_hp_loss":0,"event_name":"Transmorgrifier","floor":3,"gold_loss":0,"cards_obtained":["Brilliance"]},{"damage_healed":0,"gold_gain":0,"player_choice":"Success","damage_taken":12,"relics_obtained":["Tiny Chest"],"max_hp_gain":0,"max_hp_loss":0,"event_name":"Scrap Ooze","floor":11,"gold_loss":0}],"is_beta":false,"boss_relics":[],"items_purged_floors":[],"is_endless":false,"potions_floor_spawned":[1,5,8,14],"killed_by":"Hexaghost","ascension_level":3}}