{"host":"vyjryxuuuxkt43k4","time":1612857566,"event":{"mods":["AchievementEnabler","BaseMod","Colored Map","DeckTracker","Keyboard Shortcuts","Minty Spire (QoL Compilation)","Permanent Neow","Quick Restart","StSLib","SuperFastMode","everything is the same but u backflip on backflip"],"gold_per_floor":[218,49,49,73,93,93,133,147,173,173,173,173,45,66,66,162,162,176,195,28,28,46,46,85,85,85,125,125,141,141,164,164,253,253,268,268,286,15,15,15,15,49,98,122,122,122],"floor_reached":45,"language":"KOR","playtime":4917,"items_purged":["Strike_P","FlyingSleeves+1"],"score":1158,"play_id":"bf0e9355-e30d-4822-88b9-37923525c0cb","local_time":"20210209165926","is_ascension_mode":true,"campfire_choices":[{"data":"PathToVictory","floor":6.0,"key":"SMITH"},{"floor":10.0,"key":"REST"},{"floor":15.0,"key":"REST"},{"data":"PathToVictory","floor":23.0,"key":"SMITH"},{"floor":25.0,"key":"REST"},{"data":"Study","floor":28.0,"key":"SMITH"},{"data":"PathToVictory","floor":30.0,"key":"SMITH"},{"floor":32.0,"key":"REST"}],"circlet_count":0,"master_deck":["AscendersBane","Eruption+1","Vigilance","PathToVictory+1","EmptyFist","PathToVictory+1","Sanctity+1","PathToVictory+1","DeusExMachina+1","InnerPeace","LessonLearned","FollowUp","Study+1","EmptyMind+1","PathToVictory+1","Wireheading+1","Nirvana","JustLucky","Madness","Madness","MentalFortress+1"],"relics":["PureWater","Lantern","Golden Idol","Juzu Bracelet","Bag of Marbles","Bag of Preparation","Pandora\u0027s Box","Medical Kit","Tiny Chest","Yang","Boot","VioletLotus","Membership Card","Orichalcum","MealTicket"],"acts_visited":["Exordium","TheCity","TheBeyond"],"potions_floor_usage":[45],"damage_taken":[{"damage":2.0,"enemies":"Small Slimes","floor":1.0,"turns":4.0},{"damage":6.0,"enemies":"Jaw Worm","floor":4.0,"turns":4.0},{"damage":0.0,"enemies":"2 Louse","floor":5.0,"turns":2.0},{"damage":29.0,"enemies":"3 Sentries","floor":7.0,"turns":10.0},{"damage":0.0,"enemies":"Blue Slaver","floor":8.0,"turns":2.0},{"damage":0.0,"enemies":"3 Louse","floor":14.0,"turns":1.0},{"damage":0.0,"enemies":"Hexaghost","floor":16.0,"turns":6.0},{"damage":3.0,"enemies":"Spheric Guardian","floor":18.0,"turns":3.0},{"damage":5.0,"enemies":"3 Byrds","floor":19.0,"turns":3.0},{"damage":0.0,"enemies":"Snecko","floor":22.0,"turns":2.0},{"damage":33.0,"enemies":"Slavers","floor":24.0,"turns":3.0},{"damage":0.0,"enemies":"Gremlin Leader","floor":27.0,"turns":4.0},{"damage":0.0,"enemies":"Snake Plant","floor":29.0,"turns":1.0},{"damage":1.0,"enemies":"Centurion and Healer","floor":31.0,"turns":4.0},{"damage":47.0,"enemies":"Automaton","floor":33.0,"turns":5.0},{"damage":1.0,"enemies":"3 Shapes","floor":35.0,"turns":3.0},{"damage":7.0,"enemies":"3 Darklings","floor":37.0,"turns":3.0},{"damage":1.0,"enemies":"Giant Head","floor":42.0,"turns":4.0},{"damage":24,"enemies":"Sphere and 2 Shapes","floor":44,"turns":4},{"damage":28,"enemies":"Reptomancer","floor":45,"turns":2}],"seed_played":"-1325982591639508243","potions_obtained":[{"floor":5.0,"key":"AttackPotion"},{"floor":7.0,"key":"Swift Potion"},{"floor":14.0,"key":"Weak Potion"},{"floor":18.0,"key":"EssenceOfSteel"},{"floor":27.0,"key":"Block Potion"},{"floor":29.0,"key":"Explosive Potion"},{"floor":42.0,"key":"FearPotion"},{"floor":44,"key":"AttackPotion"}],"is_trial":false,"path_per_floor":["M","$","?","M","M","R","E","M","T","R","?","?","$","M","R","B",null,"M","M","$","?","M","R","E","R","T","E","R","M","R","M","R","B",null,"M","?","M","$","?","?","T","E","T","M","E"],"character_chosen":"WATCHER","items_purchased":["Lantern","Block Potion","Medical Kit","Membership Card","Nirvana","JustLucky"],"campfire_rested":4,"item_purchase_floors":[2,13,20,38,38,38],"current_hp_per_floor":[59,59,36,30,30,30,1,1,1,21,21,14,14,14,34,34,60,57,52,52,52,52,52,19,39,39,39,39,39,39,38,58,11,54,53,53,46,46,46,34,34,33,33,9,0,0],"gold":122,"neow_bonus":"HUNDRED_GOLD","is_daily":false,"chose_seed":false,"campfire_upgraded":4,"win_rate":0.0,"timestamp":1612857566,"path_taken":["M","$","?","M","M","R","E","M","T","R","?","?","$","M","R","BOSS","M","M","$","?","M","R","E","R","T","E","R","M","R","M","R","BOSS","M","?","M","$","?","?","?","E","T","M","E"],"items_purchased_type":["Relic","Potion","Relic","Relic","Card","Card"],"build_version":"2020-12-22","purchased_purges":2,"victory":false,"max_hp_per_floor":[68,68,68,68,68,68,68,68,68,68,68,68,68,68,68,68,68,68,68,68,68,68,68,68,68,68,68,68,68,68,68,68,68,68,68,68,68,68,68,68,68,68,68,68,68,68],"card_choices":[{"not_picked":["Weave","ClearTheMind"],"picked":"PathToVictory","floor":1.0},{"not_picked":["JustLucky","Vengeance"],"picked":"EmptyFist","floor":4.0},{"not_picked":["ThirdEye","ClearTheMind"],"picked":"PathToVictory","floor":5.0},{"not_picked":["JustLucky","Evaluate"],"picked":"Sanctity","floor":7.0},{"not_picked":["Nirvana","BowlingBash","FlyingSleeves"],"picked":"SKIP","floor":8.0},{"not_picked":["Conclude","Judgement"],"picked":"PathToVictory","floor":14.0},{"not_picked":["ConjureBlade","Judgement"],"picked":"DeusExMachina","floor":16.0},{"not_picked":["Perseverance","FlyingSleeves"],"picked":"EmptyMind","floor":18.0},{"not_picked":["Halt","PathToVictory","BowlingBash"],"picked":"SKIP","floor":19.0},{"not_picked":["Halt","BowlingBash"],"picked":"PathToVictory","floor":19.0},{"not_picked":["ThirdEye","Study","BattleHymn+1"],"picked":"SKIP","floor":22.0},{"not_picked":["FlurryOfBlows","EmptyBody"],"picked":"CutThroughFate","floor":24.0},{"not_picked":["EmptyFist","LessonLearned","Halt"],"picked":"SKIP","floor":27.0},{"not_picked":["FlurryOfBlows","FollowUp","CrushJoints"],"picked":"SKIP","floor":29.0},{"not_picked":["Collect","EmptyFist","BattleHymn"],"picked":"SKIP","floor":31.0},{"not_picked":["EmptyMind","FollowUp+1","CutThroughFate+1"],"picked":"SKIP","floor":35.0},{"not_picked":["WheelKick","TalkToTheHand"],"picked":"Wireheading+1","floor":37.0},{"not_picked":["CrushJoints","Crescendo"],"picked":"MentalFortress+1","floor":42.0},{"not_picked":["Indignation+1","EmptyFist","PathToVictory"],"picked":"SKIP","floor":44}],"player_experience":861669,"relics_obtained":[{"floor":7.0,"key":"Juzu Bracelet"},{"floor":9.0,"key":"Bag of Marbles"},{"floor":24.0,"key":"Tiny Chest"},{"floor":26.0,"key":"Yang"},{"floor":27.0,"key":"Boot"},{"floor":42.0,"key":"Orichalcum"},{"floor":43.0,"key":"MealTicket"}],"event_choices":[{"damage_healed":0.0,"max_hp_gain":0.0,"max_hp_loss":0.0,"gold_gain":0.0,"event_name":"Golden Idol","player_choice":"Take Damage","floor":3.0,"gold_loss":0.0,"damage_taken":23.0,"relics_obtained":["Golden Idol"]},{"damage_healed":0.0,"max_hp_gain":0.0,"max_hp_loss":0.0,"gold_gain":0.0,"event_name":"Dead Adventurer","player_choice":"Searched \u00271\u0027 times","floor":11.0,"gold_loss":0.0,"damage_taken":0.0,"relics_obtained":["Bag of Preparation"]},{"cards_removed":["Strike_P"],"damage_healed":0.0,"max_hp_gain":0.0,"max_hp_loss":0.0,"gold_gain":0.0,"event_name":"Golden Wing","player_choice":"Card Removal","floor":12.0,"gold_loss":0.0,"damage_taken":7.0},{"cards_removed":["WaveOfTheHand"],"damage_healed":0.0,"max_hp_gain":0.0,"max_hp_loss":0.0,"gold_gain":0.0,"event_name":"Back to Basics","player_choice":"Elegance","floor":21.0,"gold_loss":0.0,"damage_taken":0.0},{"damage_healed":0.0,"max_hp_gain":0.0,"max_hp_loss":0.0,"gold_gain":0.0,"event_name":"Upgrade Shrine","player_choice":"Upgraded","floor":36.0,"gold_loss":0.0,"damage_taken":0.0,"cards_upgraded":["PathToVictory"]},{"cards_removed":["CutThroughFate"],"damage_healed":0.0,"max_hp_gain":0.0,"max_hp_loss":0.0,"gold_gain":0.0,"event_name":"Falling","player_choice":"Removed Attack","floor":39.0,"gold_loss":0.0,"damage_taken":0.0},{"damage_healed":0.0,"max_hp_gain":0.0,"max_hp_loss":0.0,"gold_gain":0.0,"event_name":"Winding Halls","player_choice":"Embrace Madness","floor":40.0,"gold_loss":0.0,"damage_taken":12.0,"cards_obtained":["Madness","Madness"]}],"is_beta":false,"boss_relics":[{"not_picked":["Busted Crown","Calling Bell"],"picked":"Pandora\u0027s Box"},{"not_picked":["Empty Cage","Velvet Choker"],"picked":"VioletLotus"}],"items_purged_floors":[13,38],"is_endless":false,"potions_floor_spawned":[5,7,14,18,27,29,42,44],"killed_by":"Reptomancer","ascension_level":19}}