{"host":"49pjgf1q9ev52n8z","time":1612847541,"event":{"mods":["BaseMod","Bestiary","Colored Map","Keyboard Shortcuts","Minty Spire (QoL Compilation)","Practice Mode","Relic Stats","StSLib"],"gold_per_floor":[19,31,46,65,76,76,103,103,157,130,130,170,170,19,19,142,142,155,155,70,21,36,36,36,36],"floor_reached":24,"language":"ENG","playtime":1769,"items_purged":["Injury"],"score":245,"play_id":"7c6a5268-0294-47d4-b794-84a018848e80","local_time":"20210208211221","is_ascension_mode":true,"campfire_choices":[{"data":"Streamline","floor":6.0,"key":"SMITH"},{"floor":8.0,"key":"REST"},{"data":"Tempest","floor":15.0,"key":"SMITH"},{"floor":23,"key":"REST"}],"circlet_count":0,"master_deck":["Strike_B","Strike_B","Strike_B","Strike_B","Defend_B","Defend_B","Defend_B","Defend_B","Zap","Dualcast","Buffer","Coolheaded","Streamline+1","Tempest+1","Barrage","Cold Snap","Go for the Eyes","Stack","Self Repair","Machine Learning","Compile Driver","Capacitor","Defragment"],"relics":["Cracked Core","Centennial Puzzle","Regal Pillow","Golden Idol","Eternal Feather","SacredBark","PreservedInsect"],"acts_visited":["Exordium","TheCity"],"potions_floor_usage":[24,24],"damage_taken":[{"damage":0.0,"enemies":"Small Slimes","floor":1.0,"turns":5.0},{"damage":2.0,"enemies":"2 Louse","floor":2.0,"turns":3.0},{"damage":2.0,"enemies":"Jaw Worm","floor":3.0,"turns":5.0},{"damage":11.0,"enemies":"Looter","floor":4.0,"turns":4.0},{"damage":20.0,"enemies":"Gremlin Gang","floor":5.0,"turns":3.0},{"damage":26.0,"enemies":"3 Sentries","floor":7.0,"turns":6.0},{"damage":14.0,"enemies":"Gremlin Nob","floor":12.0,"turns":3.0},{"damage":46.0,"enemies":"Hexaghost","floor":16.0,"turns":9.0},{"damage":33,"enemies":"3 Byrds","floor":18,"turns":7},{"damage":26,"enemies":"Spheric Guardian","floor":22,"turns":4},{"damage":72,"enemies":"Slavers","floor":24,"turns":5}],"seed_played":"2196254579014030076","potions_obtained":[{"floor":2.0,"key":"DuplicationPotion"},{"floor":4.0,"key":"DuplicationPotion"},{"floor":5.0,"key":"FearPotion"},{"floor":7.0,"key":"EntropicBrew"}],"is_trial":false,"path_per_floor":["M","M","M","M","M","R","E","R","T","?","?","E","?","$","R","B",null,"M","?","?","$","M","R","E"],"character_chosen":"DEFECT","items_purchased":["Self Repair","BlessingOfTheForge"],"campfire_rested":2,"item_purchase_floors":[14,21],"current_hp_per_floor":[75,73,71,60,40,40,14,36,36,36,36,22,47,47,56,17,75,49,49,49,49,23,72,0,0],"gold":36,"neow_bonus":"THREE_RARE_CARDS","is_daily":false,"chose_seed":false,"campfire_upgraded":2,"win_rate":0.0,"timestamp":1612847541,"path_taken":["M","M","M","M","M","R","E","R","T","?","?","E","?","$","R","BOSS","M","?","?","$","M","R","E"],"items_purchased_type":["Card","Potion"],"build_version":"2020-12-22","purchased_purges":1,"victory":false,"max_hp_per_floor":[75,75,75,75,75,75,75,75,75,75,75,75,75,75,75,75,75,75,75,75,75,75,75,75,75],"relic_stats":{"Centennial Puzzle":[15],"Regal Pillow":15,"counters":[11,54],"Golden Idol":39,"Eternal Feather":21,"PreservedInsect":40,"obtain_stats":[{"Centennial Puzzle":7,"Regal Pillow":9,"Golden Idol":11,"SacredBark":17,"Eternal Feather":12,"PreservedInsect":20,"Cracked Core":0},{"Centennial Puzzle":6,"Regal Pillow":6,"Golden Idol":6,"SacredBark":8,"Eternal Feather":7,"PreservedInsect":9,"Cracked Core":0},{"Centennial Puzzle":26,"Regal Pillow":26,"Golden Idol":26,"SacredBark":38,"Eternal Feather":29,"PreservedInsect":45,"Cracked Core":0}]},"card_choices":[{"not_picked":["Fission","Amplify"],"picked":"Buffer","floor":0.0},{"not_picked":["Hologram","FTL"],"picked":"Coolheaded","floor":1.0},{"not_picked":["Steam","Beam Cell"],"picked":"Streamline","floor":2.0},{"not_picked":["Beam Cell","Coolheaded"],"picked":"Tempest","floor":3.0},{"not_picked":["Cold Snap","Stack"],"picked":"Barrage","floor":4.0},{"not_picked":["Fission","Rip and Tear"],"picked":"Cold Snap","floor":5.0},{"not_picked":["Cold Snap","Glacier"],"picked":"Go for the Eyes","floor":7.0},{"not_picked":["Streamline","Lockon"],"picked":"Stack","floor":12.0},{"not_picked":["Core Surge","Amplify"],"picked":"Machine Learning","floor":16.0},{"not_picked":["BootSequence","Stack"],"picked":"Compile Driver","floor":18},{"not_picked":["Coolheaded","Hologram+1"],"picked":"Defragment","floor":22}],"player_experience":786208,"relics_obtained":[{"floor":7.0,"key":"Centennial Puzzle"},{"floor":9.0,"key":"Regal Pillow"},{"floor":12.0,"key":"Eternal Feather"}],"event_choices":[{"damage_healed":0.0,"max_hp_gain":0.0,"max_hp_loss":0.0,"gold_gain":0.0,"event_name":"World of Goop","player_choice":"Left Gold","floor":10.0,"gold_loss":27.0,"damage_taken":0.0},{"damage_healed":0.0,"max_hp_gain":0.0,"max_hp_loss":0.0,"gold_gain":0.0,"event_name":"Golden Idol","player_choice":"Take Wound","floor":11.0,"gold_loss":0.0,"damage_taken":0.0,"relics_obtained":["Golden Idol"],"cards_obtained":["Injury"]},{"damage_healed":25.0,"max_hp_gain":0.0,"max_hp_loss":0.0,"gold_gain":0.0,"event_name":"Big Fish","player_choice":"Banana","floor":13.0,"gold_loss":0.0,"damage_taken":0.0},{"damage_healed":0,"gold_gain":0,"player_choice":"Read","damage_taken":0,"max_hp_gain":0,"max_hp_loss":0,"event_name":"The Library","floor":19,"gold_loss":0,"cards_obtained":["Capacitor"]},{"damage_healed":0,"gold_gain":0,"player_choice":"Obtained Relic","damage_taken":0,"relics_obtained":["PreservedInsect"],"max_hp_gain":0,"max_hp_loss":0,"event_name":"Addict","floor":20,"gold_loss":85}],"is_beta":false,"boss_relics":[{"not_picked":["Snecko Eye","Empty Cage"],"picked":"SacredBark"}],"items_purged_floors":[14],"is_endless":false,"potions_floor_spawned":[2,4,5,7],"killed_by":"Slavers","ascension_level":4}}