{"host":"p4v0hquynnreu717","time":1612839078,"event":{"mods":["BaseMod","Better Vampires","DeckTracker","Googly Eyes","Minty Spire (QoL Compilation)","Quick Restart","StSLib","SuperFastMode"],"gold_per_floor":[117,42,42,7,18,44,63,83,83,83,133,133,149,159,159,232,232,247,265,282,301,301,301,318,344,344,358,62,62,78,109,109,109,109],"floor_reached":33,"language":"ZHS","playtime":1087,"items_purged":["Strike_G","Strike_G"],"score":518,"play_id":"20a916b3-c79b-431d-8618-8385821ba7a3","local_time":"20210209105118","is_ascension_mode":true,"campfire_choices":[{"data":"Neutralize","floor":10.0,"key":"SMITH"},{"data":"Masterful Stab","floor":12.0,"key":"SMITH"},{"data":"Acrobatics","floor":15.0,"key":"SMITH"},{"data":"Flechettes","floor":23.0,"key":"SMITH"},{"floor":29.0,"key":"REST"},{"data":"Concentrate","floor":32,"key":"SMITH"}],"circlet_count":0,"master_deck":["AscendersBane","Strike_G","Strike_G","Strike_G+1","Defend_G","Defend_G+1","Defend_G","Defend_G","Defend_G","Survivor","Neutralize+1","Acrobatics+1","Masterful Stab+1","Expertise","Eviscerate","Malaise","Flechettes+1","Acrobatics+1","Ghostly","Ghostly","Ghostly","Prepared","PiercingWail","Reflex","Concentrate+1"],"relics":["Ring of the Snake","NeowsBlessing","Bag of Marbles","Centennial Puzzle","SacredBark","Red Mask","Blood Vial","ClockworkSouvenir","Frozen Egg 2"],"acts_visited":["Exordium","TheCity"],"potions_floor_usage":[],"damage_taken":[{"damage":0.0,"enemies":"Jaw Worm","floor":1.0,"turns":1.0},{"damage":0.0,"enemies":"Small Slimes","floor":5.0,"turns":1.0},{"damage":0.0,"enemies":"Lagavulin","floor":6.0,"turns":1.0},{"damage":0.0,"enemies":"Cultist","floor":7.0,"turns":3.0},{"damage":0.0,"enemies":"Blue Slaver","floor":8.0,"turns":3.0},{"damage":4.0,"enemies":"3 Louse","floor":13.0,"turns":3.0},{"damage":0.0,"enemies":"Exordium Wildlife","floor":14.0,"turns":4.0},{"damage":35.0,"enemies":"Hexaghost","floor":16.0,"turns":15.0},{"damage":3.0,"enemies":"3 Byrds","floor":18.0,"turns":5.0},{"damage":8.0,"enemies":"2 Thieves","floor":19.0,"turns":3.0},{"damage":30.0,"enemies":"Cultist and Chosen","floor":20.0,"turns":10.0},{"damage":4.0,"enemies":"Centurion and Healer","floor":21.0,"turns":5.0},{"damage":1.0,"enemies":"Snecko","floor":24.0,"turns":5.0},{"damage":2.0,"enemies":"Masked Bandits","floor":25.0,"turns":5.0},{"damage":3.0,"enemies":"Snake Plant","floor":27.0,"turns":2.0},{"damage":5.0,"enemies":"3 Cultists","floor":30.0,"turns":6.0},{"damage":9.0,"enemies":"Slavers","floor":31.0,"turns":7.0},{"damage":2,"enemies":"Collector","floor":33,"turns":6}],"seed_played":"1241564877268387367","potions_obtained":[{"floor":5.0,"key":"DuplicationPotion"},{"floor":7.0,"key":"Explosive Potion"},{"floor":8.0,"key":"PowerPotion"},{"floor":16.0,"key":"SteroidPotion"},{"floor":20.0,"key":"CultistPotion"},{"floor":21.0,"key":"Strength Potion"},{"floor":27.0,"key":"Ancient Potion"}],"is_trial":false,"path_per_floor":["M","$","?","?","M","E","M","M","T","R","?","R","M","M","R","B",null,"M","M","M","M","?","R","M","?","T","M","$","R","M","E","R","B"],"character_chosen":"THE_SILENT","items_purchased":["Reflex","ClockworkSouvenir"],"campfire_rested":1,"item_purchase_floors":[28,28],"current_hp_per_floor":[59,59,39,55,55,55,55,55,55,55,49,49,45,45,45,10,52,49,41,11,7,7,7,6,4,4,3,3,12,9,2,2,2,2],"gold":109,"neow_bonus":"THREE_ENEMY_KILL","is_daily":false,"chose_seed":false,"campfire_upgraded":5,"win_rate":0.0,"timestamp":1612839078,"path_taken":["M","$","?","?","M","E","M","M","T","R","?","R","M","?","R","BOSS","M","M","M","M","?","R","M","?","T","?","$","R","M","E","R","BOSS"],"items_purchased_type":["Card","Relic"],"build_version":"2020-12-22","purchased_purges":2,"victory":false,"max_hp_per_floor":[66,66,66,66,66,66,66,66,66,66,66,66,66,66,66,66,66,66,66,66,66,33,33,33,33,33,33,33,33,33,33,33,33,33],"card_choices":[{"not_picked":["Sucker Punch","Poisoned Stab","Slice"],"picked":"SKIP","floor":1.0},{"not_picked":["Cloak And Dagger","Tools of the Trade"],"picked":"Acrobatics","floor":5.0},{"not_picked":["Deadly Poison","Backflip"],"picked":"Masterful Stab","floor":6.0},{"not_picked":["Dagger Spray","Deflect"],"picked":"Expertise","floor":7.0},{"not_picked":["Sucker Punch","Bouncing Flask","Caltrops"],"picked":"SKIP","floor":8.0},{"not_picked":["Heel Hook","Catalyst"],"picked":"Eviscerate","floor":13.0},{"not_picked":["Backflip","Quick Slash","Dagger Throw"],"picked":"SKIP","floor":14.0},{"not_picked":["Envenom","Venomology"],"picked":"Malaise","floor":16.0},{"not_picked":["Noxious Fumes","Catalyst"],"picked":"Flechettes","floor":18.0},{"not_picked":["Catalyst","Blade Dance","Backflip"],"picked":"SKIP","floor":19.0},{"not_picked":["Bane","Blade Dance"],"picked":"Acrobatics+1","floor":20.0},{"not_picked":["Expertise","Dodge and Roll","Backflip+1"],"picked":"SKIP","floor":21.0},{"not_picked":["Underhanded Strike","Wraith Form v2"],"picked":"Prepared","floor":24.0},{"not_picked":["Dagger Throw","Dagger Spray"],"picked":"PiercingWail","floor":27.0},{"not_picked":["Outmaneuver","Flying Knee","Underhanded Strike"],"picked":"SKIP","floor":30.0},{"not_picked":["Skewer","Deflect"],"picked":"Concentrate","floor":31}],"player_experience":811233,"relics_obtained":[{"floor":6.0,"key":"Bag of Marbles"},{"floor":9.0,"key":"Centennial Puzzle"},{"floor":25.0,"key":"Red Mask"},{"floor":26.0,"key":"Blood Vial"},{"floor":31,"key":"Frozen Egg 2"}],"event_choices":[{"damage_healed":0.0,"max_hp_gain":0.0,"max_hp_loss":0.0,"gold_gain":0.0,"event_name":"Shining Light","player_choice":"Entered Light","floor":3.0,"gold_loss":0.0,"damage_taken":20.0,"cards_upgraded":["Strike_G","Defend_G"]},{"damage_healed":16.0,"max_hp_gain":0.0,"max_hp_loss":0.0,"gold_gain":0.0,"event_name":"The Cleric","player_choice":"Healed","floor":4.0,"gold_loss":35.0,"damage_taken":0.0},{"damage_healed":0.0,"max_hp_gain":0.0,"max_hp_loss":0.0,"gold_gain":50.0,"event_name":"FaceTrader","player_choice":"Touch","floor":11.0,"gold_loss":0.0,"damage_taken":6.0},{"damage_healed":0.0,"max_hp_gain":0.0,"max_hp_loss":33.0,"gold_gain":0.0,"event_name":"Ghosts","player_choice":"Became a Ghost","floor":22.0,"gold_loss":0.0,"damage_taken":0.0,"cards_obtained":["Ghostly","Ghostly","Ghostly"]},{"damage_healed":0.0,"max_hp_gain":0.0,"max_hp_loss":0.0,"gold_gain":0.0,"event_name":"Masked Bandits","player_choice":"Fought Bandits","floor":25.0,"gold_loss":0.0,"damage_taken":0.0}],"is_beta":false,"boss_relics":[{"not_picked":["SlaversCollar","Busted Crown"],"picked":"SacredBark"}],"items_purged_floors":[2,28],"is_endless":false,"potions_floor_spawned":[5,7,8,16,20,21,25,27],"killed_by":"Collector","ascension_level":15}}