{"host":"08z5bj28eube4vug","time":1612829638,"event":{"mods":["100% Spire Juice","2.2 Compatiblity","Abigail Mod","Act Like it!","BaseMod","Beaked The Cultist","Bestiary","Friendly Minions","Gensokyo","GungeonMod","Hallownest","Kiyohime????","Koishi","Lobotomy","Marisa????????","Minty Spire (QoL Compilation)","Prisma Mod","Remilia??????","Replay The Spire","Spire Arcade","StSLib","Td1madao Mod","The Alterego","The Bug Knight","The Jungle","The Sage","The Senshi","The Servant 0.9.4","Waifu the Spire","WarShipGirlsR/????R mod","Yuri Mod"],"gold_per_floor":[118,6,6,18,18,18,33,33,33,33,53,53,104,34,34,138,18,32,48,48,62,62,62],"floor_reached":22,"language":"ENG","playtime":1013,"items_purged":["Hallucinations"],"score":269,"play_id":"8228cbfa-9ac6-414e-b350-2d9552e99df8","local_time":"20210209031358","is_ascension_mode":true,"campfire_choices":[{"data":"Moonworks:IndiscriminateFireSupport","floor":6.0,"key":"SMITH"},{"data":"Moonworks:Ambush","floor":8.0,"key":"SMITH"},{"data":"Moonworks:SakisCookie","floor":10.0,"key":"SMITH"},{"data":"Moonworks:RagingMadness","floor":12.0,"key":"SMITH"},{"data":"Moonworks:AccelHyper","floor":15.0,"key":"SMITH"}],"circlet_count":0,"master_deck":["Moonworks:Strike+1","Moonworks:Strike+1","Moonworks:Strike+1","Moonworks:Strike+1","Moonworks:Defend+1","Moonworks:Defend+1","Moonworks:Defend+1","Moonworks:Defend+1","Moonworks:Ambush+1","Moonworks:LongDistanceShot","Moonworks:IndiscriminateFireSupport+1","Moonworks:RagingMadness+1","Moonworks:SakisCookie+1","Moonworks:ImOnFire","Moonworks:SakisCookie","Moonworks:AccelHyper+1","Moonworks:AnotherUltimateWeapon","Gensokyo:AllTheWorldsEvil","Normality","ReplayTheSpireMod:Splinters","Moonworks:NicePresent+1","Moonworks:NicePresent","Moonworks:SakisCookie"],"relics":["Moonworks:BrokenBomb","Moonworks:Homemark","sagemod:Creepy_Carousel","Tiny Chest","Replay:Ancient Bell","Blue Doll","DemoMod:MemoryAlloy","Bird Faced Urn","DemoMod:GlassGuonStoneRelic"],"acts_visited":["Exordium","TheCity"],"potions_floor_usage":[],"damage_taken":[{"damage":7.0,"enemies":"2 Louse","floor":1.0,"turns":3.0},{"damage":18.0,"enemies":"Jaw Worm","floor":4.0,"turns":4.0},{"damage":1.0,"enemies":"Cultist","floor":7.0,"turns":3.0},{"damage":0.0,"enemies":"Looter","floor":11.0,"turns":2.0},{"damage":0.0,"enemies":"Slime Boss","floor":16.0,"turns":8.0},{"damage":41.0,"enemies":"Shell Parasite","floor":18.0,"turns":7.0},{"damage":21.0,"enemies":"2 Thieves","floor":19.0,"turns":4.0},{"damage":7,"enemies":"Shelled Parasite and Fungi","floor":21,"turns":5},{"damage":17,"enemies":"Snake Plant","floor":22,"turns":2}],"seed_played":"-7460625158749836398","potions_obtained":[{"floor":4.0,"key":"PowerPotion"},{"floor":11.0,"key":"Swift Potion"},{"floor":18.0,"key":"Languid Potion"}],"is_trial":false,"path_per_floor":["M","$","?","M","?","R","M","R","T","R","M","R","?","$","R","B",null,"M","M","?","M","M"],"character_chosen":"THE_STARBREAKER","items_purchased":["Moonworks:RagingMadness","Moonworks:AccelHyper"],"campfire_rested":0,"item_purchase_floors":[2,14],"current_hp_per_floor":[53,53,53,35,35,35,36,36,36,36,39,39,39,39,39,47,60,26,10,10,9,0,0],"gold":62,"neow_bonus":"ONE_RARE_RELIC","is_daily":false,"chose_seed":false,"campfire_upgraded":5,"win_rate":0.0,"timestamp":1612829638,"path_taken":["M","$","?","M","?","R","?","R","T","R","M","R","?","$","R","BOSS","M","M","?","M","M"],"items_purchased_type":["Card","Card"],"build_version":"2020-12-22","purchased_purges":1,"victory":false,"max_hp_per_floor":[60,60,60,60,60,60,60,60,60,60,60,60,60,60,60,60,60,60,60,60,60,60,60],"card_choices":[{"not_picked":["Moonworks:SakisCookie","Moonworks:Bloodlust"],"picked":"Moonworks:IndiscriminateFireSupport","floor":1.0},{"not_picked":["Moonworks:TacticalRetreat","Moonworks:BigMagnum"],"picked":"Moonworks:SakisCookie","floor":4.0},{"not_picked":["Moonworks:AwakeningOfTalent","Moonworks:EvilSpyWorkPreparation"],"picked":"Moonworks:ImOnFire","floor":7.0},{"not_picked":["Moonworks:JonathanRush","Moonworks:LulusLuckyEgg"],"picked":"Moonworks:SakisCookie","floor":11.0},{"not_picked":["Moonworks:ReflectiveShell","Moonworks:ShieldCounter"],"picked":"Moonworks:AnotherUltimateWeapon","floor":16.0},{"not_picked":["ReplayTheSpireMod:Restless Dread","Wrath_TH"],"picked":"Gensokyo:AllTheWorldsEvil","floor":17.0},{"not_picked":["Pain","Voices"],"picked":"Normality","floor":17.0},{"not_picked":["Replay:Sluggish","ReplayTheSpireMod:Compounding Headache"],"picked":"ReplayTheSpireMod:Splinters","floor":17.0},{"not_picked":["Moonworks:DeployBits","Moonworks:BeyondHell"],"picked":"Moonworks:NicePresent+1","floor":18.0},{"not_picked":["Moonworks:ImmovableObject+1","Moonworks:Bloodlust+1"],"picked":"Moonworks:NicePresent","floor":19.0},{"not_picked":["Moonworks:IndiscriminateFireSupport","Moonworks:CloudOfSeagulls"],"picked":"Moonworks:SakisCookie","floor":21}],"player_experience":898182,"relics_obtained":[{"floor":9.0,"key":"Tiny Chest"}],"event_choices":[{"damage_healed":0.0,"max_hp_gain":0.0,"max_hp_loss":0.0,"gold_gain":0.0,"event_name":"Transmorgrifier","player_choice":"Ignored","floor":5.0,"gold_loss":0.0,"damage_taken":0.0},{"damage_healed":0.0,"max_hp_gain":0.0,"max_hp_loss":0.0,"gold_gain":51.0,"event_name":"Golden Wing","player_choice":"Gained Gold","floor":13.0,"gold_loss":0.0,"damage_taken":0.0},{"damage_healed":0.0,"max_hp_gain":0.0,"max_hp_loss":0.0,"gold_gain":0.0,"event_name":"Back to Basics","player_choice":"Simplicity","floor":20.0,"gold_loss":0.0,"damage_taken":0.0,"cards_upgraded":["Moonworks:Strike","Moonworks:Strike","Moonworks:Strike","Moonworks:Strike","Moonworks:Defend","Moonworks:Defend","Moonworks:Defend"]}],"is_beta":false,"boss_relics":[{"not_picked":["Sozu","beaked:MawFillet"],"picked":"Replay:Ancient Bell"},{"not_picked":["Art of War","Ancient Tea Set"],"picked":"DemoMod:WeirdEgg"},{"not_picked":["Iron Hammer","Onion Ring"],"picked":"DemoMod:MemoryAlloy"},{"not_picked":["theSenshi:SpiralHeartMoonRodRelic","WingedGreaves"],"picked":"Bird Faced Urn"}],"items_purged_floors":[2],"is_endless":false,"potions_floor_spawned":[4,11,18],"killed_by":"Snake Plant","ascension_level":4}}