{"host":"v1zz5dqrlq7zjvm7","time":1612847519,"event":{"mods":["100% Spire Juice","Act Like it!","BaseMod","Colored Map","Colored Powertips","Friendly Minions","Gensokyo","HololiveMod","Minty Spire (QoL Compilation)","Prisma Mod","StSLib","The Alterego","The Marked","The Servant 0.9.4","TheSwordswoman","UnlockEverythingMod","Waifu the Spire","Yakumo Yukari mod"],"gold_per_floor":[116,416,416,185,185,185,196,196,267,302,78,110,110,126,126,231,111,121,150,150,163,163,163,198,198,224,104,119,137,155,155,155,255,255,155,155,170,186,85,45,65,65,65],"floor_reached":42,"language":"ENG","playtime":1876,"items_purged":[],"score":501,"play_id":"5ca7c858-edc0-4fe7-9d43-c74d54b970d2","local_time":"20210209154159","is_ascension_mode":false,"campfire_choices":[{"data":"Mayhem","floor":6,"key":"SMITH"},{"data":"Moonworks:AngelHand","floor":8,"key":"SMITH"},{"data":"Moonworks:StarBlastingFuse","floor":15,"key":"SMITH"},{"floor":23,"key":"REST"},{"data":"Moonworks:LulusLuckyEgg","floor":27,"key":"SMITH"},{"data":"Moonworks:x16BigRocket+1","floor":32,"key":"SMITH"}],"circlet_count":0,"master_deck":["Moonworks:Ambush+1","Moonworks:LongDistanceShot","Moonworks:EvilSpyWorkPreparation","Moonworks:AngelHand+1","Mayhem+1","Moonworks:LuckyCharm+1","Moonworks:StarBlastingFuse+1","Moonworks:UnpaidWork+1","Moonworks:BigBangBell","Moonworks:AnotherUltimateWeapon","Moonworks:SweetBattle","Moonworks:NicePresent","Moonworks:x16BigRocket+2","Necronomicurse","Moonworks:LulusLuckyEgg+1","Moonworks:SealedMemories+1","Moonworks:MixPhenomenon","Moonworks:AnotherUltimateWeapon","Shame","Moonworks:CrystalBarrier","Moonworks:MeltingMemories","Moonworks:DevilHand","Moonworks:HolyNight","Moonworks:ReflectiveShell","Moonworks:Encore","Moonworks:MixPhenomenon","Moonworks:JonathanRush+1","Moonworks:StarBlastingFuse","Dark Shackles","Moonworks:LulusLuckyEgg","Moonworks:SakisCookie+1","Parasite","Moonworks:ImOnFire+1","Moonworks:SakisCookie+1"],"relics":["Moonworks:SBBomb","Moonworks:Homemark","NeowsBlessing","Old Coin","Eternal Feather","Orichalcum","Moonworks:GoldenDie","Meat on the Bone","Red Mask","Necronomicon","Gremlin Horn","alterego_mod:FleetingLove","Potion Belt","Strawberry","Pandora\u0027s Box"],"acts_visited":["Exordium","TheCity","TheBeyond"],"potions_floor_usage":[19,24,24,33,39,39,39],"damage_taken":[{"damage":0,"enemies":"Cultist","floor":1,"turns":1},{"damage":7,"enemies":"2 Louse","floor":7,"turns":2},{"damage":0,"enemies":"Lagavulin","floor":10,"turns":2},{"damage":6,"enemies":"3 Sentries","floor":12,"turns":6},{"damage":6,"enemies":"Jaw Worm","floor":14,"turns":3},{"damage":29,"enemies":"Slime Boss","floor":16,"turns":4},{"damage":8,"enemies":"Spheric Guardian","floor":18,"turns":4},{"damage":34,"enemies":"Masked Bandits","floor":19,"turns":4},{"damage":8,"enemies":"2 Thieves","floor":21,"turns":4},{"damage":31,"enemies":"Gremlin Leader","floor":24,"turns":6},{"damage":10,"enemies":"Centurion and Healer","floor":28,"turns":5},{"damage":13,"enemies":"Snake Plant","floor":29,"turns":5},{"damage":0,"enemies":"3 Cultists","floor":30,"turns":3},{"damage":13,"enemies":"Automaton","floor":33,"turns":7},{"damage":13,"enemies":"3 Shapes","floor":35,"turns":4},{"damage":5,"enemies":"Orb Walker","floor":37,"turns":4},{"damage":16,"enemies":"3 Darklings","floor":38,"turns":5},{"damage":8,"enemies":"Writhing Mass","floor":39,"turns":6},{"damage":36,"enemies":"Spire Growth","floor":41,"turns":8},{"damage":39,"enemies":"Giant Head","floor":42,"turns":6}],"seed_played":"8505737969596463292","potions_obtained":[{"floor":10,"key":"PowerPotion"},{"floor":14,"key":"Explosive Potion"},{"floor":19,"key":"Ancient Potion"},{"floor":29,"key":"DuplicationPotion"},{"floor":33,"key":"Swift Potion"},{"floor":35,"key":"Dexterity Potion"}],"is_trial":false,"path_per_floor":["M","?","?","$","?","R","M","R","T","E","$","E","?","M","R","B",null,"M","?","?","M","?","R","E","?","T","R","M","M","M","?","R","B",null,"M","?","M","M","M","?","M","E"],"character_chosen":"THE_STARBREAKER","items_purchased":["Moonworks:AngelHand","Mayhem","Moonworks:GoldenDie","DistilledChaos"],"campfire_rested":1,"item_purchase_floors":[4,4,11,11],"current_hp_per_floor":[60,60,48,48,48,48,41,41,41,41,41,35,35,41,50,33,60,52,30,20,32,16,47,28,28,28,40,38,39,39,46,61,52,72,59,59,54,38,37,37,22,0,0],"gold":65,"neow_bonus":"THREE_ENEMY_KILL","is_daily":false,"chose_seed":false,"campfire_upgraded":5,"win_rate":0.0,"timestamp":1612847519,"path_taken":["M","?","?","?","?","R","?","R","T","E","$","E","?","M","R","BOSS","M","?","?","M","?","R","E","?","T","R","?","M","M","?","R","BOSS","M","?","M","M","M","?","?","E"],"items_purchased_type":["Card","Card","Relic","Potion"],"build_version":"2020-12-22","purchased_purges":0,"victory":false,"max_hp_per_floor":[60,60,60,60,60,60,60,60,60,60,60,60,60,60,60,60,60,60,60,65,65,65,65,65,65,65,65,65,65,65,72,72,72,72,72,72,72,72,72,72,72,72,72],"card_choices":[{"not_picked":["Moonworks:SakisCookie","Moonworks:Assault"],"picked":"Moonworks:EvilSpyWorkPreparation","floor":1},{"not_picked":["Moonworks:BigMagnum","Moonworks:ImOnFire"],"picked":"Moonworks:LuckyCharm","floor":7},{"not_picked":["Moonworks:IndiscriminateFireSupport","Moonworks:Dash"],"picked":"Moonworks:StarBlastingFuse","floor":10},{"not_picked":["Moonworks:BeyondHell","Moonworks:Bloodlust"],"picked":"Moonworks:UnpaidWork","floor":12},{"not_picked":["Moonworks:BigMagnum","Moonworks:NicePresent"],"picked":"Moonworks:BigBangBell","floor":14},{"not_picked":["Moonworks:StarBlastingFuse","Moonworks:Encore"],"picked":"Moonworks:AnotherUltimateWeapon","floor":16},{"not_picked":["Moonworks:EvilSpyWorkPreparation+1","Moonworks:MiracleWalker+1"],"picked":"Moonworks:SweetBattle","floor":18},{"not_picked":["Moonworks:ImOnFire+1","Moonworks:JonathanRush+1"],"picked":"Moonworks:NicePresent","floor":19},{"not_picked":["Moonworks:RedAndBlue","Moonworks:Assault+1"],"picked":"Moonworks:x16BigRocket+1","floor":21},{"not_picked":["Moonworks:JonathanRush","Moonworks:DeployBits"],"picked":"Moonworks:LulusLuckyEgg","floor":24},{"not_picked":["Moonworks:CloudOfSeagulls","Moonworks:IndiscriminateFireSupport"],"picked":"Moonworks:SealedMemories+1","floor":28},{"not_picked":["Moonworks:UnluckyCharm","Moonworks:Assault+1"],"picked":"Moonworks:MixPhenomenon","floor":29},{"not_picked":["Moonworks:MixPhenomenon","Moonworks:NicePresent+1"],"picked":"Moonworks:AnotherUltimateWeapon","floor":30},{"not_picked":["Moonworks:Gamble","Moonworks:WeAreWaruda"],"picked":"Moonworks:CrystalBarrier","floor":33},{"not_picked":["Moonworks:DeployBits+1","Moonworks:x16BigRocket","Moonworks:SakisCookie"],"picked":"SKIP","floor":35},{"not_picked":["Discovery","Dramatic Entrance"],"picked":"Dark Shackles","floor":36},{"not_picked":["Moonworks:IndiscriminateFireSupport","Moonworks:RedAndBlue+1"],"picked":"Moonworks:LulusLuckyEgg","floor":37},{"not_picked":["Moonworks:ImOnFire+1","Moonworks:Flamethrower+1"],"picked":"Moonworks:SakisCookie+1","floor":38},{"not_picked":["Moonworks:BeyondHell","Moonworks:IndiscriminateFireSupport"],"picked":"Moonworks:ImOnFire+1","floor":39},{"not_picked":["Moonworks:MiracleRedBeanIceCream+1","Moonworks:Flamethrower+1"],"picked":"Moonworks:SakisCookie+1","floor":41}],"player_experience":176084,"relics_obtained":[{"floor":9,"key":"Eternal Feather"},{"floor":10,"key":"Orichalcum"},{"floor":12,"key":"Meat on the Bone"},{"floor":19,"key":"Red Mask"},{"floor":22,"key":"Necronomicon"},{"floor":24,"key":"Gremlin Horn"},{"floor":26,"key":"Potion Belt"}],"event_choices":[{"damage_healed":0,"gold_gain":0,"player_choice":"Box","damage_taken":0,"relics_obtained":["Old Coin"],"max_hp_gain":0,"max_hp_loss":0,"event_name":"Big Fish","floor":2,"gold_loss":0,"cards_obtained":["Regret"]},{"damage_healed":0,"gold_gain":0,"player_choice":"Entered Light","damage_taken":12,"max_hp_gain":0,"max_hp_loss":0,"event_name":"Shining Light","floor":3,"gold_loss":0,"cards_upgraded":["Moonworks:Strike","Moonworks:Ambush"]},{"cards_removed":["Regret"],"damage_healed":0,"gold_gain":0,"player_choice":"Purged","damage_taken":0,"max_hp_gain":0,"max_hp_loss":0,"event_name":"Purifier","floor":5,"gold_loss":0},{"damage_healed":0,"gold_gain":0,"player_choice":"Grow","damage_taken":0,"max_hp_gain":0,"max_hp_loss":0,"event_name":"Living Wall","floor":13,"gold_loss":0,"cards_upgraded":["Moonworks:UnpaidWork"]},{"damage_healed":0,"gold_gain":0,"player_choice":"Fought Bandits","damage_taken":0,"max_hp_gain":0,"max_hp_loss":0,"event_name":"Masked Bandits","floor":19,"gold_loss":0},{"damage_healed":0,"gold_gain":0,"player_choice":"Shed Blood","damage_taken":15,"max_hp_gain":5,"max_hp_loss":0,"event_name":"Forgotten Altar","floor":20,"gold_loss":0},{"damage_healed":0,"gold_gain":0,"player_choice":"Obtained Book","damage_taken":16,"max_hp_gain":0,"max_hp_loss":0,"event_name":"Cursed Tome","floor":22,"gold_loss":0},{"damage_healed":0,"gold_gain":0,"player_choice":"Choice 1","damage_taken":0,"relics_obtained":["alterego_mod:FleetingLove"],"max_hp_gain":0,"max_hp_loss":0,"event_name":"Secret Garden","floor":25,"gold_loss":0},{"damage_healed":0,"gold_gain":0,"player_choice":"Stole Relic","damage_taken":0,"relics_obtained":["Strawberry"],"max_hp_gain":0,"max_hp_loss":0,"event_name":"Addict","floor":31,"gold_loss":0,"cards_obtained":["Shame"]},{"damage_healed":0,"gold_gain":0,"player_choice":"Memory 1","damage_taken":0,"max_hp_gain":0,"max_hp_loss":0,"event_name":"SensoryStone","floor":36,"gold_loss":0},{"damage_healed":0,"gold_gain":0,"player_choice":"Upgraded Two","damage_taken":0,"max_hp_gain":0,"max_hp_loss":0,"event_name":"Designer","floor":40,"gold_loss":40,"cards_upgraded":["Moonworks:LuckyCharm","Moonworks:JonathanRush"]}],"is_beta":false,"boss_relics":[{"not_picked":["Runic Pyramid","Black Star"],"picked":"Moonworks:SBBomb"},{"not_picked":["Coffee Dripper","Astrolabe"],"picked":"Pandora\u0027s Box"}],"items_purged_floors":[],"is_endless":false,"potions_floor_spawned":[10,14,19,29,33,35],"killed_by":"Giant Head","ascension_level":0}}