{"host":"qhn6g0owdgjb77rz","time":1612878876,"event":{"mods":["BaseMod","BetterRewards","Colored Map","Downfall","Minty Spire (QoL Compilation)","Relic Sorter","Reliquary","Spire Arcade","StSLib"],"gold_per_floor":[99,115,100,113,213,113,139,139,164,183,226,226,263,289,313,418,418,318,343,366,366,366,394,394,409,444,455,468,499,399,399,417,523,523,523,549,574,39,39,65,112,155,178,212,113,136,161,161,186,186,186,186,186,186],"floor_reached":52,"language":"ENG","playtime":3913,"items_purged":["Writhe","downfall:Malfunctioning"],"score":1163,"play_id":"4a4bb4e5-4a99-4e26-a36b-cfe4caf1e4b8","local_time":"20210209225436","is_ascension_mode":true,"campfire_choices":[{"floor":1.0,"key":"RECALL"},{"data":"hexamod:HeatMetal","floor":6.0,"key":"SMITH"},{"data":"hexamod:Hexaguard","floor":8.0,"key":"SMITH"},{"data":"hexamod:WildfireWeapon","floor":18.0,"key":"SMITH"},{"data":"hexamod:RainOfEmbers","floor":30,"key":"SMITH"},{"data":"hexamod:ForkedFlame","floor":35,"key":"SMITH"}],"circlet_count":0,"master_deck":["hexamod:Defend","hexamod:Defend+1","hexamod:Defend","hexamod:Defend","hexamod:Sear","hexamod:Float","hexamod:PhantomFireball","hexamod:Hexaguard+1","hexamod:HeatMetal+1","hexamod:SecondSeal","hexamod:VolcanoVisage+1","hexamod:BurningTouch+1","hexamod:AdvancingGuard","hexamod:DynamicBlow","hexamod:WildfireWeapon+1","hexamod:RainOfEmbers+1","hexamod:Incineration","Bite","Bite","Bite","Bite","Bite","hexamod:HeatMetal+1","hexamod:HeatMetal+1","hexamod:DynamicBlow","hexamod:EmpoweredFlame+1","hexamod:FourthSeal","hexamod:ForkedFlame+1","hexamod:AdvancingGuard+1","hexamod:FastForward+1","hexamod:FirstSeal","hexamod:PhantomCloak+1","hexamod:ExtraCrispy+1","hexamod:BurningTouch","hexamod:ExtraCrispy","hexamod:HeatShield+1"],"relics":["hexamod:SpiritBrand","downfall:HeartBlessingRed","PreservedInsect","Dead Branch","Ginger","reliquary:RoseTintedGlasses","reliquary:KinkedSpring","downfall:HeartBlessingGreen","Guardian:PocketSentry","WingedGreaves","Bottled Tornado","downfall:HeartBlessingBlue","Runic Pyramid","Chemical X","Bird Faced Urn","Vajra","Juzu Bracelet","Torii","Dead Branch","Lantern"],"acts_visited":["Exordium","TheCity","TheBeyond","TheEnding"],"potions_floor_usage":[28,33,33,38,47,52],"damage_taken":[{"damage":2.0,"enemies":"Jaw Worm","floor":2.0,"turns":3.0},{"damage":0.0,"enemies":"downfall:FleeingMerchant","floor":3.0,"turns":4.0},{"damage":6.0,"enemies":"2 Louse","floor":4.0,"turns":2.0},{"damage":10.0,"enemies":"Lagavulin","floor":9.0,"turns":5.0},{"damage":0.0,"enemies":"Small Slimes","floor":10.0,"turns":3.0},{"damage":12.0,"enemies":"Gremlin Nob","floor":11.0,"turns":3.0},{"damage":5.0,"enemies":"3 Sentries","floor":13.0,"turns":6.0},{"damage":0.0,"enemies":"Blue Slaver","floor":14.0,"turns":3.0},{"damage":2.0,"enemies":"3 Louse","floor":15.0,"turns":5.0},{"damage":3.0,"enemies":"SI_SHIV_ARCHETYPE","floor":16.0,"turns":6.0},{"damage":24.0,"enemies":"Spheric Guardian","floor":19.0,"turns":6.0},{"damage":4.0,"enemies":"Snake Plant","floor":20.0,"turns":3.0},{"damage":1.0,"enemies":"Centurion and Healer","floor":23.0,"turns":6.0},{"damage":3.0,"enemies":"Cultist and Chosen","floor":25.0,"turns":4.0},{"damage":16.0,"enemies":"Gremlin Leader","floor":26.0,"turns":3.0},{"damage":5.0,"enemies":"Snake Plant","floor":27.0,"turns":3.0},{"damage":7,"enemies":"Shelled Parasite and Fungi","floor":28,"turns":5},{"damage":5,"enemies":"Book of Stabbing","floor":29,"turns":4},{"damage":9,"enemies":"Centurion and Healer","floor":32,"turns":4},{"damage":55,"enemies":"DF_ARCHETYPE_CLAW","floor":33,"turns":8},{"damage":6,"enemies":"Orb Walker","floor":36,"turns":3},{"damage":6,"enemies":"3 Shapes","floor":37,"turns":4},{"damage":15,"enemies":"downfall:FleeingMerchant","floor":38,"turns":4},{"damage":11,"enemies":"Maw","floor":40,"turns":6},{"damage":4,"enemies":"Giant Head","floor":42,"turns":6},{"damage":30,"enemies":"4 Shapes","floor":43,"turns":7},{"damage":0,"enemies":"Nemesis","floor":44,"turns":3},{"damage":2,"enemies":"downfall:FleeingMerchant","floor":45,"turns":4},{"damage":59,"enemies":"3 Darklings","floor":46,"turns":5},{"damage":25,"enemies":"Reptomancer","floor":47,"turns":6},{"damage":2,"enemies":"Maw","floor":49,"turns":6},{"damage":66,"enemies":"WA_ARCHETYPE_DIVINITY","floor":50,"turns":8},{"damage":80,"enemies":"downfall:CharBossMerchant","floor":52,"turns":5}],"seed_played":"-144260498509669385","potions_obtained":[{"floor":10.0,"key":"Energy Potion"},{"floor":11.0,"key":"AttackPotion"},{"floor":14.0,"key":"GamblersBrew"},{"floor":25.0,"key":"Weak Potion"},{"floor":26.0,"key":"Explosive Potion"},{"floor":28,"key":"Swift Potion"},{"floor":31,"key":"CultistPotion"},{"floor":33,"key":"PowerPotion"},{"floor":36,"key":"sneckomod:MuddlingPotion"},{"floor":37,"key":"Explosive Potion"},{"floor":38,"key":"Explosive Potion"},{"floor":40,"key":"CultistPotion"},{"floor":47,"key":"PowerPotion"}],"is_trial":false,"path_per_floor":["R","M","$","M","?","R","T","R","E","M","E","?","E","M","M","B",null,"R","M","M","?","?","M","T","M","E","M","M","E","R","?","M","B",null,"R","M","M","$","?","M","T","E","M","E","$","M","E","?","M","B",null,"E"],"character_chosen":"THE_SPIRIT","items_purchased":["Chemical X","Bird Faced Urn","hexamod:ExtraCrispy","reliquary:SculptingSteel"],"campfire_rested":0,"item_purchase_floors":[38,38,45,45],"current_hp_per_floor":[59,57,57,51,51,51,51,51,41,41,29,29,24,24,22,19,68,68,44,40,40,40,49,49,52,36,37,38,43,53,53,50,3,52,52,52,48,39,32,39,39,62,61,67,68,30,40,40,68,25,57,0,0,0],"gold":186,"neow_bonus":"TWENTY_PERCENT_HP_BONUS","is_daily":false,"chose_seed":false,"campfire_upgraded":5,"win_rate":0.0,"timestamp":1612878876,"path_taken":["R","M","$","M","?","R","T","R","E","M","E","?","E","M","M","BOSS","R","M","M","?","?","M","T","M","E","M","M","E","R","?","M","BOSS","R","M","M","$","?","M","T","E","M","E","$","M","E","?","M","BOSS","E"],"items_purchased_type":["Relic","Relic","Card","Relic"],"build_version":"2020-12-22","purchased_purges":2,"victory":false,"max_hp_per_floor":[84,84,84,84,84,84,84,84,84,84,84,84,84,84,84,84,84,84,84,84,58,58,58,58,58,58,58,58,58,68,68,68,68,68,68,68,68,68,68,68,68,68,68,68,68,68,68,68,68,68,68,68,68,68],"card_choices":[{"not_picked":["hexamod:InspiringFlames","hexamod:SpectralAdrenaline"],"picked":"hexamod:PhantomFireball","floor":2.0},{"not_picked":["hexamod:Firestarter","hexamod:FlamesFromBeyond"],"picked":"hexamod:Hexaguard","floor":3.0},{"not_picked":["hexamod:GhostLash","hexamod:HeatCrush"],"picked":"hexamod:HeatMetal","floor":4.0},{"not_picked":["hexamod:NightmareStrike","hexamod:NecessarySacrifice"],"picked":"hexamod:SecondSeal","floor":9.0},{"not_picked":["hexamod:Again","hexamod:FourthSeal"],"picked":"hexamod:VolcanoVisage","floor":10.0},{"not_picked":["hexamod:CatchUp","hexamod:SpectralSpark"],"picked":"hexamod:BurningTouch","floor":11.0},{"not_picked":["hexamod:Firestarter","hexamod:SkipABeat"],"picked":"hexamod:AdvancingGuard","floor":13.0},{"not_picked":["hexamod:GhostShield","hexamod:SpectersWail","hexamod:SwordOfDarkness"],"picked":"SKIP","floor":14.0},{"not_picked":["hexamod:PhantomFireball","hexamod:Firestarter"],"picked":"hexamod:DynamicBlow","floor":15.0},{"not_picked":["hexamod:GhostOfSpirePresent","hexamod:UnleashSpirits"],"picked":"hexamod:WildfireWeapon","floor":16.0},{"not_picked":["hexamod:SwordOfDarkness","hexamod:SpectersWail"],"picked":"hexamod:RainOfEmbers","floor":19.0},{"not_picked":["hexamod:HauntingEcho","hexamod:StepThrough"],"picked":"hexamod:Incineration","floor":20.0},{"not_picked":["hexamod:SkipABeat","hexamod:SpectersWail","hexamod:ThirdSeal"],"picked":"SKIP","floor":23.0},{"not_picked":["hexamod:Hexaguard","hexamod:SwordOfDarkness"],"picked":"hexamod:HeatMetal+1","floor":25.0},{"not_picked":["hexamod:InspiringFlames","hexamod:NightmareGuise","hexamod:Firestarter"],"picked":"SKIP","floor":26.0},{"not_picked":["hexamod:RetreatToShadows","hexamod:BurningTouch"],"picked":"hexamod:HeatMetal+1","floor":27.0},{"not_picked":["hexamod:BacktrackSmack","hexamod:Firestarter"],"picked":"hexamod:DynamicBlow","floor":28},{"not_picked":["hexamod:SecondSeal","hexamod:HexaLevel"],"picked":"hexamod:EmpoweredFlame+1","floor":29},{"not_picked":["hexamod:Hexaguard+1","hexamod:HauntingEcho"],"picked":"hexamod:FourthSeal","floor":32},{"not_picked":["hexamod:HexaLevel","hexamod:UnlimitedPower"],"picked":"hexamod:ForkedFlame","floor":33},{"not_picked":["hexamod:GhostLash","hexamod:GhostOfSpireFuture+1"],"picked":"hexamod:AdvancingGuard+1","floor":36},{"not_picked":["hexamod:SuperheatedStrike","hexamod:GhostShield"],"picked":"hexamod:FastForward+1","floor":37},{"not_picked":["hexamod:NightmareStrike","hexamod:SpectralAdrenaline","hexamod:FastForward"],"picked":"SKIP","floor":38},{"not_picked":["hexamod:SoulSteal","hexamod:SpectralAdrenaline"],"picked":"hexamod:PhantomCloak+1","floor":40},{"not_picked":["hexamod:BacktrackSmack+1","hexamod:SecondSeal"],"picked":"hexamod:ExtraCrispy+1","floor":42},{"not_picked":["hexamod:HeatMetal","hexamod:NightmareGuise"],"picked":"hexamod:BurningTouch","floor":43},{"not_picked":["hexamod:FifthSeal","hexamod:GhostShield","hexamod:SpectersWail+1"],"picked":"SKIP","floor":44},{"not_picked":["hexamod:HeatMetal","hexamod:FlamesFromBeyond","hexamod:CatchUp+1"],"picked":"SKIP","floor":45},{"not_picked":["hexamod:SwordOfDarkness","hexamod:ShieldOfDarkness+1","hexamod:Firestarter"],"picked":"SKIP","floor":46},{"not_picked":["hexamod:InspiringFlames","hexamod:Hexaguard","hexamod:HauntingEcho"],"picked":"SKIP","floor":47},{"not_picked":["hexamod:Rewind","hexamod:InspiringFlames+1"],"picked":"hexamod:HeatShield+1","floor":49}],"player_experience":679686,"relics_obtained":[{"floor":7.0,"key":"PreservedInsect"},{"floor":9.0,"key":"Dead Branch"},{"floor":11.0,"key":"Ginger"},{"floor":13.0,"key":"reliquary:RoseTintedGlasses"},{"floor":26.0,"key":"WingedGreaves"},{"floor":29,"key":"Bottled Tornado"},{"floor":41,"key":"Vajra"},{"floor":42,"key":"Juzu Bracelet"},{"floor":44,"key":"Torii"},{"floor":47,"key":"Lantern"}],"event_choices":[{"damage_healed":0.0,"max_hp_gain":0.0,"max_hp_loss":26.0,"gold_gain":0.0,"event_name":"Vampires","player_choice":"Became a vampire","floor":21.0,"gold_loss":0.0,"damage_taken":0.0,"cards_obtained":["Bite","Bite","Bite","Bite","Bite"]}],"is_beta":false,"boss_relics":[{"not_picked":["SacredBark","bronze:MakeshiftBattery"],"picked":"reliquary:KinkedSpring"},{"not_picked":["Tiny House","Astrolabe"],"picked":"Runic Pyramid"}],"items_purged_floors":[38,45],"is_endless":false,"potions_floor_spawned":[10,11,14,25,26,27,28,40,42,44,47,49],"killed_by":"downfall:CharBossMerchant","ascension_level":7}}