{"host":"djoj10dqzzvtkauc","time":1612871393,"event":{"mods":["2.2 Compatiblity","BaseMod","Colored Map","DeckTracker","Highlight Path","Keyboard Shortcuts","Marisa£¨Ùöéë¡¡Øª×âÞÞ£©","Minty Spire (QoL Compilation)","Permanent Neow","Quick Restart","Random Character Button","StSLib","SuperFastMode","everything is the same but u backflip on backflip"],"gold_per_floor":[112,131,151,151,163,163,194,206,218,250,282,29,40,59,59,159,159,175,175,175],"floor_reached":19,"language":"KOR","playtime":572,"items_purged":[],"score":251,"play_id":"515d642d-45b5-4465-b38a-52ef7b8a8eb4","local_time":"20210209204953","is_ascension_mode":true,"campfire_choices":[{"data":"Whirlwind","floor":6,"key":"SMITH"},{"floor":8,"key":"REST"},{"data":"Reckless Charge","floor":15,"key":"SMITH"}],"circlet_count":0,"master_deck":["Strike_R","Strike_R","Strike_R","Strike_R","Strike_R","Defend_R","Defend_R","Defend_R","Defend_R","Bash","Whirlwind+1","Shrug It Off","Second Wind","Twin Strike","Thunderclap","Body Slam","Battle Trance","Iron Wave","Dark Embrace","Havoc","Reaper","Shrug It Off","Reckless Charge+1","Feed","Carnage"],"relics":["Burning Blood","Sundial","MawBank","Self Forming Clay","SlaversCollar"],"acts_visited":["Exordium","TheCity"],"potions_floor_usage":[7,13,16,16],"damage_taken":[{"damage":6,"enemies":"Cultist","floor":1,"turns":3},{"damage":15,"enemies":"Jaw Worm","floor":2,"turns":4},{"damage":0,"enemies":"Small Slimes","floor":3,"turns":3},{"damage":9,"enemies":"Red Slaver","floor":5,"turns":4},{"damage":50,"enemies":"Lagavulin","floor":7,"turns":9},{"damage":1,"enemies":"2 Fungi Beasts","floor":10,"turns":3},{"damage":0,"enemies":"Gremlin Gang","floor":11,"turns":2},{"damage":16,"enemies":"Exordium Thugs","floor":13,"turns":4},{"damage":7,"enemies":"Large Slime","floor":14,"turns":7},{"damage":56,"enemies":"Slime Boss","floor":16,"turns":10},{"damage":34,"enemies":"Spheric Guardian","floor":18,"turns":6},{"damage":19,"enemies":"3 Byrds","floor":19,"turns":4}],"seed_played":"4176146297698168111","potions_obtained":[{"floor":2,"key":"SkillPotion"},{"floor":7,"key":"AttackPotion"},{"floor":11,"key":"Fire Potion"},{"floor":14,"key":"BlessingOfTheForge"},{"floor":16,"key":"Weak Potion"}],"is_trial":false,"path_per_floor":["M","M","M","?","M","R","E","R","T","M","M","$","M","M","R","B",null,"M","M"],"character_chosen":"IRONCLAD","items_purchased":["Dark Embrace","Havoc","Reaper"],"campfire_rested":1,"item_purchase_floors":[12,12,12],"current_hp_per_floor":[72,63,69,66,63,63,19,43,43,48,54,54,48,55,55,13,63,35,24,24],"gold":175,"neow_bonus":"THREE_CARDS","is_daily":false,"chose_seed":false,"campfire_upgraded":2,"win_rate":0.0,"timestamp":1612871393,"path_taken":["M","M","?","?","M","R","E","R","T","M","M","$","M","M","R","BOSS","M","M"],"items_purchased_type":["Card","Card","Card"],"build_version":"2020-12-22","purchased_purges":0,"victory":false,"max_hp_per_floor":[80,80,80,80,80,80,80,80,80,80,80,80,80,80,80,80,80,80,80,80],"card_choices":[{"not_picked":["Infernal Blade","Cleave"],"picked":"Whirlwind","floor":0},{"not_picked":["Flex","Combust"],"picked":"Shrug It Off","floor":1},{"not_picked":["Cleave","Whirlwind"],"picked":"Second Wind","floor":2},{"not_picked":["Clothesline","Sword Boomerang"],"picked":"Twin Strike","floor":3},{"not_picked":["Sentinel","Headbutt"],"picked":"Thunderclap","floor":5},{"not_picked":["Sword Boomerang","Second Wind"],"picked":"Body Slam","floor":7},{"not_picked":["Body Slam","Iron Wave"],"picked":"Battle Trance","floor":10},{"not_picked":["Searing Blow","Twin Strike"],"picked":"Iron Wave","floor":11},{"not_picked":["Hemokinesis","Rupture"],"picked":"Shrug It Off","floor":13},{"not_picked":["Shrug It Off","Rage"],"picked":"Reckless Charge","floor":14},{"not_picked":["Fiend Fire","Berserk"],"picked":"Feed","floor":16},{"not_picked":["Entrench","Headbutt+1"],"picked":"Carnage","floor":18}],"player_experience":207302,"relics_obtained":[{"floor":7,"key":"MawBank"},{"floor":9,"key":"Self Forming Clay"}],"event_choices":[{"damage_healed":0,"gold_gain":0,"player_choice":"Success","damage_taken":3,"relics_obtained":["Sundial"],"max_hp_gain":0,"max_hp_loss":0,"event_name":"Scrap Ooze","floor":4,"gold_loss":0}],"is_beta":false,"boss_relics":[{"not_picked":["Tiny House","Black Star"],"picked":"SlaversCollar"}],"items_purged_floors":[],"is_endless":false,"potions_floor_spawned":[2,7,11,14,16],"killed_by":"3 Byrds","ascension_level":9}}