{"host":"u1ystlfkdtaqkn2r","time":1612852863,"event":{"mods":["ATMod(阿瑾Mod)","Act Like it!","Arknights","BaseMod","Colored Powertips","Friendly Minions","Gensokyo","GifTheSpireLib","Jedi Mod","Koishi","KomeijiMod","Luminous","Minty Spire (QoL Compilation)","Pale of the Ancients","Prisma Mod","Replay The Spire","RumiaBox-露米娅的神秘盒子","Spicy Shops","StSLib","SuperFastMode","UnlockEverythingMod","WarShipGirlsR/战舰少女R mod","Warlord Emblem","Yakumo Yukari mod","【遗物卡牌】REMEMod"],"gold_per_floor":[130,149,149,160,260,260,290,304,331,331,331,356,356,374,374,374,374],"floor_reached":16,"language":"ZHS","playtime":629,"items_purged":[],"score":112,"play_id":"db0c8719-15aa-4338-a0ce-b188e257e780","local_time":"20210209144103","is_ascension_mode":true,"campfire_choices":[{"data":"OmniscientAndOmnipotent_Monster_purple","floor":6.0,"key":"SMITH"},{"data":"OmniscientAndOmnipotent_Monster_purple","floor":10.0,"key":"SMITH"},{"data":"Boundary_LifeAndDeath_purple","floor":15.0,"key":"SMITH"}],"circlet_count":0,"master_deck":["AT_purpleEX","AT_purpleEX","AT_purpleEX","AT_purpleEX","Defend_purpleEX","Defend_purpleEX","Defend_purpleEX","Defend_purpleEX","Observe_purple_1","Observe_purple_2","Shallow_ocean_purpleEX","OmniscientAndOmnipotent_Monster_purple+1","OmniscientAndOmnipotent_Monster_purple+1","Pain","Boundary_LifeAndDeath_purple+1"],"relics":["Boundary_crack","Memoryfragments_purpleEX","AT_ATBox","REME_ComplimentaryCards","REME_IWantAll","Happy Flower","AT_ChloranthyRing","Orichalcum","jedi:bottledfury","Gensokyo:LunaticRedEyes"],"acts_visited":["Gensokyo:Gensokyo"],"potions_floor_usage":[16],"damage_taken":[{"damage":0.0,"enemies":"Gensokyo:3_Fairies","floor":1.0,"turns":5.0},{"damage":6.0,"enemies":"Gensokyo:Python","floor":4.0,"turns":4.0},{"damage":16.0,"enemies":"Gensokyo:Cirno","floor":7.0,"turns":5.0},{"damage":2.0,"enemies":"Gensokyo:Gryphon","floor":8.0,"turns":3.0},{"damage":5.0,"enemies":"Gensokyo:Mamizou","floor":12.0,"turns":8.0},{"damage":5.0,"enemies":"Gensokyo:CorruptedTreant","floor":14.0,"turns":2.0},{"damage":16,"enemies":"Gensokyo:Reimu","floor":16,"turns":7}],"seed_played":"7307549573771675080","potions_obtained":[{"floor":4.0,"key":"CalmPotion"},{"floor":7.0,"key":"RealmPotion"},{"floor":8.0,"key":"DuplicationPotion"},{"floor":12.0,"key":"ExcitationPotion"}],"is_trial":false,"path_per_floor":["M","?","?","M","?","R","E","M","T","R","?","E","?","M","R","B"],"character_chosen":"Youkari","items_purchased":[],"campfire_rested":0,"item_purchase_floors":[],"current_hp_per_floor":[64,31,31,26,26,26,12,11,11,11,11,11,11,6,6,0,0],"gold":374,"neow_bonus":"TWENTY_PERCENT_HP_BONUS","is_daily":false,"chose_seed":false,"campfire_upgraded":3,"win_rate":0.0,"timestamp":1612852863,"path_taken":["M","?","?","M","?","R","E","?","T","R","?","E","?","M","R","BOSS"],"items_purchased_type":[],"build_version":"2020-12-22","purchased_purges":0,"victory":false,"max_hp_per_floor":[84,84,84,84,84,84,84,84,84,84,84,84,84,84,84,84,84],"card_choices":[{"not_picked":["Worldmountain_purple","AdvanceAttack_purple","SharpContractionReality_purple"],"picked":"SKIP","floor":1.0},{"not_picked":["MeetDecomposer_purple","WatchEChange_purple"],"picked":"Shallow_ocean_purpleEX","floor":2.0},{"not_picked":["Umbrella_purple","SfantasyHide_purple"],"picked":"OmniscientAndOmnipotent_Monster_purple","floor":4.0},{"not_picked":["MeetDecomposer_purple","MetroBOOM_purple"],"picked":"OmniscientAndOmnipotent_Monster_purple","floor":7.0},{"not_picked":["MeetDecomposer_purple","MetroBOOM_purple","AdvanceAttack_purple"],"picked":"SKIP","floor":8.0},{"not_picked":["SharpContractionReality_purple","StateDuplicate_purple","Realm_recovery_purpleEX"],"picked":"SKIP","floor":12.0},{"not_picked":["Shallow_ocean_purpleEX","MeetDecomposer_purple"],"picked":"Boundary_LifeAndDeath_purple","floor":14.0}],"player_experience":201259,"relics_obtained":[{"floor":2.0,"key":"REME_IWantAll"},{"floor":7.0,"key":"AT_ChloranthyRing"},{"floor":9.0,"key":"Orichalcum"},{"floor":12.0,"key":"jedi:bottledfury"}],"event_choices":[],"is_beta":false,"boss_relics":[],"items_purged_floors":[],"is_endless":false,"potions_floor_spawned":[4,7,8,12],"killed_by":"Gensokyo:Reimu","ascension_level":1}}