{"host":"y6zg4wwu39otf01a","time":1612847730,"event":{"mods":["Act Like it!","Aspiration","BaseMod","Better Altar","Better Match","Better Note","Better Sensory Stone","Better Skull","Better Third Choice","Challenge The Spire","Colored Map","Colored Powertips","Conspire","GifTheSpireLib","Glutton Mod","Halation","Hermit","Highlight Path","Hubris","Infinite Spire","Mimic Mod","Minty Spire (QoL Compilation)","Quick Restart","Random Character Button","Rare Cards Sparkle","Replay The Spire","Retaliation","Spicy Shops","Spire Arcade","StSLib","Stuff the Spire","The Blue Laboratory","The Jungle"],"gold_per_floor":[115,115,115,115,130,130,160,160,160,172,0,0,0,0,0,105,105,125,138,138,155,155,155,171,171,194,224,224,239,253,220,220,325,325,340,44,67,205,226,268,268,278,321,370,245,267,267,284,284,284],"floor_reached":51,"language":"ENG","playtime":4333,"items_purged":[],"score":927,"play_id":"c24c8872-9818-40c1-9ea1-9e1ecb01d9ae","local_time":"20210208231530","daily_mods":["Draft","Diverse"],"is_ascension_mode":false,"campfire_choices":[{"data":"Infernal Blade","floor":6,"key":"SMITH"},{"data":"hermit:Glare","floor":8,"key":"SMITH"},{"floor":15,"key":"DIG"},{"data":"Secret Weapon","floor":23,"key":"SMITH"},{"data":"Bloodletting","floor":47,"key":"SMITH"},{"data":"StuffTheSpire:Slingshot","floor":49,"key":"SMITH"}],"circlet_count":0,"master_deck":["Glutton:SelfFlagellate","Glutton:Demolish","Bloodletting+1","Shrug It Off","Sucker Punch","StuffTheSpire:Slingshot+1","Glutton:FeebleKick","Anger","Combust","Glutton:Scab","Replay:ManipulateFuture","hermit:Headshot","Glutton:Slam","FTL","Infernal Blade+1","Consecrate","hermit:Glare+1","hermit:FlashPowder","BattleHymn","Rip and Tear","Secret Weapon+1","ReplayTheSpireMod:Private Reserves","ReplayTheSpireMod:Necrogeddon","Pain","Glutton:EatAlive","StuffTheSpire:Plugnplay","StuffTheSpire:CelestialWarden","ReplayTheSpireMod:Speed Training","Endless Agony","True Grit+1","Storm","Pride","Glutton:Inversion","ReplayTheSpireMod:Strike From Hell+1","Heel Hook","hermit:Deadeye","conspire:Banana","hermit:Roulette+1","Replay:Undeath\u0027s Touch","Electrodynamics","hubris:NaturalOne","Flex+1","Glutton:KneeJerk"],"relics":["Unceasing Top","Orichalcum","infinitespire:Magic Flask","aspiration:HiddenCompartment","hubris:Metronome","ReplayTheSpireMod:ShopPack","hubris:Icosahedron","WarpedTongs","Nunchaku","conspire:SlowCooker","Calipers","halation:EternalFortune","StuffTheSpire:Experiment12","Replay:Rubber Ducky","halation:PinkSoulGem","Philosopher\u0027s Stone","CeramicFish","Frozen Eye","Mercury Hourglass","Strawberry","Counterbalance","Potion Belt"],"acts_visited":["Exordium","TheCity","TheBeyond"],"potions_floor_usage":[16,24,30,30,33,33,33,39,39,39,43,48,50],"damage_taken":[{"damage":6,"enemies":"2 Louse","floor":1,"turns":2},{"damage":0,"enemies":"Jaw Worm","floor":5,"turns":1},{"damage":8,"enemies":"3 Sentries","floor":7,"turns":3},{"damage":4,"enemies":"Cultist","floor":10,"turns":2},{"damage":36,"enemies":"Hexaghost","floor":16,"turns":4},{"damage":4,"enemies":"Spheric Guardian","floor":18,"turns":3},{"damage":19,"enemies":"Shell Parasite","floor":19,"turns":4},{"damage":22,"enemies":"Cultist and Chosen","floor":21,"turns":5},{"damage":16,"enemies":"Centurion and Healer","floor":24,"turns":5},{"damage":27,"enemies":"conspire:SneckoGhost","floor":27,"turns":5},{"damage":8,"enemies":"Chosen and Byrds","floor":29,"turns":3},{"damage":6,"enemies":"3 Cultists","floor":30,"turns":3},{"damage":23,"enemies":"Centurion and Healer","floor":31,"turns":3},{"damage":19,"enemies":"Champ","floor":33,"turns":5},{"damage":25,"enemies":"3 Darklings","floor":35,"turns":4},{"damage":14,"enemies":"Orb Walker","floor":37,"turns":2},{"damage":20,"enemies":"Transient","floor":39,"turns":5},{"damage":44,"enemies":"R_Hoarder","floor":40,"turns":4},{"damage":33,"enemies":"3 Darklings","floor":42,"turns":4},{"damage":5,"enemies":"Jaw Worm Horde","floor":43,"turns":5},{"damage":81,"enemies":"Reptomancer","floor":44,"turns":6},{"damage":8,"enemies":"Jaw Worm Horde","floor":46,"turns":3},{"damage":0,"enemies":"Writhing Mass","floor":48,"turns":1},{"damage":110,"enemies":"conspire:OrnateMirror","floor":50,"turns":6}],"seed_played":"372208770868995548","potions_obtained":[{"floor":10,"key":"blueLaboratory:NullPotion"},{"floor":16,"key":"blueLaboratory:MidnightOil"},{"floor":24,"key":"blueLaboratory:BottledHope"},{"floor":27,"key":"blueLaboratory:HummingbirdPotion"},{"floor":29,"key":"SteroidPotion"},{"floor":32,"key":"Adrenaline Potion"},{"floor":32,"key":"blueLaboratory:ExaltedPotion"},{"floor":33,"key":"blueLaboratory:BottleOfRum"},{"floor":37,"key":"Strength Potion"},{"floor":38,"key":"FairyPotion"},{"floor":40,"key":"AttackPotion"},{"floor":44,"key":"blueLaboratory:EpiphanyPotion"},{"floor":46,"key":"blueLaboratory:FruitPunch"}],"is_trial":true,"path_per_floor":["M","?","?","T","M","R","E","R","T","M","$","?","?","$","R_BF","B",null,"M","M","?","M","AVR","R","M","?","T","E","?","M","M","M","R_BF","B",null,"M","$","M","?","M","E","?","M","MIM","E","?","M","R","M","R","B",null],"character_chosen":"WATCHER","items_purchased":["ReplayTheSpireMod:ShopPack","Rip and Tear","CeramicFish","Heel Hook","Frozen Eye"],"campfire_rested":0,"item_purchase_floors":[11,11,36,36,36],"current_hp_per_floor":[66,66,66,66,71,71,68,68,68,68,68,68,68,68,68,37,72,72,58,58,54,54,54,43,46,46,19,19,11,71,54,54,54,102,84,84,75,75,86,64,79,130,150,88,88,80,80,82,82,91],"gold":284,"neow_bonus":"","is_daily":false,"chose_seed":false,"campfire_upgraded":5,"win_rate":0.0,"timestamp":1612847730,"path_taken":["M","?","?","?","?","R","E","R","T","M","?","?","?","$","R_BF","BOSS","M","M","?","M","AVR","R","M","?","T","E","?","M","M","?","R_BF","BOSS","M","$","M","?","?","E","?","?","MIM","E","?","?","R","M","R","BOSS"],"items_purchased_type":["Relic","Card","Relic","Card","Relic"],"build_version":"2020-12-22","purchased_purges":0,"victory":true,"max_hp_per_floor":[72,72,72,72,72,72,72,72,72,72,72,72,72,72,72,72,72,72,72,72,74,74,74,74,77,77,77,77,77,77,83,83,102,102,109,109,109,109,130,147,147,160,180,191,191,191,191,193,193,194],"card_choices":[{"not_picked":["BasicCrystalCard","Streamline"],"picked":"Glutton:SelfFlagellate","floor":0},{"not_picked":["Coolheaded","Bane"],"picked":"Glutton:Demolish","floor":0},{"not_picked":["Anger","Slice"],"picked":"Bloodletting","floor":0},{"not_picked":["StuffTheSpire:NuclearReactor","Leg Sweep"],"picked":"Shrug It Off","floor":0},{"not_picked":["Cloak And Dagger","Clothesline"],"picked":"Sucker Punch","floor":0},{"not_picked":["Glutton:Tantrum","Power Through"],"picked":"StuffTheSpire:Slingshot","floor":0},{"not_picked":["Calculated Gamble","Glutton:Devour"],"picked":"Glutton:FeebleKick","floor":0},{"not_picked":["Prepared","hubris:ReadiedAction"],"picked":"Anger","floor":0},{"not_picked":["EmptyBody","Replay:AtTheReady"],"picked":"Combust","floor":0},{"not_picked":["Panic Button","hermit:LuckOfTheDraw"],"picked":"Glutton:Scab","floor":0},{"not_picked":["conspire:SharedLibrary","Flame Barrier"],"picked":"Replay:ManipulateFuture","floor":0},{"not_picked":["Noxious Fumes","hermit:Vantage"],"picked":"hermit:Headshot","floor":0},{"not_picked":["hermit:Shortfuse","Lockon"],"picked":"Glutton:Slam","floor":0},{"not_picked":["Sneak Up","Thunderclap"],"picked":"FTL","floor":0},{"not_picked":["hermit:TakeCover","Deadly Poison"],"picked":"Infernal Blade","floor":0},{"not_picked":["hermit:HoleUp","StuffTheSpire:NuclearReactor"],"picked":"Consecrate","floor":1},{"not_picked":["hermit:Roulette","Hologram"],"picked":"hermit:Glare","floor":5},{"not_picked":["Barrage","Glass Knife","hermit:FlashPowder"],"picked":"SKIP","floor":7},{"not_picked":["Barrage","Glass Knife"],"picked":"hermit:FlashPowder","floor":7},{"not_picked":["Prepared","Eviscerate"],"picked":"BattleHymn","floor":10},{"not_picked":["Replay:Resounding Blow","The Bomb"],"picked":"Secret Weapon","floor":11},{"not_picked":["The Bomb","Mayhem"],"picked":"ReplayTheSpireMod:Private Reserves","floor":11},{"not_picked":["Mind Blast","Jack Of All Trades"],"picked":"ReplayTheSpireMod:Necrogeddon","floor":11},{"not_picked":["Doppelganger","ReplayTheSpireMod:Omega Cannon"],"picked":"Glutton:EatAlive","floor":16},{"not_picked":["Blizzard","Flying Knee"],"picked":"StuffTheSpire:Plugnplay","floor":18},{"not_picked":["Consume+1","Dodge and Roll","Consecrate+1"],"picked":"SKIP","floor":19},{"not_picked":["hermit:BodyArmor","Dagger Throw"],"picked":"ReplayTheSpireMod:Speed Training","floor":21},{"not_picked":["hermit:TrackingShot","StuffTheSpire:Plugnplay"],"picked":"Endless Agony","floor":24},{"not_picked":["Slice","hermit:Malice"],"picked":"True Grit+1","floor":27},{"not_picked":["Glutton:Rapacity","Deflect+1"],"picked":"Storm","floor":29},{"not_picked":["Turbo","StuffTheSpire:Pyroclast","hermit:Feint"],"picked":"SKIP","floor":30},{"not_picked":["Sucker Punch+1","Atom Bomb","Glutton:Rest"],"picked":"SKIP","floor":31},{"not_picked":["Glutton:Reminisce","Glutton:Avarice"],"picked":"Glutton:Inversion","floor":33},{"not_picked":["Vengeance+1","hermit:Malice+1"],"picked":"ReplayTheSpireMod:Strike From Hell+1","floor":35},{"not_picked":["Leg Sweep","Glutton:Thrombosis+1"],"picked":"hermit:Deadeye","floor":37},{"not_picked":["Swift Strike","HandOfGreed"],"picked":"conspire:Banana","floor":38},{"not_picked":["Glutton:Feed+1","Shrug It Off+1"],"picked":"hermit:Roulette+1","floor":39},{"not_picked":["hermit:BodyArmor+1","FlyingSleeves"],"picked":"Replay:Undeath\u0027s Touch","floor":40},{"not_picked":["InnerPeace","Glutton:BellySlam","Dodge and Roll+1"],"picked":"SKIP","floor":42},{"not_picked":["BasicCrystalCard","Replay:ManipulateFuture+1"],"picked":"Electrodynamics","floor":43},{"not_picked":["Catalyst","Glutton:Devour"],"picked":"Flex+1","floor":44},{"not_picked":["Time Bomb+1","Glutton:Treat"],"picked":"Glutton:KneeJerk","floor":46},{"not_picked":["Power Through","Lockon","Protect"],"picked":"SKIP","floor":48}],"player_experience":748517,"relics_obtained":[{"floor":3,"key":"Orichalcum"},{"floor":4,"key":"infinitespire:Magic Flask"},{"floor":7,"key":"aspiration:HiddenCompartment"},{"floor":9,"key":"hubris:Metronome"},{"floor":15,"key":"Nunchaku"},{"floor":26,"key":"StuffTheSpire:Experiment12"},{"floor":27,"key":"Replay:Rubber Ducky"},{"floor":38,"key":"Mercury Hourglass"},{"floor":40,"key":"Strawberry"},{"floor":44,"key":"Counterbalance"}],"event_choices":[{"damage_healed":0,"gold_gain":0,"player_choice":"Ignored","damage_taken":0,"max_hp_gain":0,"max_hp_loss":0,"event_name":"Golden Wing","floor":2,"gold_loss":0},{"damage_healed":0,"gold_gain":0,"player_choice":"Rummage","damage_taken":0,"relics_obtained":["WarpedTongs"],"max_hp_gain":0,"max_hp_loss":0,"event_name":"Accursed Blacksmith","floor":13,"gold_loss":0,"cards_obtained":["Pain"]},{"cards_removed":["hermit:Headshot"],"damage_healed":0,"gold_gain":0,"player_choice":"Take \u0026 Give","damage_taken":0,"max_hp_gain":0,"max_hp_loss":0,"event_name":"betterNote:BetterNote","floor":20,"gold_loss":0,"cards_obtained":["StuffTheSpire:CelestialWarden"]},{"damage_healed":0,"gold_gain":0,"player_choice":"Random: Red","damage_taken":0,"max_hp_gain":0,"max_hp_loss":0,"event_name":"betterThird:BetterPortal","floor":38,"gold_loss":0},{"damage_healed":0,"gold_gain":0,"player_choice":"Paid Gold","damage_taken":0,"relics_obtained":["Potion Belt"],"max_hp_gain":0,"max_hp_loss":0,"event_name":"WeMeetAgain","floor":45,"gold_loss":125}],"is_beta":false,"boss_relics":[{"not_picked":["hubris:BlackHole","Cursed Key"],"picked":"conspire:SlowCooker"},{"not_picked":["Replay:Cursed D8","Runic Pyramid"],"picked":"Philosopher\u0027s Stone"}],"items_purged_floors":[],"is_endless":false,"potions_floor_spawned":[10,16,24,27,29,33,37,40,42,44,46],"ascension_level":0}}