{"host":"vyiqbz5w606ur92t","time":1612833856,"event":{"mods":["BaseMod","Downfall","Minty Spire (QoL Compilation)","StSLib"],"gold_per_floor":[99,115,129,129,129,39,39,139,156,188,203,235,296,327,345,443,443,443,459,325,375,387,437,437,448,458,258,292,292,292,292,292],"floor_reached":30,"language":"ENG","playtime":3840,"items_purged":["Regret"],"score":459,"play_id":"f7f058ba-aafc-4d62-9fa9-31b4f76594c3","local_time":"20210209012416","is_ascension_mode":true,"campfire_choices":[{"data":"sneckomod:Transmogrify","floor":1.0,"key":"SMITH"},{"floor":18,"key":"RECALL"},{"data":"Slimebound:Recycling","floor":27,"key":"SMITH"},{"data":"sneckomod:UnknownRarePower","floor":29,"key":"SMITH"}],"circlet_count":0,"master_deck":["sneckomod:TailWhip","sneckomod:SnekBite","sneckomod:Unknown","sneckomod:Unknown","sneckomod:UnknownUncommonPower","sneckomod:RainOfDice","sneckomod:SoulRoll","sneckomod:DiceCrush","sneckomod:SnakeSap","sneckomod:Transmogrify+1","sneckomod:UnknownDexterity","sneckomod:SoulDraw","sneckomod:UnknownBlock","sneckomod:Rotation","sneckomod:DiceBlock","sneckomod:UnknownCommonSkill","sneckomod:SlitherStrike","sneckomod:ImprovisedAttack","sneckomod:CheapStock","sneckomod:SerpentIdol","sneckomod:WideSting","sneckomod:UnknownRarePower+1","sneckomod:UnknownClassSLIMEBOUND","sneckomod:UnknownClassSLIMEBOUND","sneckomod:UnknownClassSLIMEBOUND","sneckomod:UnknownClassSLIMEBOUND","Slimebound:SplitAcid","sneckomod:TrashToTreasure","Slimebound:Recycling+1","Slimebound:Repurpose","sneckomod:UnknownExhaust","Slimebound:Recollect","sneckomod:Restock","downfall:Bewildered","Slimebound:OozeBath","sneckomod:Nope","Slimebound:MassRepurpose","sneckomod:MasterEye+1","Slimebound:FormOfPuddle","sneckomod:UnknownStrength"],"relics":["Pandora\u0027s Box","downfall:CloakOfManyFaces","CultistMask","FaceOfCleric","NlothsMask","GremlinMask","SsserpentHead","The Courier","sneckomod:SneckoBoss","Oddly Smooth Stone","bronze:DecasWashers","sneckomod:BabySnecko","sneckomod:LoadedDie","Torii","downfall:HeartBlessingRed","downfall:HeartBlessingGreen","Bag of Marbles","Bag of Preparation"],"acts_visited":["Exordium","TheCity"],"potions_floor_usage":[25,26,30],"damage_taken":[{"damage":0.0,"enemies":"2 Louse","floor":2.0,"turns":1.0},{"damage":10.0,"enemies":"Small Slimes","floor":3.0,"turns":3.0},{"damage":11.0,"enemies":"downfall:FleeingMerchant","floor":6.0,"turns":4.0},{"damage":17.0,"enemies":"downfall:FaceTrader","floor":8.0,"turns":9.0},{"damage":0.0,"enemies":"Cultist","floor":9.0,"turns":3.0},{"damage":0.0,"enemies":"Lagavulin","floor":10.0,"turns":4.0},{"damage":3.0,"enemies":"Red Slaver","floor":11.0,"turns":3.0},{"damage":13.0,"enemies":"Gremlin Nob","floor":12.0,"turns":4.0},{"damage":0.0,"enemies":"Exordium Wildlife","floor":13.0,"turns":3.0},{"damage":24.0,"enemies":"3 Sentries","floor":14.0,"turns":6.0},{"damage":0.0,"enemies":"Large Slime","floor":15.0,"turns":4.0},{"damage":2.0,"enemies":"SI_SHIV_ARCHETYPE","floor":16.0,"turns":5.0},{"damage":6,"enemies":"3 Byrds","floor":19,"turns":5},{"damage":0,"enemies":"downfall:FleeingMerchant","floor":20,"turns":4},{"damage":2,"enemies":"Shell Parasite","floor":22,"turns":4},{"damage":0,"enemies":"Snecko","floor":25,"turns":5},{"damage":21,"enemies":"Cultist and Chosen","floor":26,"turns":5},{"damage":8,"enemies":"Gremlin Leader","floor":28,"turns":5},{"damage":55,"enemies":"Slavers","floor":30,"turns":4}],"seed_played":"-4278094052135112723","potions_obtained":[{"floor":2.0,"key":"Weak Potion"},{"floor":10.0,"key":"Fruit Juice"},{"floor":12.0,"key":"champ:CounterPotion"},{"floor":13.0,"key":"sneckomod:CheatPotion"},{"floor":14.0,"key":"ColorlessPotion"},{"floor":16.0,"key":"hexamod:SoulburnPotion"},{"floor":19,"key":"Weak Potion"},{"floor":25,"key":"sneckomod:MuddlingPotion"},{"floor":26,"key":"SkillPotion"}],"is_trial":false,"path_per_floor":["R","M","M","?","?","$","T","?","M","E","M","E","M","E","M","B",null,"R","M","$","?","M","?","T","M","M","R","E","R","E"],"character_chosen":"THE_SNECKO","items_purchased":["Oddly Smooth Stone"],"campfire_rested":0,"item_purchase_floors":[20],"current_hp_per_floor":[81,81,71,71,68,57,57,40,41,42,40,28,29,11,12,11,80,80,79,80,80,79,79,79,80,60,60,53,53,0,0,0],"gold":292,"neow_bonus":"BOSS_RELIC","is_daily":false,"chose_seed":false,"campfire_upgraded":3,"win_rate":0.0,"timestamp":1612833856,"path_taken":["R","M","M","?","?","$","T","?","M","E","M","E","?","E","M","BOSS","R","M","$","?","M","?","T","M","M","R","E","R","E"],"items_purchased_type":["Relic"],"build_version":"2020-12-22","purchased_purges":1,"victory":false,"max_hp_per_floor":[90,90,90,90,90,90,90,90,91,92,93,94,95,101,102,103,103,103,104,105,105,106,106,106,107,108,108,109,109,109,109,109],"card_choices":[{"not_picked":["sneckomod:Nope","sneckomod:QuickMove"],"picked":"sneckomod:UnknownDexterity","floor":2.0},{"not_picked":["sneckomod:ImprovisedAttack","sneckomod:RainOfDice"],"picked":"sneckomod:SoulDraw","floor":3.0},{"not_picked":["sneckomod:SlitherStrike","sneckomod:SnekBeam"],"picked":"sneckomod:UnknownBlock","floor":6.0},{"not_picked":["sneckomod:ImprovisedAttack","sneckomod:SoulRoll"],"picked":"sneckomod:Rotation","floor":8.0},{"not_picked":["sneckomod:QuickBite","sneckomod:Nope"],"picked":"sneckomod:DiceBlock","floor":9.0},{"not_picked":["sneckomod:Nope","sneckomod:UnknownBlock"],"picked":"sneckomod:UnknownCommonSkill","floor":10.0},{"not_picked":["sneckomod:DiceBoulder","sneckomod:UnknownWeak"],"picked":"sneckomod:SlitherStrike","floor":11.0},{"not_picked":["sneckomod:SoulRoll","sneckomod:DiceCrush"],"picked":"sneckomod:ImprovisedAttack","floor":12.0},{"not_picked":["sneckomod:Memorize","sneckomod:UnknownDraw"],"picked":"sneckomod:CheapStock","floor":13.0},{"not_picked":["sneckomod:DiceCrush","sneckomod:Unknown0Cost"],"picked":"sneckomod:SerpentIdol","floor":14.0},{"not_picked":["sneckomod:QuickBite","sneckomod:SoulDraw"],"picked":"sneckomod:WideSting","floor":15.0},{"not_picked":["sneckomod:Restock","sneckomod:MorePower"],"picked":"sneckomod:UnknownRarePower","floor":16.0},{"not_picked":["Slimebound:ComboTackle","Slimebound:LivingWall"],"picked":"Slimebound:SplitAcid","floor":19},{"not_picked":["sneckomod:UnknownClassTHE_BRONZE_AUTOMATON","sneckomod:SoulDraw+1"],"picked":"sneckomod:TrashToTreasure","floor":19},{"not_picked":["Slimebound:PrepareCrush","Slimebound:ProtectTheBoss"],"picked":"Slimebound:Repurpose","floor":20},{"not_picked":["sneckomod:UnknownX","sneckomod:UnknownClassPURPLE"],"picked":"sneckomod:UnknownExhaust","floor":20},{"not_picked":["Slimebound:BestDefense","Slimebound:SlimeTap"],"picked":"Slimebound:Recollect","floor":22},{"not_picked":["sneckomod:DiceCrush","sneckomod:SnekBeam"],"picked":"sneckomod:Restock","floor":22},{"not_picked":["Slimebound:Schlurp","Slimebound:RollThrough"],"picked":"Slimebound:OozeBath","floor":25},{"not_picked":["sneckomod:UnknownClassTHE_BRONZE_AUTOMATON","sneckomod:Restock"],"picked":"sneckomod:Nope","floor":25},{"not_picked":["Slimebound:Split","Slimebound:BestDefense"],"picked":"Slimebound:MassRepurpose","floor":26},{"not_picked":["sneckomod:WideSting+1","sneckomod:TrashToTreasure+1"],"picked":"sneckomod:MasterEye+1","floor":26},{"not_picked":["Slimebound:CorrosiveSpit","Slimebound:GoopTackle"],"picked":"Slimebound:FormOfPuddle","floor":28},{"not_picked":["sneckomod:GlitteringGambit","sneckomod:DiceBlock"],"picked":"sneckomod:UnknownStrength","floor":28}],"player_experience":1666059,"relics_obtained":[{"floor":6.0,"key":"sneckomod:LoadedDie"},{"floor":7.0,"key":"Mummified Hand"},{"floor":8.0,"key":"downfall:CloakOfManyFaces"},{"floor":8.0,"key":"Mummified Hand"},{"floor":9.0,"key":"Mummified Hand"},{"floor":10.0,"key":"bronze:DecasWashers"},{"floor":10.0,"key":"Smiling Mask"},{"floor":11.0,"key":"Bag of Preparation"},{"floor":12.0,"key":"Bag of Preparation"},{"floor":12.0,"key":"bronze:DecasWashers"},{"floor":13.0,"key":"Bag of Marbles"},{"floor":14.0,"key":"Bag of Marbles"},{"floor":14.0,"key":"StoneCalendar"},{"floor":15.0,"key":"Torii"},{"floor":15.0,"key":"Bag of Marbles"},{"floor":16.0,"key":"The Courier"},{"floor":19,"key":"Mummified Hand"},{"floor":20,"key":"Torii"},{"floor":22,"key":"bronze:DecasWashers"},{"floor":25,"key":"Mummified Hand"},{"floor":25,"key":"Bag of Marbles"},{"floor":25,"key":"sneckomod:LoadedDie"},{"floor":26,"key":"Torii"},{"floor":26,"key":"Bag of Marbles"},{"floor":28,"key":"Bag of Marbles"},{"floor":28,"key":"Bag of Preparation"}],"event_choices":[{"damage_healed":0.0,"max_hp_gain":0.0,"max_hp_loss":0.0,"gold_gain":0.0,"event_name":"Big Fish","player_choice":"Box","floor":4.0,"gold_loss":0.0,"damage_taken":0.0,"relics_obtained":["Ornamental Fan"],"cards_obtained":["Regret"]},{"damage_healed":0.0,"max_hp_gain":0.0,"max_hp_loss":0.0,"gold_gain":0.0,"event_name":"Scrap Ooze","player_choice":"Success","floor":5.0,"gold_loss":0.0,"damage_taken":3.0,"relics_obtained":["sneckomod:LoadedDie"]}],"is_beta":false,"boss_relics":[{"not_picked":["SlaversCollar","sneckomod:SneckoTalon"],"picked":"sneckomod:SneckoBoss"}],"items_purged_floors":[6],"is_endless":false,"potions_floor_spawned":[2,10,12,13,14,16,19,25,26],"killed_by":"Slavers","ascension_level":6}}