{"host":"c6u7e77myxvw4d0m","time":1612887797,"event":{"mods":["AchievementEnabler","BaseMod","Bestiary","Colored Map","Colored Powertips","Minty Spire (QoL Compilation)","Rare Cards Sparkle","Relic Stats","everything is the same but u backflip on backflip"],"gold_per_floor":[119,136,136,146,158,158,158],"floor_reached":6,"language":"ENG","playtime":825,"items_purged":[],"score":76,"play_id":"8d5a993b-cd41-4039-a401-ab0be3ef57d0","local_time":"20210209182317","is_ascension_mode":true,"campfire_choices":[],"circlet_count":0,"master_deck":["AscendersBane","Strike_G","Strike_G","Strike_G","Strike_G","Strike_G","Defend_G","Defend_G","Defend_G","Defend_G","Defend_G","Survivor","Neutralize","Footwork","PiercingWail","Cloak And Dagger","All Out Attack"],"relics":["SlaversCollar"],"acts_visited":["Exordium"],"potions_floor_usage":[6,6],"damage_taken":[{"damage":12.0,"enemies":"Cultist","floor":1.0,"turns":5.0},{"damage":0.0,"enemies":"Jaw Worm","floor":2.0,"turns":6.0},{"damage":7.0,"enemies":"Small Slimes","floor":4.0,"turns":5.0},{"damage":17,"enemies":"3 Louse","floor":5,"turns":6},{"damage":44,"enemies":"Gremlin Nob","floor":6,"turns":4}],"seed_played":"1263354727872390453","potions_obtained":[{"floor":1.0,"key":"Poison Potion"},{"floor":4,"key":"SpeedPotion"}],"is_trial":false,"path_per_floor":["M","M","?","M","M","E"],"character_chosen":"THE_SILENT","items_purchased":[],"campfire_rested":0,"item_purchase_floors":[],"current_hp_per_floor":[47,47,52,45,28,0,0],"gold":158,"neow_bonus":"BOSS_RELIC","is_daily":false,"chose_seed":false,"campfire_upgraded":0,"win_rate":0.0,"timestamp":1612887797,"path_taken":["M","M","?","M","M","E"],"items_purchased_type":[],"build_version":"2020-12-22","purchased_purges":0,"victory":false,"max_hp_per_floor":[66,66,71,71,71,71,71],"relic_stats":{"counters":[5,26],"obtain_stats":[{"SlaversCollar":0,"Ring of the Snake":0},{"SlaversCollar":0,"Ring of the Snake":0},{"SlaversCollar":0,"Ring of the Snake":0}]},"card_choices":[{"not_picked":["Catalyst","All Out Attack"],"picked":"Footwork","floor":1.0},{"not_picked":["Setup","Slice"],"picked":"PiercingWail","floor":2.0},{"not_picked":["All Out Attack","Escape Plan"],"picked":"Cloak And Dagger","floor":4},{"not_picked":["Bane","Terror"],"picked":"All Out Attack","floor":5}],"player_experience":756868,"relics_obtained":[],"event_choices":[{"damage_healed":0.0,"max_hp_gain":5.0,"max_hp_loss":0.0,"gold_gain":0.0,"event_name":"Big Fish","player_choice":"Donut","floor":3.0,"gold_loss":0.0,"damage_taken":0.0}],"is_beta":false,"boss_relics":[],"items_purged_floors":[],"is_endless":false,"potions_floor_spawned":[1,4],"killed_by":"Gremlin Nob","ascension_level":20}}