{"host":"5ffrjkuvgrxgllwx","time":1612842940,"event":{"mods":["AchievementEnabler","BaseMod","Colored Map","Colored Powertips","Minty Spire (QoL Compilation)","Quick Restart","Rare Cards Sparkle","StSLib","everything is the same but u backflip on backflip"],"gold_per_floor":[111,111,36,186,202,236,251,265,265,281,39,39,52,75,75,174,174,189,189,189,210,231,231,246,246,246,246,270,285,303,303,303],"floor_reached":31,"language":"ENG","playtime":840,"items_purged":["Doubt"],"score":496,"play_id":"1d2fe608-521d-401a-b952-58f449448eac","local_time":"20210208225540","is_ascension_mode":true,"campfire_choices":[{"floor":15,"key":"REST"},{"floor":23,"key":"REST"},{"floor":25,"key":"REST"},{"data":"Eruption","floor":27,"key":"SMITH"}],"circlet_count":0,"master_deck":["AscendersBane","Strike_P","Strike_P","Strike_P","Defend_P","Defend_P+1","Defend_P","Defend_P","Eruption+1","Vigilance+1","BattleHymn","CarveReality","Consecrate","Prostrate","Halt","InnerPeace","Prostrate","Ragnarok+1","Protect","SpiritShield","Wallop"],"relics":["PureWater","NeowsBlessing","Golden Idol","Sundial","InkBottle","Blood Vial","Sozu","War Paint"],"acts_visited":["Exordium","TheCity"],"potions_floor_usage":[8,18,28],"damage_taken":[{"damage":0,"enemies":"2 Louse","floor":1,"turns":1},{"damage":0,"enemies":"Small Slimes","floor":5,"turns":1},{"damage":0,"enemies":"Gremlin Nob","floor":6,"turns":1},{"damage":7,"enemies":"Jaw Worm","floor":7,"turns":4},{"damage":14,"enemies":"Exordium Wildlife","floor":8,"turns":3},{"damage":4,"enemies":"Large Slime","floor":10,"turns":4},{"damage":0,"enemies":"Blue Slaver","floor":13,"turns":4},{"damage":16,"enemies":"Exordium Thugs","floor":14,"turns":4},{"damage":16,"enemies":"Hexaghost","floor":16,"turns":7},{"damage":26,"enemies":"Shell Parasite","floor":18,"turns":4},{"damage":2,"enemies":"Chosen","floor":21,"turns":3},{"damage":0,"enemies":"Snake Plant","floor":22,"turns":2},{"damage":15,"enemies":"Centurion and Healer","floor":24,"turns":3},{"damage":21,"enemies":"Snecko","floor":28,"turns":4},{"damage":10,"enemies":"Snake Plant","floor":29,"turns":4},{"damage":15,"enemies":"Centurion and Healer","floor":30,"turns":7},{"damage":27,"enemies":"Book of Stabbing","floor":31,"turns":4}],"seed_played":"5652685106735426251","potions_obtained":[{"floor":1,"key":"AttackPotion"},{"floor":8,"key":"StancePotion"},{"floor":13,"key":"Regen Potion"},{"floor":14,"key":"Strength Potion"},{"floor":16,"key":"LiquidMemories"}],"is_trial":false,"path_per_floor":["M","?","?","?","M","E","M","M","T","M","$","?","M","M","R","B",null,"M","?","?","M","M","R","M","R","T","R","M","M","M","E"],"character_chosen":"WATCHER","items_purchased":["Blood Vial"],"campfire_rested":3,"item_purchase_floors":[11],"current_hp_per_floor":[61,61,61,61,61,61,54,40,40,36,36,29,31,17,37,23,57,33,33,33,33,35,55,42,62,62,62,43,35,22,0,0],"gold":303,"neow_bonus":"THREE_ENEMY_KILL","is_daily":false,"chose_seed":false,"campfire_upgraded":1,"win_rate":0.0,"timestamp":1612842940,"path_taken":["M","?","?","?","?","E","M","M","T","M","$","?","M","M","R","BOSS","M","?","?","M","M","R","M","R","T","R","M","M","M","E"],"items_purchased_type":["Relic"],"build_version":"2020-12-22","purchased_purges":1,"victory":false,"max_hp_per_floor":[68,68,68,68,68,68,68,68,68,68,68,68,68,68,68,68,68,68,68,68,68,68,68,68,68,68,68,68,68,68,68,68],"card_choices":[{"not_picked":["InnerPeace","CutThroughFate"],"picked":"BattleHymn","floor":1},{"not_picked":["Halt","FlyingSleeves"],"picked":"CarveReality","floor":5},{"not_picked":["ForeignInfluence","InnerPeace"],"picked":"Consecrate","floor":6},{"not_picked":["FollowUp","MentalFortress"],"picked":"Prostrate","floor":7},{"not_picked":["SashWhip","EmptyFist","WreathOfFlame"],"picked":"SKIP","floor":8},{"not_picked":["Conclude","BowlingBash"],"picked":"Halt","floor":10},{"not_picked":["ClearTheMind","CutThroughFate"],"picked":"InnerPeace","floor":13},{"not_picked":["Collect","Sanctity"],"picked":"Prostrate","floor":14},{"not_picked":["LessonLearned","Judgement"],"picked":"Ragnarok","floor":16},{"not_picked":["Consecrate","Vengeance","FollowUp"],"picked":"SKIP","floor":18},{"not_picked":["Adaptation","FlyingSleeves"],"picked":"Protect","floor":21},{"not_picked":["Protect","Wireheading"],"picked":"SpiritShield","floor":22},{"not_picked":["BowlingBash","DeceiveReality","EmptyFist+1"],"picked":"SKIP","floor":24},{"not_picked":["Protect","Crescendo","ClearTheMind"],"picked":"SKIP","floor":28},{"not_picked":["Evaluate","EmptyFist","Protect"],"picked":"SKIP","floor":29},{"not_picked":["Indignation","SpiritShield"],"picked":"Wallop","floor":30}],"player_experience":1395792,"relics_obtained":[{"floor":6,"key":"Sundial"},{"floor":9,"key":"InkBottle"},{"floor":26,"key":"War Paint"}],"event_choices":[{"damage_healed":0,"gold_gain":0,"player_choice":"Take Wound","damage_taken":0,"relics_obtained":["Golden Idol"],"max_hp_gain":0,"max_hp_loss":0,"event_name":"Golden Idol","floor":2,"gold_loss":0,"cards_obtained":["Injury"]},{"cards_removed":["Injury"],"damage_healed":0,"gold_gain":0,"player_choice":"Card Removal","damage_taken":0,"max_hp_gain":0,"max_hp_loss":0,"event_name":"The Cleric","floor":3,"gold_loss":75},{"damage_healed":0,"gold_gain":150,"player_choice":"AGREE","damage_taken":0,"max_hp_gain":0,"max_hp_loss":0,"event_name":"Liars Game","floor":4,"gold_loss":0,"cards_obtained":["Doubt"]},{"cards_removed":["Strike_P"],"damage_healed":0,"gold_gain":0,"player_choice":"Card Removal","damage_taken":7,"max_hp_gain":0,"max_hp_loss":0,"event_name":"Golden Wing","floor":12,"gold_loss":0},{"damage_healed":0,"gold_gain":0,"player_choice":"Ignored","damage_taken":0,"max_hp_gain":0,"max_hp_loss":0,"event_name":"Ghosts","floor":19,"gold_loss":0},{"damage_healed":0,"gold_gain":0,"player_choice":"Upgraded","damage_taken":0,"max_hp_gain":0,"max_hp_loss":0,"event_name":"Upgrade Shrine","floor":20,"gold_loss":0,"cards_upgraded":["Ragnarok"]}],"is_beta":false,"boss_relics":[{"not_picked":["Empty Cage","Runic Pyramid"],"picked":"Sozu"}],"items_purged_floors":[11],"is_endless":false,"potions_floor_spawned":[1,8,13,14,16,21,22,30],"killed_by":"Book of Stabbing","ascension_level":17}}