{"host":"qy1e0kd24tpj3i2m","time":1612902534,"event":{"mods":["Act Like it!","BaseMod","Better Skull","Better Vampires","Colored Map","Colored Powertips","Custom Start","Displayed Cursed Tome","Faster Ascension Climbing","Friendly Minions","GifTheSpireLib","Gremlin Skip","Highlight Path","Minty Spire (QoL Compilation)","Permanent Neow","Poor People Problems","Quick Restart","Red Circlet Mod","Relic Filter Mod","Relic Sorter","Reorder Act Four","SacredBarkPlus","Shop Mod","StSLib","SuperFastMode","Transform Curses","没有小屋子和绿帽子啦"],"gold_per_floor":[112,112,37,37,37,37,52,52,127,161,161,0,27,39,39,116,116,127,127,127,127,147,147,147,147],"floor_reached":24,"language":"ZHS","playtime":424,"items_purged":["Bash"],"score":450,"play_id":"c8bcb79b-13ae-4c6c-9783-51921f8c7f31","local_time":"20210210052854","is_ascension_mode":true,"campfire_choices":[{"data":"Rupture","floor":6.0,"key":"SMITH"},{"data":"Carnage","floor":8.0,"key":"SMITH"},{"data":"Whirlwind","floor":11.0,"key":"SMITH"},{"data":"Dark Embrace","floor":15.0,"key":"SMITH"},{"data":"Barricade","floor":23.0,"key":"SMITH"}],"circlet_count":0,"master_deck":["AscendersBane","Strike_R","Strike_R","Strike_R","Strike_R","Strike_R","Defend_R","Defend_R","Defend_R","Rupture+1","Carnage+1","Whirlwind+1","Rupture","Dark Embrace+1","Barricade+1","Fire Breathing+1","Writhe","Evolve"],"relics":["Burning Blood","NeowsBlessing","Bag of Preparation","Sundial","Mummified Hand","Ice Cream","Potion Belt","Shuriken","Velvet Choker","Magic Flower"],"acts_visited":["Exordium","TheCity"],"potions_floor_usage":[24],"damage_taken":[{"damage":0.0,"enemies":"Jaw Worm","floor":1.0,"turns":1.0},{"damage":0.0,"enemies":"2 Louse","floor":7.0,"turns":1.0},{"damage":0.0,"enemies":"Gremlin Nob","floor":10.0,"turns":1.0},{"damage":20.0,"enemies":"3 Sentries","floor":13.0,"turns":6.0},{"damage":1.0,"enemies":"Cultist","floor":14.0,"turns":3.0},{"damage":56.0,"enemies":"Hexaghost","floor":16.0,"turns":8.0},{"damage":15.0,"enemies":"Chosen","floor":18.0,"turns":4.0},{"damage":25.0,"enemies":"Shell Parasite","floor":22.0,"turns":3.0},{"damage":45,"enemies":"Book of Stabbing","floor":24,"turns":3}],"seed_played":"-6174235103222572678","potions_obtained":[{"floor":1.0,"key":"Regen Potion"},{"floor":13.0,"key":"Energy Potion"},{"floor":22.0,"key":"BloodPotion"}],"is_trial":false,"path_per_floor":["M","?","$","?","T","R","M","R","T","E","R","$","E","M","R","B",null,"M","?","?","?","M","R","E"],"character_chosen":"IRONCLAD","items_purchased":["Potion Belt"],"campfire_rested":0,"item_purchase_floors":[12],"current_hp_per_floor":[74,48,48,41,41,41,47,47,47,53,53,53,54,59,59,9,59,50,50,50,50,34,34,12,12],"gold":147,"neow_bonus":"THREE_ENEMY_KILL","is_daily":false,"chose_seed":false,"campfire_upgraded":5,"win_rate":0.0,"timestamp":1612902534,"path_taken":["M","?","$","?","?","R","M","R","T","E","R","$","E","?","R","BOSS","M","?","?","?","M","R","E"],"items_purchased_type":["Relic"],"build_version":"2020-12-22","purchased_purges":1,"victory":false,"max_hp_per_floor":[75,75,75,75,75,75,75,75,75,75,75,75,75,75,75,75,75,75,75,75,75,75,75,75,75],"card_choices":[{"not_picked":["Twin Strike","Cleave"],"picked":"Rupture","floor":1.0},{"not_picked":["Armaments","Heavy Blade"],"picked":"Carnage","floor":7.0},{"not_picked":["Sever Soul","Twin Strike"],"picked":"Whirlwind","floor":10.0},{"not_picked":["Searing Blow","Wild Strike"],"picked":"Rupture","floor":13.0},{"not_picked":["Cleave","Shrug It Off"],"picked":"Dark Embrace","floor":14.0},{"not_picked":["Fiend Fire","Feed"],"picked":"Barricade","floor":16.0},{"not_picked":["Sword Boomerang","Metallicize"],"picked":"Fire Breathing+1","floor":18.0},{"not_picked":["Wild Strike","Anger","Thunderclap"],"picked":"SKIP","floor":22.0}],"player_experience":1004362,"relics_obtained":[{"floor":5.0,"key":"Sundial"},{"floor":9.0,"key":"Mummified Hand"},{"floor":10.0,"key":"Ice Cream"},{"floor":13.0,"key":"Shuriken"}],"event_choices":[{"damage_healed":0.0,"max_hp_gain":0.0,"max_hp_loss":0.0,"gold_gain":0.0,"event_name":"Scrap Ooze","player_choice":"Success","floor":2.0,"gold_loss":0.0,"damage_taken":26.0,"relics_obtained":["Bag of Preparation"]},{"cards_removed":["Defend_R"],"damage_healed":0.0,"max_hp_gain":0.0,"max_hp_loss":0.0,"gold_gain":0.0,"event_name":"Golden Wing","player_choice":"Card Removal","floor":4.0,"gold_loss":0.0,"damage_taken":7.0},{"damage_healed":0.0,"max_hp_gain":0.0,"max_hp_loss":0.0,"gold_gain":0.0,"event_name":"Cursed Tome","player_choice":"Ignored","floor":19.0,"gold_loss":0.0,"damage_taken":0.0},{"damage_healed":0.0,"max_hp_gain":0.0,"max_hp_loss":0.0,"gold_gain":0.0,"event_name":"The Mausoleum","player_choice":"Opened","floor":20.0,"gold_loss":0.0,"damage_taken":0.0,"relics_obtained":["Magic Flower"],"cards_obtained":["Writhe"]},{"damage_healed":0.0,"max_hp_gain":0.0,"max_hp_loss":0.0,"gold_gain":0.0,"event_name":"The Library","player_choice":"Read","floor":21.0,"gold_loss":0.0,"damage_taken":0.0,"cards_obtained":["Evolve"]}],"is_beta":false,"boss_relics":[{"not_picked":["Runic Cube","Calling Bell"],"picked":"Velvet Choker"}],"items_purged_floors":[3],"is_endless":false,"potions_floor_spawned":[1,13,22],"killed_by":"Book of Stabbing","ascension_level":20}}