{"host":"xo0glkmxta74xh34","time":1612849248,"event":{"mods":["BaseMod","Downfall","Minty Spire (QoL Compilation)","Replay The Spire","StSLib"],"gold_per_floor":[449,472,484,153,171,184,209,43,58,84,84,99,274,8,28,124,124,24,34,49,68,16,16,16,16,31,31,57,57,57,90,108,212,212,112,125,144,144,160,173,173,173,50,76,111,122,122,172,192,192],"floor_reached":51,"language":"ENG","playtime":24098,"items_purged":["Pain"],"score":1034,"play_id":"4e5850e1-a2ff-4306-9ee2-f5afbe4e1cd9","local_time":"20210208234048","is_ascension_mode":true,"campfire_choices":[{"data":"hexamod:HexaLevel","floor":11.0,"key":"SMITH"},{"floor":18.0,"key":"RECALL"},{"floor":23.0,"key":"REST"},{"floor":25.0,"key":"REST"},{"floor":27.0,"key":"REST"},{"floor":35.0,"key":"DIG"},{"floor":47,"key":"REST"}],"circlet_count":0,"master_deck":["hexamod:Strike","hexamod:Strike","hexamod:Strike","hexamod:Strike","hexamod:Defend","hexamod:Defend","hexamod:Defend","hexamod:Defend","hexamod:Sear","hexamod:Float","hexamod:GiftsFromTheDead+1","Parasite","hexamod:ExtraCrispy","hexamod:HeatShield","Replay:Hysterical Blindness","hexamod:FourthSeal","hexamod:HexaLevel+1","hexamod:RainOfEmbers","hexamod:GhostOfSpirePresent","expansioncontent:LastStand","hexamod:GhostOfSpireFuture","Languid","hexamod:GhostOfSpirePresent","hexamod:Rewind+1","hexamod:FastForward+1","hexamod:ApocalypseNow","hexamod:GhostShield+1","CurseOfTheBell","CurseOfTheBell","Sickly","hexamod:Rewind+1","hexamod:TimeOfNeed+1","downfall:Aged","hexamod:RainOfEmbers+1","Clumsy","hexamod:ForkedFlame+1","Languid","hexamod:SearingWound+1","hexamod:SearingWound+1","hexamod:ExtraCrispy","hexamod:RetreatToShadows+1","ReplayTheSpireMod:Splinters","hexamod:RainOfEmbers+1","hexamod:HeatShield+1"],"relics":["hexamod:SpiritBrand","Ring of Misfortune","Ring of Greed","Old Coin","MawBank","Mummified Hand","Omamori","Oddly Smooth Stone","Fusion Hammer","downfall:HeartBlessingGreen","Eternal Feather","Replay:WaspNest","downfall:ExtraCursedBell","MealTicket","Letter Opener","Incense Burner","downfall:RedIOU","Golden Egg","bronze:MakeshiftBattery","downfall:HeartBlessingRed","Guardian:PocketSentry","StoneCalendar","ReplayTheSpireMod:Ring of Challenge","ReplayTheSpireMod:Ring of Collecting","Thread and Needle"],"acts_visited":["Exordium","TheCity","TheBeyond"],"potions_floor_usage":[38,39,40,45,46,46,50,50,50],"damage_taken":[{"damage":1.0,"enemies":"Jaw Worm","floor":2.0,"turns":4.0},{"damage":0.0,"enemies":"downfall:FleeingMerchant","floor":4.0,"turns":4.0},{"damage":0.0,"enemies":"Small Slimes","floor":5.0,"turns":4.0},{"damage":0.0,"enemies":"Cultist","floor":6.0,"turns":3.0},{"damage":0.0,"enemies":"downfall:FleeingMerchant","floor":8.0,"turns":4.0},{"damage":5.0,"enemies":"Blue Slaver","floor":9.0,"turns":4.0},{"damage":4.0,"enemies":"3 Sentries","floor":10.0,"turns":13.0},{"damage":0.0,"enemies":"Exordium Wildlife","floor":12.0,"turns":5.0},{"damage":9.0,"enemies":"downfall:FleeingMerchant","floor":14.0,"turns":4.0},{"damage":14.0,"enemies":"Large Slime","floor":15.0,"turns":6.0},{"damage":10.0,"enemies":"WA_ARCHETYPE_RETAIN","floor":16.0,"turns":8.0},{"damage":0.0,"enemies":"Chosen","floor":19.0,"turns":6.0},{"damage":7.0,"enemies":"Spheric Guardian","floor":20.0,"turns":5.0},{"damage":39.0,"enemies":"Shelled Parasite and Fungi","floor":21.0,"turns":6.0},{"damage":0.0,"enemies":"downfall:FleeingMerchant","floor":22.0,"turns":4.0},{"damage":4.0,"enemies":"Snake Plant","floor":26.0,"turns":3.0},{"damage":19.0,"enemies":"Book of Stabbing","floor":28.0,"turns":7.0},{"damage":0.0,"enemies":"Gremlin Leader","floor":31.0,"turns":10.0},{"damage":7.0,"enemies":"3 Cultists","floor":32.0,"turns":5.0},{"damage":55.0,"enemies":"IC_MUSHROOM_ARCHETYPE","floor":33.0,"turns":8.0},{"damage":1.0,"enemies":"Orb Walker","floor":36.0,"turns":4.0},{"damage":0.0,"enemies":"3 Darklings","floor":37.0,"turns":8.0},{"damage":0,"enemies":"Spire Growth","floor":38,"turns":1},{"damage":31,"enemies":"4 Shapes","floor":39,"turns":5},{"damage":2,"enemies":"Sphere and 2 Shapes","floor":40,"turns":5},{"damage":0,"enemies":"downfall:FleeingMerchant","floor":43,"turns":4},{"damage":0,"enemies":"Maw","floor":44,"turns":10},{"damage":27,"enemies":"4 Shapes","floor":45,"turns":4},{"damage":4,"enemies":"Sphere and 2 Shapes","floor":46,"turns":6},{"damage":0,"enemies":"Sphere and 2 Shapes","floor":48,"turns":3},{"damage":0,"enemies":"3 Darklings","floor":49,"turns":4},{"damage":8,"enemies":"DF_ARCHETYPE_ORBS","floor":50,"turns":6}],"seed_played":"-7371931050085471445","potions_obtained":[{"floor":2.0,"key":"Weak Potion"},{"floor":9.0,"key":"hexamod:SoulburnPotion"},{"floor":10.0,"key":"FairyPotion"},{"floor":12.0,"key":"Dexterity Potion"},{"floor":14.0,"key":"Adrenaline Potion"},{"floor":15.0,"key":"Toxic Potion"},{"floor":16.0,"key":"LifebloodPotion"},{"floor":19.0,"key":"hexamod:SoulburnPotion"},{"floor":20.0,"key":"Dexterity Potion"},{"floor":22.0,"key":"EntropicBrew"},{"floor":26.0,"key":"Flashbang"},{"floor":31.0,"key":"Block Potion"},{"floor":32.0,"key":"Swift Potion"},{"floor":33.0,"key":"Elixir"},{"floor":33.0,"key":"hexamod:DoubleChargePotion"},{"floor":36.0,"key":"SmokeBomb"},{"floor":37.0,"key":"PowerPotion"},{"floor":39,"key":"bronze:BurnAndBuffPotion"},{"floor":39,"key":"Energy Potion"},{"floor":44,"key":"hexamod:EctoCoolerPotion"},{"floor":45,"key":"hexamod:SoulburnPotion"},{"floor":46,"key":"SkillPotion"},{"floor":46,"key":"Block Potion"},{"floor":48,"key":"Cursed Concoction"}],"is_trial":false,"path_per_floor":["R","M","?","$","M","M","T","$","M","E","R","M","?","$","M","B",null,"R","M","M","M","$","R","T","R","M","R","E","?","?","E","M","B",null,"R","M","M","M","M","M","T","?","$","M","M","M","R","?","M","B",null],"character_chosen":"THE_SPIRIT","items_purchased":["Mummified Hand","Omamori","hexamod:GhostOfSpirePresent","expansioncontent:LastStand","hexamod:GhostShield+1","hexamod:SearingWound"],"campfire_rested":4,"item_purchase_floors":[4,8,14,14,22,43],"current_hp_per_floor":[70,69,69,69,69,69,69,69,64,60,60,60,60,51,37,27,70,70,70,63,24,24,45,45,70,66,70,51,51,51,51,44,15,70,70,69,69,69,38,36,36,36,51,51,24,20,65,65,65,57],"gold":192,"neow_bonus":"ONE_RANDOM_RARE_CARD","is_daily":false,"chose_seed":false,"campfire_upgraded":1,"win_rate":0.0,"timestamp":1612849248,"path_taken":["R","M","?","$","M","M","T","?","M","E","R","M","?","$","M","BOSS","R","M","M","M","$","R","T","R","M","R","E","?","?","E","M","BOSS","R","M","M","M","M","M","T","?","$","M","M","M","R","?","M","BOSS"],"items_purchased_type":["Relic","Relic","Card","Card","Card","Card"],"build_version":"2020-12-22","purchased_purges":1,"victory":true,"max_hp_per_floor":[70,70,70,70,70,70,70,70,70,70,70,70,70,70,70,70,70,70,70,70,70,70,70,70,70,70,70,70,70,70,70,70,70,70,70,70,70,70,70,70,70,70,70,70,70,70,70,70,70,70],"card_choices":[{"not_picked":["hexamod:InspiringFlames","hexamod:AdvancingGuard"],"picked":"hexamod:ExtraCrispy","floor":2.0},{"not_picked":["hexamod:ThermalTransfer","hexamod:GhostLash"],"picked":"hexamod:HeatShield","floor":4.0},{"not_picked":["hexamod:NecessarySacrifice","hexamod:SwordOfDarkness","hexamod:Hexaguard"],"picked":"SKIP","floor":5.0},{"not_picked":["hexamod:Firestarter","hexamod:GhostLash","hexamod:SwordOfDarkness"],"picked":"SKIP","floor":6.0},{"not_picked":["hexamod:HauntingEcho","hexamod:SwordOfDarkness","hexamod:Haunt"],"picked":"SKIP","floor":8.0},{"not_picked":["hexamod:Hexaguard","hexamod:GhostflameBarrier"],"picked":"hexamod:FourthSeal","floor":9.0},{"not_picked":["hexamod:CatchUp","hexamod:ExtraCrispy"],"picked":"hexamod:HexaLevel","floor":10.0},{"not_picked":["hexamod:GhostLash","hexamod:BacktrackSmack","hexamod:SwordOfDarkness"],"picked":"SKIP","floor":12.0},{"not_picked":["hexamod:NightmareStrike","hexamod:SwordOfDarkness"],"picked":"hexamod:RainOfEmbers","floor":14.0},{"not_picked":["hexamod:NightmareGuise","hexamod:ThermalTransfer"],"picked":"hexamod:GhostOfSpireFuture","floor":15.0},{"not_picked":["hexamod:UnleashSpirits","hexamod:TurnItUp"],"picked":"hexamod:GhostOfSpirePresent","floor":16.0},{"not_picked":["hexamod:BurningTouch","hexamod:Firestarter","hexamod:GhostShield"],"picked":"SKIP","floor":19.0},{"not_picked":["hexamod:ThermalTransfer","hexamod:NightmareStrike+1"],"picked":"hexamod:Rewind+1","floor":20.0},{"not_picked":["hexamod:NecessarySacrifice+1","hexamod:Hexaguard"],"picked":"hexamod:FastForward+1","floor":21.0},{"not_picked":["hexamod:SwordOfDarkness","hexamod:SuperheatedStrike+1"],"picked":"hexamod:ApocalypseNow","floor":22.0},{"not_picked":["hexamod:PhantomFireball","hexamod:SpectralSpark","hexamod:SwordOfDarkness"],"picked":"SKIP","floor":26.0},{"not_picked":["hexamod:DynamicBlow","hexamod:NightmareStrike","hexamod:BacktrackSmack"],"picked":"SKIP","floor":28.0},{"not_picked":["hexamod:HeatMetal+1","hexamod:HeatCrush"],"picked":"hexamod:Rewind+1","floor":31.0},{"not_picked":["hexamod:ChargedBarrage","hexamod:SwordOfDarkness+1","hexamod:BacktrackSmack"],"picked":"SKIP","floor":32.0},{"not_picked":["hexamod:Toasty","hexamod:ApocalypseNow"],"picked":"hexamod:TimeOfNeed","floor":33.0},{"not_picked":["hexamod:SuperheatedStrike","hexamod:BacktrackSmack","hexamod:Firestarter+1"],"picked":"SKIP","floor":36.0},{"not_picked":["hexamod:SpectersWail+1","hexamod:FastForward+1"],"picked":"hexamod:RainOfEmbers+1","floor":37.0},{"not_picked":["hexamod:ShieldOfDarkness+1","hexamod:HeatMetal+1"],"picked":"hexamod:ForkedFlame","floor":39},{"not_picked":["hexamod:ThermalTransfer","hexamod:GhostflameBarrier","hexamod:FlamesFromBeyond+1"],"picked":"SKIP","floor":40},{"not_picked":["hexamod:AdvancingGuard","hexamod:SpectersWail+1","hexamod:GhostShield+1"],"picked":"SKIP","floor":43},{"not_picked":["hexamod:FastForward","hexamod:StepThrough"],"picked":"hexamod:ExtraCrispy","floor":44},{"not_picked":["hexamod:GhostLash","hexamod:HeatMetal"],"picked":"hexamod:RetreatToShadows+1","floor":45},{"not_picked":["hexamod:SecondSeal","hexamod:Firestarter+1","hexamod:Haunt+1"],"picked":"SKIP","floor":46},{"not_picked":["hexamod:SuperheatedStrike","hexamod:AdvancingGuard"],"picked":"hexamod:RainOfEmbers+1","floor":48},{"not_picked":["hexamod:SpectralSpark+1","hexamod:ExtraCrispy+1"],"picked":"hexamod:HeatShield+1","floor":49}],"player_experience":412108,"relics_obtained":[{"floor":1.0,"key":"Ring of Misfortune"},{"floor":1.0,"key":"Ring of Greed"},{"floor":1.0,"key":"Old Coin"},{"floor":1.0,"key":"MawBank"},{"floor":7.0,"key":"Vajra"},{"floor":10.0,"key":"Oddly Smooth Stone"},{"floor":24.0,"key":"Eternal Feather"},{"floor":28.0,"key":"Replay:WaspNest"},{"floor":29.0,"key":"MealTicket"},{"floor":29.0,"key":"Letter Opener"},{"floor":29.0,"key":"Incense Burner"},{"floor":31.0,"key":"Golden Egg"},{"floor":35.0,"key":"Guardian:PocketSentry"},{"floor":41,"key":"StoneCalendar"},{"floor":42,"key":"ReplayTheSpireMod:Ring of Challenge"},{"floor":42,"key":"ReplayTheSpireMod:Ring of Collecting"},{"floor":48,"key":"Thread and Needle"}],"event_choices":[],"is_beta":false,"boss_relics":[{"not_picked":["ReplayTheSpireMod:DimensionalGlitch","Coffee Dripper"],"picked":"Fusion Hammer"},{"not_picked":["Tiny House","Busted Crown"],"picked":"bronze:MakeshiftBattery"}],"items_purged_floors":[4],"is_endless":false,"potions_floor_spawned":[2,9,12,15,26,28,31,33,36,37,39,44,46,48,49],"ascension_level":4}}