{"host":"bg8va46pgqgvtzim","time":1612853387,"event":{"mods":["BaseMod","Minty Spire (QoL Compilation)","Quick Restart","StSLib","SuperFastMode"],"gold_per_floor":[113,128,128,144,144,144,162,206,206,226,265,291,316,316,334,348,366,366,387,405,440,440,569,569,589,363,379,394,419,90,126,150,164,164,164,189,222,222,235,256,277,293,293,422,422,441,461,484,550,563,563,576,576,620,620,953,973,973,999,1033,908,908,908,918,621,653,671,689,689,689,689,689,689,176,211,211],"floor_reached":77,"language":"ZHS","playtime":2669,"items_purged":["Strike_P","FlurryOfBlows","Strike_P","Defend_P","FlurryOfBlows"],"score":1823,"play_id":"96e3a1e8-66ee-4691-8e45-745329c8ccd1","local_time":"20210209144947","is_ascension_mode":true,"campfire_choices":[{"data":"WheelKick","floor":9.0,"key":"SMITH"},{"data":"Deep Breath","floor":14.0,"key":"SMITH"},{"data":"Collect","floor":18.0,"key":"SMITH"},{"data":"Wallop","floor":22.0,"key":"SMITH"},{"data":"True Grit","floor":38.0,"key":"SMITH"},{"data":"Rampage","floor":43.0,"key":"SMITH"},{"data":"Reprogram","floor":53.0,"key":"SMITH"},{"data":"Echo Form","floor":55.0,"key":"SMITH"},{"data":"SpiritShield","floor":62,"key":"SMITH"},{"data":"Shockwave","floor":69,"key":"SMITH"},{"floor":70,"key":"RECALL"},{"data":"DevaForm","floor":73,"key":"SMITH"}],"circlet_count":0,"master_deck":["Defend_P+1","Defend_P+1","Eruption+1","Vigilance","Collect+1","Adaptation","WheelKick+1","Deep Breath+1","DevaForm+1","Wallop+1","DeceiveReality","SpiritShield+1","Fasting2","True Grit+1","Rampage+1","Reprogram+1","Echo Form+1","MentalFortress+1","InnerPeace+1","Shockwave+1","Impatience","Fasting2"],"relics":["PureWater","TungstenRod","FossilizedHelix","Akabeko","Blood Vial","MealTicket","Snecko Eye","OrangePellets","PrismaticShard","Centennial Puzzle","Meat on the Bone","White Beast Statue","Pear","Empty Cage","Ginger","Strawberry","HornCleat","War Paint","Mercury Hourglass","Membership Card","Pen Nib","Happy Flower","ClockworkSouvenir","Gremlin Horn","Thread and Needle","Bag of Preparation"],"acts_visited":["Exordium","TheCity","TheBeyond","TheEnding"],"potions_floor_usage":[76,76,76],"damage_taken":[{"damage":0.0,"enemies":"2 Louse","floor":1.0,"turns":2.0},{"damage":0.0,"enemies":"Small Slimes","floor":2.0,"turns":4.0},{"damage":0.0,"enemies":"Cultist","floor":4.0,"turns":3.0},{"damage":11.0,"enemies":"Lots of Slimes","floor":7.0,"turns":5.0},{"damage":0.0,"enemies":"Gremlin Nob","floor":8.0,"turns":2.0},{"damage":7.0,"enemies":"Red Slaver","floor":10.0,"turns":3.0},{"damage":0.0,"enemies":"Lagavulin","floor":11.0,"turns":4.0},{"damage":0.0,"enemies":"Gremlin Gang","floor":15.0,"turns":3.0},{"damage":0.0,"enemies":"3 Louse","floor":16.0,"turns":2.0},{"damage":0.0,"enemies":"Looter","floor":17.0,"turns":3.0},{"damage":0.0,"enemies":"2 Fungi Beasts","floor":19.0,"turns":3.0},{"damage":0.0,"enemies":"Exordium Thugs","floor":20.0,"turns":3.0},{"damage":0.0,"enemies":"Gremlin Nob","floor":21.0,"turns":3.0},{"damage":15.0,"enemies":"The Guardian","floor":23.0,"turns":8.0},{"damage":0.0,"enemies":"2 Thieves","floor":25.0,"turns":3.0},{"damage":0.0,"enemies":"Shell Parasite","floor":27.0,"turns":2.0},{"damage":0.0,"enemies":"Shelled Parasite and Fungi","floor":28.0,"turns":4.0},{"damage":0.0,"enemies":"Snecko","floor":29.0,"turns":5.0},{"damage":24.0,"enemies":"Slavers","floor":31.0,"turns":8.0},{"damage":6.0,"enemies":"Snake Plant","floor":32.0,"turns":4.0},{"damage":0.0,"enemies":"3 Cultists","floor":33.0,"turns":7.0},{"damage":0.0,"enemies":"Cultist and Chosen","floor":36.0,"turns":4.0},{"damage":10.0,"enemies":"Gremlin Leader","floor":37.0,"turns":6.0},{"damage":0.0,"enemies":"Shelled Parasite and Fungi","floor":39.0,"turns":2.0},{"damage":0.0,"enemies":"Snecko","floor":40.0,"turns":5.0},{"damage":0.0,"enemies":"Centurion and Healer","floor":41.0,"turns":3.0},{"damage":2.0,"enemies":"Cultist and Chosen","floor":42.0,"turns":7.0},{"damage":33.0,"enemies":"Collector","floor":44.0,"turns":10.0},{"damage":8.0,"enemies":"3 Darklings","floor":46.0,"turns":4.0},{"damage":0.0,"enemies":"Orb Walker","floor":47.0,"turns":7.0},{"damage":0.0,"enemies":"Maw","floor":48.0,"turns":6.0},{"damage":44.0,"enemies":"2 Orb Walkers","floor":49.0,"turns":8.0},{"damage":0.0,"enemies":"Sphere and 2 Shapes","floor":50.0,"turns":4.0},{"damage":0.0,"enemies":"Jaw Worm Horde","floor":52.0,"turns":5.0},{"damage":0.0,"enemies":"Nemesis","floor":54.0,"turns":7.0},{"damage":0.0,"enemies":"Writhing Mass","floor":57.0,"turns":5.0},{"damage":0.0,"enemies":"Reptomancer","floor":60.0,"turns":6.0},{"damage":0,"enemies":"Spire Growth","floor":64,"turns":4},{"damage":0,"enemies":"Giant Head","floor":66,"turns":6},{"damage":0,"enemies":"Maw","floor":67,"turns":5},{"damage":9,"enemies":"3 Darklings","floor":68,"turns":6},{"damage":10,"enemies":"Time Eater","floor":71,"turns":8},{"damage":0,"enemies":"Shield and Spear","floor":75,"turns":6},{"damage":0,"enemies":"The Heart","floor":76,"turns":5}],"seed_played":"8578026643350198178","potions_obtained":[{"floor":1.0,"key":"LiquidBronze"},{"floor":7.0,"key":"Dexterity Potion"},{"floor":8.0,"key":"SneckoOil"},{"floor":11.0,"key":"SkillPotion"},{"floor":15.0,"key":"Fire Potion"},{"floor":17.0,"key":"FearPotion"},{"floor":23.0,"key":"Regen Potion"},{"floor":25.0,"key":"AttackPotion"},{"floor":28.0,"key":"PowerPotion"},{"floor":33.0,"key":"LiquidMemories"},{"floor":36.0,"key":"PowerPotion"},{"floor":40.0,"key":"Fruit Juice"},{"floor":41.0,"key":"FearPotion"},{"floor":44.0,"key":"Dexterity Potion"},{"floor":47.0,"key":"Strength Potion"},{"floor":50.0,"key":"PowerPotion"},{"floor":57.0,"key":"DistilledChaos"}],"is_trial":false,"path_per_floor":["M","M","?","M","?","?","M","E","R","M","E","T","T","R","M","M","M","R","M","M","E","R","B",null,"M","$","M","M","M","$","E","M","M","T","T","M","E","R","M","M","M","M","R","B",null,"M","M","M","?","M","?","M","R","E","R","?","M","T","T","E","$","R","T","M","$","E","M","M","R","R","B",null,"R","$","E","B",null],"character_chosen":"WATCHER","items_purchased":["OrangePellets","Fasting2","PrismaticShard","Membership Card","Pen Nib","ClockworkSouvenir","Gremlin Horn","Thread and Needle","Impatience","Fasting2"],"campfire_rested":0,"item_purchase_floors":[26,30,30,65,65,74,74,74,74,74],"current_hp_per_floor":[72,72,65,65,47,47,36,36,36,29,29,29,29,29,31,33,35,35,37,39,41,41,28,72,72,72,72,72,72,72,48,44,46,46,46,48,50,50,52,54,61,61,61,42,87,79,81,83,53,55,55,57,57,66,66,66,68,68,68,70,85,85,85,87,94,94,94,85,85,85,77,94,94,94,94,94],"gold":211,"neow_bonus":"UPGRADE_CARD","is_daily":false,"chose_seed":false,"campfire_upgraded":11,"win_rate":0.0,"timestamp":1612853387,"path_taken":["M","M","?","M","?","?","M","E","R","M","E","T","T","R","?","M","M","R","M","M","E","R","BOSS","M","$","M","?","M","?","E","M","?","T","T","M","E","R","M","?","M","M","R","BOSS","M","?","M","?","M","?","M","R","E","R","?","M","T","T","E","$","R","?","M","$","E","M","M","R","R","BOSS","R","$","E","BOSS"],"items_purchased_type":["Relic","Card","Relic","Relic","Relic","Relic","Relic","Relic","Card","Card"],"build_version":"2020-12-22","purchased_purges":5,"victory":true,"max_hp_per_floor":[72,72,72,72,72,72,72,72,72,72,72,72,72,72,72,72,72,72,72,72,72,72,72,72,72,72,72,72,72,72,72,72,72,72,72,72,82,82,82,82,87,87,87,87,87,87,87,87,87,87,87,87,87,94,94,94,94,94,94,94,94,94,94,94,94,94,94,94,94,94,94,94,94,94,94,94],"card_choices":[{"not_picked":["Pray","EmptyBody"],"picked":"Collect","floor":1.0},{"not_picked":["CutThroughFate","Conclude"],"picked":"Adaptation","floor":2.0},{"not_picked":["Consecrate","Fasting2"],"picked":"WheelKick","floor":4.0},{"not_picked":["CrushJoints","JustLucky","Evaluate"],"picked":"SKIP","floor":7.0},{"not_picked":["Weave","Evaluate"],"picked":"DevaForm","floor":8.0},{"not_picked":["FlyingSleeves","ThirdEye","Crescendo"],"picked":"SKIP","floor":10.0},{"not_picked":["EmptyMind","ForeignInfluence"],"picked":"Wallop","floor":11.0},{"not_picked":["ThirdEye","SandsOfTime"],"picked":"DeceiveReality","floor":15.0},{"not_picked":["Consecrate","CrushJoints","BowlingBash"],"picked":"SKIP","floor":16.0},{"not_picked":["Collect","EmptyFist"],"picked":"FlurryOfBlows","floor":17.0},{"not_picked":["FlurryOfBlows","Collect","Wireheading"],"picked":"SKIP","floor":19.0},{"not_picked":["ClearTheMind","ThirdEye","SashWhip"],"picked":"SKIP","floor":20.0},{"not_picked":["Alpha","Consecrate","Fasting2"],"picked":"SKIP","floor":21.0},{"not_picked":["Wish","Omniscience"],"picked":"SpiritShield","floor":23.0},{"not_picked":["Collect","CarveReality","Halt"],"picked":"SKIP","floor":25.0},{"not_picked":["WaveOfTheHand","FollowUp+1","Protect+1"],"picked":"SKIP","floor":27.0},{"not_picked":["SashWhip","FollowUp+1","Halt"],"picked":"SKIP","floor":28.0},{"not_picked":["Alpha","Prostrate","Nirvana"],"picked":"SKIP","floor":29.0},{"not_picked":["Dark Embrace","Biased Cognition"],"picked":"True Grit","floor":31.0},{"not_picked":["Sword Boomerang+1","FlurryOfBlows+1","Cloak And Dagger"],"picked":"SKIP","floor":32.0},{"not_picked":["Sweeping Beam+1","Bloodletting","Dodge and Roll"],"picked":"SKIP","floor":33.0},{"not_picked":["BowlingBash","Conserve Battery+1"],"picked":"Rampage","floor":36.0},{"not_picked":["Streamline+1","Rip and Tear","Rebound+1"],"picked":"SKIP","floor":37.0},{"not_picked":["Escape Plan","CrushJoints+1","Searing Blow"],"picked":"SKIP","floor":39.0},{"not_picked":["Undo","Poisoned Stab","Heavy Blade+1"],"picked":"SKIP","floor":40.0},{"not_picked":["Searing Blow+1","Armaments"],"picked":"Reprogram","floor":41.0},{"not_picked":["Clash","Headbutt","Juggernaut"],"picked":"SKIP","floor":42.0},{"not_picked":["Feed","Immolate"],"picked":"Echo Form","floor":44.0},{"not_picked":["Rampage+1","Wallop","Reprogram"],"picked":"SKIP","floor":46.0},{"not_picked":["Leap+1","Shockwave+1"],"picked":"MentalFortress+1","floor":47.0},{"not_picked":["Warcry","ClearTheMind","Protect+1"],"picked":"SKIP","floor":48.0},{"not_picked":["CutThroughFate+1","Rampage+1"],"picked":"InnerPeace+1","floor":49.0},{"not_picked":["Poisoned Stab","Heavy Blade+1","Thunderclap+1"],"picked":"SKIP","floor":50.0},{"not_picked":["EmptyFist","Twin Strike+1","ForeignInfluence"],"picked":"SKIP","floor":52.0},{"not_picked":["Thunderclap+1","Conclude","Redo+1"],"picked":"SKIP","floor":54.0},{"not_picked":["Perseverance","Prostrate","Weave+1"],"picked":"SKIP","floor":57.0},{"not_picked":["Cold Snap+1","Reprogram","Infinite Blades+1"],"picked":"SKIP","floor":60.0},{"not_picked":["Thunderclap","Perfected Strike"],"picked":"Shockwave","floor":64},{"not_picked":["FlurryOfBlows","JustLucky","FlyingSleeves"],"picked":"SKIP","floor":66},{"not_picked":["Armaments","Tactician","Combust+1"],"picked":"SKIP","floor":67},{"not_picked":["Pummel","Flash of Steel","Corruption"],"picked":"SKIP","floor":68},{"not_picked":["EmptyBody+1","Escape Plan+1","Evaluate"],"picked":"SKIP","floor":75}],"player_experience":2435757,"relics_obtained":[{"floor":8.0,"key":"TungstenRod"},{"floor":11.0,"key":"FossilizedHelix"},{"floor":12.0,"key":"Akabeko"},{"floor":13.0,"key":"Blood Vial"},{"floor":21.0,"key":"MealTicket"},{"floor":31.0,"key":"Centennial Puzzle"},{"floor":34.0,"key":"Meat on the Bone"},{"floor":35.0,"key":"White Beast Statue"},{"floor":37.0,"key":"Pear"},{"floor":49.0,"key":"Ginger"},{"floor":54.0,"key":"Strawberry"},{"floor":58.0,"key":"HornCleat"},{"floor":60.0,"key":"War Paint"},{"floor":63,"key":"Mercury Hourglass"},{"floor":66,"key":"Happy Flower"},{"floor":75,"key":"Bag of Preparation"}],"event_choices":[{"cards_removed":["Defend_P"],"damage_healed":0.0,"max_hp_gain":0.0,"max_hp_loss":0.0,"gold_gain":0.0,"event_name":"Golden Wing","player_choice":"Card Removal","floor":3.0,"gold_loss":0.0,"damage_taken":7.0},{"damage_healed":0.0,"max_hp_gain":0.0,"max_hp_loss":0.0,"gold_gain":0.0,"event_name":"Golden Idol","player_choice":"Take Damage","floor":5.0,"gold_loss":0.0,"damage_taken":18.0,"relics_obtained":["Golden Idol"]},{"damage_healed":0.0,"max_hp_gain":0.0,"max_hp_loss":0.0,"gold_gain":0.0,"event_name":"Match and Keep!","player_choice":"2 cards matched","floor":6.0,"gold_loss":0.0,"damage_taken":0.0,"cards_obtained":["FlurryOfBlows","Deep Breath"]},{"damage_healed":0.0,"max_hp_gain":0.0,"max_hp_loss":0.0,"gold_gain":0.0,"event_name":"Mysterious Sphere","player_choice":"Fight","floor":49.0,"gold_loss":0.0,"damage_taken":0.0},{"damage_healed":0.0,"max_hp_gain":0.0,"max_hp_loss":0.0,"gold_gain":0.0,"event_name":"Tomb of Lord Red Mask","player_choice":"Ignored","floor":51.0,"gold_loss":0.0,"damage_taken":0.0},{"damage_healed":0.0,"max_hp_gain":0.0,"max_hp_loss":0.0,"gold_gain":333.0,"event_name":"The Moai Head","player_choice":"Gave Idol","floor":56.0,"relics_lost":["Golden Idol"],"gold_loss":0.0,"damage_taken":0.0}],"is_beta":false,"boss_relics":[{"not_picked":["Astrolabe","VioletLotus"],"picked":"Snecko Eye"},{"not_picked":["Runic Pyramid","Velvet Choker"],"picked":"Empty Cage"}],"items_purged_floors":[26,30,61,65,74],"is_endless":false,"potions_floor_spawned":[1,7,8,11,15,17,23,25,28,33,36,37,39,40,41,42,44,46,47,48,49,50,52,54,57,60,64,66,67,68,75],"ascension_level":1}}