{"host":"kpyf5rnb72uwap8k","time":1612859554,"event":{"mods":["AchievementEnabler","BaseMod","Colored Map","Colored Powertips","DeckTracker","Minty Spire (QoL Compilation)","Permanent Neow","Quick Restart","StSLib","SuperFastMode"],"gold_per_floor":[115,14,25,25,42,70,82,112,112,126,137,137,137,171,171,171,171],"floor_reached":16,"language":"KOR","playtime":490,"items_purged":["Strike_R"],"score":146,"play_id":"5bfb7d2c-bc1c-46b6-b447-e8ba750622d3","local_time":"20210209173234","is_ascension_mode":true,"campfire_choices":[{"floor":12,"key":"REST"},{"floor":15,"key":"REST"}],"circlet_count":0,"master_deck":["Strike_R","Strike_R","Defend_R","Defend_R","Defend_R","Defend_R+1","Bash","Pommel Strike","Armaments","Flex","Battle Trance","Flex","Pommel Strike+1","Headbutt","Clash","Heavy Blade","Heavy Blade"],"relics":["Burning Blood","Gambling Chip","InkBottle","CaptainsWheel","Lizard Tail"],"acts_visited":["Exordium"],"potions_floor_usage":[16,16,16],"damage_taken":[{"damage":10.0,"enemies":"Cultist","floor":1.0,"turns":4.0},{"damage":15.0,"enemies":"Small Slimes","floor":3.0,"turns":4.0},{"damage":2.0,"enemies":"Jaw Worm","floor":5.0,"turns":3.0},{"damage":27.0,"enemies":"3 Sentries","floor":6.0,"turns":9.0},{"damage":9.0,"enemies":"3 Louse","floor":7.0,"turns":4.0},{"damage":24,"enemies":"Gremlin Nob","floor":8,"turns":4},{"damage":3,"enemies":"Blue Slaver","floor":10,"turns":2},{"damage":17,"enemies":"Exordium Wildlife","floor":11,"turns":4},{"damage":20,"enemies":"3 Sentries","floor":14,"turns":7},{"damage":25,"enemies":"Hexaghost","floor":16,"turns":9}],"seed_played":"-7238981778464828533","potions_obtained":[{"floor":5.0,"key":"Swift Potion"},{"floor":6.0,"key":"ColorlessPotion"},{"floor":7.0,"key":"DistilledChaos"}],"is_trial":false,"path_per_floor":["M","$","M","?","M","E","M","E","T","M","M","R","?","E","R","B"],"character_chosen":"IRONCLAD","items_purchased":["Armaments"],"campfire_rested":2,"item_purchase_floors":[2],"current_hp_per_floor":[76,76,67,67,71,50,47,29,29,32,21,45,29,15,39,14,14],"gold":171,"neow_bonus":"REMOVE_CARD","is_daily":false,"chose_seed":false,"campfire_upgraded":0,"win_rate":0.0,"timestamp":1612859554,"path_taken":["M","$","M","?","M","E","M","E","T","M","M","R","?","E","R","BOSS"],"items_purchased_type":["Card"],"build_version":"2020-12-22","purchased_purges":1,"victory":false,"max_hp_per_floor":[80,80,80,80,80,80,80,80,80,80,80,80,80,80,80,80,80],"card_choices":[{"not_picked":["Thunderclap","Perfected Strike"],"picked":"Pommel Strike","floor":1.0},{"not_picked":["Heavy Blade","Armaments"],"picked":"Flex","floor":3.0},{"not_picked":["Iron Wave","Blood for Blood"],"picked":"Battle Trance","floor":5.0},{"not_picked":["Clash","Armaments"],"picked":"Flex","floor":6.0},{"not_picked":["Wild Strike","True Grit"],"picked":"Pommel Strike","floor":7.0},{"not_picked":["Sever Soul","Warcry"],"picked":"Headbutt","floor":8},{"not_picked":["Pommel Strike","Flame Barrier"],"picked":"Clash","floor":10},{"not_picked":["Second Wind","Cleave"],"picked":"Heavy Blade","floor":11},{"not_picked":["Disarm","Offering"],"picked":"Heavy Blade","floor":14}],"player_experience":259206,"relics_obtained":[{"floor":6.0,"key":"Gambling Chip"},{"floor":8,"key":"InkBottle"},{"floor":9,"key":"CaptainsWheel"},{"floor":14,"key":"Lizard Tail"}],"event_choices":[{"cards_removed":["Strike_R"],"damage_healed":0.0,"max_hp_gain":0.0,"max_hp_loss":0.0,"gold_gain":0.0,"event_name":"Living Wall","player_choice":"Forget","floor":4.0,"gold_loss":0.0,"damage_taken":0.0},{"damage_healed":0,"gold_gain":0,"player_choice":"Entered Light","damage_taken":16,"max_hp_gain":0,"max_hp_loss":0,"event_name":"Shining Light","floor":13,"gold_loss":0,"cards_upgraded":["Defend_R","Pommel Strike"]}],"is_beta":false,"boss_relics":[],"items_purged_floors":[2],"is_endless":false,"potions_floor_spawned":[5,6,7,11],"killed_by":"Hexaghost","ascension_level":4}}