{"host":"ekyl8r8j8fco3zlk","time":1612895676,"event":{"mods":["Act Like it!","Arknights","BaseMod","CapriCore","Decade(王小明)","Dota2Spire","Friendly Minions","Gensokyo","Marisa（F雨　魔理沙）","Minty Spire (QoL Compilation)","READ ME - Guardian Mod","Rare Cards Sparkle","Reimu（博丽灵梦）","StSLib","The Alterego","The Immortal","The Jungle","The Senshi","TheWitcher","Waifu the Spire","WarShipGirlsR/战舰少女R mod","Yakumo Yukari mod","【遗物卡牌】REMEMod"],"gold_per_floor":[119,294,294,314,314,314,333,333,333,351,410,429,464,483,483,587,587,603,603,623,623,623,623,623],"floor_reached":23,"language":"ZHS","playtime":909,"items_purged":[],"score":241,"play_id":"4a3f1867-ad31-453d-82ce-dadd0c7ab65d","local_time":"20210210023436","is_ascension_mode":false,"campfire_choices":[{"data":"ats:Armor Crushing Shot","floor":6,"key":"SMITH"},{"data":"ats:Calcification","floor":8,"key":"SMITH"},{"data":"ats:Overload","floor":15,"key":"SMITH"}],"circlet_count":0,"master_deck":["ats:Armor Crushing Shot+1","ats:Defend","ats:Defend","ats:Defend","ats:Emotion Absorption","ats:Calcification+1","ats:Overload+1","ats:Blood Oath","ats:Nebulous Foxfire","ats:Apocalypse","ats:Consecutive Shot Auto","ats:Shadow Raid","ats:Powerful Strike","ats:Rapid Magazine+1","Bite","Bite","Bite","Bite","Bite","ats:Charging Defense"],"relics":["ats:Sanity Plus","REME_ComplimentaryCards","ats:Bonebreaker","Frozen Egg 2","ats:Originium","Bag of Preparation"],"acts_visited":["Exordium","TheCity"],"potions_floor_usage":[13,16,23,23],"damage_taken":[{"damage":0,"enemies":"2 Louse","floor":1,"turns":5},{"damage":1,"enemies":"ats:Genji","floor":4,"turns":4},{"damage":2,"enemies":"Jaw Worm","floor":7,"turns":3},{"damage":9,"enemies":"Exordium Wildlife","floor":10,"turns":4},{"damage":29,"enemies":"3 Sentries","floor":11,"turns":8},{"damage":13,"enemies":"3 Louse","floor":12,"turns":3},{"damage":0,"enemies":"Lagavulin","floor":13,"turns":2},{"damage":14,"enemies":"Large Slime","floor":14,"turns":5},{"damage":59,"enemies":"The Guardian","floor":16,"turns":11},{"damage":34,"enemies":"2 Thieves","floor":18,"turns":4},{"damage":28,"enemies":"Chosen","floor":20,"turns":5},{"damage":89,"enemies":"Gremlin Leader","floor":23,"turns":9}],"seed_played":"-8195237684966725973","potions_obtained":[{"floor":10,"key":"SneckoOil"},{"floor":11,"key":"GrandPatriotsElixir:ReiMu"},{"floor":14,"key":"ats:Burn Big Potion"},{"floor":16,"key":"Fire Potion"},{"floor":20,"key":"Energy Potion"}],"is_trial":false,"path_per_floor":["M","?","?","M","?","R","M","R","T","M","?","M","E","M","R","B",null,"M","?","M","?","?","E"],"character_chosen":"DOCTOR_CLASS","items_purchased":[],"campfire_rested":0,"item_purchase_floors":[],"current_hp_per_floor":[72,72,65,66,66,66,68,68,68,67,65,64,68,70,70,40,72,53,50,36,36,36,0,0],"gold":623,"neow_bonus":"REMOVE_CARD","is_daily":false,"chose_seed":false,"campfire_upgraded":3,"win_rate":0.0,"timestamp":1612895676,"path_taken":["M","?","?","M","?","R","M","R","T","?","?","M","E","M","R","BOSS","M","?","M","?","?","E"],"items_purchased_type":[],"build_version":"2020-12-22","purchased_purges":0,"victory":false,"max_hp_per_floor":[72,72,72,72,72,72,72,72,72,72,72,72,72,72,72,72,72,72,50,50,50,50,50,50],"card_choices":[{"not_picked":["ats:Defend Order","ats:Revitalization"],"picked":"ats:Overload","floor":1},{"not_picked":["ats:Automatic Cover","ats:Red Shift"],"picked":"ats:Blood Oath","floor":4},{"not_picked":["ats:Guard Mode","ats:Absolute Focus","ats:Red Shift"],"picked":"SKIP","floor":7},{"not_picked":["ats:Guard Mode","ats:Poison Spread"],"picked":"ats:Nebulous Foxfire","floor":10},{"not_picked":["ats:Mental Burst","ats:Absolute Focus"],"picked":"ats:Apocalypse","floor":11},{"not_picked":["ats:Poison Spread","ats:Guard Mode"],"picked":"ats:Consecutive Shot Auto","floor":12},{"not_picked":["ats:Hammer On","ats:Revitalization"],"picked":"ats:Shadow Raid","floor":13},{"not_picked":["ats:Absolute Focus","ats:Hammer On"],"picked":"ats:Powerful Strike","floor":14},{"not_picked":["ats:Blood Oath+1","ats:Leaping Hammer"],"picked":"ats:Rapid Magazine+1","floor":18},{"not_picked":["ats:Steam Pump","ats:Guard Mode"],"picked":"ats:Charging Defense","floor":20}],"player_experience":608432,"relics_obtained":[{"floor":9,"key":"ats:Bonebreaker"},{"floor":13,"key":"ats:Originium"},{"floor":13,"key":"Bag of Preparation"}],"event_choices":[{"damage_healed":0,"gold_gain":175,"player_choice":"AGREE","damage_taken":0,"max_hp_gain":0,"max_hp_loss":0,"event_name":"Liars Game","floor":2,"gold_loss":0,"cards_obtained":["Doubt"]},{"cards_removed":["Doubt"],"damage_healed":0,"gold_gain":0,"player_choice":"Card Removal","damage_taken":7,"max_hp_gain":0,"max_hp_loss":0,"event_name":"Golden Wing","floor":3,"gold_loss":0},{"damage_healed":0,"gold_gain":0,"player_choice":"Ignored","damage_taken":0,"max_hp_gain":0,"max_hp_loss":0,"event_name":"Transmorgrifier","floor":5,"gold_loss":0},{"damage_healed":0,"gold_gain":30,"player_choice":"Searched \u00273\u0027 times","damage_taken":0,"relics_obtained":["Frozen Egg 2"],"max_hp_gain":0,"max_hp_loss":0,"event_name":"Dead Adventurer","floor":11,"gold_loss":0},{"damage_healed":0,"gold_gain":0,"player_choice":"Became a vampire","damage_taken":0,"max_hp_gain":0,"max_hp_loss":22,"event_name":"Vampires","floor":19,"gold_loss":0,"cards_obtained":["Bite","Bite","Bite","Bite","Bite"]},{"damage_healed":0,"gold_gain":0,"player_choice":"Ignored","damage_taken":0,"max_hp_gain":0,"max_hp_loss":0,"event_name":"Cursed Tome","floor":22,"gold_loss":0}],"is_beta":false,"boss_relics":[{"not_picked":["Philosopher\u0027s Stone","Cursed Key"],"picked":"ats:Sanity Plus"}],"items_purged_floors":[],"is_endless":false,"potions_floor_spawned":[10,11,14,16,20],"killed_by":"Gremlin Leader","ascension_level":0}}