{"host":"kaame4qwxxqnygv7","time":1612857237,"event":{"mods":["AchievementEnabler","BaseMod","Better Match","Better Skull","Better Third Choice","Block Reminder","DeckTracker","Energized Spire","GungeonMod","Minty Spire (QoL Compilation)","Quick Restart","Red Circlet Mod","StSLib","SuperFastMode","The Blue Laboratory"],"gold_per_floor":[116,116,128,138,138,138,167,52,75,94,94,19,48,58,58,160,160,172,198,198,198,49,49,49,68,68,68,84,98,113,132,151,151,151,248,248,260,260,10,28,44,75,75,75,75],"floor_reached":44,"language":"KOR","playtime":2383,"items_purged":["Parasite","Strike_G"],"score":524,"play_id":"69081fcd-9630-411c-b7e6-99401020f2db","local_time":"20210209165357","is_ascension_mode":true,"campfire_choices":[{"data":"Neutralize","floor":6.0,"key":"SMITH"},{"floor":15.0,"key":"REST"},{"data":"After Image","floor":24.0,"key":"SMITH"},{"data":"Calculated Gamble","floor":27.0,"key":"SMITH"},{"floor":33.0,"key":"REST"},{"data":"After Image","floor":43,"key":"SMITH"}],"circlet_count":0,"master_deck":["Strike_G","Strike_G","Strike_G","Strike_G","Defend_G","Defend_G","Defend_G","Defend_G","Survivor","Neutralize+1","Blade Dance","Cloak And Dagger","Infinite Blades","Calculated Gamble+1","Infinite Blades","Backflip","After Image+1","Blade Dance","Cloak And Dagger+1","After Image+1","Footwork","Calculated Gamble+1","After Image+1","Blur+1"],"relics":["Ring of the Snake","CaptainsWheel","Spirit Poop","Darkstone Periapt","Anchor","Boot","WristBlade","Red Mask","MutagenicStrength","Membership Card","DemoMod:Metronome","DemoMod:RatBoots","DemoMod:ResourcefulSack","DemoMod:PartiallyEatenCheese","Black Star","energizedSpire:SpiderWeb","Kunai","DollysMirror","CeramicFish","Bag of Preparation"],"acts_visited":["Exordium","TheCity","DemoMod:Maze","TheBeyond"],"potions_floor_usage":[34,34],"damage_taken":[{"damage":1.0,"enemies":"2 Louse","floor":1.0,"turns":4.0},{"damage":0.0,"enemies":"Cultist","floor":3.0,"turns":4.0},{"damage":0.0,"enemies":"Small Slimes","floor":4.0,"turns":4.0},{"damage":16.0,"enemies":"Gremlin Nob","floor":7.0,"turns":5.0},{"damage":1.0,"enemies":"3 Louse","floor":10.0,"turns":4.0},{"damage":20.0,"enemies":"Lagavulin","floor":13.0,"turns":9.0},{"damage":0.0,"enemies":"Blue Slaver","floor":14.0,"turns":3.0},{"damage":53.0,"enemies":"The Guardian","floor":16.0,"turns":12.0},{"damage":0.0,"enemies":"Spheric Guardian","floor":18.0,"turns":4.0},{"damage":10.0,"enemies":"Masked Bandits","floor":19.0,"turns":5.0},{"damage":0.0,"enemies":"2 Thieves","floor":25.0,"turns":3.0},{"damage":4.0,"enemies":"DemoMod:Red_and_blue_shotgun_kin","floor":28.0,"turns":3.0},{"damage":0.0,"enemies":"DemoMod:4_Bullet_Kins","floor":29.0,"turns":3.0},{"damage":13.0,"enemies":"DemoMod:Veteran_shot_gun_kin_and_blue_shotgun_kin_with_gunsinger","floor":30.0,"turns":4.0},{"damage":0.0,"enemies":"DemoMod:Veteran_shot_gun_kin_and_blue_shotgun_kin","floor":31.0,"turns":3.0},{"damage":0.0,"enemies":"DemoMod:Veteran_shot_gun_kin_and_red_shotgun_kin_with_gunsinger","floor":32.0,"turns":3.0},{"damage":42,"enemies":"DemoMod:ResourcefulRat","floor":35,"turns":10},{"damage":0,"enemies":"3 Shapes","floor":37,"turns":3},{"damage":0,"enemies":"Orb Walker","floor":40,"turns":4},{"damage":0,"enemies":"Spire Growth","floor":41,"turns":5},{"damage":0,"enemies":"Giant Head","floor":42,"turns":8},{"damage":63,"enemies":"Reptomancer","floor":44,"turns":2}],"seed_played":"-675175264677839755","potions_obtained":[{"floor":1.0,"key":"Strength Potion"},{"floor":3.0,"key":"Fire Potion"},{"floor":4.0,"key":"Weak Potion"},{"floor":16.0,"key":"SteroidPotion"},{"floor":25.0,"key":"FearPotion"},{"floor":31.0,"key":"Swift Potion"},{"floor":32.0,"key":"blueLaboratory:BottleOfVodka"},{"floor":35,"key":"FearPotion"},{"floor":38,"key":"blueLaboratory:ArtificerPotion"},{"floor":40,"key":"Swift Potion"}],"is_trial":false,"path_per_floor":["M","?","M","M","?","R","E","$","T","M","?","$","E","M","R","B",null,"M","?","?","?","$","?","R","M","T","R","M","M","M","M","M","R","B","B",null,"M","?","$","M","M","E","R","E"],"character_chosen":"THE_SILENT","items_purchased":["DemoMod:GnawedKey","Membership Card","Kunai","DollysMirror"],"campfire_rested":2,"item_purchase_floors":[8,22,39,39],"current_hp_per_floor":[62,62,62,62,55,55,39,39,39,38,61,61,41,41,62,9,57,57,47,47,47,47,47,47,47,67,67,63,63,50,50,50,71,70,28,62,62,62,62,62,62,62,62,0,0],"gold":75,"neow_bonus":"ONE_RARE_RELIC","is_daily":false,"chose_seed":false,"campfire_upgraded":4,"win_rate":0.0,"timestamp":1612857237,"path_taken":["M","?","M","?","?","R","E","$","T","M","?","$","E","M","R","BOSS","M","?","?","?","$","?","R","?","T","R","M","M","M","M","M","R","BOSS","BOSS","M","?","$","M","M","E","R","E"],"items_purchased_type":["Relic","Relic","Relic","Relic"],"build_version":"2020-12-22","purchased_purges":2,"victory":false,"max_hp_per_floor":[70,70,70,70,70,70,70,70,70,70,76,73,73,73,73,73,73,73,73,73,73,73,73,73,73,73,73,73,73,73,73,73,73,73,73,73,73,73,73,73,73,73,73,73,73],"card_choices":[{"not_picked":["Sucker Punch","Slice"],"picked":"Blade Dance","floor":1.0},{"not_picked":["Outmaneuver","Poisoned Stab"],"picked":"Cloak And Dagger","floor":3.0},{"not_picked":["Deflect","Dash","Masterful Stab"],"picked":"SKIP","floor":4.0},{"not_picked":["Underhanded Strike","Sucker Punch"],"picked":"Infinite Blades","floor":7.0},{"not_picked":["Dagger Throw","Corpse Explosion"],"picked":"Calculated Gamble","floor":10.0},{"not_picked":["Escape Plan","Deadly Poison"],"picked":"Infinite Blades","floor":13.0},{"not_picked":["Cloak And Dagger","Bane"],"picked":"Backflip","floor":14.0},{"not_picked":["Venomology","Die Die Die"],"picked":"After Image","floor":16.0},{"not_picked":["Reflex","Masterful Stab"],"picked":"Blade Dance","floor":18.0},{"not_picked":["Expertise","Slice"],"picked":"Cloak And Dagger+1","floor":19.0},{"not_picked":["Flechettes","Dagger Throw","Underhanded Strike"],"picked":"SKIP","floor":25.0},{"not_picked":["Setup","Bane","Deadly Poison+1"],"picked":"SKIP","floor":28.0},{"not_picked":["Flying Knee","Heel Hook","Slice+1"],"picked":"SKIP","floor":29.0},{"not_picked":["Dagger Spray","Quick Slash","Deflect"],"picked":"SKIP","floor":30.0},{"not_picked":["Catalyst","Cloak And Dagger","Riddle With Holes"],"picked":"SKIP","floor":31.0},{"not_picked":["Dagger Spray+1","Dash+1","Distraction+1"],"picked":"SKIP","floor":32.0},{"not_picked":["Wraith Form v2","Burst"],"picked":"After Image","floor":35},{"not_picked":["Dagger Spray","Flechettes+1"],"picked":"Footwork","floor":36},{"not_picked":["Acrobatics","Poisoned Stab+1"],"picked":"Calculated Gamble+1","floor":37},{"not_picked":["Tools of the Trade","Outmaneuver","Quick Slash+1"],"picked":"SKIP","floor":40},{"not_picked":["Catalyst+1","All Out Attack+1"],"picked":"Blur+1","floor":41},{"not_picked":["Poisoned Stab+1","Dodge and Roll+1","Heel Hook"],"picked":"SKIP","floor":42}],"player_experience":261857,"relics_obtained":[{"floor":7.0,"key":"Darkstone Periapt"},{"floor":9.0,"key":"Anchor"},{"floor":13.0,"key":"Boot"},{"floor":19.0,"key":"Red Mask"},{"floor":36,"key":"DemoMod:RatBoots"},{"floor":36,"key":"DemoMod:ResourcefulSack"},{"floor":36,"key":"DemoMod:PartiallyEatenCheese"},{"floor":36,"key":"Black Star"},{"floor":36,"key":"energizedSpire:SpiderWeb"},{"floor":42,"key":"CeramicFish"},{"floor":42,"key":"Bag of Preparation"}],"event_choices":[{"cards_removed":["Shame"],"damage_healed":0.0,"max_hp_gain":0.0,"max_hp_loss":0.0,"gold_gain":0.0,"event_name":"Bonfire Elementals","player_choice":"Offered Curse","floor":2.0,"gold_loss":0.0,"damage_taken":0.0,"relics_obtained":["Spirit Poop"]},{"cards_removed":["Defend_G"],"damage_healed":0.0,"max_hp_gain":0.0,"max_hp_loss":0.0,"gold_gain":0.0,"event_name":"Golden Wing","player_choice":"Card Removal","floor":5.0,"gold_loss":0.0,"damage_taken":7.0},{"damage_healed":17.0,"max_hp_gain":0.0,"max_hp_loss":0.0,"gold_gain":0.0,"event_name":"Mushrooms","player_choice":"Healed and dodged fight","floor":11.0,"gold_loss":0.0,"damage_taken":0.0,"cards_obtained":["Parasite"]},{"damage_healed":0.0,"max_hp_gain":0.0,"max_hp_loss":0.0,"gold_gain":0.0,"event_name":"Masked Bandits","player_choice":"Fought Bandits","floor":19.0,"gold_loss":0.0,"damage_taken":0.0},{"damage_healed":0.0,"max_hp_gain":0.0,"max_hp_loss":0.0,"gold_gain":0.0,"event_name":"Drug Dealer","player_choice":"Inject Mutagens","floor":20.0,"gold_loss":0.0,"damage_taken":0.0,"relics_obtained":["MutagenicStrength"]},{"damage_healed":0.0,"max_hp_gain":0.0,"max_hp_loss":0.0,"gold_gain":0.0,"event_name":"Ghosts","player_choice":"Ignored","floor":21.0,"gold_loss":0.0,"damage_taken":0.0},{"damage_healed":0.0,"max_hp_gain":0.0,"max_hp_loss":0.0,"gold_gain":0.0,"event_name":"The Mausoleum","player_choice":"Opened","floor":23.0,"gold_loss":0.0,"damage_taken":0.0,"relics_obtained":["DemoMod:Metronome"]},{"damage_healed":0,"gold_gain":0,"player_choice":"Got Potions","damage_taken":0,"max_hp_gain":0,"max_hp_loss":0,"event_name":"Lab","floor":38,"gold_loss":0}],"is_beta":false,"boss_relics":[{"not_picked":["Pandora\u0027s Box","Runic Dome"],"picked":"WristBlade"},{"not_picked":[]}],"items_purged_floors":[12,39],"is_endless":false,"potions_floor_spawned":[1,3,4,14,16,25,31,32,35,40,41],"killed_by":"Reptomancer","ascension_level":8}}