{"host":"zp68vqn57s53e67f","time":1612862331,"event":{"mods":["Act Like it!","BaseMod","Downfall","Hallownest","Hermit","Minty Spire (QoL Compilation)","Replay The Spire","Shop Mod","StSLib","The Cursed","The Servant 0.9.4"],"gold_per_floor":[117,130,130,130,130,155,199,199,199,217,217,217,142,167,167,167,167],"floor_reached":16,"language":"ENG","playtime":805,"items_purged":["Defend_R"],"score":100,"play_id":"f6e474c4-9a88-4bd8-86a2-362f22030304","local_time":"20210209011851","is_ascension_mode":false,"campfire_choices":[{"data":"Armaments","floor":8,"key":"SMITH"},{"data":"Inflame","floor":11,"key":"SMITH"},{"floor":12,"key":"REST"},{"data":"Dual Wield","floor":15,"key":"SMITH"}],"circlet_count":0,"master_deck":["Strike_R","Strike_R","Strike_R","Strike_R","Strike_R","Defend_R","Defend_R","Defend_R","Bash","Inflame+1","Armaments+1","Ghostly Armor","Headbutt","Disarm","Dual Wield+1"],"relics":["Burning Blood","NeowsBlessing","Golden Idol","Onion Ring","WingedGreaves","Quantum Egg"],"acts_visited":["Exordium"],"potions_floor_usage":[7,16],"damage_taken":[{"damage":0,"enemies":"Jaw Worm","floor":1,"turns":1},{"damage":0,"enemies":"2 Louse","floor":2,"turns":1},{"damage":0,"enemies":"Cultist","floor":6,"turns":1},{"damage":30,"enemies":"3 Sentries","floor":7,"turns":7},{"damage":23,"enemies":"Exordium Thugs","floor":10,"turns":8},{"damage":13,"enemies":"Gremlin Gang","floor":14,"turns":3},{"damage":25,"enemies":"Slime Boss","floor":16,"turns":7}],"seed_played":"-1762467664996308302","potions_obtained":[{"floor":1,"key":"Fire Potion"},{"floor":14,"key":"Explosive Potion"}],"is_trial":false,"path_per_floor":["M","M","?","?","?","M","E","R","T","M","R","R","$","M","R","B"],"character_chosen":"IRONCLAD","items_purchased":[],"campfire_rested":1,"item_purchase_floors":[],"current_hp_per_floor":[80,80,80,60,60,66,42,42,42,25,25,49,49,42,42,17,17],"gold":167,"neow_bonus":"THREE_ENEMY_KILL","is_daily":false,"chose_seed":false,"campfire_upgraded":3,"win_rate":0.0,"timestamp":1612862331,"path_taken":["M","M","?","?","?","?","E","R","T","M","R","R","$","M","R","BOSS"],"items_purchased_type":[],"build_version":"2020-12-22","purchased_purges":1,"victory":false,"max_hp_per_floor":[80,80,80,80,80,80,80,80,80,80,80,80,80,80,80,80,80],"card_choices":[{"not_picked":["Dual Wield","Run Through"],"picked":"Inflame","floor":1},{"not_picked":["Shrug It Off","True Grit"],"picked":"Armaments","floor":2},{"not_picked":["Wild Strike","ReplayTheSpireMod:Corrosion Curse"],"picked":"Ghostly Armor","floor":6},{"not_picked":["Warcry","Replay:Many Hands"],"picked":"Headbutt","floor":7},{"not_picked":["Second Wind","True Grit"],"picked":"Disarm","floor":10},{"not_picked":["Cleave","Perfected Strike"],"picked":"Dual Wield","floor":14}],"player_experience":147581,"relics_obtained":[{"floor":5,"key":"Onion Ring"},{"floor":7,"key":"WingedGreaves"},{"floor":9,"key":"Quantum Egg"}],"event_choices":[{"damage_healed":0,"gold_gain":0,"player_choice":"Ignored","damage_taken":0,"max_hp_gain":0,"max_hp_loss":0,"event_name":"Liars Game","floor":3,"gold_loss":0},{"damage_healed":0,"gold_gain":0,"player_choice":"Take Damage","damage_taken":20,"relics_obtained":["Golden Idol"],"max_hp_gain":0,"max_hp_loss":0,"event_name":"Golden Idol","floor":4,"gold_loss":0},{"damage_healed":0,"gold_gain":0,"player_choice":"Relic","damage_taken":0,"max_hp_gain":0,"max_hp_loss":0,"event_name":"Wheel of Change","floor":5,"gold_loss":0}],"is_beta":false,"boss_relics":[],"items_purged_floors":[13],"is_endless":false,"potions_floor_spawned":[1,14],"killed_by":"Slime Boss","ascension_level":0}}