{"host":"Jedit","time":1612913995,"event":{"mods":["BaseMod","Minty Spire (QoL Compilation)","Relic Stats","StSLib"],"gold_per_floor":[115,115,115,115,30,62,62,90,90,15,15,42,17,51,51,130,130,144,0,0,15,15,15,15,15],"floor_reached":24,"language":"ENG","playtime":678,"items_purged":[],"score":532,"play_id":"e6949b7a-f909-4ea0-8c1d-b315ceeb9c36","local_time":"20210209233955","is_ascension_mode":true,"campfire_choices":[{"data":"Blade Dance","floor":7.0,"key":"SMITH"},{"data":"Neutralize","floor":11.0,"key":"SMITH"},{"data":"Cloak And Dagger","floor":15.0,"key":"SMITH"},{"floor":23.0,"key":"REST"}],"circlet_count":0,"master_deck":["AscendersBane","Strike_G","Strike_G+1","Strike_G+1","Defend_G","Defend_G","Defend_G","Defend_G","Defend_G","Survivor","Neutralize+1","Underhanded Strike","Unload","Tactician+1","Blade Dance+1","Flying Knee+1","Predator+1","Backflip","Cloak And Dagger+1","Unload+1","Acrobatics","Dash+1"],"relics":["Ring of the Snake","NeowsBlessing","Blue Candle","Dream Catcher","Molten Egg 2","Whetstone","Pen Nib","Tiny Chest","Calling Bell","Toy Ornithopter","InkBottle","Tingsha"],"acts_visited":["Exordium","TheCity"],"potions_floor_usage":[],"damage_taken":[{"damage":0.0,"enemies":"Cultist","floor":1.0,"turns":1.0},{"damage":0.0,"enemies":"Gremlin Nob","floor":6.0,"turns":1.0},{"damage":0.0,"enemies":"Lagavulin","floor":8.0,"turns":1.0},{"damage":11.0,"enemies":"3 Sentries","floor":12.0,"turns":4.0},{"damage":16.0,"enemies":"Lagavulin","floor":14.0,"turns":4.0},{"damage":21.0,"enemies":"The Guardian","floor":16.0,"turns":11.0},{"damage":28.0,"enemies":"Shell Parasite","floor":18.0,"turns":6.0},{"damage":2.0,"enemies":"3 Byrds","floor":21.0,"turns":5.0},{"damage":42,"enemies":"Book of Stabbing","floor":24,"turns":5}],"seed_played":"-239578194690258922","potions_obtained":[{"floor":6.0,"key":"FearPotion"},{"floor":8.0,"key":"Swift Potion"},{"floor":12.0,"key":"GhostInAJar"}],"is_trial":false,"path_per_floor":["M","?","?","?","$","E","R","E","T","?","R","E","$","E","R","B",null,"M","?","?","M","$","R","E"],"character_chosen":"THE_SILENT","items_purchased":["Tactician","Backflip"],"campfire_rested":1,"item_purchase_floors":[5,13],"current_hp_per_floor":[59,59,64,59,59,59,59,59,59,59,59,48,48,32,32,11,56,28,28,28,26,26,47,5,5],"gold":15,"neow_bonus":"THREE_ENEMY_KILL","is_daily":false,"chose_seed":false,"campfire_upgraded":3,"win_rate":0.0,"timestamp":1612913995,"path_taken":["M","?","?","?","$","E","R","E","T","?","R","E","$","E","R","BOSS","M","?","?","M","$","R","E"],"items_purchased_type":["Card","Card"],"build_version":"2020-12-18","purchased_purges":0,"victory":false,"max_hp_per_floor":[66,66,71,71,71,71,71,71,71,71,71,71,71,71,71,71,71,71,71,71,71,71,71,71,71],"relic_stats":{"Dream Catcher":1,"counters":[9,38],"Blue Candle":[0],"Tiny Chest":0,"Tingsha":[39],"Pen Nib":[8],"Whetstone":["Strike_G","Strike_G"],"obtain_stats":[{"Calling Bell":17,"Dream Catcher":6,"NeowsBlessing":0,"Blue Candle":4,"Molten Egg 2":8,"Tiny Chest":14,"Tingsha":17,"Pen Nib":12,"Whetstone":9,"Toy Ornithopter":17,"InkBottle":17,"Ring of the Snake":0},{"Calling Bell":6,"Dream Catcher":2,"NeowsBlessing":0,"Blue Candle":1,"Molten Egg 2":3,"Tiny Chest":5,"Tingsha":6,"Pen Nib":4,"Whetstone":3,"Toy Ornithopter":6,"InkBottle":6,"Ring of the Snake":0},{"Calling Bell":22,"Dream Catcher":2,"NeowsBlessing":0,"Blue Candle":1,"Molten Egg 2":3,"Tiny Chest":11,"Tingsha":22,"Pen Nib":7,"Whetstone":3,"Toy Ornithopter":22,"InkBottle":22,"Ring of the Snake":0}],"Toy Ornithopter":0,"InkBottle":[7],"Ring of the Snake":[18]},"card_choices":[{"not_picked":["Backflip","Flying Knee"],"picked":"Underhanded Strike","floor":1.0},{"not_picked":["Flechettes","Caltrops"],"picked":"Blade Dance","floor":6.0},{"not_picked":["Bane+1","Backflip"],"picked":"Flying Knee+1","floor":8.0},{"not_picked":["Underhanded Strike+1","Wraith Form v2"],"picked":"Predator+1","floor":12.0},{"not_picked":["All Out Attack+1","Caltrops"],"picked":"Cloak And Dagger","floor":14.0},{"not_picked":["Night Terror","Malaise"],"picked":"Unload+1","floor":16.0},{"not_picked":["Infinite Blades","Deadly Poison"],"picked":"Acrobatics","floor":18.0},{"not_picked":["Setup","Poisoned Stab+1","Quick Slash+1"],"picked":"SKIP","floor":21.0},{"not_picked":["Bane+1","Quick Slash+1"],"picked":"Dash+1","floor":23.0}],"player_experience":3478495,"relics_obtained":[{"floor":6.0,"key":"Dream Catcher"},{"floor":8.0,"key":"Molten Egg 2"},{"floor":9.0,"key":"Whetstone"},{"floor":12.0,"key":"Pen Nib"},{"floor":14.0,"key":"Tiny Chest"},{"floor":17.0,"key":"Toy Ornithopter"},{"floor":17.0,"key":"InkBottle"},{"floor":17.0,"key":"Tingsha"}],"event_choices":[{"damage_healed":0.0,"max_hp_gain":0.0,"max_hp_loss":0.0,"gold_gain":0.0,"cards_transformed":["Strike_G"],"event_name":"Living Wall","player_choice":"Change","floor":2.0,"gold_loss":0.0,"damage_taken":0.0,"cards_obtained":["Unload"]},{"damage_healed":0.0,"max_hp_gain":5.0,"max_hp_loss":0.0,"gold_gain":0.0,"event_name":"Big Fish","player_choice":"Donut","floor":3.0,"gold_loss":0.0,"damage_taken":0.0},{"damage_healed":0.0,"max_hp_gain":0.0,"max_hp_loss":0.0,"gold_gain":0.0,"event_name":"Scrap Ooze","player_choice":"Success","floor":4.0,"gold_loss":0.0,"damage_taken":5.0,"relics_obtained":["Blue Candle"]},{"cards_removed":["Strike_G"],"damage_healed":0.0,"max_hp_gain":0.0,"max_hp_loss":0.0,"gold_gain":0.0,"event_name":"The Cleric","player_choice":"Card Removal","floor":10.0,"gold_loss":75.0,"damage_taken":0.0},{"damage_healed":0.0,"max_hp_gain":0.0,"max_hp_loss":0.0,"gold_gain":0.0,"event_name":"Masked Bandits","player_choice":"Paid Fearfully","floor":19.0,"gold_loss":144.0,"damage_taken":0.0},{"damage_healed":0.0,"max_hp_gain":0.0,"max_hp_loss":0.0,"gold_gain":0.0,"event_name":"Upgrade Shrine","player_choice":"Upgraded","floor":20.0,"gold_loss":0.0,"damage_taken":0.0,"cards_upgraded":["Tactician"]}],"is_beta":true,"boss_relics":[{"not_picked":["SlaversCollar","Philosopher\u0027s Stone"],"picked":"Calling Bell"}],"items_purged_floors":[],"is_endless":false,"potions_floor_spawned":[6,8,12],"killed_by":"Book of Stabbing","ascension_level":20}}