{"host":"e5u7qs1emxzejr12","time":1612864346,"event":{"mods":["100% Spire Juice","2.2 Compatiblity","Act Like it!","Arknights","Ascension Unlocker","BaseMod","CapriCore","Card Forge","Colored Powertips","Custom Start","GifTheSpireLib","Highlight Path","Lobotomy","LobotomyExtend","Minty Spire (QoL Compilation)","Monster B Gone","MostiFishMod","Quick Restart","Relic Filter Mod","Reliquary","Replay The Spire","StSLib","SuperFastMode","The Blackbeard","WarShipGirlsR/战舰少女R mod","篝火指南"],"gold_per_floor":[117,132,12,92,92,111,136,30,53,81,81,81,104,104,104,225,105,125,125,21,21,34,65,78,96,96,114,19,55,76,76,76,207,207,221,221,234,234,259,297,145,145,145,145,169,210,210,243,1,1,1,1,1,41,41,41],"floor_reached":55,"language":"ZHS","playtime":2026,"items_purged":[],"score":1009,"play_id":"d67af160-74d6-4035-b92d-1d37b8ad6abf","local_time":"20210209175226","is_ascension_mode":false,"campfire_choices":[{"floor":15.0,"key":"DIG"},{"floor":32,"key":"RECALL"},{"floor":47,"key":"REST"}],"circlet_count":0,"master_deck":["Moonworks:JonathanRush+1","Moonworks:EvilSpyWorkPreparation+1","Moonworks:JonathanRush+1","Moonworks:EvilSpyWorkPreparation+1","Moonworks:JonathanRush+1","Moonworks:JonathanRush+1","Moonworks:AnotherUltimateWeapon+1","UniverseFragment","Moonworks:CloudOfSeagulls+1","Moonworks:JonathanRush+1","Moonworks:NicePresent+1","OSAHOGD","BlackArmy","Moonworks:CloudOfSeagulls+1","Moonworks:NicePresent+1","Moonworks:NicePresent+1","Moonworks:Accelerator+1","GreedKing","Madness+1","Madness+1","GalaxyChild","Moonworks:HolyNight+1","Moonworks:NicePresent+1","Moonworks:JonathanRush+1"],"relics":["Moonworks:BrokenBomb","Moonworks:Homemark","Hammer of Thor","Seething Fire","Anvil of the Gods","DaveBox","CogitoBucket","SentryEyes","SynthV:TestCard","LetterFromLob","Orichalcum","Golden Idol","BackwardClock","Regal Pillow","reliquary:RedPaperclip","Replay:Bottled Flurry","HellTrain","reliquary:TatteredRug","AtMidnight","reliquary:FerryPass","BloodWine","HollowDreamFlower","MostiFishMod:AdaptiveDefenses","Bag of Marbles","Yang_Lob","Ginger","Turnip","Eternal Feather","Replay:Towering Pillar of Hats"],"acts_visited":["Exordium","TheCity","TheBeyond","TheEnding"],"potions_floor_usage":[46,55,55,55],"damage_taken":[{"damage":0.0,"enemies":"Small Slimes","floor":1.0,"turns":2.0},{"damage":0.0,"enemies":"2 Louse","floor":2.0,"turns":1.0},{"damage":0.0,"enemies":"Cultist","floor":6.0,"turns":2.0},{"damage":18.0,"enemies":"Lagavulin","floor":7.0,"turns":3.0},{"damage":0.0,"enemies":"3 Louse","floor":8.0,"turns":1.0},{"damage":5.0,"enemies":"3 Sentries","floor":10.0,"turns":2.0},{"damage":0.0,"enemies":"Looter","floor":13.0,"turns":2.0},{"damage":30.0,"enemies":"Slime Boss","floor":16.0,"turns":4.0},{"damage":2.0,"enemies":"Spheric Guardian","floor":18.0,"turns":2.0},{"damage":2.0,"enemies":"Shell Parasite","floor":20.0,"turns":3.0},{"damage":2.0,"enemies":"Snake Plant","floor":22.0,"turns":2.0},{"damage":11.0,"enemies":"Replay:Snechameleon","floor":23.0,"turns":4.0},{"damage":24.0,"enemies":"Centurion and Healer","floor":24.0,"turns":4.0},{"damage":2.0,"enemies":"Cultist and Chosen","floor":25.0,"turns":3.0},{"damage":9.0,"enemies":"Snake Plant","floor":27.0,"turns":3.0},{"damage":2.0,"enemies":"Shelled Parasite and Fungi","floor":28.0,"turns":3.0},{"damage":17.0,"enemies":"Slavers","floor":29.0,"turns":2.0},{"damage":71.0,"enemies":"Chosen and Byrds","floor":30.0,"turns":8.0},{"damage":0,"enemies":"Automaton","floor":33,"turns":5},{"damage":0,"enemies":"3 Darklings","floor":35,"turns":2},{"damage":0,"enemies":"Orb Walker","floor":37,"turns":2},{"damage":0,"enemies":"Spire Growth","floor":39,"turns":3},{"damage":4,"enemies":"R_Hoarder","floor":40,"turns":3},{"damage":18,"enemies":"4 Shapes","floor":45,"turns":2},{"damage":39,"enemies":"Nemesis","floor":46,"turns":5},{"damage":5,"enemies":"Giant Head","floor":48,"turns":3},{"damage":0,"enemies":"Awakened One","floor":50,"turns":4},{"damage":27,"enemies":"Shield and Spear","floor":54,"turns":3},{"damage":65,"enemies":"The Heart","floor":55,"turns":3}],"seed_played":"5208555420246983316","potions_obtained":[{"floor":2.0,"key":"Venom Potion"},{"floor":16.0,"key":"Fire Potion"},{"floor":18.0,"key":"Adrenaline Potion"},{"floor":24.0,"key":"DistilledChaos"},{"floor":33,"key":"ColorlessPotion"},{"floor":35,"key":"Venom Potion"},{"floor":54,"key":"Toxic Potion"}],"is_trial":false,"path_per_floor":["M","M","?","?","?","M","E","M","T","E","?","?","M","$","R","B",null,"M","?","M","?","M","E","M","M","T","M","M","E","M","?","R","B",null,"M","?","M","$","M","E","R","$","T","R","M","E","R","E","R","B",null,"R","$","E","B"],"character_chosen":"THE_STARBREAKER","items_purchased":["MostiFishMod:AdaptiveDefenses","Eternal Feather"],"campfire_rested":1,"item_purchase_floors":[41,49],"current_hp_per_floor":[60,60,60,60,60,60,42,42,42,37,37,37,37,52,52,22,60,60,60,60,60,60,55,49,59,59,58,60,60,45,45,45,49,60,60,52,52,52,52,48,48,48,48,48,46,25,58,55,55,60,60,60,60,36,0,0],"gold":41,"neow_bonus":"","is_daily":false,"chose_seed":false,"campfire_upgraded":0,"win_rate":0.0,"timestamp":1612864346,"path_taken":["M","M","?","?","?","M","E","M","T","E","?","?","M","$","R","BOSS","M","?","?","?","M","E","M","M","T","M","M","E","M","?","R","BOSS","M","?","M","$","M","E","R","$","T","R","M","E","R","E","R","BOSS","R","$","E","BOSS"],"items_purchased_type":["Relic","Relic"],"build_version":"2020-12-22","purchased_purges":0,"victory":false,"max_hp_per_floor":[60,60,60,60,60,60,60,60,60,60,60,60,60,60,60,60,60,60,60,60,60,60,60,60,60,60,60,60,60,60,60,60,60,60,60,60,60,60,60,60,60,60,60,60,60,60,60,60,60,60,60,60,60,60,60,60],"card_choices":[{"not_picked":["Moonworks:x16BigRocket","Moonworks:DeployBits"],"picked":"Moonworks:JonathanRush","floor":1.0},{"not_picked":["Moonworks:Poppoformation","Moonworks:CloudOfSeagulls","Moonworks:BigMagnum","Moonworks:Assault"],"picked":"Moonworks:EvilSpyWorkPreparation","floor":2.0},{"not_picked":["DreamingCurrent","CrumblingArmor"],"picked":"BeautyBeast","floor":2.0},{"not_picked":["Moonworks:ExtendedPhotonRifle","Moonworks:CookingTime","Moonworks:FinalSurgery","Moonworks:SealedMemories"],"picked":"Moonworks:JonathanRush","floor":6.0},{"not_picked":["Freischutz","GalaxyChild"],"picked":"Scorched","floor":7.0},{"not_picked":["Moonworks:Assault","Moonworks:SweetBattle","Moonworks:DeployBits","Moonworks:LulusLuckyEgg"],"picked":"Moonworks:EvilSpyWorkPreparation","floor":7.0},{"not_picked":["FairyFestival","BlackSwan"],"picked":"WallGazer","floor":8.0},{"not_picked":["Moonworks:SakisCookie","Moonworks:DeployBits","Moonworks:BigBangBell","Moonworks:BigMagnum"],"picked":"Moonworks:JonathanRush","floor":8.0},{"not_picked":["Moonworks:FinalBattle","Moonworks:Assault","Moonworks:SakisCookie","Moonworks:LuckyCharm"],"picked":"Moonworks:JonathanRush","floor":10.0},{"not_picked":["OSAHOGD","Scarecrow"],"picked":"QueenBee","floor":10.0},{"not_picked":["MeatLantern","DreamingCurrent"],"picked":"Wellcheers","floor":13.0},{"not_picked":["Moonworks:ImOnFire","Moonworks:SakisCookie","Moonworks:ScrambledEve","Moonworks:LulusLuckyEgg","Moonworks:MixPhenomenon"],"picked":"SKIP","floor":13.0},{"not_picked":["Moonworks:CrystalBarrier","Moonworks:FinalBattle","Moonworks:LeapThroughSpace","Moonworks:AccelHyper"],"picked":"Moonworks:AnotherUltimateWeapon","floor":16.0},{"not_picked":["PunishingBird","Laetitia"],"picked":"Woodsman","floor":16.0},{"not_picked":["HeroicMonk","FairyFestival"],"picked":"SnowQueen","floor":18.0},{"not_picked":["Moonworks:SakisCookie+1","Moonworks:IntelligenceOfficer","Moonworks:ImOnFire","Moonworks:LulusLuckyEgg+1","Moonworks:IndiscriminateFireSupport"],"picked":"SKIP","floor":18.0},{"not_picked":["Yin","LittleHelper"],"picked":"UniverseFragment","floor":20.0},{"not_picked":["Moonworks:DeployBits","Moonworks:Dash","Moonworks:SakisCookie+1","Moonworks:LuckyCharm"],"picked":"Moonworks:CloudOfSeagulls+1","floor":20.0},{"not_picked":["Moonworks:SakisCookie","Moonworks:UnpaidWork+1","Moonworks:WindyEnchantment","Moonworks:Dash"],"picked":"Moonworks:JonathanRush","floor":22.0},{"not_picked":["Scorched","Funeral"],"picked":"MHz","floor":22.0},{"not_picked":["CherryBlossoms","BlackSwan"],"picked":"Mercenary","floor":23.0},{"not_picked":["Moonworks:ImOnFire","Moonworks:ScrambledEve+1","Moonworks:SakisCookie","Moonworks:LulusLuckyEgg+1","Moonworks:Assault+1"],"picked":"SKIP","floor":23.0},{"not_picked":["Moonworks:BackdoorTrade","Moonworks:MixPhenomenon","Moonworks:EvilSpyWorkPreparation","Moonworks:TreasureThief+1"],"picked":"Moonworks:NicePresent","floor":24.0},{"not_picked":["PunishingBird","CrumblingArmor"],"picked":"OSAHOGD","floor":24.0},{"not_picked":["SpiderBud","PunishingBird"],"picked":"BlackArmy","floor":25.0},{"not_picked":["Moonworks:ReproductionOfRecords","Moonworks:WindyEnchantment","Moonworks:SakisCookie","Moonworks:IndiscriminateFireSupport","Moonworks:FullSpeedAlicianrone"],"picked":"SKIP","floor":25.0},{"not_picked":["SingingMachine","WhitesApple"],"picked":"FairyFestival","floor":27.0},{"not_picked":["Moonworks:FullSpeedAlicianrone+1","Moonworks:MiracleWalker+1","Moonworks:LulusLuckyEgg","Moonworks:StarBlastingFuse"],"picked":"Moonworks:CloudOfSeagulls","floor":27.0},{"not_picked":["CherryBlossoms","LongBird"],"picked":"WhitesApple","floor":28.0},{"not_picked":["Moonworks:SakisCookie","Moonworks:SinkOrSwim","Moonworks:CloudOfSeagulls","Moonworks:JonathanRush"],"picked":"Moonworks:NicePresent+1","floor":28.0},{"not_picked":["Moonworks:DeployBits","Moonworks:SealedMemories","Moonworks:Assault","Moonworks:RedAndBlue+1"],"picked":"Moonworks:NicePresent","floor":29.0},{"not_picked":["Yin","BigBird"],"picked":"Freischutz","floor":29.0},{"not_picked":["Moonworks:LulusLuckyEgg","Moonworks:TreasureThief+1","Moonworks:IntelligenceOfficer","Moonworks:EvilSpyWorkPreparation","Moonworks:SakisCookie"],"picked":"SKIP","floor":30},{"not_picked":["Moonworks:PlushieMaster","Moonworks:Encore","Moonworks:LeapThroughSpace","Moonworks:AccelHyper"],"picked":"Moonworks:Accelerator","floor":33},{"not_picked":["LongBird","PunishingBird"],"picked":"GreedKing","floor":33},{"not_picked":["ShyLook","WhitesApple"],"picked":"SilentOrchestra","floor":35},{"not_picked":["Moonworks:ExtendedPhotonRifle","Moonworks:Heat300Percent+1","Moonworks:UnluckyCharm","Moonworks:EvilSpyWorkPreparation+1","Moonworks:Assault+1"],"picked":"SKIP","floor":35},{"not_picked":["Scorched","VoidDream"],"picked":"GalaxyChild","floor":37},{"not_picked":["Moonworks:Gamble","Moonworks:LulusLuckyEgg+1","Moonworks:DeployBits","Moonworks:SakisCookie","Moonworks:CookingTime+1"],"picked":"SKIP","floor":37},{"not_picked":["SnowQueen","NakedNest"],"picked":"LaLuna","floor":39},{"not_picked":["Moonworks:ImOnFire+1","Moonworks:IndiscriminateFireSupport","Moonworks:CloudOfSeagulls+1","Moonworks:CompletionReward+1","Moonworks:Assault+1"],"picked":"SKIP","floor":39},{"not_picked":["WhitesApple","Rudolta"],"picked":"Yin","floor":40},{"not_picked":["Moonworks:BigMagnum+1","Moonworks:SelfDestruct","Moonworks:MiracleWalker+1","Moonworks:MixPhenomenon+1","Moonworks:Flamethrower+1"],"picked":"SKIP","floor":40},{"not_picked":["Moonworks:CloudOfSeagulls+1","Moonworks:AngelHand+1","Moonworks:LulusLuckyEgg+1","Moonworks:IndiscriminateFireSupport+1"],"picked":"Moonworks:HolyNight","floor":45},{"not_picked":["PlagueDoctor","CherryBlossoms"],"picked":"MeatLantern","floor":46},{"not_picked":["Moonworks:IndiscriminateFireSupport+1","Moonworks:RedAndBlue","Moonworks:StarBlastingFuse","Moonworks:LuckyCharm+1"],"picked":"Moonworks:NicePresent","floor":46},{"not_picked":["Woodsman","SnowQueen","LaLuna"],"picked":"Singing Bowl","floor":48},{"not_picked":["Moonworks:SubspaceTunnel","Moonworks:Assault+1","Moonworks:ReproductionOfRecords","Moonworks:UnluckyCharm","Moonworks:ImOnFire"],"picked":"SKIP","floor":48},{"not_picked":["SingingMachine","Woodsman"],"picked":"HeroicMonk","floor":54},{"not_picked":["Moonworks:ExtendedPhotonRifle","Moonworks:SealedMemories","Moonworks:BackdoorTrade+1","Moonworks:WindyEnchantment"],"picked":"Moonworks:JonathanRush+1","floor":54}],"player_experience":95705,"relics_obtained":[{"floor":1.0,"key":"SynthV:TestCard"},{"floor":1.0,"key":"LetterFromLob"},{"floor":7.0,"key":"Lantern"},{"floor":9.0,"key":"MealTicket"},{"floor":10.0,"key":"Orichalcum"},{"floor":15.0,"key":"Regal Pillow"},{"floor":23.0,"key":"Replay:Bottled Flurry"},{"floor":29.0,"key":"reliquary:TatteredRug"},{"floor":30,"key":"AtMidnight"},{"floor":40,"key":"HollowDreamFlower"},{"floor":43,"key":"Bag of Marbles"},{"floor":46,"key":"Ginger"},{"floor":48,"key":"Turnip"},{"floor":54,"key":"Replay:Towering Pillar of Hats"}],"event_choices":[{"damage_healed":0.0,"max_hp_gain":0.0,"max_hp_loss":0.0,"gold_gain":0.0,"cards_transformed":["Moonworks:Defend"],"event_name":"Living Wall","player_choice":"Change","floor":3.0,"gold_loss":0.0,"damage_taken":0.0,"cards_obtained":["Moonworks:RagingMadness"]},{"damage_healed":0.0,"max_hp_gain":0.0,"max_hp_loss":0.0,"gold_gain":0.0,"event_name":"Golden Idol","player_choice":"Take Wound","floor":11.0,"gold_loss":0.0,"damage_taken":0.0,"relics_obtained":["Golden Idol"],"cards_obtained":["Injury"]},{"damage_healed":0.0,"max_hp_gain":0.0,"max_hp_loss":0.0,"gold_gain":0.0,"event_name":"Shining Light","player_choice":"Ignored","floor":12.0,"gold_loss":0.0,"damage_taken":0.0},{"cards_removed":["Scorched"],"damage_healed":5.0,"max_hp_gain":0.0,"max_hp_loss":0.0,"gold_gain":0.0,"event_name":"Bonfire Elementals","player_choice":"Offered Common","floor":19.0,"gold_loss":0.0,"damage_taken":0.0},{"cards_removed":["Scorched"],"damage_healed":5.0,"max_hp_gain":0.0,"max_hp_loss":0.0,"gold_gain":0.0,"event_name":"Bonfire Elementals","player_choice":"Offered Special","floor":19.0,"gold_loss":0.0,"damage_taken":0.0},{"damage_healed":0,"gold_gain":0,"player_choice":"Embrace Madness","damage_taken":8,"max_hp_gain":0,"max_hp_loss":0,"event_name":"Winding Halls","floor":36,"gold_loss":0,"cards_obtained":["Madness","Madness"]}],"is_beta":false,"boss_relics":[{"not_picked":["Runic Pyramid","Replay:Ancient Bell"],"picked":"reliquary:RedPaperclip"},{"not_picked":["Snecko Eye","Replay:Wanted Poster"],"picked":"BloodWine"}],"items_purged_floors":[],"is_endless":false,"potions_floor_spawned":[2,7,16,18,23,24,25,30,33,35,39,45,46,54],"killed_by":"The Heart","ascension_level":0}}