{"host":"msfr2axb1w9025n0","time":1612869165,"event":{"mods":["BaseMod","Bestiary","Block Reminder","Colored Map","DeckTracker","Minty Spire (QoL Compilation)","Relic Stats","Weighted Paths"],"gold_per_floor":[18,18,36,57,76,76,91,91,118,118,152,152,186,38,38,136,136,154,154,174,189,189,189,215,215,215,58,75,75,88,116,116,193,193,213,229,241,253,26,26,52,52,79,0,31,31,50,65,65,65],"floor_reached":51,"language":"ENG","playtime":1977,"items_purged":["Defend_R"],"score":1505,"play_id":"06ce02a7-4e16-493e-95ed-4d3f0f0a2396","local_time":"20210209181245","is_ascension_mode":true,"campfire_choices":[{"data":"Whirlwind","floor":6.0,"key":"SMITH"},{"data":"True Grit","floor":8.0,"key":"SMITH"},{"data":"Carnage","floor":12.0,"key":"SMITH"},{"data":"Flex","floor":15.0,"key":"SMITH"},{"data":"Perfected Strike","floor":23.0,"key":"SMITH"},{"data":"True Grit","floor":25,"key":"SMITH"},{"data":"Offering","floor":29,"key":"SMITH"},{"data":"Panacea","floor":32,"key":"SMITH"},{"data":"Berserk","floor":40,"key":"SMITH"},{"data":"Perfected Strike","floor":42,"key":"SMITH"},{"data":"Heavy Blade","floor":49,"key":"SMITH"}],"circlet_count":0,"master_deck":["AscendersBane","Strike_R","Strike_R","Strike_R","Defend_R","Defend_R","Defend_R","Bash","Carnage+1","Feel No Pain","Twin Strike","True Grit+1","Whirlwind+1","Pommel Strike","Seeing Red","Flex+1","Panacea+1","Offering","Shrug It Off","Perfected Strike+1","Clothesline","True Grit+1","Offering+1","Twin Strike","Pommel Strike","Exhume+1","Metallicize+1","Perfected Strike+1","Impervious+1","Impervious+1","Heavy Blade+1"],"relics":["Burning Blood","Bloody Idol","Omamori","HornCleat","Art of War","Ancient Tea Set","Calling Bell","Dream Catcher","Mummified Hand","FossilizedHelix","Enchiridion","Orichalcum","Pantograph","Orrery","Toxic Egg 2","Snecko Eye","ClockworkSouvenir","Darkstone Periapt","Potion Belt","Red Mask","Champion Belt"],"acts_visited":["Exordium","TheCity","TheBeyond"],"potions_floor_usage":[24,38,41,50,50,50,50],"damage_taken":[{"damage":7.0,"enemies":"Jaw Worm","floor":1.0,"turns":3.0},{"damage":3.0,"enemies":"2 Louse","floor":3.0,"turns":3.0},{"damage":5.0,"enemies":"Small Slimes","floor":4.0,"turns":4.0},{"damage":1.0,"enemies":"2 Fungi Beasts","floor":5.0,"turns":3.0},{"damage":13.0,"enemies":"Red Slaver","floor":7.0,"turns":3.0},{"damage":0.0,"enemies":"3 Sentries","floor":11.0,"turns":1.0},{"damage":0.0,"enemies":"Gremlin Nob","floor":13.0,"turns":3.0},{"damage":0.0,"enemies":"Slime Boss","floor":16.0,"turns":6.0},{"damage":26.0,"enemies":"2 Thieves","floor":18.0,"turns":4.0},{"damage":0.0,"enemies":"3 Byrds","floor":20.0,"turns":4.0},{"damage":6.0,"enemies":"Cultist and Chosen","floor":21.0,"turns":4.0},{"damage":0,"enemies":"Slavers","floor":24,"turns":1},{"damage":0,"enemies":"Snake Plant","floor":28,"turns":4},{"damage":4,"enemies":"3 Cultists","floor":30,"turns":4},{"damage":24,"enemies":"Book of Stabbing","floor":31,"turns":2},{"damage":34,"enemies":"Collector","floor":33,"turns":7},{"damage":32,"enemies":"3 Shapes","floor":35,"turns":3},{"damage":6,"enemies":"3 Darklings","floor":36,"turns":3},{"damage":12,"enemies":"Transient","floor":37,"turns":5},{"damage":11,"enemies":"Jaw Worm Horde","floor":38,"turns":5},{"damage":6,"enemies":"Reptomancer","floor":41,"turns":7},{"damage":12,"enemies":"Giant Head","floor":45,"turns":5},{"damage":0,"enemies":"Spire Growth","floor":47,"turns":4},{"damage":12,"enemies":"Writhing Mass","floor":48,"turns":4},{"damage":14,"enemies":"Donu and Deca","floor":50,"turns":7}],"seed_played":"-5861356529843653942","potions_obtained":[{"floor":3.0,"key":"DuplicationPotion"},{"floor":4.0,"key":"Fire Potion"},{"floor":13.0,"key":"SteroidPotion"},{"floor":21.0,"key":"DistilledChaos"},{"floor":28,"key":"EssenceOfSteel"},{"floor":30,"key":"Energy Potion"},{"floor":38,"key":"BloodPotion"},{"floor":41,"key":"FearPotion"},{"floor":45,"key":"SpeedPotion"},{"floor":47,"key":"Block Potion"}],"is_trial":false,"path_per_floor":["M","?","M","M","M","R","M","R","T","T","E","R","E","$","R","B",null,"M","?","M","M","?","R","E","R","T","$","M","R","M","E","R","B",null,"M","M","M","M","$","R","E","R","T","?","E","?","M","M","R","B",null],"character_chosen":"IRONCLAD","items_purchased":["Flex","Panacea","Orrery","ClockworkSouvenir"],"campfire_rested":0,"item_purchase_floors":[14,14,27,39],"current_hp_per_floor":[71,51,54,55,60,60,53,53,53,53,59,59,65,65,65,71,78,58,42,48,48,48,48,59,59,59,59,70,70,77,64,64,57,74,53,58,57,57,57,57,78,78,80,80,79,90,90,89,89,82],"gold":65,"neow_bonus":"TRANSFORM_TWO_CARDS","is_daily":false,"chose_seed":false,"campfire_upgraded":11,"win_rate":0.0,"timestamp":1612869165,"path_taken":["M","?","M","M","M","R","M","R","T","?","E","R","E","$","R","BOSS","M","?","M","M","?","R","E","R","T","$","M","R","M","E","R","BOSS","M","M","M","M","$","R","E","R","T","?","E","?","M","M","R","BOSS"],"items_purchased_type":["Card","Card","Relic","Relic"],"build_version":"2020-12-22","purchased_purges":1,"victory":true,"max_hp_per_floor":[80,80,80,80,80,80,80,80,80,80,80,80,80,80,80,80,80,80,80,80,80,80,80,80,80,80,80,80,80,80,80,80,80,80,80,80,80,80,80,80,80,80,80,80,80,90,90,90,90,90],"relic_stats":{"Darkstone Periapt":0,"Dream Catcher":0,"counters":[25,99],"Mummified Hand":[63],"Bloody Idol":62,"Pantograph":17,"Snecko Eye":[98,86,84,72],"Art of War":[2],"Champion Belt":[2],"Orichalcum":[72],"obtain_stats":[{"Darkstone Periapt":41,"Potion Belt":43,"Golden Idol":2,"Enchiridion":19,"Omamori":9,"Orichalcum":24,"Ancient Tea Set":13,"Burning Blood":0,"ClockworkSouvenir":39,"Calling Bell":17,"Dream Catcher":17,"HornCleat":10,"Mummified Hand":17,"Bloody Idol":22,"Pantograph":26,"Orrery":27,"Snecko Eye":34,"Art of War":11,"Red Mask":44,"Champion Belt":45,"Toxic Egg 2":31,"FossilizedHelix":17},{"Darkstone Periapt":21,"Potion Belt":21,"Golden Idol":1,"Enchiridion":9,"Omamori":5,"Orichalcum":12,"Ancient Tea Set":7,"Burning Blood":0,"ClockworkSouvenir":20,"Calling Bell":8,"Dream Catcher":8,"HornCleat":5,"Mummified Hand":8,"Bloody Idol":11,"Pantograph":12,"Orrery":12,"Snecko Eye":16,"Art of War":6,"Red Mask":21,"Champion Belt":22,"Toxic Egg 2":15,"FossilizedHelix":8},{"Darkstone Periapt":79,"Potion Belt":79,"Golden Idol":3,"Enchiridion":30,"Omamori":16,"Orichalcum":39,"Ancient Tea Set":20,"Burning Blood":0,"ClockworkSouvenir":72,"Calling Bell":26,"Dream Catcher":26,"HornCleat":16,"Mummified Hand":26,"Bloody Idol":38,"Pantograph":39,"Orrery":39,"Snecko Eye":56,"Art of War":17,"Red Mask":79,"Champion Belt":84,"Toxic Egg 2":49,"FossilizedHelix":26}],"Burning Blood":144},"card_choices":[{"not_picked":["Wild Strike","Armaments"],"picked":"Twin Strike","floor":1.0},{"not_picked":["Wild Strike","Flex"],"picked":"True Grit","floor":3.0},{"not_picked":["True Grit","Twin Strike"],"picked":"Whirlwind","floor":4.0},{"not_picked":["Havoc","Flex"],"picked":"Pommel Strike","floor":5.0},{"not_picked":["Iron Wave","Anger","Havoc"],"picked":"SKIP","floor":7.0},{"not_picked":["Heavy Blade","Iron Wave"],"picked":"Seeing Red","floor":11.0},{"not_picked":["Immolate","Dropkick","Havoc"],"picked":"SKIP","floor":13.0},{"not_picked":["Brutality","Bludgeon"],"picked":"Offering","floor":16.0},{"not_picked":["Heavy Blade","Sword Boomerang"],"picked":"Shrug It Off","floor":18.0},{"not_picked":["Thunderclap","Offering"],"picked":"Perfected Strike","floor":20.0},{"not_picked":["True Grit","Warcry"],"picked":"Clothesline","floor":21.0},{"not_picked":["Feel No Pain","Rage"],"picked":"True Grit","floor":24},{"not_picked":["Clash","Body Slam+1"],"picked":"Offering","floor":27},{"not_picked":["Body Slam","True Grit"],"picked":"Twin Strike","floor":27},{"not_picked":["Anger","Thunderclap","Iron Wave"],"picked":"SKIP","floor":28},{"not_picked":["Flame Barrier","Armaments"],"picked":"Pommel Strike","floor":30},{"not_picked":["Seeing Red+1","Iron Wave"],"picked":"Exhume+1","floor":31},{"not_picked":["Offering+1","Barricade"],"picked":"Berserk","floor":33},{"not_picked":["Reckless Charge+1","Anger"],"picked":"Metallicize+1","floor":35},{"not_picked":["True Grit+1","Pommel Strike"],"picked":"Perfected Strike","floor":36},{"not_picked":["Thunderclap+1","Entrench+1"],"picked":"Impervious+1","floor":37},{"not_picked":["Anger","Searing Blow","Rage+1"],"picked":"SKIP","floor":38},{"not_picked":["True Grit+1","Armaments+1","Battle Trance+1"],"picked":"SKIP","floor":41},{"not_picked":["Pommel Strike","Exhume+1"],"picked":"Impervious+1","floor":45},{"not_picked":["Armaments+1","Body Slam+1"],"picked":"Heavy Blade","floor":47},{"not_picked":["Metallicize","Headbutt","Shrug It Off+1"],"picked":"SKIP","floor":48}],"player_experience":301223,"relics_obtained":[{"floor":9.0,"key":"Omamori"},{"floor":10.0,"key":"HornCleat"},{"floor":11.0,"key":"Art of War"},{"floor":13.0,"key":"Ancient Tea Set"},{"floor":17.0,"key":"Dream Catcher"},{"floor":17.0,"key":"Mummified Hand"},{"floor":17.0,"key":"FossilizedHelix"},{"floor":19.0,"key":"Enchiridion"},{"floor":24,"key":"Orichalcum"},{"floor":26,"key":"Pantograph"},{"floor":31,"key":"Toxic Egg 2"},{"floor":41,"key":"Darkstone Periapt"},{"floor":43,"key":"Potion Belt"},{"floor":45,"key":"Champion Belt"}],"event_choices":[{"damage_healed":0.0,"max_hp_gain":0.0,"max_hp_loss":0.0,"gold_gain":0.0,"event_name":"Golden Idol","player_choice":"Take Damage","floor":2.0,"gold_loss":0.0,"damage_taken":20.0,"relics_obtained":["Golden Idol"]},{"damage_healed":0.0,"max_hp_gain":0.0,"max_hp_loss":0.0,"gold_gain":0.0,"event_name":"Cursed Tome","player_choice":"Obtained Book","floor":19.0,"gold_loss":0.0,"damage_taken":16.0},{"damage_healed":0.0,"max_hp_gain":0.0,"max_hp_loss":0.0,"gold_gain":0.0,"event_name":"Forgotten Altar","player_choice":"Gave Idol","floor":22.0,"relics_lost":["Golden Idol"],"gold_loss":0.0,"damage_taken":0.0,"relics_obtained":["Bloody Idol"]},{"damage_healed":0,"gold_gain":0,"player_choice":"Paid","damage_taken":0,"relics_obtained":["Red Mask"],"max_hp_gain":0,"max_hp_loss":0,"event_name":"Tomb of Lord Red Mask","floor":44,"gold_loss":79},{"cards_removed":["Berserk"],"damage_healed":1,"gold_gain":0,"player_choice":"Offered Rare","damage_taken":0,"max_hp_gain":10,"max_hp_loss":0,"event_name":"Bonfire Elementals","floor":46,"gold_loss":0}],"is_beta":false,"boss_relics":[{"not_picked":["Sozu","Pandora\u0027s Box"],"picked":"Calling Bell"},{"not_picked":["SlaversCollar","Fusion Hammer"],"picked":"Snecko Eye"}],"items_purged_floors":[39],"is_endless":false,"potions_floor_spawned":[3,4,13,21,28,30,31,38,41,45,47],"ascension_level":13}}