{"host":"2lo6hma6kymb0g9i","time":1612849329,"event":{"mods":["BaseMod","Colored Map","DeckTracker","Minty Spire (QoL Compilation)"],"gold_per_floor":[118,43,43,55,68,98,78,98,123,123,93,93,143,143,143,143,143],"floor_reached":16,"language":"JPN","playtime":434,"items_purged":["Strike_R"],"score":216,"play_id":"9e49304d-1e6c-4d89-8f6f-696f4146bc29","local_time":"20210209144209","is_ascension_mode":true,"campfire_choices":[{"data":"Armaments","floor":12.0,"key":"SMITH"},{"floor":15,"key":"REST"}],"circlet_count":0,"master_deck":["AscendersBane","Strike_R","Strike_R","Strike_R","Defend_R","Defend_R","Defend_R","Defend_R","Bash","Headbutt","Armaments+1","True Grit","Body Slam","Feel No Pain"],"relics":["Burning Blood","NeowsBlessing","MealTicket","CeramicFish","Lantern"],"acts_visited":["Exordium"],"potions_floor_usage":[14],"damage_taken":[{"damage":0.0,"enemies":"Small Slimes","floor":1.0,"turns":1.0},{"damage":0.0,"enemies":"Cultist","floor":4.0,"turns":1.0},{"damage":0.0,"enemies":"Jaw Worm","floor":5.0,"turns":1.0},{"damage":56.0,"enemies":"Gremlin Nob","floor":6.0,"turns":5.0},{"damage":8.0,"enemies":"Red Slaver","floor":8.0,"turns":7.0},{"damage":21,"enemies":"Lagavulin","floor":14,"turns":6},{"damage":26,"enemies":"The Guardian","floor":16,"turns":9}],"seed_played":"5472422793506866023","potions_obtained":[{"floor":6.0,"key":"SmokeBomb"},{"floor":7.0,"key":"Explosive Potion"}],"is_trial":false,"path_per_floor":["M","$","?","M","M","E","?","M","T","?","$","R","?","E","R","B"],"character_chosen":"IRONCLAD","items_purchased":["Feel No Pain"],"campfire_rested":1,"item_purchase_floors":[11],"current_hp_per_floor":[74,74,74,75,75,25,25,23,23,18,33,33,26,11,33,7,7],"gold":143,"neow_bonus":"THREE_ENEMY_KILL","is_daily":false,"chose_seed":false,"campfire_upgraded":1,"win_rate":0.0,"timestamp":1612849329,"path_taken":["M","$","?","?","M","E","?","?","T","?","$","R","?","E","R","BOSS"],"items_purchased_type":["Card"],"build_version":"2020-12-22","purchased_purges":1,"victory":false,"max_hp_per_floor":[75,75,75,75,75,75,75,75,75,75,75,75,75,75,75,75,75],"card_choices":[{"not_picked":["Heavy Blade","Thunderclap","Cleave"],"picked":"SKIP","floor":1.0},{"not_picked":["Anger","Warcry"],"picked":"Headbutt","floor":4.0},{"not_picked":["Warcry","Iron Wave"],"picked":"Armaments","floor":5.0},{"not_picked":["Inflame","Dual Wield"],"picked":"True Grit","floor":6.0},{"not_picked":["Blood for Blood","Hemokinesis"],"picked":"Body Slam","floor":8.0}],"player_experience":1154666,"relics_obtained":[{"floor":6.0,"key":"MealTicket"},{"floor":9.0,"key":"CeramicFish"}],"event_choices":[{"cards_removed":["Strike_R"],"damage_healed":0.0,"max_hp_gain":0.0,"max_hp_loss":0.0,"gold_gain":0.0,"event_name":"Purifier","player_choice":"Purged","floor":3.0,"gold_loss":0.0,"damage_taken":0.0},{"damage_healed":0.0,"max_hp_gain":0.0,"max_hp_loss":0.0,"gold_gain":0.0,"event_name":"The Woman in Blue","player_choice":"Bought 1 Potion","floor":7.0,"gold_loss":0.0,"damage_taken":0.0},{"damage_healed":0.0,"max_hp_gain":0.0,"max_hp_loss":0.0,"gold_gain":0.0,"event_name":"Scrap Ooze","player_choice":"Success","floor":10.0,"gold_loss":0.0,"damage_taken":5.0,"relics_obtained":["Lantern"]},{"damage_healed":0.0,"max_hp_gain":0.0,"max_hp_loss":0.0,"gold_gain":50.0,"event_name":"FaceTrader","player_choice":"Touch","floor":13.0,"gold_loss":0.0,"damage_taken":7.0}],"is_beta":false,"boss_relics":[],"items_purged_floors":[2],"is_endless":false,"potions_floor_spawned":[6,14],"killed_by":"The Guardian","ascension_level":20}}