{"host":"am551fa6890rb9vo","time":1612862453,"event":{"mods":["BaseMod","DeckTracker","Minty Spire (QoL Compilation)","Morshu Shopkeeper - ENHANCED","Rare Cards Sparkle","Relic Stats","Smile Girya","StSLib","The IronCluck","everything is the same but u backflip on backflip","slay the spire mod where everything is the same but ironclad has a cowboy hat"],"gold_per_floor":[16,16,41,41,60,100,100,135,180,355,355,376,376,451,451,572,572,592,608,608,629,629,629,629],"floor_reached":23,"language":"ENG","playtime":1434,"items_purged":[],"score":199,"play_id":"d5c296f1-4950-42ae-99fc-069011f58ab8","local_time":"20210209092053","is_ascension_mode":false,"campfire_choices":[{"data":"Collect","floor":11,"key":"SMITH"},{"floor":13,"key":"REST"},{"floor":15,"key":"REST"}],"circlet_count":0,"master_deck":["Strike_P","Strike_P","Strike_P","Defend_P","Defend_P","Defend_P","Defend_P","Eruption","Vigilance","Collect+1","Consecrate","WindmillStrike","FollowUp","Alpha+1","Doubt","Study","Scrawl+1","InnerPeace+1"],"relics":["PureWater","Du-Vu Doll","Golden Idol","Bronze Scales","Toxic Egg 2","Incense Burner","Juzu Bracelet","VioletLotus"],"acts_visited":["Exordium","TheCity"],"potions_floor_usage":[8,8,21,23],"damage_taken":[{"damage":6,"enemies":"Jaw Worm","floor":1,"turns":4},{"damage":2,"enemies":"2 Louse","floor":3,"turns":2},{"damage":2,"enemies":"Small Slimes","floor":5,"turns":3},{"damage":28,"enemies":"Gremlin Nob","floor":6,"turns":3},{"damage":18,"enemies":"3 Sentries","floor":8,"turns":5},{"damage":14,"enemies":"Blue Slaver","floor":12,"turns":5},{"damage":25,"enemies":"Hexaghost","floor":16,"turns":9},{"damage":9,"enemies":"Shell Parasite","floor":18,"turns":4},{"damage":2,"enemies":"3 Byrds","floor":19,"turns":2},{"damage":17,"enemies":"Shelled Parasite and Fungi","floor":21,"turns":4},{"damage":55,"enemies":"Book of Stabbing","floor":23,"turns":5}],"seed_played":"-5644717139019623824","potions_obtained":[{"floor":1,"key":"DistilledChaos"},{"floor":5,"key":"Fire Potion"},{"floor":16,"key":"Block Potion"},{"floor":21,"key":"PowerPotion"}],"is_trial":false,"path_per_floor":["M","?","M","?","M","E","T","E","T","?","R","M","R","?","R","B",null,"M","M","?","M","?","E"],"character_chosen":"WATCHER","items_purchased":[],"campfire_rested":2,"item_purchase_floors":[],"current_hp_per_floor":[66,66,64,69,67,39,39,21,21,21,21,7,28,17,38,13,72,63,61,61,44,44,0,0],"gold":629,"neow_bonus":"ONE_RARE_RELIC","is_daily":false,"chose_seed":false,"campfire_upgraded":1,"win_rate":0.0,"timestamp":1612862453,"path_taken":["M","?","M","?","M","E","?","E","T","?","R","M","R","?","R","BOSS","M","M","?","M","?","E"],"items_purchased_type":[],"build_version":"2020-12-22","purchased_purges":0,"victory":false,"max_hp_per_floor":[72,67,67,72,72,72,72,72,72,72,72,72,72,72,72,72,72,72,72,72,72,72,72,72],"relic_stats":{"counters":[11,46],"Golden Idol":63,"Bronze Scales":[168],"VioletLotus":[2],"Juzu Bracelet":1,"obtain_stats":[{"Du-Vu Doll":0,"Golden Idol":2,"Bronze Scales":6,"VioletLotus":17,"Incense Burner":8,"Juzu Bracelet":9,"PureWater":0,"Toxic Egg 2":7},{"Du-Vu Doll":0,"Golden Idol":1,"Bronze Scales":4,"VioletLotus":7,"Incense Burner":5,"Juzu Bracelet":5,"PureWater":0,"Toxic Egg 2":4},{"Du-Vu Doll":0,"Golden Idol":4,"Bronze Scales":12,"VioletLotus":31,"Incense Burner":17,"Juzu Bracelet":17,"PureWater":0,"Toxic Egg 2":12}]},"card_choices":[{"not_picked":["FlyingSleeves","PathToVictory"],"picked":"Collect","floor":1},{"not_picked":["FollowUp","ThirdEye"],"picked":"Consecrate","floor":3},{"not_picked":["EmptyFist","BowlingBash"],"picked":"WindmillStrike","floor":5},{"not_picked":["FlyingSleeves","CutThroughFate"],"picked":"FollowUp","floor":6},{"not_picked":["WreathOfFlame+1","Sanctity+1"],"picked":"Alpha+1","floor":8},{"not_picked":["WaveOfTheHand+1","Worship+1"],"picked":"Study","floor":12},{"not_picked":["Alpha+1","DeusExMachina+1"],"picked":"Scrawl+1","floor":16},{"not_picked":["Prostrate+1","Consecrate","Collect+1"],"picked":"SKIP","floor":18},{"not_picked":["EmptyBody+1","Wallop","PathToVictory+1"],"picked":"SKIP","floor":19},{"not_picked":["Consecrate+1","JustLucky+1","EmptyBody+1"],"picked":"SKIP","floor":21}],"player_experience":45192,"relics_obtained":[{"floor":6,"key":"Bronze Scales"},{"floor":7,"key":"Toxic Egg 2"},{"floor":8,"key":"Incense Burner"},{"floor":9,"key":"Juzu Bracelet"}],"event_choices":[{"damage_healed":0,"gold_gain":0,"player_choice":"Lose Max HP","damage_taken":0,"relics_obtained":["Golden Idol"],"max_hp_gain":0,"max_hp_loss":5,"event_name":"Golden Idol","floor":2,"gold_loss":0},{"damage_healed":0,"gold_gain":0,"player_choice":"Donut","damage_taken":0,"max_hp_gain":5,"max_hp_loss":0,"event_name":"Big Fish","floor":4,"gold_loss":0},{"damage_healed":0,"gold_gain":175,"player_choice":"AGREE","damage_taken":0,"max_hp_gain":0,"max_hp_loss":0,"event_name":"Liars Game","floor":10,"gold_loss":0,"cards_obtained":["Doubt"]},{"damage_healed":0,"gold_gain":75,"player_choice":"Gather Gold","damage_taken":11,"max_hp_gain":0,"max_hp_loss":0,"event_name":"World of Goop","floor":14,"gold_loss":0},{"damage_healed":0,"gold_gain":0,"player_choice":"Read","damage_taken":0,"max_hp_gain":0,"max_hp_loss":0,"event_name":"The Library","floor":20,"gold_loss":0,"cards_obtained":["InnerPeace"]},{"cards_removed":["Strike_P"],"damage_healed":0,"gold_gain":0,"player_choice":"Elegance","damage_taken":0,"max_hp_gain":0,"max_hp_loss":0,"event_name":"Back to Basics","floor":22,"gold_loss":0}],"is_beta":false,"boss_relics":[{"not_picked":["Velvet Choker","Fusion Hammer"],"picked":"VioletLotus"}],"items_purged_floors":[],"is_endless":false,"potions_floor_spawned":[1,5,16,21],"killed_by":"Book of Stabbing","ascension_level":0}}