{"host":"17u3w43rikeuspxs","time":1612836084,"event":{"mods":["BaseMod","BetterRewards","Curses Come First","Infinite Spire","Minty Spire (QoL Compilation)","StSLib"],"gold_per_floor":[119,119,132,171,171,205,221,221,271,295,331,506,506,550,550,671,671,686,686,707,726,750,750,327,327,374,415,415,439,439,564,564,695,695,709,709,725,552,566,566,597,597,648,252,288,307,307,330,330,330,330],"floor_reached":50,"language":"ENG","playtime":1844,"items_purged":["Doubt","Strike_R","Strike_R"],"score":729,"play_id":"400e19ac-c07e-4572-a0a1-55bf3f0f629c","local_time":"20210208210124","is_ascension_mode":true,"campfire_choices":[{"floor":8.0,"key":"REST"},{"data":"Infernal Blade","floor":15.0,"key":"SMITH"},{"data":"Offering","floor":23.0,"key":"SMITH"},{"data":"Exhume","floor":28.0,"key":"SMITH"},{"floor":32.0,"key":"REST"},{"data":"Limit Break","floor":40.0,"key":"SMITH"},{"floor":42.0,"key":"REST"},{"floor":49.0,"key":"REST"}],"circlet_count":0,"master_deck":["Strike_R","Strike_R","Defend_R","Defend_R","Defend_R","Defend_R","Bash+1","Metallicize","Clothesline","Ghostly Armor","Shrug It Off","Infernal Blade+1","Offering+1","Hemokinesis+1","Cleave+1","Battle Trance","True Grit","Pommel Strike","Exhume+1","Uppercut+1","Limit Break+1","Evolve+1","Pummel+1","Reckless Charge+1","Hemokinesis+1","Rupture","Shrug It Off","Infernal Blade+1","Feel No Pain+1","Bloodletting+1"],"relics":["infinitespire:Cupcake","Golden Idol","infinitespire:BottledMercury","Orichalcum","Lantern","Bag of Preparation","SlaversCollar","Bottled Lightning","Kunai","Red Skull","Vajra","Calipers","infinitespire:WardingShard","Runic Cube","Question Card","PreservedInsect","OrangePellets","Oddly Smooth Stone"],"acts_visited":["Exordium","TheCity","TheBeyond"],"potions_floor_usage":[50],"damage_taken":[{"damage":4.0,"enemies":"2 Louse","floor":1.0,"turns":3.0},{"damage":0.0,"enemies":"Cultist","floor":3.0,"turns":2.0},{"damage":0.0,"enemies":"Small Slimes","floor":4.0,"turns":1.0},{"damage":15.0,"enemies":"Gremlin Nob","floor":6.0,"turns":4.0},{"damage":14.0,"enemies":"3 Louse","floor":7.0,"turns":3.0},{"damage":4.0,"enemies":"Red Slaver","floor":10.0,"turns":2.0},{"damage":6.0,"enemies":"Lagavulin","floor":11.0,"turns":7.0},{"damage":0.0,"enemies":"Gremlin Nob","floor":14.0,"turns":3.0},{"damage":15.0,"enemies":"The Guardian","floor":16.0,"turns":12.0},{"damage":12.0,"enemies":"3 Byrds","floor":18.0,"turns":7.0},{"damage":6.0,"enemies":"Chosen","floor":20.0,"turns":3.0},{"damage":19.0,"enemies":"3 Cultists","floor":21.0,"turns":6.0},{"damage":17.0,"enemies":"Centurion and Healer","floor":22.0,"turns":6.0},{"damage":8.0,"enemies":"Book of Stabbing","floor":27.0,"turns":3.0},{"damage":2.0,"enemies":"Cultist and Chosen","floor":29.0,"turns":2.0},{"damage":2.0,"enemies":"Colosseum Slavers","floor":31.0,"turns":2.0},{"damage":2.0,"enemies":"Colosseum Nobs","floor":31.0,"turns":2.0},{"damage":25.0,"enemies":"Champ","floor":33.0,"turns":6.0},{"damage":14.0,"enemies":"3 Shapes","floor":35.0,"turns":3.0},{"damage":3.0,"enemies":"Orb Walker","floor":37.0,"turns":3.0},{"damage":42.0,"enemies":"Transient","floor":39.0,"turns":5.0},{"damage":6.0,"enemies":"Reptomancer","floor":41.0,"turns":2.0},{"damage":8.0,"enemies":"Giant Head","floor":45.0,"turns":4.0},{"damage":16.0,"enemies":"Writhing Mass","floor":46.0,"turns":3.0},{"damage":8.0,"enemies":"Spire Growth","floor":48.0,"turns":1.0},{"damage":39,"enemies":"Awakened One","floor":50,"turns":4}],"seed_played":"-4773701685931994435","potions_obtained":[{"floor":1.0,"key":"Fire Potion"},{"floor":3.0,"key":"ColorlessPotion"},{"floor":10.0,"key":"PowerPotion"},{"floor":11.0,"key":"Dexterity Potion"},{"floor":13.0,"key":"LiquidMemories"},{"floor":13.0,"key":"DistilledChaos"},{"floor":14.0,"key":"SteroidPotion"},{"floor":20.0,"key":"Weak Potion"},{"floor":22.0,"key":"Weak Potion"},{"floor":29.0,"key":"LiquidMemories"},{"floor":31.0,"key":"CultistPotion"},{"floor":37.0,"key":"DistilledChaos"},{"floor":48.0,"key":"Strength Potion"}],"is_trial":false,"path_per_floor":["M","?","M","M","?","E","M","R","T","M","E","?","?","E","R","B",null,"M","T","M","M","M","R","$","?","T","E","R","M","?","?","R","B",null,"M","?","M","$","M","R","E","R","T","$","E","M","?","M","R","B"],"character_chosen":"IRONCLAD","items_purchased":["True Grit","Kunai","DistilledChaos","DuplicationPotion","OrangePellets","Rupture","Shrug It Off"],"campfire_rested":4,"item_purchase_floors":[24,24,24,38,44,44,44],"current_hp_per_floor":[76,76,76,76,56,41,27,51,51,47,41,41,41,41,41,26,80,68,68,62,43,26,26,26,26,26,18,18,16,16,12,36,11,80,66,66,63,63,21,21,15,39,39,39,31,15,15,7,31,0,0],"gold":330,"neow_bonus":"BOSS_RELIC","is_daily":false,"chose_seed":false,"campfire_upgraded":4,"win_rate":0.0,"timestamp":1612836084,"path_taken":["M","?","?","M","?","E","M","R","T","M","E","?","?","E","R","BOSS","M","?","M","?","M","R","$","?","T","E","R","?","?","?","R","BOSS","M","?","M","?","M","R","E","R","T","$","E","M","?","M","R","BOSS"],"items_purchased_type":["Card","Relic","Potion","Potion","Relic","Card","Card"],"build_version":"2020-12-22","purchased_purges":3,"victory":false,"max_hp_per_floor":[80,80,80,80,80,80,80,80,80,80,80,80,80,80,80,80,80,80,80,80,80,80,80,80,80,80,80,80,80,80,80,80,80,80,80,80,80,80,80,80,80,80,80,80,80,80,80,80,80,80,80],"card_choices":[{"not_picked":["True Grit","Heavy Blade"],"picked":"Metallicize","floor":1.0},{"not_picked":["Anger","Thunderclap","Clash"],"picked":"SKIP","floor":3.0},{"not_picked":["Warcry","Wild Strike"],"picked":"Clothesline","floor":4.0},{"not_picked":["Flex","Pommel Strike"],"picked":"Ghostly Armor","floor":6.0},{"not_picked":["Carnage","Headbutt","Heavy Blade"],"picked":"SKIP","floor":7.0},{"not_picked":["Intimidate","Body Slam"],"picked":"Shrug It Off","floor":10.0},{"not_picked":["Bludgeon","Warcry"],"picked":"Infernal Blade","floor":11.0},{"not_picked":["Blood for Blood","Twin Strike","Wild Strike"],"picked":"SKIP","floor":14.0},{"not_picked":["Double Tap","Bludgeon"],"picked":"Offering","floor":16.0},{"not_picked":["Clash","Warcry","Twin Strike"],"picked":"SKIP","floor":18.0},{"not_picked":["Reckless Charge","Headbutt"],"picked":"Hemokinesis+1","floor":20.0},{"not_picked":["Pommel Strike","Warcry"],"picked":"Cleave+1","floor":21.0},{"not_picked":["Thunderclap+1","Cleave"],"picked":"Battle Trance","floor":22.0},{"not_picked":["Infernal Blade","Blood for Blood"],"picked":"Exhume","floor":27.0},{"not_picked":["Flex","Warcry+1"],"picked":"Uppercut","floor":29.0},{"not_picked":["Berserk","Brutality"],"picked":"Limit Break","floor":33.0},{"not_picked":["Twin Strike+1","Dark Embrace"],"picked":"Evolve+1","floor":35.0},{"not_picked":["Anger","Cleave"],"picked":"Pummel+1","floor":37.0},{"not_picked":["Infernal Blade","Clash"],"picked":"Reckless Charge+1","floor":39.0},{"not_picked":["Twin Strike","Armaments"],"picked":"Hemokinesis+1","floor":41.0},{"not_picked":["Dual Wield","True Grit+1","Ghostly Armor+1"],"picked":"Infernal Blade+1","floor":45.0},{"not_picked":["Wild Strike","Shockwave","Metallicize"],"picked":"Feel No Pain+1","floor":46.0},{"not_picked":["Cleave+1","Twin Strike","Reckless Charge"],"picked":"Bloodletting+1","floor":48.0}],"player_experience":87800,"relics_obtained":[{"floor":6.0,"key":"infinitespire:BottledMercury"},{"floor":9.0,"key":"Orichalcum"},{"floor":11.0,"key":"Lantern"},{"floor":14.0,"key":"Bag of Preparation"},{"floor":19.0,"key":"Bottled Lightning"},{"floor":26.0,"key":"Red Skull"},{"floor":27.0,"key":"Vajra"},{"floor":31.0,"key":"Calipers"},{"floor":31.0,"key":"infinitespire:WardingShard"},{"floor":41.0,"key":"Question Card"},{"floor":43.0,"key":"PreservedInsect"},{"floor":45.0,"key":"Oddly Smooth Stone"}],"event_choices":[{"damage_healed":0.0,"max_hp_gain":0.0,"max_hp_loss":0.0,"gold_gain":0.0,"event_name":"Accursed Blacksmith","player_choice":"Forge","floor":2.0,"gold_loss":0.0,"damage_taken":0.0,"cards_upgraded":["Bash"]},{"damage_healed":0.0,"max_hp_gain":0.0,"max_hp_loss":0.0,"gold_gain":0.0,"event_name":"Golden Idol","player_choice":"Take Damage","floor":5.0,"gold_loss":0.0,"damage_taken":20.0,"relics_obtained":["Golden Idol"]},{"damage_healed":0.0,"max_hp_gain":0.0,"max_hp_loss":0.0,"gold_gain":175.0,"event_name":"Liars Game","player_choice":"AGREE","floor":12.0,"gold_loss":0.0,"damage_taken":0.0,"cards_obtained":["Doubt"]},{"damage_healed":0.0,"max_hp_gain":0.0,"max_hp_loss":0.0,"gold_gain":0.0,"event_name":"Lab","player_choice":"Got Potions","floor":13.0,"gold_loss":0.0,"damage_taken":0.0},{"damage_healed":0.0,"max_hp_gain":0.0,"max_hp_loss":0.0,"gold_gain":0.0,"cards_transformed":["Strike_R"],"event_name":"Transmorgrifier","player_choice":"Transformed","floor":25.0,"gold_loss":0.0,"damage_taken":0.0,"cards_obtained":["Pommel Strike"]},{"damage_healed":0.0,"max_hp_gain":0.0,"max_hp_loss":0.0,"gold_gain":0.0,"event_name":"Colosseum","player_choice":"Fight","floor":31.0,"gold_loss":0.0,"damage_taken":0.0},{"damage_healed":0.0,"max_hp_gain":0.0,"max_hp_loss":0.0,"gold_gain":0.0,"event_name":"Colosseum","player_choice":"Fought Nobs","floor":31.0,"gold_loss":0.0,"damage_taken":0.0},{"damage_healed":0.0,"max_hp_gain":0.0,"max_hp_loss":0.0,"gold_gain":0.0,"event_name":"SecretPortal","player_choice":"Ignored","floor":36.0,"gold_loss":0.0,"damage_taken":0.0},{"damage_healed":0.0,"max_hp_gain":0.0,"max_hp_loss":0.0,"gold_gain":0.0,"event_name":"Upgrade Shrine","player_choice":"Upgraded","floor":47.0,"gold_loss":0.0,"damage_taken":0.0,"cards_upgraded":["Uppercut"]}],"is_beta":false,"boss_relics":[{"not_picked":["Philosopher\u0027s Stone","Tiny House"],"picked":"SlaversCollar"},{"not_picked":["Runic Dome","Fusion Hammer"],"picked":"Runic Cube"}],"items_purged_floors":[24,38,44],"is_endless":false,"potions_floor_spawned":[1,3,10,11,14,20,22,29,31,37,48],"killed_by":"Awakened One","ascension_level":2}}