{"host":"rvvatg3l87ylr0gg","time":1612850678,"event":{"mods":["Bartender","BaseMod","BetterRewards","Downfall","Duelist Mod","Hermit","Hero for Fun","Hubris","Jedi Mod","Jorbs\u0027s Wanderer Trilogy","Marisa????????","Minty Spire (QoL Compilation)","READ ME - Guardian Mod","Replay The Spire","SIMod","StSLib","The Animator","The Blackbeard","The Construct","The Cursed","The Death Knight","The Disciple","The Hierophant","The Jungle","The Mystic","The Necromancer","The Runesmith","The Saiyan","The Senshi","The Servant 0.9.4","The Wild Card"],"gold_per_floor":[135,25,42,54,54,54,68,68,68,143,160,190,190,205,205,307,307,322,74,88,103,103,130,130,143,169,169,169,188,200,38,38,134,134,151,170,170,170],"floor_reached":37,"language":"ENG","playtime":3030,"items_purged":[],"score":468,"play_id":"8adbb178-c3d3-413c-943a-8ba8ec999a7a","local_time":"20210208230438","is_ascension_mode":false,"campfire_choices":[{"data":"theDuelist:InfernoFireBlast+1","floor":6,"key":"SMITH"},{"data":"theDuelist:DeltaMagnet","floor":8,"key":"SMITH"},{"floor":15,"key":"DIG"},{"floor":24,"key":"REST"},{"data":"theWildCard:Metatron","floor":27,"key":"SMITH"}],"circlet_count":0,"master_deck":["theDuelist:Tuningware","theDuelist:ForbiddenLance","theDuelist:Wiretap","theDuelist:CrossAttack","theDuelist:BeaverWarrior","theDuelist:Eva","theDuelist:CastleWalls","theDuelist:GiantSoldier","theDuelist:HappyLover","theDuelist:HappyLover","theDuelist:InfernoFireBlast+2","theDuelist:WingedKuriboh","theDuelist:GravityAxe+1","theDuelist:BeaverWarrior","theDuelist:GiantSoldier","theDuelist:FinalFlame","theDuelist:Sparks","theDuelist:MiraculousDescent","theDuelist:Eva","theDuelist:RainbowNeos","theDuelist:HammerShot","theDuelist:CastleWalls","theDuelist:RainbowNeos","theDuelist:DeltaMagnet+1","theDuelist:Raigeki","theWildCard:Metatron+1","theDuelist:Sparks","theDuelist:GreyGreedOni","theDuelist:RainbowKuriboh","theDuelist:InstantFusion","theDuelist:Downbeat","theDuelist:WhiteHowling","theDuelist:FusionWeapon","theDuelist:DoubleTool","theDuelist:GridRod","theDuelist:GridRod+1","Apotheosis+1"],"relics":["theDuelist:MillenniumPuzzle","theDuelist:CardPoolRelic","theDuelist:CardPoolBasicRelic","theDuelist:BoosterPackPoolRelic","theDuelist:CardPoolAddRelic","theDuelist:CardPoolMinusRelic","theDuelist:CardPoolSaveRelic","theDuelist:CardPoolOptionsRelic","NeowsBlessing","hubris:BallOfYels","Magic Flower","theDuelist:ElectricKey","theDuelist:BoosterPackHealer","theDuelist:MillenniumRing","Happy Flower","SlaversCollar"],"acts_visited":["Exordium","TheCity","TheBeyond"],"potions_floor_usage":[],"damage_taken":[{"damage":0,"enemies":"Jaw Worm","floor":1,"turns":1},{"damage":0,"enemies":"Small Slimes","floor":3,"turns":1},{"damage":0,"enemies":"Cultist","floor":4,"turns":2},{"damage":7,"enemies":"3 Louse","floor":7,"turns":2},{"damage":0,"enemies":"Large Slime","floor":11,"turns":4},{"damage":1,"enemies":"Lagavulin","floor":12,"turns":6},{"damage":16,"enemies":"Exordium Wildlife","floor":14,"turns":3},{"damage":0,"enemies":"Slime Boss","floor":16,"turns":5},{"damage":0,"enemies":"Spheric Guardian","floor":18,"turns":3},{"damage":0,"enemies":"3 Byrds","floor":20,"turns":2},{"damage":14,"enemies":"Snake Plant","floor":21,"turns":4},{"damage":28,"enemies":"Replay:Snechameleon","floor":23,"turns":5},{"damage":6,"enemies":"3 Cultists","floor":25,"turns":5},{"damage":0,"enemies":"Snecko","floor":29,"turns":5},{"damage":0,"enemies":"Centurion and Healer","floor":30,"turns":6},{"damage":24,"enemies":"Champ","floor":33,"turns":10},{"damage":0,"enemies":"Orb Walker","floor":35,"turns":4},{"damage":0,"enemies":"3 Shapes","floor":36,"turns":3},{"damage":59,"enemies":"Transient","floor":37,"turns":5}],"seed_played":"7875323494408367201","potions_obtained":[{"floor":3,"key":"theDuelist:VampireVial"},{"floor":4,"key":"theDuelist:MillenniumElixir"},{"floor":7,"key":"jedi:tentaclejuice"}],"is_trial":false,"path_per_floor":["M","$","M","M","?","R","M","R","T","?","M","E","?","M","R","B",null,"M","$","M","M","?","E","R","M","T","R","?","M","M","$","R","B",null,"M","M","M"],"character_chosen":"THE_DUELIST","items_purchased":["theDuelist:MiraculousDescent","theDuelist:HappyLover","theDuelist:Wiretap","theDuelist:ForbiddenLance","theDuelist:CrossAttack","theDuelist:WhiteHowling","theDuelist:FusionWeapon","theDuelist:DoubleTool"],"campfire_rested":1,"item_purchase_floors":[2,2,19,19,19,31,31,31],"current_hp_per_floor":[80,80,80,80,80,80,73,73,73,65,65,64,64,48,48,48,80,80,80,80,66,60,32,56,54,54,54,54,54,54,54,78,54,80,80,80,21,21],"gold":170,"neow_bonus":"THREE_ENEMY_KILL","is_daily":false,"chose_seed":false,"campfire_upgraded":3,"win_rate":0.0,"timestamp":1612850678,"path_taken":["M","$","M","M","?","R","M","R","T","?","?","E","?","M","R","BOSS","M","$","M","M","?","E","R","M","T","R","?","M","?","?","R","BOSS","M","?","M"],"items_purchased_type":["Card","Card","Card","Card","Card","Card","Card","Card"],"build_version":"2020-12-22","purchased_purges":0,"victory":false,"max_hp_per_floor":[80,80,80,80,80,80,80,80,80,80,80,80,80,80,80,80,80,80,80,80,80,80,80,80,80,80,80,80,80,80,80,80,80,80,80,80,80,80],"card_choices":[{"not_picked":["theDuelist:SpellShatteringArrow","theDuelist:MeteorDestruction","theDuelist:DoubleTool","theDuelist:LegendarySword"],"picked":"theDuelist:RainbowNeos","floor":1},{"not_picked":["theDuelist:WhiteHowling","theDuelist:ImperialOrder","theDuelist:Electrowhip"],"picked":"theDuelist:GravityAxe","floor":3},{"not_picked":["theDuelist:VenomShot+1","theDuelist:MagnumShield+1","theDuelist:BerserkerCrush+1","theDuelist:AmuletAmbition+1"],"picked":"theDuelist:InfernoFireBlast+1","floor":4},{"not_picked":["theDuelist:MeteorDestruction","theDuelist:FairyBox","theDuelist:CombinationAttack","theDuelist:EgoBoost"],"picked":"theDuelist:Eva","floor":7},{"not_picked":["theDuelist:SangaEarth","theDuelist:RainbowNeos","theDuelist:SpiritHarp","theDuelist:PreventRat"],"picked":"theDuelist:Eva","floor":11},{"not_picked":["theDuelist:LightningDarts","theDuelist:MagicalStone","theDuelist:PowerGiant","theDuelist:RockSunrise"],"picked":"theDuelist:WingedKuriboh","floor":12},{"not_picked":["theDuelist:SpellShatteringArrow","theDuelist:Hinotama","theDuelist:CombinationAttack","theDuelist:LegendarySword"],"picked":"theDuelist:RainbowNeos","floor":14},{"not_picked":["theDuelist:RainbowNeos","theDuelist:KamionTimelord","theDuelist:Eva","theDuelist:RainbowOverdragon"],"picked":"theDuelist:HappyLover","floor":16},{"not_picked":["theDuelist:Hinotama","theDuelist:SilverApples","theDuelist:OnslaughtFireKings","theDuelist:SpiritHarp"],"picked":"theDuelist:Tuningware","floor":18},{"not_picked":["theDuelist:AttackTheMoon","theDuelist:FlameTiger","theDuelist:GiantTrapHole","theDuelist:DianKeto"],"picked":"theDuelist:HammerShot","floor":20},{"not_picked":["theDuelist:SparkBlaster","theDuelist:MythicalBeast"],"picked":"theDuelist:Raigeki","floor":21},{"not_picked":["theDuelist:MudGolem","theDuelist:DarkFactory","theDuelist:EarthquakeGiant","theDuelist:ForbiddenChalice"],"picked":"theDuelist:GreyGreedOni","floor":23},{"not_picked":["theDuelist:RainbowNeos","theDuelist:GreenGraveOni","theDuelist:GreyGreedOni","theDuelist:RainbowOverdragon"],"picked":"theDuelist:RainbowKuriboh","floor":25},{"not_picked":["theDuelist:KamionTimelord","theDuelist:LightLaser+1","theDuelist:CharcoalInpachi+1","theDuelist:BlackPendant"],"picked":"theDuelist:InstantFusion","floor":29},{"not_picked":["theDuelist:BigFire","theDuelist:Tuningware","theDuelist:WormApocalypse+1","theDuelist:Eva"],"picked":"theDuelist:Downbeat","floor":30},{"not_picked":["theDuelist:YamiForm","theDuelist:Wildfire","theDuelist:PineappleBlast+1","theDuelist:AmuletAmbition"],"picked":"theDuelist:GridRod","floor":33},{"not_picked":["theDuelist:Wildfire+1","theDuelist:SwordsRevealing+1","theDuelist:PineappleBlast+1","theDuelist:FeatherShot+1"],"picked":"theDuelist:GridRod+1","floor":35},{"not_picked":["Jack Of All Trades","Mind Blast","Panacea"],"picked":"Apotheosis+1","floor":36}],"player_experience":2671,"relics_obtained":[{"floor":12,"key":"hubris:BallOfYels"},{"floor":15,"key":"Magic Flower"},{"floor":23,"key":"theDuelist:MillenniumRing"},{"floor":26,"key":"Happy Flower"}],"event_choices":[{"damage_healed":0,"gold_gain":0,"player_choice":"Delta Electro","duelist":true,"damage_taken":0,"max_hp_gain":0,"max_hp_loss":0,"event_name":"Egyptian Village","floor":5,"gold_loss":0,"cards_obtained":["Delta Electromagnet Warrior"]},{"damage_healed":0,"gold_gain":75,"player_choice":"Touch","damage_taken":8,"max_hp_gain":0,"max_hp_loss":0,"event_name":"FaceTrader","floor":10,"gold_loss":0},{"damage_healed":0,"gold_gain":0,"player_choice":"Dig - random Duelist relic","duelist":true,"damage_taken":0,"max_hp_gain":0,"max_hp_loss":0,"event_name":"Aknamkanon\u0027s Tomb","floor":22,"gold_loss":0},{"cards_removed":["theDuelist:ScrapFactory"],"damage_healed":0,"gold_gain":0,"player_choice":"Purged","damage_taken":0,"max_hp_gain":0,"max_hp_loss":0,"event_name":"Purifier","floor":28,"gold_loss":0}],"is_beta":false,"boss_relics":[{"not_picked":["jedi:paperlyon","Replay:Grab Bag"],"picked":"theDuelist:ElectricKey"},{"not_picked":["Tiny House","Runic Pyramid"],"picked":"SlaversCollar"}],"items_purged_floors":[],"is_endless":false,"potions_floor_spawned":[3,4,7,11,21,25,33,35],"killed_by":"Transient","ascension_level":0}}