{"host":"yrtk68ixj64vhhh3","time":1612870440,"event":{"mods":["2.2 Compatiblity","AchievementEnabler","Aspiration","BaseMod","Better Altar","Better Match","Better Note","Better Silent Start","Better Skull","Better Third Choice","Colored Map","Colored Powertips","Conspire","Dio Mod","Downfall","Energized Spire","Hubris","Infinite Spire","Minty Spire (QoL Compilation)","Prisma Mod","RNG Fix","Random Character Button","Random Character Mod","Reliquary","StSLib","Steal the Spire","Td1madao Mod","The Animator","The Bug Knight","The Mystic","The Poker Player","The Wild Card","TheBandit","TheHero"],"gold_per_floor":[116,116,132,202,252,277,277,293,293,311,20,35,35,35,35,131,181,196,196,246,296,296,296],"floor_reached":22,"language":"ENG","playtime":1305,"items_purged":[],"score":267,"play_id":"882d3d38-3e60-4ffb-bcec-effda3162367","local_time":"20210210003400","is_ascension_mode":true,"campfire_choices":[{"floor":7,"key":"REST"},{"floor":13,"key":"REST"},{"data":"theWildCard:Arsene","floor":15,"key":"SMITH"}],"circlet_count":0,"master_deck":["theWildCard:BasicStrike","theWildCard:BasicStrike","theWildCard:BasicStrike","theWildCard:BasicStrike","theWildCard:BasicDefend","theWildCard:BasicDefend","theWildCard:BasicDefend","theWildCard:BasicDefend+1","theWildCard:CallToAdventure","theWildCard:Arsene+1","theWildCard:TheArcanaUnleashed","theWildCard:SeveringSlash","theWildCard:ArchaicAssault","theWildCard:ManOfManyFaces","theWildCard:ArcaneArts","theWildCard:UnendingRitual","theWildCard:MagicalMight","theWildCard:PowerOfTheArcana","Transmutation","theWildCard:PaleRider","theWildCard:MagicalMight","theWildCard:TheArcanaUnleashed","theWildCard:Michael","theWildCard:StalwartBlade","hubris:Fate","theWildCard:UnderLockAndKey"],"relics":["theWildCard:VelvetContract","SsserpentHead","Darkstone Periapt","Centennial Puzzle","Tiny House","theWildCard:FigureOfDeath","Torii","PrismaticShard"],"acts_visited":["Exordium","TheCity"],"potions_floor_usage":[16,16,16],"damage_taken":[{"damage":3,"enemies":"conspire:RoseBush","floor":1,"turns":4},{"damage":2,"enemies":"Cultist","floor":3,"turns":4},{"damage":2,"enemies":"2 Louse","floor":4,"turns":2},{"damage":35,"enemies":"Lagavulin","floor":6,"turns":9},{"damage":19,"enemies":"Blue Slaver","floor":8,"turns":4},{"damage":0,"enemies":"Exordium Wildlife","floor":10,"turns":4},{"damage":0,"enemies":"Slime Boss","floor":16,"turns":5},{"damage":56,"enemies":"2 Thieves","floor":18,"turns":4},{"damage":11,"enemies":"Spheric Guardian","floor":22,"turns":2}],"seed_played":"4423146898894651879","potions_obtained":[{"floor":3,"key":"Ancient Potion"},{"floor":8,"key":"Fire Potion"},{"floor":10,"key":"Slimebound:ThreeZeroPotion"},{"floor":16,"key":"Guardian:BlockOnCardUsePotion"},{"floor":17,"key":"SpeedPotion"}],"is_trial":false,"path_per_floor":["M","?","M","M","?","E","R","M","T","M","$","?","R","$","R","B",null,"M","AVR","?","?","M"],"character_chosen":"THE_WILD_CARD","items_purchased":["theWildCard:PowerOfTheArcana","Transmutation","theWildCard:PaleRider","theWildCard:MagicalMight"],"campfire_rested":2,"item_purchase_floors":[11,11,11,11],"current_hp_per_floor":[57,57,55,53,50,15,33,14,14,14,14,29,47,47,47,47,65,9,9,9,1,0,0],"gold":296,"neow_bonus":"ONE_RANDOM_RARE_CARD","is_daily":false,"chose_seed":false,"campfire_upgraded":1,"win_rate":0.0,"timestamp":1612870440,"path_taken":["M","?","M","?","?","E","R","M","T","M","?","?","R","$","R","BOSS","M","AVR","?","?","M"],"items_purchased_type":["Card","Card","Card","Card"],"build_version":"2020-12-22","purchased_purges":0,"victory":false,"max_hp_per_floor":[60,60,60,60,60,60,60,60,60,60,60,60,60,60,60,60,65,65,65,65,65,65,65],"card_choices":[{"not_picked":["theWildCard:StingingStrike","theWildCard:Sakuya"],"picked":"theWildCard:SeveringSlash","floor":1},{"not_picked":["theWildCard:PowerOfTheArcana","theWildCard:SacrificialStroke"],"picked":"theWildCard:ArchaicAssault","floor":3},{"not_picked":["theWildCard:StingingStrike","theWildCard:Ruination"],"picked":"theWildCard:ManOfManyFaces","floor":4},{"not_picked":["theWildCard:PowerOfTheArcana","theWildCard:StalwartBlade"],"picked":"theWildCard:ArcaneArts","floor":6},{"not_picked":["theWildCard:Sakuya","theWildCard:Safeguard"],"picked":"theWildCard:UnendingRitual","floor":8},{"not_picked":["theWildCard:TheGreatSeal","theWildCard:StalwartBlade"],"picked":"theWildCard:MagicalMight","floor":10},{"not_picked":["theWildCard:Amaterasu","theWildCard:Caesar"],"picked":"theWildCard:TheArcanaUnleashed","floor":16},{"not_picked":["theWildCard:IdentityTheft","theWildCard:SeveringSlash"],"picked":"theWildCard:Michael","floor":17},{"not_picked":["theWildCard:StingingStrike","theWildCard:Metatron"],"picked":"theWildCard:StalwartBlade","floor":18},{"not_picked":["theWildCard:BladeOfGenerations+1","theWildCard:Polydeuces"],"picked":"theWildCard:UnderLockAndKey","floor":21}],"player_experience":807882,"relics_obtained":[{"floor":6,"key":"Centennial Puzzle"},{"floor":21,"key":"PrismaticShard"}],"event_choices":[{"damage_healed":0,"gold_gain":0,"player_choice":"Trade","damage_taken":0,"relics_obtained":["SsserpentHead"],"max_hp_gain":0,"max_hp_loss":0,"event_name":"FaceTrader","floor":2,"gold_loss":0},{"damage_healed":0,"gold_gain":0,"player_choice":"Relic ","damage_taken":3,"max_hp_gain":0,"max_hp_loss":0,"event_name":"betterThird:BetterScrap","floor":5,"gold_loss":0,"cards_obtained":["Reaper"]},{"damage_healed":15,"gold_gain":0,"player_choice":"Healed","damage_taken":0,"max_hp_gain":0,"max_hp_loss":0,"event_name":"The Cleric","floor":12,"gold_loss":35},{"damage_healed":0,"gold_gain":0,"player_choice":"Ignored","damage_taken":0,"max_hp_gain":0,"max_hp_loss":0,"event_name":"betterNote:BetterNote","floor":20,"gold_loss":0,"cards_obtained":["PrismaMod:MiyuCheapChannelHeal"]}],"is_beta":false,"boss_relics":[{"not_picked":["reliquary:Ember","energizedSpire:RedRose"],"picked":"Tiny House"}],"items_purged_floors":[],"is_endless":false,"potions_floor_spawned":[3,8,10,16],"killed_by":"Spheric Guardian","ascension_level":3}}