{"host":"0cm5wy4nhuju7tij","time":1612908490,"event":{"mods":["100% Spire Juice","2.2 Compatiblity","AchievementEnabler","Aspiration","BaseMod","Better Third Choice","BetterRewards","CCEM2","CapriCore","Colored Powertips","Curses Come First","Displayed Cursed Tome","Downfall","Energized Spire","Evolution","Filter the Spire","Highlight Path","Jess\u0027s Bottle","Minty Spire (QoL Compilation)","Permanent Neow","Poor People Problems","Relic Filter Mod","Relic Stats","Shop Mod","Spicy Shops","StSLib","The Cursed","TheSurvivalist","TheVacant","Weighted Paths"],"gold_per_floor":[117,134,152,171,189,189,224,224,224,243,261,261,277,18,18,120,120,140,152,172,188,46,46,78,89,89,122,322,336,336,354,354,354,354],"floor_reached":33,"language":"ENG","playtime":1897,"items_purged":["theVacant:VacantStarterStrike","theVacant:VacantStarterDefend"],"score":370,"play_id":"79905749-fe88-4424-94e3-c7c3a7caf75f","local_time":"20210209170810","is_ascension_mode":false,"campfire_choices":[{"data":"theVacant:CursedBlast","floor":6,"key":"SMITH"},{"data":"theVacant:IntoTheAbyss","floor":8,"key":"SMITH"},{"data":"theVacant:VoidForm","floor":12,"key":"SMITH"},{"floor":15,"key":"REST"},{"data":"theVacant:ReaperStrike","floor":23,"key":"SMITH"},{"data":"theVacant:Spinshield","floor":30,"key":"SMITH"},{"floor":32,"key":"RECALL"}],"circlet_count":0,"master_deck":["theVacant:GraveDigger","theVacant:GraveDigger","theVacant:GraveDigger","theVacant:VacantStarterDefend","theVacant:VacantStarterDefend","theVacant:VacantStarterDefend","theVacant:Release","theVacant:Crunch","theVacant:IntoTheAbyss+1","theVacant:Spinshield+1","theVacant:GraveDigger","theVacant:Dig","theVacant:CursedBlast+1","theVacant:BrassMagnet","theVacant:Snowball","theVacant:Jab","theVacant:VoidEmbrace","theVacant:VoidForm+1","theVacant:Hex","theVacant:GraveWave","theVacant:Rejection","theVacant:WaitInWrath+1","theVacant:CursedBlast+1","theVacant:Jab+1","theVacant:GraveWave","theVacant:Spinshield+1","theVacant:Recover","theVacant:SurpriseAttack+1","theVacant:Fortify","theVacant:ReaperStrike+1","theVacant:ShriekingBlast+1","theVacant:Fortify+1","theVacant:Sneeze+1","theVacant:ShutAway","theVacant:BattleScars+1","theVacant:ShutAway","theVacant:Carve+1"],"relics":["theVacant:BrassGoblet","EVO:Axolotl","Bag of Marbles","Prayer Wheel","MealTicket","Membership Card","aspiration:FutureDiary","PreservedInsect","FossilizedHelix","aspiration:HummingbirdHeart","Bottled Lightning"],"acts_visited":["Exordium","TheCity"],"potions_floor_usage":[1,16,16,33,33],"damage_taken":[{"damage":8,"enemies":"Small Slimes","floor":1,"turns":3},{"damage":0,"enemies":"Cultist","floor":2,"turns":3},{"damage":0,"enemies":"Jaw Worm","floor":3,"turns":2},{"damage":0,"enemies":"2 Fungi Beasts","floor":4,"turns":2},{"damage":13,"enemies":"Lots of Slimes","floor":5,"turns":4},{"damage":27,"enemies":"Gremlin Nob","floor":7,"turns":4},{"damage":0,"enemies":"Exordium Thugs","floor":10,"turns":3},{"damage":0,"enemies":"2 Fungi Beasts","floor":11,"turns":3},{"damage":16,"enemies":"Looter","floor":13,"turns":3},{"damage":7,"enemies":"Slime Boss","floor":16,"turns":8},{"damage":0,"enemies":"Spheric Guardian","floor":18,"turns":3},{"damage":19,"enemies":"Chosen","floor":19,"turns":6},{"damage":23,"enemies":"Snecko","floor":20,"turns":5},{"damage":14,"enemies":"Centurion and Healer","floor":21,"turns":5},{"damage":13,"enemies":"Gremlin Leader","floor":24,"turns":4},{"damage":0,"enemies":"3 Cultists","floor":25,"turns":4},{"damage":0,"enemies":"Slavers","floor":27,"turns":1},{"damage":0,"enemies":"Snecko","floor":29,"turns":2},{"damage":8,"enemies":"Chosen and Byrds","floor":31,"turns":5},{"damage":81,"enemies":"Automaton","floor":33,"turns":6}],"seed_played":"7111028880783498682","potions_obtained":[{"floor":1,"key":"EntropicBrew"},{"floor":18,"key":"PowerPotion"},{"floor":20,"key":"Regen Potion"}],"is_trial":false,"path_per_floor":["M","M","M","M","M","R","E","R","T","M","M","R","M","$","R","B",null,"M","M","M","M","$","R","E","M","T","E","?","M","R","M","R","B"],"character_chosen":"THE_VACANT","items_purchased":["MealTicket","Membership Card","PreservedInsect","theVacant:ReaperStrike"],"campfire_rested":1,"item_purchase_floors":[14,14,22,22],"current_hp_per_floor":[80,80,80,80,67,67,40,40,40,40,40,40,24,24,50,48,93,93,74,51,42,57,57,44,47,47,47,47,47,47,39,39,0,0],"gold":354,"neow_bonus":"TEN_PERCENT_HP_BONUS","is_daily":false,"chose_seed":false,"campfire_upgraded":5,"win_rate":0.0,"timestamp":1612908490,"path_taken":["M","M","M","M","M","R","E","R","T","M","M","R","M","$","R","BOSS","M","M","M","M","$","R","E","M","T","E","?","M","R","M","R","BOSS"],"items_purchased_type":["Relic","Relic","Relic","Card"],"build_version":"2020-12-22","purchased_purges":2,"victory":false,"max_hp_per_floor":[88,88,88,88,88,88,88,88,88,88,88,88,88,88,88,93,93,93,93,93,93,93,93,93,93,93,93,93,93,93,93,93,93,93],"relic_stats":{"counters":[20,76],"Prayer Wheel":10,"MealTicket":15,"PreservedInsect":85,"obtain_stats":[{"theVacant:BrassGoblet":0,"Prayer Wheel":9,"MealTicket":14,"PreservedInsect":22,"Bag of Marbles":7,"aspiration:HummingbirdHeart":26,"EVO:Axolotl":0,"Membership Card":14,"Bottled Lightning":27,"aspiration:FutureDiary":17,"FossilizedHelix":24},{"theVacant:BrassGoblet":0,"Prayer Wheel":6,"MealTicket":9,"PreservedInsect":14,"Bag of Marbles":6,"aspiration:HummingbirdHeart":16,"EVO:Axolotl":0,"Membership Card":9,"Bottled Lightning":17,"aspiration:FutureDiary":10,"FossilizedHelix":15},{"theVacant:BrassGoblet":0,"Prayer Wheel":18,"MealTicket":27,"PreservedInsect":54,"Bag of Marbles":18,"aspiration:HummingbirdHeart":62,"EVO:Axolotl":0,"Membership Card":27,"Bottled Lightning":63,"aspiration:FutureDiary":35,"FossilizedHelix":58}]},"card_choices":[{"not_picked":["theVacant:Fortify","theVacant:Barrage"],"picked":"theVacant:IntoTheAbyss","floor":1},{"not_picked":["theVacant:Whip","theVacant:TwistFate"],"picked":"theVacant:Spinshield","floor":2},{"not_picked":["theVacant:LashOut","theVacant:Whip"],"picked":"theVacant:GraveDigger","floor":3},{"not_picked":["theVacant:Necromancy","theVacant:HolyWater"],"picked":"theVacant:Dig","floor":4},{"not_picked":["theVacant:Carve","theVacant:Yeet"],"picked":"theVacant:CursedBlast","floor":5},{"not_picked":["theVacant:Spinshield","theVacant:Enrage"],"picked":"theVacant:BrassMagnet","floor":7},{"not_picked":["theVacant:Jab","theVacant:Whip"],"picked":"theVacant:Snowball","floor":10},{"not_picked":["theVacant:Immaterialize","theVacant:Expand"],"picked":"theVacant:Jab","floor":10},{"not_picked":["theVacant:GraveDigger","theVacant:Acceptance"],"picked":"theVacant:VoidEmbrace","floor":11},{"not_picked":["theVacant:OnSecondThought","theVacant:Enrage"],"picked":"theVacant:VoidForm","floor":11},{"not_picked":["theVacant:BrassMagnet","theVacant:Soothe"],"picked":"theVacant:Hex","floor":13},{"not_picked":["theVacant:ShriekingBlast","theVacant:EmbraceDarkness"],"picked":"theVacant:GraveWave","floor":13},{"not_picked":["theVacant:TimeSkip","theVacant:MindBreak"],"picked":"theVacant:Rejection","floor":16},{"not_picked":["theVacant:BrassMagnet","theVacant:Return"],"picked":"theVacant:WaitInWrath+1","floor":18},{"not_picked":["theVacant:EyePoke+1","theVacant:Immaterialize"],"picked":"theVacant:CursedBlast+1","floor":18},{"not_picked":["theVacant:FranticBlow+1","theVacant:GraveDigger"],"picked":"theVacant:Jab+1","floor":19},{"not_picked":["theVacant:Thoughtseize+1","theVacant:Prevent"],"picked":"theVacant:GraveWave","floor":19},{"not_picked":["theVacant:Cower","theVacant:Fling+1"],"picked":"theVacant:Spinshield+1","floor":20},{"not_picked":["theVacant:Spinshield+1","theVacant:CleanseSoul+1"],"picked":"theVacant:Recover","floor":20},{"not_picked":["theVacant:BurdenBreak","theVacant:Yeet"],"picked":"theVacant:SurpriseAttack+1","floor":21},{"not_picked":["theVacant:Reconnect","theVacant:BattleScars"],"picked":"theVacant:Fortify","floor":21},{"not_picked":["theVacant:Thoughtseize","theVacant:Dig"],"picked":"theVacant:ShriekingBlast+1","floor":24},{"not_picked":["theVacant:CursedBlast+1","theVacant:Enrage+1"],"picked":"theVacant:Fortify+1","floor":25},{"not_picked":["theVacant:Spinshield","theVacant:Cower+1"],"picked":"theVacant:Sneeze+1","floor":25},{"not_picked":["theVacant:ShriekingBlast","theVacant:Recover"],"picked":"theVacant:ShutAway","floor":27},{"not_picked":["theVacant:EyePoke+1","theVacant:ShriekingBlast"],"picked":"theVacant:BattleScars+1","floor":29},{"not_picked":["theVacant:MindBreak","theVacant:Throttle"],"picked":"theVacant:ShutAway","floor":29},{"not_picked":["theVacant:CleanseSoul","theVacant:Expand+1"],"picked":"theVacant:Carve+1","floor":31},{"not_picked":["theVacant:GraveDigger","theVacant:Soothe+1","theVacant:Thoughtseize"],"picked":"SKIP","floor":31}],"player_experience":303803,"relics_obtained":[{"floor":7,"key":"Bag of Marbles"},{"floor":9,"key":"Prayer Wheel"},{"floor":24,"key":"FossilizedHelix"},{"floor":26,"key":"aspiration:HummingbirdHeart"},{"floor":27,"key":"Bottled Lightning"}],"event_choices":[{"damage_healed":0,"gold_gain":250,"player_choice":"Bet on Owner","damage_taken":0,"max_hp_gain":0,"max_hp_loss":0,"event_name":"The Joust","floor":28,"gold_loss":50}],"is_beta":false,"boss_relics":[{"not_picked":["SacredBark","CCEMRelics:ExpiredCReal"],"picked":"aspiration:FutureDiary"}],"items_purged_floors":[14,22],"is_endless":false,"potions_floor_spawned":[1,4,10,13,18,20,25,31],"killed_by":"Automaton","ascension_level":0}}