{"host":"uv5ws9rdk87e8i5k","time":1612844096,"event":{"mods":["AchievementEnabler","BaseMod","Colored Map","Minty Spire (QoL Compilation)","Permanent Neow","Quick Restart","StSLib","SuperFastMode","The Necromancer"],"gold_per_floor":[16,28,45,62,79,79,108,108,132,160,172,188,213,225,225,329,329,345,355,79,90,100,133,133,166,236,251,251,281,296,296,296,400,400,400,400],"floor_reached":35,"language":"ENG","playtime":838,"items_purged":["Strike_R"],"score":632,"play_id":"702c9c4c-6b79-43a6-b18e-4701a0f972cb","local_time":"20210208221456","is_ascension_mode":true,"campfire_choices":[{"data":"Immolate","floor":6.0,"key":"SMITH"},{"data":"Infernal Blade","floor":8.0,"key":"SMITH"},{"data":"Demon Form","floor":15.0,"key":"SMITH"},{"floor":24.0,"key":"REST"},{"floor":32.0,"key":"REST"}],"circlet_count":0,"master_deck":["Bash","Immolate+1","Headbutt","Pommel Strike","Reaper","Infernal Blade+1","Shrug It Off","Demon Form+1","Spot Weakness","Rage+1","Heavy Blade","Pommel Strike+1","Havoc","Bloodletting","Havoc","Whirlwind","Shrug It Off+1","Fiend Fire","Inflame+1","Disarm","Hemokinesis","Metallicize+1","Twin Strike","Havoc","Second Wind"],"relics":["Burning Blood","Turnip","Omamori","Dream Catcher","Orichalcum","Philosopher\u0027s Stone","Strawberry","PreservedInsect","Frozen Egg 2","Bottled Lightning","Potion Belt","Pandora\u0027s Box"],"acts_visited":["Exordium","TheCity","TheBeyond"],"potions_floor_usage":[],"damage_taken":[{"damage":1.0,"enemies":"Cultist","floor":1.0,"turns":3.0},{"damage":0.0,"enemies":"2 Louse","floor":2.0,"turns":1.0},{"damage":7.0,"enemies":"Small Slimes","floor":3.0,"turns":3.0},{"damage":1.0,"enemies":"Exordium Thugs","floor":4.0,"turns":3.0},{"damage":17.0,"enemies":"Blue Slaver","floor":5.0,"turns":5.0},{"damage":5.0,"enemies":"Gremlin Nob","floor":7.0,"turns":3.0},{"damage":2.0,"enemies":"3 Sentries","floor":10.0,"turns":4.0},{"damage":6.0,"enemies":"Looter","floor":11.0,"turns":2.0},{"damage":0.0,"enemies":"Large Slime","floor":12.0,"turns":4.0},{"damage":15.0,"enemies":"Lagavulin","floor":13.0,"turns":4.0},{"damage":0.0,"enemies":"3 Louse","floor":14.0,"turns":1.0},{"damage":42.0,"enemies":"Hexaghost","floor":16.0,"turns":7.0},{"damage":24.0,"enemies":"Spheric Guardian","floor":18.0,"turns":4.0},{"damage":34.0,"enemies":"2 Thieves","floor":19.0,"turns":3.0},{"damage":37.0,"enemies":"Centurion and Healer","floor":21.0,"turns":5.0},{"damage":40.0,"enemies":"Snake Plant","floor":22.0,"turns":3.0},{"damage":23.0,"enemies":"Book of Stabbing","floor":23.0,"turns":4.0},{"damage":3.0,"enemies":"Gremlin Leader","floor":25.0,"turns":4.0},{"damage":26.0,"enemies":"Snecko","floor":27.0,"turns":4.0},{"damage":27.0,"enemies":"Slavers","floor":29.0,"turns":4.0},{"damage":13.0,"enemies":"Chosen and Byrds","floor":30.0,"turns":4.0},{"damage":78.0,"enemies":"Automaton","floor":33.0,"turns":7.0},{"damage":45,"enemies":"3 Shapes","floor":35,"turns":4}],"seed_played":"7268376985227771262","potions_obtained":[{"floor":3.0,"key":"BlessingOfTheForge"},{"floor":5.0,"key":"Energy Potion"},{"floor":10.0,"key":"GamblersBrew"},{"floor":11.0,"key":"FearPotion"},{"floor":12.0,"key":"Regen Potion"},{"floor":14.0,"key":"Regen Potion"},{"floor":18.0,"key":"BloodPotion"},{"floor":19.0,"key":"Block Potion"},{"floor":27.0,"key":"PowerPotion"},{"floor":29.0,"key":"FairyPotion"},{"floor":33.0,"key":"Block Potion"}],"is_trial":false,"path_per_floor":["M","M","M","M","M","R","E","R","T","E","M","M","E","M","R","B",null,"M","M","$","M","M","E","R","E","T","M","?","E","M","?","R","B",null,"M"],"character_chosen":"IRONCLAD","items_purchased":["Heavy Blade","Strawberry"],"campfire_rested":2,"item_purchase_floors":[20,20],"current_hp_per_floor":[77,80,79,80,73,73,74,74,74,78,78,80,71,77,77,41,70,59,55,62,47,20,22,48,51,51,37,37,34,37,37,63,32,73,35,35],"gold":400,"neow_bonus":"THREE_RARE_CARDS","is_daily":false,"chose_seed":false,"campfire_upgraded":3,"win_rate":0.0,"timestamp":1612844096,"path_taken":["M","M","M","M","M","R","E","R","T","E","M","M","E","M","R","BOSS","M","?","$","M","M","E","R","E","T","M","?","E","M","?","R","BOSS","M"],"items_purchased_type":["Card","Relic"],"build_version":"2020-12-22","purchased_purges":1,"victory":false,"max_hp_per_floor":[80,80,80,80,80,80,80,80,80,80,80,80,80,80,80,80,80,80,80,87,87,87,87,87,87,87,87,87,87,87,87,87,87,87,87,87],"card_choices":[{"not_picked":["Offering","Berserk"],"picked":"Immolate","floor":0.0},{"not_picked":["Inflame","Armaments"],"picked":"Headbutt","floor":1.0},{"not_picked":["Cleave","Burning Pact"],"picked":"Pommel Strike","floor":2.0},{"not_picked":["Sentinel","Iron Wave","Anger"],"picked":"SKIP","floor":3.0},{"not_picked":["Iron Wave","Clash"],"picked":"Reaper","floor":4.0},{"not_picked":["Reckless Charge","Intimidate","Iron Wave"],"picked":"SKIP","floor":5.0},{"not_picked":["Cleave","Headbutt"],"picked":"Infernal Blade","floor":7.0},{"not_picked":["Fiend Fire","Berserk","Sword Boomerang"],"picked":"SKIP","floor":10.0},{"not_picked":["Carnage","Cleave"],"picked":"Shrug It Off","floor":11.0},{"not_picked":["Perfected Strike","Twin Strike","Sentinel"],"picked":"SKIP","floor":12.0},{"not_picked":["Perfected Strike","Body Slam"],"picked":"Demon Form","floor":13.0},{"not_picked":["Disarm","Metallicize"],"picked":"Spot Weakness","floor":14.0},{"not_picked":["Rupture","Clothesline"],"picked":"Rage+1","floor":18.0},{"not_picked":["Cleave","Armaments","Sword Boomerang+1"],"picked":"SKIP","floor":19.0},{"not_picked":["Sever Soul","Shrug It Off+1"],"picked":"Pommel Strike+1","floor":21.0},{"not_picked":["Whirlwind","Ghostly Armor"],"picked":"Havoc","floor":22.0},{"not_picked":["Dark Embrace","Armaments"],"picked":"Bloodletting","floor":23.0},{"not_picked":["Power Through","Anger","Fire Breathing+1"],"picked":"SKIP","floor":25.0},{"not_picked":["Body Slam+1","Perfected Strike"],"picked":"Havoc","floor":27.0},{"not_picked":["Brutality+1","Wild Strike"],"picked":"Whirlwind","floor":29.0},{"not_picked":["Thunderclap","Cleave","Flex"],"picked":"SKIP","floor":30.0},{"not_picked":["Flex+1","Flame Barrier"],"picked":"Shrug It Off+1","floor":32.0},{"not_picked":["Bludgeon","Brutality+1"],"picked":"Fiend Fire","floor":33.0}],"player_experience":276150,"relics_obtained":[{"floor":7.0,"key":"Turnip"},{"floor":9.0,"key":"Omamori"},{"floor":10.0,"key":"Dream Catcher"},{"floor":13.0,"key":"Orichalcum"},{"floor":23.0,"key":"PreservedInsect"},{"floor":25.0,"key":"Frozen Egg 2"},{"floor":26.0,"key":"Bottled Lightning"},{"floor":29.0,"key":"Potion Belt"}],"event_choices":[{"damage_healed":0.0,"max_hp_gain":0.0,"max_hp_loss":0.0,"gold_gain":0.0,"event_name":"Ghosts","player_choice":"Ignored","floor":28.0,"gold_loss":0.0,"damage_taken":0.0},{"cards_removed":["Strike_R"],"damage_healed":0.0,"max_hp_gain":0.0,"max_hp_loss":0.0,"gold_gain":0.0,"event_name":"Bonfire Elementals","player_choice":"Offered Basic","floor":31.0,"gold_loss":0.0,"damage_taken":0.0}],"is_beta":false,"boss_relics":[{"not_picked":["Astrolabe","Sozu"],"picked":"Philosopher\u0027s Stone"},{"not_picked":["Fusion Hammer","Coffee Dripper"],"picked":"Pandora\u0027s Box"}],"items_purged_floors":[20],"is_endless":false,"potions_floor_spawned":[3,5,10,11,12,14,18,19,27,29,33],"killed_by":"3 Shapes","ascension_level":7}}