{"host":"yans4pr1zf0lm9bx","time":1612903275,"event":{"mods":["AchievementEnabler","Act Like it!","BaseMod","Hallownest","Minty Spire (QoL Compilation)","Replay The Spire","StSLib","SuperFastMode","The Bug Knight"],"gold_per_floor":[116,41,59,59,71,71,102,102,149,176,192,244,244,279,279,375,375,389,314,294,310,104,139,139,165,236,236,37,50,50,50,50,151,151,162,172,172,32,32,32],"floor_reached":39,"language":"ENG","playtime":2738,"items_purged":["HollowMod:NailStrikeStart","HollowMod:QuickDashStart","HollowMod:DungDefenderAura"],"score":613,"play_id":"d918c47b-642e-46aa-a31b-cd7569c870ee","local_time":"20210209154115","is_ascension_mode":true,"campfire_choices":[{"data":"HollowMod:LifebloodCocoon","floor":6,"key":"SMITH"},{"data":"HollowMod:MothsMistake","floor":13,"key":"SMITH"},{"floor":15,"key":"REST"},{"data":"Pot Of Greed","floor":24,"key":"SMITH"},{"data":"Pot Of Greed","floor":27,"key":"SMITH"},{"data":"Pot Of Greed","floor":30,"key":"SMITH"},{"data":"HollowMod:FocusHealStart","floor":32,"key":"SMITH"}],"circlet_count":0,"master_deck":["HollowMod:QuickDashStart+1","HollowMod:FocusHealStart+1","HollowMod:PogoStrike","HollowMod:TaintedHusks+1","Pot Of Greed+1","Pot Of Greed+1","HollowMod:PureVessel","Spreading Infection","HollowMod:MothsMistake+1","HollowMod:InfectionAssault","HollowMod:LuriensSpire","HollowMod:LifebloodCore","HollowMod:ChannelNail","HollowMod:ChannelNail","HollowMod:CrystalDash","HollowMod:NewLittleFool+1","Survey Options","Pot Of Greed+1","HollowMod:CornifersMapStart+1","HollowMod:GoodIntentions+1","HollowMod:CloakDash","HollowMod:NewInfectedGuardian","HollowMod:SiblingsSouls"],"relics":["HollowMod:VesselMask","NeowsBlessing","Grinning Jar","Ring of Fangs","Ring of Misfortune","Happy Flower","Prayer Wheel","PreservedInsect","Dream Catcher","Replay:Drink Me","Bag of Preparation","Iron Hammer","Pantograph","Membership Card","Busted Crown","HollowMod:IsmasTear"],"acts_visited":["Exordium","TheCity","TheBeyond"],"potions_floor_usage":[7,7,10,14,16],"damage_taken":[{"damage":0,"enemies":"Cultist","floor":1,"turns":1},{"damage":0,"enemies":"2 Louse","floor":3,"turns":1},{"damage":0,"enemies":"Small Slimes","floor":5,"turns":1},{"damage":17,"enemies":"Lagavulin","floor":7,"turns":6},{"damage":23,"enemies":"Replay:BlueRogue","floor":10,"turns":6},{"damage":1,"enemies":"Looter","floor":11,"turns":4},{"damage":27,"enemies":"Gremlin Nob","floor":14,"turns":4},{"damage":35,"enemies":"HollowMod:FalseKnight","floor":16,"turns":6},{"damage":23,"enemies":"3 Byrds","floor":18,"turns":4},{"damage":1,"enemies":"Chosen","floor":21,"turns":5},{"damage":2,"enemies":"Replay:Snechameleon","floor":23,"turns":6},{"damage":0,"enemies":"Book of Stabbing","floor":25,"turns":5},{"damage":0,"enemies":"Shelled Parasite and Fungi","floor":29,"turns":5},{"damage":0,"enemies":"Collector","floor":33,"turns":7},{"damage":0,"enemies":"3 Darklings","floor":35,"turns":4},{"damage":0,"enemies":"Orb Walker","floor":36,"turns":3},{"damage":120,"enemies":"Spire Growth","floor":39,"turns":3}],"seed_played":"7828390653263486502","potions_obtained":[{"floor":1,"key":"LiquidMemories"},{"floor":7,"key":"EntropicBrew"},{"floor":10,"key":"PowerPotion"},{"floor":14,"key":"Elixir"},{"floor":20,"key":"Energy Potion"},{"floor":25,"key":"SneckoOil"},{"floor":36,"key":"Reflective Coating"}],"is_trial":false,"path_per_floor":["M","?","M","?","M","R","E","?","T","E","M","T","R","E","R","B",null,"M","?","?","M","$","E","R","E","T","R","$","M","R","?","R","B",null,"M","M","?","$","M"],"character_chosen":"THE_BUGKNIGHT","items_purchased":["HollowMod:NewLittleFool+1","Survey Options","Membership Card","HollowMod:IsmasTear"],"campfire_rested":1,"item_purchase_floors":[22,22,28,38],"current_hp_per_floor":[75,80,80,64,64,64,53,53,53,36,41,41,41,20,44,15,60,47,47,47,46,46,44,44,44,44,44,44,56,56,56,56,60,60,60,60,60,60,0,0],"gold":32,"neow_bonus":"THREE_ENEMY_KILL","is_daily":false,"chose_seed":false,"campfire_upgraded":6,"win_rate":0.0,"timestamp":1612903275,"path_taken":["M","?","M","?","M","R","E","?","T","E","M","?","R","E","R","BOSS","M","?","?","?","$","E","R","E","T","R","$","M","R","?","R","BOSS","M","?","?","$","M"],"items_purchased_type":["Card","Card","Relic","Relic"],"build_version":"2020-12-22","purchased_purges":3,"victory":false,"max_hp_per_floor":[75,80,80,80,80,80,80,80,80,80,80,80,80,80,80,80,60,60,60,60,60,60,60,60,60,60,60,60,60,60,60,60,60,60,60,60,60,60,60,60],"card_choices":[{"not_picked":["HollowMod:CrystalDash","HollowMod:DungDefenderAura"],"picked":"HollowMod:TaintedHusks","floor":1},{"not_picked":["HollowMod:NewLittleFool","HollowMod:ShadowDash"],"picked":"HollowMod:LifebloodCocoon","floor":3},{"not_picked":["HollowMod:MawleksShell","HollowMod:MonarchWings","HollowMod:SharpenedNail"],"picked":"SKIP","floor":5},{"not_picked":["HollowMod:BlackTendrils","HollowMod:HowlingWraiths"],"picked":"HollowMod:PureVessel","floor":7},{"not_picked":["HollowMod:AwokenDreamNail","HollowMod:NewLittleFool"],"picked":"HollowMod:MothsMistake","floor":10},{"not_picked":["HollowMod:DescendingDark","HollowMod:CrystalDash"],"picked":"HollowMod:InfectionAssault","floor":11},{"not_picked":["HollowMod:InfectedCysts","HollowMod:DashSlash"],"picked":"HollowMod:DungDefenderAura","floor":11},{"not_picked":["HollowMod:SoulStrike","HollowMod:WraithStrike","HollowMod:SoulEater"],"picked":"SKIP","floor":14},{"not_picked":["HollowMod:RadiancesLament","HollowMod:MonarchWings"],"picked":"HollowMod:LuriensSpire","floor":15},{"not_picked":["HollowMod:Weaversong","HollowMod:SlysStrikes"],"picked":"HollowMod:LifebloodCore","floor":16},{"not_picked":["HollowMod:CornifersMapStart","HollowMod:HeavyBlow+1"],"picked":"HollowMod:ChannelNail","floor":18},{"not_picked":["HollowMod:ShadowDash","HollowMod:DungDefenderAura+1"],"picked":"HollowMod:ChannelNail","floor":18},{"not_picked":["HollowMod:DescendingDark","HollowMod:SiblingsShadow"],"picked":"HollowMod:CrystalDash","floor":21},{"not_picked":["HollowMod:HeavyBlow","HollowMod:DoubleDash","HollowMod:SharpenedNail"],"picked":"SKIP","floor":21},{"not_picked":["HollowMod:SharpenedShadows","HollowMod:NewJinnsSoul","HollowMod:Weaversong"],"picked":"SKIP","floor":23},{"not_picked":["HollowMod:HowlingWraiths+1","HollowMod:CoiledNail"],"picked":"HollowMod:CornifersMapStart+1","floor":25},{"not_picked":["HollowMod:HeavyBlow","HollowMod:PerfectDash"],"picked":"HollowMod:GoodIntentions+1","floor":29},{"not_picked":["HollowMod:DescendingDark","HollowMod:MawleksShell"],"picked":"HollowMod:CloakDash","floor":29},{"not_picked":["HollowMod:PureVessel","HollowMod:LifebloodCore"],"picked":"HollowMod:NewInfectedGuardian","floor":33},{"not_picked":["HollowMod:SharpenedShadows+1"],"picked":"SKIP","floor":35},{"not_picked":["HollowMod:MonomonsArchive"],"picked":"SKIP","floor":35},{"not_picked":[],"picked":"HollowMod:SiblingsSouls","floor":36},{"not_picked":["HollowMod:TaintedHusks"],"picked":"SKIP","floor":36}],"player_experience":298441,"relics_obtained":[{"floor":7,"key":"Grinning Jar"},{"floor":8,"key":"Ring of Fangs"},{"floor":8,"key":"Ring of Misfortune"},{"floor":9,"key":"Happy Flower"},{"floor":10,"key":"Prayer Wheel"},{"floor":12,"key":"PreservedInsect"},{"floor":14,"key":"Dream Catcher"},{"floor":23,"key":"Bag of Preparation"},{"floor":25,"key":"Iron Hammer"},{"floor":26,"key":"Pantograph"}],"event_choices":[{"damage_healed":0,"gold_gain":0,"player_choice":"Entered Light","damage_taken":16,"max_hp_gain":0,"max_hp_loss":0,"event_name":"Shining Light","floor":4,"gold_loss":0,"cards_upgraded":["HollowMod:QuickDashStart","HollowMod:TaintedHusks"]},{"cards_removed":["HollowMod:NailStrikeStart"],"damage_healed":0,"gold_gain":0,"player_choice":"Gave Gold","damage_taken":0,"max_hp_gain":0,"max_hp_loss":0,"event_name":"Beggar","floor":19,"gold_loss":75},{"damage_healed":0,"gold_gain":0,"player_choice":"Bought 1 Potion","damage_taken":0,"max_hp_gain":0,"max_hp_loss":0,"event_name":"The Woman in Blue","floor":20,"gold_loss":0},{"cards_removed":["HollowMod:QuickDashStart"],"damage_healed":0,"gold_gain":0,"player_choice":"Purged","damage_taken":0,"max_hp_gain":0,"max_hp_loss":0,"event_name":"Purifier","floor":31,"gold_loss":0}],"is_beta":false,"boss_relics":[{"not_picked":["Pandora\u0027s Box","Calling Bell"],"picked":"Replay:Drink Me"},{"not_picked":["Velvet Choker","Astrolabe"],"picked":"Busted Crown"}],"items_purged_floors":[22,28,38],"is_endless":false,"potions_floor_spawned":[1,7,10,14,21,23,25,36],"killed_by":"Spire Growth","ascension_level":3}}