{"host":"qhbbxt9nia1s4hz5","time":1612901204,"event":{"mods":["2.2 Compatiblity","Act Like it!","AlwaysNeverKeys","Arknights","Aspiration","BaseMod","Better Altar","Better Note","Better Sensory Stone","Better Skull","Better Third Choice","Better Vampires","BetterRewards","Block Reminder","Booster Modes","Colored Map","Colored Powertips","Energized Spire","Faster Ascension Climbing","Friendly Minions","GifTheSpireLib","Gold Saver","Hallownest","Infinite Spire","Minty Spire (QoL Compilation)","Permanent Neow","Rare Cards Sparkle","Relic Filter","Reliquary","Replay The Spire","Robot Space Explorer","Shop Mod","StSLib"],"gold_per_floor":[858,788,788,803,223,251,251,5,5,5,24,24,40,71,71,173,173,188,203,669,681,681,710,710,737,737,737,142,154,154,169,245,349,349,367,367,385,385,395,424,444,444,444,444,524,542,542,542,542,542],"floor_reached":51,"language":"ENG","playtime":5377,"items_purged":["RobotSpaceExplorer:ScrapShield","RobotSpaceExplorer:Smokescreen","RobotSpaceExplorer:PowerGlove","RobotSpaceExplorer:MiniDrones"],"score":995,"play_id":"781d8293-3355-4d46-983d-2b4316d3e94a","local_time":"20210209220644","daily_mods":["SealedDeck","Heirloom"],"is_ascension_mode":true,"campfire_choices":[{"data":"RobotSpaceExplorer:DoubleFind","floor":7,"key":"SMITH"},{"data":"RobotSpaceExplorer:Explosion","floor":10,"key":"SMITH"},{"data":"RobotSpaceExplorer:Ammunition","floor":15,"key":"SMITH"},{"data":"RobotSpaceExplorer:Asteroid","floor":24,"key":"SMITH"},{"data":"RobotSpaceExplorer:BigMissile","floor":27,"key":"SMITH"},{"data":"RobotSpaceExplorer:ChargingLaser","floor":42,"key":"SMITH"},{"data":"RobotSpaceExplorer:BigMissile","floor":44,"key":"SMITH"},{"data":"Violence","floor":47,"key":"SMITH"},{"data":"RobotSpaceExplorer:Autoloader","floor":49,"key":"SMITH"}],"circlet_count":0,"master_deck":["RobotSpaceExplorer:Ammunition+1","RobotSpaceExplorer:StunGrenade","RobotSpaceExplorer:BigMissile+1","RobotSpaceExplorer:SlimeMissile","RobotSpaceExplorer:Explosion+1","RobotSpaceExplorer:ScrapMissile","RobotSpaceExplorer:BigMissile+1","RobotSpaceExplorer:ExhaustFan+1","RobotSpaceExplorer:DoubleFind+1","RobotSpaceExplorer:StunGrenade","RobotSpaceExplorer:ExhaustFan+1","RobotSpaceExplorer:Asteroid+1","RobotSpaceExplorer:ScrapMissile","RobotSpaceExplorer:ScrapMissile","RobotSpaceExplorer:StarLightning+1","Violence+1","RobotSpaceExplorer:Autoloader+1","RobotSpaceExplorer:ChargingLaser+1","RobotSpaceExplorer:PowerCollector+1","RobotSpaceExplorer:ShovelStrike+1","RobotSpaceExplorer:ExhaustFan+1","RobotSpaceExplorer:PlasmaMissile+1","RobotSpaceExplorer:ImprovisedAttack+1"],"relics":["RobotSpaceExplorer:RoboCore","infinitespire:Lychee Nut","reliquary:PartyBalloon","CaptainsWheel","Sling","Omamori","DollysMirror","Chameleon Ring","Matryoshka","SlaversCollar","RobotSpaceExplorer:PlasmaHourglass","infinitespire:EmpoweringShard","Oddly Smooth Stone","Garlic","Question Card","RobotSpaceExplorer:ToughPlating","Abe\u0027s Treasure","RobotSpaceExplorer:ClockworkSextant","energizedSpire:EnergizedDie","Darkstone Periapt","RobotSpaceExplorer:BottledGravity","Pet Ghost","Strawberry","reliquary:TridentHead"],"acts_visited":["Hallownest:Greenpath","Hallownest:CityofTears","Hallownest:KingdomsEdge"],"potions_floor_usage":[18,29,33,45],"damage_taken":[{"damage":4,"enemies":"Hallownest:2_Tiktiks_and_1_Crawlid","floor":1,"turns":2},{"damage":0,"enemies":"Hallownest:2_MossCreeps","floor":4,"turns":4},{"damage":0,"enemies":"Hallownest:eliteMossKnight","floor":6,"turns":4},{"damage":0,"enemies":"Hallownest:monsterHuskGuard","floor":11,"turns":2},{"damage":0,"enemies":"Hallownest:MossCreep_and_Mosskin","floor":13,"turns":5},{"damage":4,"enemies":"Hallownest:eliteVengeflyKing","floor":14,"turns":4},{"damage":49,"enemies":"Hallownest:BossHornet","floor":16,"turns":5},{"damage":0,"enemies":"Hallownest:2_Mistakes","floor":18,"turns":6},{"damage":0,"enemies":"Hallownest:Guard_and_Sentry","floor":19,"turns":3},{"damage":20,"enemies":"Hallownest:monsterShrumalOgre","floor":21,"turns":5},{"damage":0,"enemies":"Hallownest:eliteSoulWarrior","floor":23,"turns":5},{"damage":0,"enemies":"Hallownest:eliteWatcherKnight","floor":25,"turns":6},{"damage":0,"enemies":"Hallownest:3_Mistakes","floor":29,"turns":4},{"damage":0,"enemies":"Hallownest:2_Husk_Sentries","floor":31,"turns":3},{"damage":1,"enemies":"Hallownest:BossSoulMaster","floor":33,"turns":4},{"damage":0,"enemies":"Hallownest:Shield_Heavy","floor":35,"turns":2},{"damage":22,"enemies":"Hallownest:2_Littles","floor":37,"turns":3},{"damage":12,"enemies":"Hallownest:monsterPrimalAspid","floor":39,"turns":3},{"damage":3,"enemies":"Hallownest:eliteCollector","floor":40,"turns":3},{"damage":12,"enemies":"Hallownest:2_Soldiers_and_1_Guardian","floor":41,"turns":3},{"damage":2,"enemies":"Hallownest:2_Soldiers_and_1_Guardian","floor":45,"turns":3},{"damage":0,"enemies":"Hallownest:2_Soldiers_and_1_Guardian","floor":45,"turns":2},{"damage":0,"enemies":"Hallownest:2_Wandering_and_1_Horned","floor":46,"turns":3},{"damage":0,"enemies":"Hallownest:eliteHiveKnight","floor":48,"turns":3},{"damage":23,"enemies":"Hallownest:Radiance","floor":50,"turns":5}],"seed_played":"1464295400265707627","potions_obtained":[{"floor":4,"key":"SpeedPotion"},{"floor":13,"key":"SpeedPotion"},{"floor":16,"key":"Strength Potion"},{"floor":19,"key":"Milkshake"},{"floor":23,"key":"PowerPotion"},{"floor":31,"key":"FearPotion"},{"floor":35,"key":"BlessingOfTheForge"},{"floor":46,"key":"Milkshake"},{"floor":48,"key":"Fire Potion"}],"is_trial":true,"path_per_floor":["M","?","?","M","$","E","R","$","T","R","M","?","M","E","R","B",null,"M","M","?","M","?","E","R","E","T","R","$","M","AVR","M","R_BF","B",null,"M","AVR","M","?","M","E","M","R","T","R","?","M","R","E","R","B",null],"character_chosen":"RobotSpaceExplorer","items_purchased":["CaptainsWheel","Sling","RobotSpaceExplorer:StunGrenade","DollysMirror","RobotSpaceExplorer:ToughPlating","Violence"],"campfire_rested":0,"item_purchase_floors":[5,5,5,8,28,28],"current_hp_per_floor":[52,52,32,38,38,44,44,44,44,44,47,38,44,46,46,3,56,56,56,56,39,45,51,51,56,56,56,56,56,56,56,56,56,56,56,56,36,39,32,34,27,27,34,34,40,45,45,50,50,33],"gold":542,"neow_bonus":"","is_daily":false,"chose_seed":false,"campfire_upgraded":9,"win_rate":0.0,"timestamp":1612901204,"path_taken":["M","?","?","?","$","E","R","?","T","R","?","?","M","E","R","BOSS","M","M","?","M","?","E","R","E","T","R","$","M","AVR","?","R_BF","BOSS","M","AVR","M","?","?","E","M","R","T","R","?","M","R","E","R","BOSS"],"items_purchased_type":["Relic","Relic","Card","Relic","Relic","Card"],"build_version":"2020-12-22","purchased_purges":4,"victory":true,"max_hp_per_floor":[56,56,56,56,56,56,56,56,56,56,56,56,56,56,56,56,56,56,56,56,56,56,56,56,56,56,56,56,56,56,56,56,56,56,56,56,56,56,56,56,56,56,63,63,63,63,63,63,63,63],"card_choices":[{"not_picked":["RobotSpaceExplorer:BigMissile","RobotSpaceExplorer:SwiftStep"],"picked":"RobotSpaceExplorer:ExhaustFan","floor":1},{"not_picked":["RobotSpaceExplorer:Jetpack","RobotSpaceExplorer:Pulsar"],"picked":"RobotSpaceExplorer:DoubleFind","floor":4},{"not_picked":["RobotSpaceExplorer:Smokescreen","RobotSpaceExplorer:Counterblock","RobotSpaceExplorer:ToxicBomb"],"picked":"SKIP","floor":6},{"not_picked":["RobotSpaceExplorer:Pulsar","RobotSpaceExplorer:ScrapShield","RobotSpaceExplorer:Probe"],"picked":"SKIP","floor":11},{"not_picked":["RobotSpaceExplorer:Discharger","RobotSpaceExplorer:FranticSearch"],"picked":"RobotSpaceExplorer:Asteroid","floor":13},{"not_picked":["RobotSpaceExplorer:FreezingShield","RobotSpaceExplorer:Ammunition"],"picked":"RobotSpaceExplorer:ScrapMissile","floor":14},{"not_picked":["RobotSpaceExplorer:HighVoltage","RobotSpaceExplorer:Scanner"],"picked":"RobotSpaceExplorer:Exploration","floor":16},{"not_picked":["RobotSpaceExplorer:PlasmaMissile","RobotSpaceExplorer:TurboDodge+1","RobotSpaceExplorer:SurgingShield"],"picked":"SKIP","floor":18},{"not_picked":["RobotSpaceExplorer:Counterblock","RobotSpaceExplorer:Calculate"],"picked":"RobotSpaceExplorer:PowerGlove","floor":19},{"not_picked":["RobotSpaceExplorer:Pulsar","RobotSpaceExplorer:LuckyStrike+1"],"picked":"RobotSpaceExplorer:ScrapMissile","floor":21},{"not_picked":["RobotSpaceExplorer:StarDust","RobotSpaceExplorer:FreezeRay"],"picked":"RobotSpaceExplorer:StarLightning+1","floor":23},{"not_picked":["RobotSpaceExplorer:MetalStrike","RobotSpaceExplorer:ExhaustFan","RobotSpaceExplorer:MakeshiftVolley+1"],"picked":"SKIP","floor":25},{"not_picked":["RobotSpaceExplorer:BigMissile","RobotSpaceExplorer:GlueSpray+1","RobotSpaceExplorer:ToxicBomb"],"picked":"RobotSpaceExplorer:Autoloader","floor":29},{"not_picked":["RobotSpaceExplorer:MiniDrones","RobotSpaceExplorer:FreezeRay","RobotSpaceExplorer:IronShell","RobotSpaceExplorer:SelfCleaning"],"picked":"SKIP","floor":31},{"not_picked":["RobotSpaceExplorer:Comet","RobotSpaceExplorer:Autoloader","RobotSpaceExplorer:ShockMissile"],"picked":"RobotSpaceExplorer:ChargingLaser","floor":33},{"not_picked":["RobotSpaceExplorer:ImprovisedAttack","RobotSpaceExplorer:Smokescreen","RobotSpaceExplorer:SlimeMissile+1"],"picked":"RobotSpaceExplorer:PowerCollector+1","floor":35},{"not_picked":["RobotSpaceExplorer:ScrapShield","RobotSpaceExplorer:SurgingStrike","RobotSpaceExplorer:DualCore+1","RobotSpaceExplorer:StarLightning+1"],"picked":"SKIP","floor":37},{"not_picked":["RobotSpaceExplorer:FrostMissile+1","RobotSpaceExplorer:MakeshiftVolley","RobotSpaceExplorer:StunGrenade+1"],"picked":"RobotSpaceExplorer:ShovelStrike+1","floor":39},{"not_picked":["RobotSpaceExplorer:PowerGlove","RobotSpaceExplorer:Reload+1","RobotSpaceExplorer:Smokescreen+1"],"picked":"RobotSpaceExplorer:ExhaustFan+1","floor":40},{"not_picked":["RobotSpaceExplorer:GlueShot","RobotSpaceExplorer:JunkDive+1","RobotSpaceExplorer:Autoloader"],"picked":"RobotSpaceExplorer:PlasmaMissile+1","floor":41},{"not_picked":["RobotSpaceExplorer:StunGrenade","RobotSpaceExplorer:GlueShot","RobotSpaceExplorer:Counterblock+1","RobotSpaceExplorer:SlimeMissile"],"picked":"SKIP","floor":46},{"not_picked":["RobotSpaceExplorer:SurgingStrike+1","RobotSpaceExplorer:LuckyStrike","RobotSpaceExplorer:Probe+1"],"picked":"RobotSpaceExplorer:ImprovisedAttack+1","floor":48}],"player_experience":875276,"relics_obtained":[{"floor":6,"key":"Omamori"},{"floor":9,"key":"Chameleon Ring"},{"floor":14,"key":"Matryoshka"},{"floor":23,"key":"RobotSpaceExplorer:PlasmaHourglass"},{"floor":23,"key":"infinitespire:EmpoweringShard"},{"floor":25,"key":"Oddly Smooth Stone"},{"floor":26,"key":"Garlic"},{"floor":26,"key":"Question Card"},{"floor":40,"key":"RobotSpaceExplorer:BottledGravity"},{"floor":43,"key":"Pet Ghost"},{"floor":43,"key":"Strawberry"},{"floor":48,"key":"reliquary:TridentHead"}],"event_choices":[{"damage_healed":0,"gold_gain":0,"player_choice":"UP RE ","damage_taken":24,"relics_obtained":["reliquary:PartyBalloon"],"max_hp_gain":0,"max_hp_loss":0,"event_name":"betterSkull:BetterSkull","floor":3,"gold_loss":0,"cards_upgraded":["RobotSpaceExplorer:ExhaustFan"]},{"damage_healed":3,"gold_gain":0,"player_choice":"LEAVE ","damage_taken":0,"relics_obtained":[],"max_hp_gain":0,"max_hp_loss":0,"event_name":"betterSkull:BetterSkull","floor":38,"gold_loss":0,"cards_upgraded":[]}],"is_beta":false,"boss_relics":[{"not_picked":["Snecko Eye","Honey Jar"],"picked":"SlaversCollar"},{"not_picked":["Replay:Drink Me","energizedSpire:StickyHand"],"picked":"energizedSpire:EnergizedDie"}],"items_purged_floors":[5,8,28,30],"is_endless":false,"potions_floor_spawned":[4,13,16,19,23,31,35,45,46,48],"ascension_level":4}}