{"host":"6jrd8fn9k88n08be","time":1612843613,"event":{"mods":["BaseMod","Minty Spire (QoL Compilation)","StSLib"],"gold_per_floor":[118,128,17,17,192,230,230,245,325,369,369,369,369,390,390,390,390],"floor_reached":16,"language":"ENG","playtime":555,"items_purged":[],"score":124,"play_id":"6a182526-ee96-4934-a8ba-e2c431ffde73","local_time":"20210208230653","is_ascension_mode":true,"campfire_choices":[{"floor":7.0,"key":"REST"},{"data":"Rampage","floor":11.0,"key":"SMITH"},{"floor":15,"key":"REST"}],"circlet_count":0,"master_deck":["Strike_R","Strike_R","Strike_R","Strike_R","Strike_R","Defend_R","Defend_R","Defend_R","Defend_R","Bash","Pommel Strike","Evolve","Entrench","Doubt","Rampage+1","Metallicize","Reaper","Parasite","Uppercut"],"relics":["Burning Blood","Golden Idol","Nunchaku","White Beast Statue","FossilizedHelix"],"acts_visited":["Exordium"],"potions_floor_usage":[14,16],"damage_taken":[{"damage":6.0,"enemies":"Small Slimes","floor":1.0,"turns":5.0},{"damage":9.0,"enemies":"Jaw Worm","floor":2.0,"turns":3.0},{"damage":56.0,"enemies":"Gremlin Nob","floor":6.0,"turns":5.0},{"damage":0.0,"enemies":"2 Louse","floor":8.0,"turns":2.0},{"damage":25.0,"enemies":"3 Sentries","floor":10.0,"turns":9.0},{"damage":22,"enemies":"Exordium Thugs","floor":14,"turns":7},{"damage":43,"enemies":"The Guardian","floor":16,"turns":10}],"seed_played":"7057771614724140320","potions_obtained":[{"floor":2.0,"key":"DuplicationPotion"},{"floor":6.0,"key":"Block Potion"},{"floor":10.0,"key":"SkillPotion"},{"floor":14,"key":"EssenceOfSteel"}],"is_trial":false,"path_per_floor":["M","M","$","?","?","E","R","M","T","E","R","?","?","M","R","B"],"character_chosen":"IRONCLAD","items_purchased":["Evolve","Entrench"],"campfire_rested":2,"item_purchase_floors":[3,3],"current_hp_per_floor":[88,85,85,63,63,13,39,45,45,26,26,1,23,14,40,0,0],"gold":390,"neow_bonus":"TEN_PERCENT_HP_BONUS","is_daily":false,"chose_seed":false,"campfire_upgraded":1,"win_rate":0.0,"timestamp":1612843613,"path_taken":["M","M","$","?","?","E","R","?","T","E","R","?","?","M","R","BOSS"],"items_purchased_type":["Card","Card"],"build_version":"2020-12-22","purchased_purges":0,"victory":false,"max_hp_per_floor":[88,88,88,88,88,88,88,88,88,88,88,88,88,88,88,88,88],"card_choices":[{"not_picked":["Heavy Blade","Body Slam"],"picked":"Pommel Strike","floor":1.0},{"not_picked":["Thunderclap","Flex","Clothesline"],"picked":"SKIP","floor":2.0},{"not_picked":["Headbutt","Thunderclap"],"picked":"Rampage","floor":6.0},{"not_picked":["Armaments","Thunderclap"],"picked":"Metallicize","floor":8.0},{"not_picked":["Havoc","Dark Embrace"],"picked":"Reaper","floor":10.0},{"not_picked":["Dropkick","Rage"],"picked":"Uppercut","floor":14}],"player_experience":166644,"relics_obtained":[{"floor":6.0,"key":"Nunchaku"},{"floor":9.0,"key":"White Beast Statue"},{"floor":10.0,"key":"FossilizedHelix"}],"event_choices":[{"damage_healed":0.0,"max_hp_gain":0.0,"max_hp_loss":0.0,"gold_gain":0.0,"event_name":"Golden Idol","player_choice":"Take Damage","floor":4.0,"gold_loss":0.0,"damage_taken":22.0,"relics_obtained":["Golden Idol"]},{"damage_healed":0.0,"max_hp_gain":0.0,"max_hp_loss":0.0,"gold_gain":175.0,"event_name":"Liars Game","player_choice":"AGREE","floor":5.0,"gold_loss":0.0,"damage_taken":0.0,"cards_obtained":["Doubt"]},{"damage_healed":0.0,"max_hp_gain":0.0,"max_hp_loss":0.0,"gold_gain":0.0,"event_name":"Scrap Ooze","player_choice":"Fled","floor":12.0,"gold_loss":0.0,"damage_taken":25.0},{"damage_healed":22.0,"max_hp_gain":0.0,"max_hp_loss":0.0,"gold_gain":0.0,"event_name":"Mushrooms","player_choice":"Healed and dodged fight","floor":13.0,"gold_loss":0.0,"damage_taken":0.0,"cards_obtained":["Parasite"]}],"is_beta":false,"boss_relics":[],"items_purged_floors":[],"is_endless":false,"potions_floor_spawned":[2,6,10,14],"killed_by":"The Guardian","ascension_level":3}}