{"host":"djoj10dqzzvtkauc","time":1612905508,"event":{"mods":["2.2 Compatiblity","BaseMod","Colored Map","DeckTracker","Highlight Path","Keyboard Shortcuts","Marisa£¨Ùöéë¡¡Øª×âÞÞ£©","Minty Spire (QoL Compilation)","Permanent Neow","Quick Restart","Random Character Button","StSLib","SuperFastMode","everything is the same but u backflip on backflip"],"gold_per_floor":[116,126,139,154,168,168,180,180,180,180,210,225,242,252,252,349,349,365,365,375,22,22,22,22,22],"floor_reached":24,"language":"KOR","playtime":848,"items_purged":["Strike_G"],"score":313,"play_id":"f5f9eb2a-75b6-47dd-86ef-b6060b0850d0","local_time":"20210210061828","is_ascension_mode":true,"campfire_choices":[{"floor":6.0,"key":"REST"},{"data":"Wraith Form v2","floor":8.0,"key":"SMITH"},{"data":"Poisoned Stab","floor":10.0,"key":"SMITH"},{"floor":15.0,"key":"REST"},{"data":"Night Terror","floor":23.0,"key":"SMITH"}],"circlet_count":0,"master_deck":["AscendersBane","Strike_G","Strike_G","Strike_G","Strike_G","Defend_G","Defend_G","Defend_G","Defend_G","Defend_G","Survivor","Neutralize","Night Terror+1","Poisoned Stab+1","Infinite Blades","Crippling Poison","Dagger Throw","Wraith Form v2+1","Footwork","Finisher","Bullet Time","Cloak And Dagger","Blur","Corpse Explosion","Catalyst+1","Dodge and Roll+1","Deflect"],"relics":["Ring of the Snake","Kunai","Snake Skull","SacredBark","Matryoshka"],"acts_visited":["Exordium","TheCity"],"potions_floor_usage":[],"damage_taken":[{"damage":0.0,"enemies":"Cultist","floor":1.0,"turns":4.0},{"damage":3.0,"enemies":"Small Slimes","floor":2.0,"turns":4.0},{"damage":4.0,"enemies":"2 Louse","floor":3.0,"turns":4.0},{"damage":26.0,"enemies":"Large Slime","floor":4.0,"turns":9.0},{"damage":9.0,"enemies":"Exordium Thugs","floor":5.0,"turns":6.0},{"damage":4.0,"enemies":"2 Fungi Beasts","floor":7.0,"turns":5.0},{"damage":5.0,"enemies":"Lagavulin","floor":11.0,"turns":7.0},{"damage":15.0,"enemies":"Gremlin Gang","floor":12.0,"turns":5.0},{"damage":8.0,"enemies":"Looter","floor":13.0,"turns":3.0},{"damage":2.0,"enemies":"Large Slime","floor":14.0,"turns":10.0},{"damage":13.0,"enemies":"Hexaghost","floor":16.0,"turns":13.0},{"damage":18.0,"enemies":"Chosen","floor":18.0,"turns":6.0},{"damage":3.0,"enemies":"3 Byrds","floor":20.0,"turns":2.0},{"damage":38,"enemies":"Slavers","floor":24,"turns":6}],"seed_played":"8279056015046719115","potions_obtained":[{"floor":3.0,"key":"Strength Potion"},{"floor":7.0,"key":"FearPotion"},{"floor":12.0,"key":"BlessingOfTheForge"},{"floor":18.0,"key":"LiquidBronze"}],"is_trial":false,"path_per_floor":["M","M","M","M","M","R","M","R","T","R","E","M","M","M","R","B",null,"M","?","M","$","?","R","E"],"character_chosen":"THE_SILENT","items_purchased":["Deflect","Matryoshka"],"campfire_rested":2,"item_purchase_floors":[21,21],"current_hp_per_floor":[63,60,56,30,21,42,38,38,38,38,33,18,10,8,29,16,57,39,62,59,59,59,59,21,21],"gold":22,"neow_bonus":"ONE_RANDOM_RARE_CARD","is_daily":false,"chose_seed":false,"campfire_upgraded":3,"win_rate":0.0,"timestamp":1612905508,"path_taken":["M","M","M","M","M","R","M","R","T","R","E","M","M","?","R","BOSS","M","?","M","$","?","R","E"],"items_purchased_type":["Card","Relic"],"build_version":"2020-12-22","purchased_purges":1,"victory":false,"max_hp_per_floor":[70,70,70,70,70,70,70,70,70,70,70,70,70,70,70,70,70,70,70,70,70,70,70,70,70],"card_choices":[{"not_picked":["Outmaneuver","Blur"],"picked":"Poisoned Stab","floor":1.0},{"not_picked":["Expertise","Distraction"],"picked":"Infinite Blades","floor":2.0},{"not_picked":["Acrobatics","Dodge and Roll"],"picked":"Crippling Poison","floor":3.0},{"not_picked":["Deflect","Caltrops"],"picked":"Dagger Throw","floor":4.0},{"not_picked":["Dagger Throw","Outmaneuver"],"picked":"Wraith Form v2","floor":5.0},{"not_picked":["Eviscerate","Cloak And Dagger"],"picked":"Footwork","floor":7.0},{"not_picked":["Underhanded Strike","Reflex"],"picked":"Finisher","floor":11.0},{"not_picked":["Poisoned Stab","Finisher"],"picked":"Bullet Time","floor":12.0},{"not_picked":["Dagger Throw","Infinite Blades"],"picked":"Cloak And Dagger","floor":13.0},{"not_picked":["Eviscerate","Dagger Spray"],"picked":"Blur","floor":14.0},{"not_picked":["Tools of the Trade","Unload"],"picked":"Corpse Explosion","floor":16.0},{"not_picked":["Dagger Throw","Flying Knee"],"picked":"Catalyst+1","floor":18.0},{"not_picked":["Infinite Blades+1","Deflect+1"],"picked":"Dodge and Roll+1","floor":20.0}],"player_experience":211867,"relics_obtained":[{"floor":9.0,"key":"Kunai"},{"floor":11.0,"key":"Snake Skull"}],"event_choices":[{"damage_healed":23.0,"max_hp_gain":0.0,"max_hp_loss":0.0,"gold_gain":0.0,"event_name":"The Library","player_choice":"Heal","floor":19.0,"gold_loss":0.0,"damage_taken":0.0},{"damage_healed":0.0,"max_hp_gain":0.0,"max_hp_loss":0.0,"gold_gain":0.0,"event_name":"Ghosts","player_choice":"Ignored","floor":22.0,"gold_loss":0.0,"damage_taken":0.0}],"is_beta":false,"boss_relics":[{"not_picked":["Busted Crown","Runic Dome"],"picked":"SacredBark"}],"items_purged_floors":[21],"is_endless":false,"potions_floor_spawned":[3,7,12,18],"killed_by":"Slavers","ascension_level":11}}