{"host":"BK","time":1612844926,"event":{"mods":["BaseMod","Highlight Path","Minty Spire (QoL Compilation)","StSLib"],"gold_per_floor":[117,134,134,134,154,154,187,187,187,187,35,50,50,64,64,160,160,185,8,22,41,56,56,79,79,79],"floor_reached":25,"language":"ENG","playtime":1079,"items_purged":["Pain","Strike_R"],"score":410,"play_id":"4654bd68-2d0e-4605-830b-201ddb9e4316","local_time":"20210208212846","is_ascension_mode":true,"campfire_choices":[{"data":"Pommel Strike","floor":6,"key":"SMITH"},{"floor":8,"key":"REST"},{"data":"Infernal Blade","floor":13,"key":"SMITH"},{"data":"Bash","floor":15,"key":"SMITH"},{"floor":23,"key":"REST"}],"circlet_count":0,"master_deck":["AscendersBane","Strike_R","Strike_R","Strike_R","Defend_R","Defend_R","Defend_R","Defend_R","Bash+1","Pommel Strike+1","Infernal Blade+1","Flash of Steel","Thunderclap","Barricade","Flame Barrier","Shrug It Off"],"relics":["Busted Crown","Golden Idol","Smiling Mask","Ornamental Fan","WarpedTongs","Runic Pyramid"],"acts_visited":["Exordium","TheCity"],"potions_floor_usage":[7,21],"damage_taken":[{"damage":4,"enemies":"Jaw Worm","floor":1,"turns":4},{"damage":7,"enemies":"Small Slimes","floor":2,"turns":4},{"damage":0,"enemies":"Cultist","floor":5,"turns":2},{"damage":38,"enemies":"Lagavulin","floor":7,"turns":6},{"damage":0,"enemies":"Blue Slaver","floor":12,"turns":2},{"damage":8,"enemies":"Large Slime","floor":14,"turns":4},{"damage":19,"enemies":"Hexaghost","floor":16,"turns":9},{"damage":7,"enemies":"Spheric Guardian","floor":18,"turns":4},{"damage":8,"enemies":"Shell Parasite","floor":20,"turns":4},{"damage":25,"enemies":"Shelled Parasite and Fungi","floor":21,"turns":9},{"damage":1,"enemies":"Cultist and Chosen","floor":22,"turns":5},{"damage":0,"enemies":"Centurion and Healer","floor":24,"turns":5},{"damage":36,"enemies":"Snecko","floor":25,"turns":5}],"seed_played":"6280706786718809251","potions_obtained":[{"floor":2,"key":"EssenceOfSteel"},{"floor":7,"key":"Energy Potion"},{"floor":22,"key":"CultistPotion"}],"is_trial":false,"path_per_floor":["M","M","?","?","M","R","E","R","T","?","$","M","R","M","R","B",null,"M","$","M","M","M","R","M","M"],"character_chosen":"IRONCLAD","items_purchased":["Flash of Steel","Flame Barrier","Shrug It Off"],"campfire_rested":2,"item_purchase_floors":[11,19,19],"current_hp_per_floor":[64,57,50,50,50,50,12,32,32,32,32,32,32,24,24,5,52,45,45,37,12,11,31,31,0,0],"gold":79,"neow_bonus":"BOSS_RELIC","is_daily":false,"chose_seed":false,"campfire_upgraded":3,"win_rate":0.0,"timestamp":1612844926,"path_taken":["M","M","?","?","M","R","E","R","T","?","$","M","R","M","R","BOSS","M","$","M","M","M","R","M","M"],"items_purchased_type":["Card","Card","Card"],"build_version":"2020-12-18","purchased_purges":2,"victory":false,"max_hp_per_floor":[75,75,75,68,68,68,68,68,68,68,68,68,68,68,68,68,68,68,68,68,68,68,68,68,68,68],"card_choices":[{"not_picked":["Flex"],"picked":"SKIP","floor":1},{"not_picked":[],"picked":"Pommel Strike","floor":2},{"not_picked":[],"picked":"Infernal Blade","floor":5},{"not_picked":["Entrench"],"picked":"SKIP","floor":7},{"not_picked":["Body Slam"],"picked":"SKIP","floor":12},{"not_picked":[],"picked":"Thunderclap","floor":14},{"not_picked":[],"picked":"Barricade","floor":16},{"not_picked":["Wild Strike"],"picked":"SKIP","floor":18},{"not_picked":["Clash+1"],"picked":"SKIP","floor":20},{"not_picked":["Sword Boomerang"],"picked":"SKIP","floor":21},{"not_picked":["Second Wind+1"],"picked":"SKIP","floor":22},{"not_picked":["Heavy Blade"],"picked":"SKIP","floor":24}],"player_experience":2535711,"relics_obtained":[{"floor":7,"key":"Smiling Mask"},{"floor":9,"key":"Ornamental Fan"}],"event_choices":[{"cards_removed":["Strike_R"],"damage_healed":0,"gold_gain":0,"player_choice":"Card Removal","damage_taken":7,"max_hp_gain":0,"max_hp_loss":0,"event_name":"Golden Wing","floor":3,"gold_loss":0},{"damage_healed":0,"gold_gain":0,"player_choice":"Lose Max HP","damage_taken":0,"relics_obtained":["Golden Idol"],"max_hp_gain":0,"max_hp_loss":7,"event_name":"Golden Idol","floor":4,"gold_loss":0},{"damage_healed":0,"gold_gain":0,"player_choice":"Rummage","damage_taken":0,"relics_obtained":["WarpedTongs"],"max_hp_gain":0,"max_hp_loss":0,"event_name":"Accursed Blacksmith","floor":10,"gold_loss":0,"cards_obtained":["Pain"]}],"is_beta":true,"boss_relics":[{"not_picked":["Velvet Choker","Pandora\u0027s Box"],"picked":"Runic Pyramid"}],"items_purged_floors":[11,19],"is_endless":false,"potions_floor_spawned":[2,7,22],"killed_by":"Snecko","ascension_level":20}}