{"host":"e3zuhorjxi9w14q4","time":1612887909,"event":{"mods":["AchievementEnabler","Aspiration","BaseMod","Defuse TimeMaze Blight","Downfall","Energized Spire","GifTheSpireLib","Hubris","Infinite Spire","Jorbs\u0027s Wanderer Trilogy","Minty Spire (QoL Compilation)","Reliquary","Spicy Shops","Spikes Relics","StSLib","Stuff the Spire","The Marked","The Servant 0.9.4"],"gold_per_floor":[99,112,24,39,39,56,56,66,66,84,114,128,28,28,45,45,45,45],"floor_reached":16,"language":"ENG","playtime":723,"items_purged":[],"score":104,"play_id":"bc56d898-e098-428f-b938-24d423f88081","local_time":"20210209172509","is_ascension_mode":false,"campfire_choices":[{"data":"Guardian:TwinSlam","floor":1,"key":"SMITH"},{"floor":9,"key":"RECALL"},{"data":"Guardian:ChargeCore","floor":13,"key":"SMITH"}],"circlet_count":0,"master_deck":["Guardian:Strike_Guardian","Guardian:Strike_Guardian","Guardian:Strike_Guardian","Guardian:Strike_Guardian","Guardian:Defend_Guardian","Guardian:Defend_Guardian","Guardian:Defend_Guardian","Guardian:Defend_Guardian","Guardian:CurlUp","Guardian:TwinSlam+1","Guardian:ChargeCore+1","Guardian:PrimingBeam","Guardian:Incinerate","Guardian:PrimingBeam","Guardian:PrismaticBeam"],"relics":["Guardian:ModeShifter","infinitespire:Beetle Shell","hubris:Towel","Bag of Marbles","reliquary:PartyBalloon","downfall:HeartBlessingGreen"],"acts_visited":["Exordium"],"potions_floor_usage":[11,16,16],"damage_taken":[{"damage":0,"enemies":"2 Louse","floor":2,"turns":4},{"damage":0,"enemies":"downfall:FleeingMerchant","floor":3,"turns":4},{"damage":2,"enemies":"Small Slimes","floor":4,"turns":3},{"damage":2,"enemies":"Cultist","floor":6,"turns":4},{"damage":26,"enemies":"Gremlin Gang","floor":8,"turns":4},{"damage":8,"enemies":"3 Louse","floor":10,"turns":3},{"damage":18,"enemies":"Lagavulin","floor":11,"turns":6},{"damage":7,"enemies":"Exordium Thugs","floor":12,"turns":4},{"damage":12,"enemies":"Blue Slaver","floor":15,"turns":3},{"damage":30,"enemies":"IC_STATUS_ARCHETYPE","floor":16,"turns":8}],"seed_played":"-5220505450540912585","potions_obtained":[{"floor":8,"key":"Guardian:BlockOnCardUsePotion"},{"floor":10,"key":"Guardian:StasisDiscoveryPotion"},{"floor":11,"key":"Fire Potion"},{"floor":15,"key":"DistilledChaos"}],"is_trial":false,"path_per_floor":["R","M","$","M","?","M","T","M","R","M","E","M","R","?","M","B"],"character_chosen":"GUARDIAN","items_purchased":["Guardian:Gem_Synthetic"],"campfire_rested":0,"item_purchase_floors":[3],"current_hp_per_floor":[80,80,80,78,78,76,76,50,50,42,24,17,17,41,29,0,0,0],"gold":45,"neow_bonus":"RANDOM_COMMON_RELIC","is_daily":false,"chose_seed":false,"campfire_upgraded":2,"win_rate":0.0,"timestamp":1612887909,"path_taken":["R","M","$","M","?","M","T","M","R","M","E","M","R","?","M","BOSS"],"items_purchased_type":["Card"],"build_version":"2020-12-22","purchased_purges":0,"victory":false,"max_hp_per_floor":[80,80,80,80,80,80,80,80,80,80,80,80,80,80,80,80,80,80],"card_choices":[{"not_picked":["Guardian:PrimingBeam","Guardian:Emergency"],"picked":"Guardian:Gem_Red","floor":2},{"not_picked":["Guardian:Preprogram","Guardian:PolyBeam"],"picked":"Guardian:Gem_Green","floor":3},{"not_picked":["Guardian:Suspension","Guardian:Incinerate"],"picked":"Guardian:ChargeCore","floor":4},{"not_picked":["Guardian:Planning","Guardian:ChargeCore"],"picked":"Guardian:PrimingBeam","floor":6},{"not_picked":["Guardian:TemporalStrike","Guardian:Gem_Purple"],"picked":"Guardian:Gem_Red","floor":8},{"not_picked":["Guardian:Planning","Guardian:Reroute"],"picked":"Guardian:Incinerate","floor":10},{"not_picked":["Guardian:Gem_Lightblue","Guardian:Planning"],"picked":"Guardian:PrimingBeam","floor":11},{"not_picked":["Guardian:Gem_Lightblue","Guardian:Reroute","Guardian:Suspension"],"picked":"SKIP","floor":12},{"not_picked":["Guardian:Planning","Guardian:Repulse"],"picked":"Guardian:PrismaticBeam","floor":15}],"player_experience":268598,"relics_obtained":[{"floor":7,"key":"Bag of Marbles"},{"floor":11,"key":"reliquary:PartyBalloon"}],"event_choices":[],"is_beta":false,"boss_relics":[],"items_purged_floors":[],"is_endless":false,"potions_floor_spawned":[8,10,11,15],"killed_by":"IC_STATUS_ARCHETYPE","ascension_level":0}}