{"host":"7fyy23rucerupe6i","time":1612869084,"event":{"mods":["BaseMod","Minty Spire (QoL Compilation)","StSLib","The Animator"],"gold_per_floor":[131,156,13,13,38,38,38,38,38,38,59,59,59,90,90,237,237,262,314,314,314,340,340,340,340,365,411,411,411,435,152,152,273,273,285,291,291],"floor_reached":36,"language":"ZHS","playtime":2719,"items_purged":["animator:Strike","animator:Strike"],"score":368,"play_id":"9d250d5a-f7f1-4335-b31f-614098eb84bf","local_time":"20210209191124","is_ascension_mode":false,"campfire_choices":[{"data":"animator:KyokoSakura","floor":6.0,"key":"SMITH"},{"data":"animator:YunYun","floor":8.0,"key":"SMITH"},{"data":"animator:Chris","floor":12.0,"key":"SMITH"},{"data":"animator:Millim","floor":15.0,"key":"SMITH"},{"data":"animator:Saitama","floor":23.0,"key":"SMITH"},{"data":"animator:Evileye","floor":25,"key":"SMITH"},{"data":"animator:Vesta","floor":29,"key":"SMITH"},{"data":"animator:Kira","floor":32,"key":"SMITH"}],"circlet_count":0,"master_deck":["animator:Strike_Konosuba","animator:Defend_Konosuba","animator:Kazuma","animator:KyokoSakura+1","animator:YunYun+1","animator:Chris+1","animator:Millim+2","animator:Saitama+1","CurseOfTheBell","animator:Vesta+1","animator:Aqua","animator:Evileye+1","animator:Darkness","Writhe","animator:Kira+1","animator:Saber","animator:Darkness+1"],"relics":["animator:LivingPicture","animator:TheMissingPiece","Gambling Chip","Bloody Idol","animator:WornHelmet","Matryoshka","Calling Bell","Du-Vu Doll","Question Card","Art of War","Red Mask","Potion Belt","Ancient Tea Set","Paper Frog","Dream Catcher","Empty Cage"],"acts_visited":["Exordium","TheCity","TheBeyond"],"potions_floor_usage":[33,36],"damage_taken":[{"damage":0.0,"enemies":"Jaw Worm","floor":1.0,"turns":8.0},{"damage":1.0,"enemies":"Cultist","floor":2.0,"turns":3.0},{"damage":0.0,"enemies":"2 Louse","floor":5.0,"turns":3.0},{"damage":0.0,"enemies":"Blue Slaver","floor":11.0,"turns":3.0},{"damage":0.0,"enemies":"Large Slime","floor":14.0,"turns":2.0},{"damage":12.0,"enemies":"Slime Boss","floor":16.0,"turns":7.0},{"damage":6.0,"enemies":"Chosen","floor":18.0,"turns":3.0},{"damage":11.0,"enemies":"Masked Bandits","floor":19.0,"turns":3.0},{"damage":0.0,"enemies":"Shell Parasite","floor":22.0,"turns":4.0},{"damage":42,"enemies":"Slavers","floor":27,"turns":4},{"damage":24,"enemies":"Snake Plant","floor":30,"turns":3},{"damage":46,"enemies":"Automaton","floor":33,"turns":7},{"damage":38,"enemies":"3 Darklings","floor":35,"turns":5},{"damage":46,"enemies":"2 Orb Walkers","floor":36,"turns":3}],"seed_played":"-3121018177300333349","potions_obtained":[{"floor":1.0,"key":"GamblersBrew"},{"floor":2.0,"key":"Explosive Potion"},{"floor":18.0,"key":"FearPotion"},{"floor":22.0,"key":"EssenceOfSteel"},{"floor":30,"key":"PowerPotion"},{"floor":35,"key":"Block Potion"}],"is_trial":false,"path_per_floor":["M","M","$","?","M","R","?","R","T","$","M","R","T","M","R","B",null,"M","?","?","?","M","R","?","R","T","E","?","R","M","$","R","B",null,"M","?"],"character_chosen":"THE_ANIMATOR","items_purchased":["animator:Chris","animator:Kira"],"campfire_rested":0,"item_purchase_floors":[3,31],"current_hp_per_floor":[50,51,51,51,53,53,37,37,37,37,39,39,39,41,41,31,66,62,53,53,53,66,66,66,66,66,43,43,43,32,32,32,10,67,36,0,0],"gold":291,"neow_bonus":"ONE_RARE_RELIC","is_daily":false,"chose_seed":false,"campfire_upgraded":8,"win_rate":0.0,"timestamp":1612869084,"path_taken":["M","M","$","?","?","R","?","R","T","$","M","R","?","M","R","BOSS","M","?","?","?","M","R","?","R","T","E","?","R","?","$","R","BOSS","M","?"],"items_purchased_type":["Card","Card"],"build_version":"2020-12-22","purchased_purges":2,"victory":false,"max_hp_per_floor":[66,66,66,66,66,66,66,66,66,66,66,66,66,66,66,66,66,66,66,66,66,66,66,66,66,66,66,66,66,67,67,67,67,67,67,67,67],"card_choices":[{"not_picked":["animator:DolaCouronne","animator:SilverFang"],"picked":"animator:KyokoSakura","floor":1.0},{"not_picked":["animator:Millim","animator:DolaRiku"],"picked":"animator:YunYun","floor":2.0},{"not_picked":["animator:IzunaHatsuse","animator:Vesta","animator:FielNirvalen"],"picked":"SKIP","floor":5.0},{"not_picked":["animator:Kaijin","animator:Shion"],"picked":"animator:Millim","floor":11.0},{"not_picked":["animator:Hakurou","animator:NagisaMomoe","animator:DolaSchwi"],"picked":"SKIP","floor":14.0},{"not_picked":["animator:Sora","animator:Wiz"],"picked":"animator:Saitama","floor":16.0},{"not_picked":["animator:SilverFang","animator:NagisaMomoe+1","animator:MamiTomoe"],"picked":"animator:Vesta","floor":18.0},{"not_picked":["animator:DolaStephanie","animator:NagisaMomoe","animator:Evileye","animator:SilverFang+1"],"picked":"SKIP","floor":22.0},{"not_picked":["animator:Benimaru","animator:Shuna","animator:Hakurou"],"picked":"animator:Millim","floor":27},{"not_picked":["animator:Benimaru","animator:Entoma","animator:Jibril"],"picked":"animator:Eris","floor":30},{"not_picked":["animator:HomuraAkemi","animator:MadokaKaname","animator:Gilgamesh"],"picked":"animator:Saber","floor":33},{"not_picked":["animator:Vesta","animator:OrikoMikuni","animator:RinTohsaka+1"],"picked":"animator:Darkness+1","floor":35}],"player_experience":329824,"relics_obtained":[{"floor":9.0,"key":"animator:WornHelmet"},{"floor":13.0,"key":"Matryoshka"},{"floor":17.0,"key":"Du-Vu Doll"},{"floor":17.0,"key":"Question Card"},{"floor":17.0,"key":"Art of War"},{"floor":19.0,"key":"Red Mask"},{"floor":26,"key":"Potion Belt"},{"floor":26,"key":"Ancient Tea Set"},{"floor":27,"key":"Paper Frog"}],"event_choices":[{"cards_removed":["animator:Defend"],"damage_healed":0.0,"max_hp_gain":0.0,"max_hp_loss":0.0,"gold_gain":0.0,"event_name":"Purifier","player_choice":"Purged","floor":4.0,"gold_loss":0.0,"damage_taken":0.0},{"damage_healed":0.0,"max_hp_gain":0.0,"max_hp_loss":0.0,"gold_gain":0.0,"event_name":"Golden Idol","player_choice":"Take Damage","floor":7.0,"gold_loss":0.0,"damage_taken":16.0,"relics_obtained":["Golden Idol"]},{"damage_healed":0.0,"max_hp_gain":0.0,"max_hp_loss":0.0,"gold_gain":0.0,"event_name":"Masked Bandits","player_choice":"Fought Bandits","floor":19.0,"gold_loss":0.0,"damage_taken":0.0},{"damage_healed":0.0,"max_hp_gain":0.0,"max_hp_loss":0.0,"gold_gain":0.0,"cards_transformed":["animator:Strike","animator:Defend"],"event_name":"Drug Dealer","player_choice":"Became Test Subject","floor":20.0,"gold_loss":0.0,"damage_taken":0.0,"cards_obtained":["animator:Aqua","animator:Evileye"]},{"damage_healed":0.0,"max_hp_gain":0.0,"max_hp_loss":0.0,"gold_gain":0.0,"event_name":"Forgotten Altar","player_choice":"Gave Idol","floor":21.0,"relics_lost":["Golden Idol"],"gold_loss":0.0,"damage_taken":0.0,"relics_obtained":["Bloody Idol"]},{"damage_healed":0.0,"max_hp_gain":0.0,"max_hp_loss":0.0,"gold_gain":0.0,"event_name":"The Library","player_choice":"Read","floor":24.0,"gold_loss":0.0,"damage_taken":0.0,"cards_obtained":["animator:Darkness"]},{"damage_healed":0,"gold_gain":0,"player_choice":"Opened","damage_taken":0,"relics_obtained":["Dream Catcher"],"max_hp_gain":0,"max_hp_loss":0,"event_name":"The Mausoleum","floor":28,"gold_loss":0,"cards_obtained":["Writhe"]},{"damage_healed":0,"gold_gain":0,"player_choice":"Fight","damage_taken":0,"max_hp_gain":0,"max_hp_loss":0,"event_name":"Mysterious Sphere","floor":36,"gold_loss":0}],"is_beta":false,"boss_relics":[{"not_picked":["Runic Dome","Cursed Key"],"picked":"Calling Bell"},{"not_picked":["Mark of Pain","Black Star"],"picked":"Empty Cage"}],"items_purged_floors":[3,31],"is_endless":false,"potions_floor_spawned":[1,2,18,22,30,35],"killed_by":"2 Orb Walkers","ascension_level":0}}