{"host":"19r1ww88x2tc73i0","time":1612875943,"event":{"mods":["BaseMod","BetterRewards","Colored Map","Minty Spire (QoL Compilation)","Relic Stats","StSLib","SuperFastMode","slay the spire mod where everything is the same but ironclad has a cowboy hat"],"gold_per_floor":[118,118,118,135,6,6,16,41,41,52,67,47,59,93,93,93,93],"floor_reached":16,"language":"ENG","playtime":533,"items_purged":["Strike_B","Strike_B"],"score":224,"play_id":"e658fe0b-296b-4c68-a6f7-421d271760e9","local_time":"25640209200543","is_ascension_mode":true,"campfire_choices":[{"data":"Zap","floor":6.0,"key":"SMITH"},{"data":"Thunder Strike","floor":15.0,"key":"SMITH"}],"circlet_count":0,"master_deck":["AscendersBane","Strike_B","Strike_B","Defend_B","Defend_B","Defend_B","Defend_B","Zap+1","Dualcast","Thunder Strike+1","Capacitor","Ball Lightning","Hologram","Ball Lightning","Turbo","Machine Learning","Rip and Tear"],"relics":["Cracked Core","Lantern","Nunchaku","OrangePellets","TungstenRod","Ornamental Fan","Gremlin Horn","Singing Bowl"],"acts_visited":["Exordium"],"potions_floor_usage":[16],"damage_taken":[{"damage":3.0,"enemies":"2 Louse","floor":1.0,"turns":2.0},{"damage":2.0,"enemies":"Jaw Worm","floor":4.0,"turns":3.0},{"damage":0.0,"enemies":"Cultist","floor":7.0,"turns":3.0},{"damage":28.0,"enemies":"3 Sentries","floor":8.0,"turns":6.0},{"damage":0.0,"enemies":"Looter","floor":10.0,"turns":2.0},{"damage":3.0,"enemies":"Red Slaver","floor":11.0,"turns":4.0},{"damage":12.0,"enemies":"Exordium Wildlife","floor":13.0,"turns":3.0},{"damage":1.0,"enemies":"Gremlin Nob","floor":14.0,"turns":3.0},{"damage":16,"enemies":"Slime Boss","floor":16,"turns":5}],"seed_played":"-7126369859870130974","potions_obtained":[{"floor":1.0,"key":"Swift Potion"},{"floor":12.0,"key":"LiquidMemories"},{"floor":14.0,"key":"DistilledChaos"}],"is_trial":false,"path_per_floor":["M","?","T","M","$","R","M","E","T","M","M","?","M","E","R","B"],"character_chosen":"DEFECT","items_purchased":["Lantern","Nunchaku","Thunder Strike","OrangePellets","Hologram"],"campfire_rested":0,"item_purchase_floors":[0,0,0,0,5],"current_hp_per_floor":[61,61,61,59,59,59,59,31,31,31,28,28,16,15,15,0,0],"gold":93,"neow_bonus":"","is_daily":false,"chose_seed":false,"campfire_upgraded":2,"win_rate":0.0,"timestamp":1612875943,"path_taken":["M","?","?","M","$","R","M","E","T","M","?","?","M","E","R","BOSS"],"items_purchased_type":["Relic","Relic","Card","Relic","Card"],"build_version":"2020-12-22","purchased_purges":2,"victory":false,"max_hp_per_floor":[71,71,71,71,71,71,71,71,71,71,71,71,71,71,71,71,71],"relic_stats":{"OrangePellets":[1],"Nunchaku":[4],"Gremlin Horn":[1,1],"Singing Bowl":0,"counters":[27,100],"Ornamental Fan":[8],"obtain_stats":[{"Lantern":0,"Gremlin Horn":9,"Singing Bowl":14,"Golden Idol":2,"StoneCalendar":0,"Bag of Preparation":0,"Frozen Egg 2":0,"Smiling Mask":12,"Medical Kit":0,"Mercury Hourglass":9,"FrozenCore":17,"OrangePellets":0,"Anchor":9,"Nunchaku":0,"Matryoshka":0,"Ornamental Fan":14,"Pandora\u0027s Box":0,"Cracked Core":0,"TungstenRod":3,"Pocketwatch":0},{"Lantern":1,"Gremlin Horn":22,"Singing Bowl":26,"Golden Idol":7,"StoneCalendar":1,"Bag of Preparation":14,"Frozen Egg 2":6,"Smiling Mask":10,"Medical Kit":14,"Mercury Hourglass":9,"FrozenCore":12,"OrangePellets":18,"Anchor":9,"Nunchaku":18,"Matryoshka":6,"Ornamental Fan":11,"Pandora\u0027s Box":0,"Cracked Core":0,"TungstenRod":19,"Pocketwatch":1},{"Lantern":4,"Gremlin Horn":83,"Singing Bowl":95,"Golden Idol":21,"StoneCalendar":4,"Bag of Preparation":53,"Frozen Egg 2":18,"Smiling Mask":32,"Medical Kit":53,"Mercury Hourglass":27,"FrozenCore":45,"OrangePellets":69,"Anchor":27,"Nunchaku":69,"Matryoshka":18,"Ornamental Fan":36,"Pandora\u0027s Box":0,"Cracked Core":0,"TungstenRod":71,"Pocketwatch":4}],"TungstenRod":14},"card_choices":[{"not_picked":["Leap","Cold Snap"],"picked":"Capacitor","floor":1.0},{"not_picked":["Conserve Battery","Gash"],"picked":"Ball Lightning","floor":4.0},{"not_picked":["Storm","FTL"],"picked":"Ball Lightning","floor":7.0},{"not_picked":["Darkness","Streamline","Gash"],"picked":"SKIP","floor":8.0},{"not_picked":["Fusion","Stack","Heatsinks"],"picked":"SKIP","floor":10.0},{"not_picked":["Compile Driver","Coolheaded"],"picked":"Turbo","floor":11.0},{"not_picked":["Steam","Rebound"],"picked":"Machine Learning","floor":13.0},{"not_picked":["Turbo","Cold Snap"],"picked":"Rip and Tear","floor":14.0}],"player_experience":1034882,"relics_obtained":[{"floor":3.0,"key":"TungstenRod"},{"floor":8.0,"key":"Ornamental Fan"},{"floor":9.0,"key":"Gremlin Horn"},{"floor":14.0,"key":"Singing Bowl"}],"event_choices":[{"damage_healed":0.0,"max_hp_gain":0.0,"max_hp_loss":0.0,"gold_gain":0.0,"event_name":"Liars Game","player_choice":"Ignored","floor":2.0,"gold_loss":0.0,"damage_taken":0.0},{"damage_healed":0.0,"max_hp_gain":0.0,"max_hp_loss":0.0,"gold_gain":0.0,"event_name":"The Woman in Blue","player_choice":"Bought 1 Potion","floor":12.0,"gold_loss":0.0,"damage_taken":0.0}],"is_beta":false,"boss_relics":[],"items_purged_floors":[0,5],"is_endless":false,"potions_floor_spawned":[1,13,14],"killed_by":"Slime Boss","ascension_level":20}}