{"host":"oopoa2qluour3scl","time":1612857195,"event":{"mods":["2.2 Compatiblity","AchievementEnabler","AlwaysNeverKeys","BaseMod","Better Match","Better Note","Better Sensory Stone","Better Synergies","Better Third Choice","Better Vampires","BetterRewards","Bossed Relics","Colored Powertips","Communication Mod","Infinite Spire","Minty Spire (QoL Compilation)","Practice Mode","Random Character Button","Relic Filter Mod","Relic Stats","Smile Girya","StS++","StSLib","SuperFastMode","Swap Starting Deck Mod","Weighted Paths"],"gold_per_floor":[115,133,149,74,87,118,118,143,222,79,97,97,117,117,117,214,214,229,229,1,1,1,30,30,30,30,47,47,47,77,87,87,192,192,205,224,242,242,242,79,79,79,79,79,79,79,79],"floor_reached":46,"language":"ENG","playtime":1404,"items_purged":["Stack"],"score":589,"play_id":"35686636-65d5-44dc-bb80-92abd124256d","local_time":"20210209085315","is_ascension_mode":false,"campfire_choices":[{"data":"Hologram","floor":7,"key":"SMITH"},{"data":"Redo","floor":12,"key":"SMITH"},{"data":"Echo Form","floor":15,"key":"SMITH"},{"data":"1","floor":24,"key":"LIFT"},{"data":"2","floor":28,"key":"LIFT"},{"floor":32,"key":"REST"},{"data":"3","floor":42,"key":"LIFT"}],"circlet_count":0,"master_deck":["Ball Lightning+1","Ball Lightning+1","Ball Lightning+1","Ball Lightning+1","Thunder Strike+1","Stack+1","Stack+1","Stack+1","Zap+1","Static Discharge+1","Hologram+1","Redo+1","Capacitor+1","Multi-Cast+1","Echo Form+1","Steam+1","Conserve Battery+1","Machine Learning+1","Steam+1","Self Repair+1","StSpp:TargetLocked+1","infinitespire:UltimateForm+1","Beam Cell+1","Transmutation+1","Dramatic Entrance+1","Rebound+1","Ghostly+1","Ghostly+1","Ghostly+1","Ghostly+1","Ghostly+1","Fusion+1","Seek+1","Recycle+1","Redo+1","Capacitor+1","StSpp:Igniter+1","Biased Cognition+1","Decay","infinitespire:TheBestDefense","infinitespire:Punishment"],"relics":["Cracked Core","swapstartingdeckmod:DeadBlossom","Turnip","Girya","infinitespire:WardingShard","Lee\u0027s Waffle","Fusion Hammer","Orichalcum","Ancient Tea Set","The Courier","infinitespire:Freezer","Cursed Key","Mark of the Bloom","Ornamental Fan","Membership Card","StSpp:PileOfSugar"],"acts_visited":["Exordium","TheCity","TheBeyond"],"potions_floor_usage":[6,8,27,37],"damage_taken":[{"damage":12,"enemies":"2 Louse","floor":1,"turns":2},{"damage":0,"enemies":"Cultist","floor":2,"turns":2},{"damage":11,"enemies":"Jaw Worm","floor":3,"turns":2},{"damage":11,"enemies":"3 Louse","floor":5,"turns":2},{"damage":21,"enemies":"Gremlin Nob","floor":6,"turns":3},{"damage":11,"enemies":"3 Sentries","floor":8,"turns":4},{"damage":6,"enemies":"Exordium Wildlife","floor":11,"turns":2},{"damage":6,"enemies":"2 Fungi Beasts","floor":13,"turns":3},{"damage":9,"enemies":"Hexaghost","floor":16,"turns":5},{"damage":15,"enemies":"Shell Parasite","floor":18,"turns":4},{"damage":15,"enemies":"Nightmare","floor":23,"turns":6},{"damage":5,"enemies":"3 Byrds","floor":27,"turns":2},{"damage":21,"enemies":"Slavers","floor":30,"turns":4},{"damage":18,"enemies":"Centurion and Healer","floor":31,"turns":7},{"damage":0,"enemies":"Collector","floor":33,"turns":8},{"damage":0,"enemies":"Orb Walker","floor":35,"turns":3},{"damage":22,"enemies":"3 Shapes","floor":36,"turns":5},{"damage":13,"enemies":"Writhing Mass","floor":37,"turns":4},{"damage":30,"enemies":"Jaw Worm Horde","floor":46,"turns":1}],"seed_played":"-2384095380355011398","potions_obtained":[{"floor":1,"key":"SkillPotion"},{"floor":5,"key":"Ancient Potion"},{"floor":6,"key":"EssenceOfSteel"},{"floor":8,"key":"DistilledChaos"},{"floor":18,"key":"SteroidPotion"},{"floor":30,"key":"SpeedPotion"},{"floor":36,"key":"Explosive Potion"},{"floor":37,"key":"Strength Potion"}],"is_trial":false,"path_per_floor":["M","M","M","$","M","E","R","E","T","$","M","R","M","?","R","B",null,"M","?","$","?","$","NM","R","?","T","M","R","?","E","M","R","B",null,"M","M","M","?","?","$","?","R","T","$","AVR","M"],"character_chosen":"DEFECT","items_purchased":["Lee\u0027s Waffle","Orichalcum","Self Repair","StSpp:Igniter","Biased Cognition"],"campfire_rested":1,"item_purchase_floors":[10,20,20,40,40],"current_hp_per_floor":[63,63,52,52,41,20,20,9,9,54,48,48,42,42,42,33,74,59,59,59,59,59,44,44,44,44,43,43,41,20,6,12,16,37,41,23,10,10,27,27,27,27,27,27,27,0,0],"gold":79,"neow_bonus":"","is_daily":false,"chose_seed":false,"campfire_upgraded":3,"win_rate":0.0,"timestamp":1612857195,"path_taken":["M","M","M","$","M","E","R","E","T","$","M","R","M","?","R","BOSS","M","?","$","?","?","NM","R","?","T","?","R","?","E","M","R","BOSS","M","M","M","?","?","$","?","R","T","?","AVR","?"],"items_purchased_type":["Relic","Relic","Card","Card","Card"],"build_version":"2020-12-22","purchased_purges":1,"victory":false,"max_hp_per_floor":[75,75,75,75,75,75,75,75,75,82,82,82,82,82,82,82,82,82,82,82,82,82,82,82,82,82,82,82,41,41,41,41,41,41,41,41,41,39,34,34,34,34,34,34,34,34,34],"relic_stats":{"Lee\u0027s Waffle":45,"Mark of the Bloom":0,"counters":[34,125],"Ornamental Fan":[12],"Turnip":[6],"Orichalcum":[72],"Cursed Key":1,"obtain_stats":[{"Girya":8,"Lee\u0027s Waffle":10,"Mark of the Bloom":41,"Inserter":17,"Vajra":25,"The Courier":26,"Omamori":10,"infinitespire:Lucky Rock":23,"Orichalcum":20,"Ancient Tea Set":23,"Cursed Key":34,"swapstartingdeckmod:DeadBlossom":0,"infinitespire:WardingShard":9,"Mummified Hand":20,"Ornamental Fan":43,"Turnip":6,"Fusion Hammer":17,"Art of War":26,"Membership Card":45,"StSpp:PileOfSugar":45,"Cracked Core":0,"infinitespire:PuzzleCube":9,"infinitespire:Freezer":30},{"Girya":21,"Lee\u0027s Waffle":21,"Mark of the Bloom":33,"Inserter":8,"Vajra":13,"The Courier":26,"Omamori":4,"infinitespire:Lucky Rock":11,"Orichalcum":25,"Ancient Tea Set":26,"Cursed Key":30,"swapstartingdeckmod:DeadBlossom":0,"infinitespire:WardingShard":21,"Mummified Hand":9,"Ornamental Fan":33,"Turnip":20,"Fusion Hammer":24,"Art of War":13,"Membership Card":33,"StSpp:PileOfSugar":33,"Cracked Core":0,"infinitespire:PuzzleCube":4,"infinitespire:Freezer":28},{"Girya":71,"Lee\u0027s Waffle":71,"Mark of the Bloom":124,"Inserter":26,"Vajra":50,"The Courier":91,"Omamori":12,"infinitespire:Lucky Rock":40,"Orichalcum":85,"Ancient Tea Set":91,"Cursed Key":112,"swapstartingdeckmod:DeadBlossom":0,"infinitespire:WardingShard":71,"Mummified Hand":30,"Ornamental Fan":124,"Turnip":67,"Fusion Hammer":81,"Art of War":50,"Membership Card":124,"StSpp:PileOfSugar":124,"Cracked Core":0,"infinitespire:PuzzleCube":12,"infinitespire:Freezer":97}]},"card_choices":[{"not_picked":["Cold Snap","BootSequence"],"picked":"Static Discharge","floor":1},{"not_picked":["Coolheaded","Redo"],"picked":"Hologram","floor":2},{"not_picked":["Go for the Eyes","Rebound"],"picked":"Redo","floor":3},{"not_picked":["Go for the Eyes","Compile Driver"],"picked":"Capacitor","floor":5},{"not_picked":["Compile Driver","Chill"],"picked":"Multi-Cast","floor":6},{"not_picked":["Stack","Steam"],"picked":"Echo Form","floor":8},{"not_picked":["Stack","Chaos"],"picked":"Steam","floor":11},{"not_picked":["Rebound","Compile Driver"],"picked":"Conserve Battery","floor":13},{"not_picked":["Amplify","Meteor Strike"],"picked":"Machine Learning","floor":16},{"not_picked":["Hologram","Storm"],"picked":"Steam+1","floor":18},{"not_picked":["infinitespire:TheBestDefense","infinitespire:Fortify"],"picked":"infinitespire:UltimateForm","floor":23},{"not_picked":["Stack","Compile Driver+1"],"picked":"Beam Cell+1","floor":23},{"not_picked":["PanicButton","Sadistic Nature"],"picked":"Transmutation","floor":25},{"not_picked":["Dark Shackles","Discovery"],"picked":"Dramatic Entrance","floor":25},{"not_picked":["Cold Snap","Steam"],"picked":"Rebound+1","floor":27},{"not_picked":["Heatsinks","Force Field+1"],"picked":"Fusion","floor":30},{"not_picked":["Darkness","Glacier","Gash"],"picked":"SKIP","floor":31},{"not_picked":["StSpp:Converter","Hyperbeam"],"picked":"Seek","floor":33},{"not_picked":["Coolheaded","StSpp:Fierceness"],"picked":"Recycle","floor":35},{"not_picked":["Heatsinks","Sweeping Beam"],"picked":"Redo+1","floor":36},{"not_picked":["Rip and Tear","Sweeping Beam+1"],"picked":"Capacitor+1","floor":37}],"player_experience":512530,"relics_obtained":[{"floor":6,"key":"Turnip"},{"floor":8,"key":"Girya"},{"floor":9,"key":"infinitespire:WardingShard"},{"floor":23,"key":"Ancient Tea Set"},{"floor":26,"key":"The Courier"},{"floor":30,"key":"infinitespire:Freezer"},{"floor":43,"key":"Ornamental Fan"}],"event_choices":[{"damage_healed":0,"gold_gain":0,"player_choice":"Forge","damage_taken":0,"max_hp_gain":0,"max_hp_loss":0,"event_name":"Accursed Blacksmith","floor":14,"gold_loss":0,"cards_upgraded":["Zap"]},{"damage_healed":0,"gold_gain":0,"player_choice":"Ignored","damage_taken":0,"max_hp_gain":0,"max_hp_loss":0,"event_name":"betterNote:BetterNote","floor":19,"gold_loss":0,"cards_obtained":["Blasphemy"]},{"damage_healed":0,"gold_gain":0,"player_choice":"Read","damage_taken":0,"max_hp_gain":0,"max_hp_loss":0,"event_name":"The Library","floor":21,"gold_loss":0,"cards_obtained":["StSpp:TargetLocked"]},{"damage_healed":0,"gold_gain":2,"player_choice":"1","damage_taken":0,"max_hp_gain":0,"max_hp_loss":0,"event_name":"betterStone:BetterStone","floor":25,"gold_loss":0},{"damage_healed":0,"gold_gain":0,"player_choice":"Became a Ghost","damage_taken":0,"max_hp_gain":0,"max_hp_loss":41,"event_name":"Ghosts","floor":29,"gold_loss":0,"cards_obtained":["Ghostly","Ghostly","Ghostly","Ghostly","Ghostly"]},{"damage_healed":0,"gold_gain":0,"player_choice":"Max HP","damage_taken":0,"max_hp_gain":0,"max_hp_loss":2,"event_name":"Winding Halls","floor":38,"gold_loss":0},{"damage_healed":34,"gold_gain":0,"player_choice":"Heal","damage_taken":0,"max_hp_gain":0,"max_hp_loss":5,"event_name":"The Moai Head","floor":39,"gold_loss":0},{"damage_healed":0,"gold_gain":0,"player_choice":"Upgrade","damage_taken":0,"relics_obtained":["Mark of the Bloom"],"max_hp_gain":0,"max_hp_loss":0,"event_name":"MindBloom","floor":41,"gold_loss":0,"cards_upgraded":["Ball Lightning","Ball Lightning","Ball Lightning","Ball Lightning","Thunder Strike","Stack","Stack","Stack","Static Discharge","Capacitor","Multi-Cast","Steam","Conserve Battery","Machine Learning","Self Repair","StSpp:TargetLocked","infinitespire:UltimateForm","Transmutation","Dramatic Entrance","Ghostly","Ghostly","Ghostly","Ghostly","Ghostly","Fusion","Seek","Recycle","StSpp:Igniter","Biased Cognition"]}],"is_beta":false,"boss_relics":[{"not_picked":["Empty Cage","Velvet Choker"],"picked":"Fusion Hammer"},{"not_picked":["infinitespire:Cupcake","StSpp:FireArrow"],"picked":"Cursed Key"}],"items_purged_floors":[4],"is_endless":true,"potions_floor_spawned":[1,5,6,8,18,30,31,35,36,37],"killed_by":"Jaw Worm Horde","ascension_level":0}}