{"host":"6hzrz31j95f2y1pa","time":1612872970,"event":{"mods":["BaseMod","Colored Map","Downfall","Minty Spire (QoL Compilation)","StSLib"],"gold_per_floor":[99,99,99,91,91,122,122,152,176,176,200,32,46,81,109,192,192,92,102,114,114,12,39,39,39,67,85,78,112,112,148,167,167,167,167],"floor_reached":33,"language":"ENG","playtime":1505,"items_purged":["downfall:Malfunctioning"],"score":639,"play_id":"1bda1b94-ffad-4504-a261-7856de8dbef2","local_time":"20210209071610","is_ascension_mode":true,"campfire_choices":[{"data":"hexamod:Float","floor":1.0,"key":"SMITH"},{"floor":10.0,"key":"REST"},{"floor":18,"key":"RECALL"},{"floor":25,"key":"REST"}],"circlet_count":0,"master_deck":["AscendersBane","hexamod:Strike+1","hexamod:Strike","hexamod:Strike+1","hexamod:Strike","hexamod:Defend","hexamod:Defend","hexamod:Defend","hexamod:Defend","hexamod:Sear+1","hexamod:Float+1","hexamod:SecondSeal","hexamod:ThirdSeal","hexamod:FirstSeal","hexamod:Haunt","hexamod:Rewind","hexamod:RetreatToShadows","hexamod:NightmareGuise","hexamod:Incineration+1","hexamod:GhostShield","hexamod:PhantomFireball+1","hexamod:GhostLash+1","hexamod:ForkedFlame+1","hexamod:ThermalTransfer+1","hexamod:RainOfEmbers+1","hexamod:TurnItUp","hexamod:GhostShield","hexamod:StepThrough+1","hexamod:GhostOfSpirePast","Injury"],"relics":["hexamod:SpiritBrand","downfall:HeartsMalice","Regal Pillow","Molten Egg 2","Bottled Tornado","Eternal Feather","Cursed Key","downfall:HeartBlessingGreen","HornCleat","Vajra"],"acts_visited":["Exordium","TheCity"],"potions_floor_usage":[19,29,31,33],"damage_taken":[{"damage":0.0,"enemies":"Jaw Worm","floor":2.0,"turns":1.0},{"damage":0.0,"enemies":"Small Slimes","floor":5.0,"turns":1.0},{"damage":0.0,"enemies":"3 Sentries","floor":6.0,"turns":1.0},{"damage":32.0,"enemies":"Gremlin Nob","floor":8.0,"turns":5.0},{"damage":1.0,"enemies":"Cultist","floor":9.0,"turns":5.0},{"damage":8.0,"enemies":"3 Louse","floor":11.0,"turns":5.0},{"damage":5,"enemies":"downfall:FleeingMerchant","floor":12,"turns":4},{"damage":2,"enemies":"Exordium Thugs","floor":13,"turns":3},{"damage":11,"enemies":"Lagavulin","floor":14,"turns":6},{"damage":0,"enemies":"Large Slime","floor":15,"turns":3},{"damage":15,"enemies":"SI_SHIV_ARCHETYPE","floor":16,"turns":8},{"damage":1,"enemies":"Shell Parasite","floor":19,"turns":3},{"damage":14,"enemies":"Centurion and Healer","floor":20,"turns":4},{"damage":0,"enemies":"downfall:FleeingMerchant","floor":22,"turns":4},{"damage":11,"enemies":"Snecko","floor":23,"turns":5},{"damage":7,"enemies":"Cultist and Chosen","floor":26,"turns":5},{"damage":6,"enemies":"Centurion and Healer","floor":27,"turns":6},{"damage":6,"enemies":"downfall:FleeingMerchant","floor":28,"turns":4},{"damage":6,"enemies":"Book of Stabbing","floor":29,"turns":4},{"damage":50,"enemies":"Gremlin Leader","floor":31,"turns":6},{"damage":6,"enemies":"3 Cultists","floor":32,"turns":5},{"damage":26,"enemies":"WA_ARCHETYPE_CALM","floor":33,"turns":5}],"seed_played":"-8413491734294356011","potions_obtained":[{"floor":8.0,"key":"FairyPotion"},{"floor":13,"key":"hexamod:EctoCoolerPotion"},{"floor":14,"key":"champ:CounterPotion"},{"floor":23,"key":"SpeedPotion"},{"floor":26,"key":"AttackPotion"},{"floor":27,"key":"Dexterity Potion"},{"floor":30,"key":"CultistPotion"},{"floor":32,"key":"DistilledChaos"}],"is_trial":false,"path_per_floor":["R","M","?","?","M","E","T","E","M","R","M","$","M","E","M","B",null,"R","M","M","?","$","M","T","R","M","M","$","E","?","E","M","B"],"character_chosen":"THE_SPIRIT","items_purchased":["hexamod:PhantomFireball+1","hexamod:StepThrough+1"],"campfire_rested":2,"item_purchase_floors":[12,22],"current_hp_per_floor":[57,57,57,50,50,50,50,25,31,63,55,57,55,51,58,50,60,63,63,56,39,46,42,42,68,68,68,68,68,68,25,26,0,0,0],"gold":167,"neow_bonus":"THREE_ENEMY_KILL","is_daily":false,"chose_seed":false,"campfire_upgraded":1,"win_rate":0.0,"timestamp":1612872970,"path_taken":["R","M","?","?","M","E","T","E","M","R","M","$","M","E","M","BOSS","R","M","M","?","$","M","T","R","M","M","$","E","?","E","M","BOSS"],"items_purchased_type":["Card","Card"],"build_version":"2020-12-22","purchased_purges":1,"victory":false,"max_hp_per_floor":[63,63,63,63,63,63,63,63,63,63,63,63,63,63,63,63,63,63,63,63,68,68,68,68,68,68,68,68,68,68,68,68,68,68,68],"card_choices":[{"not_picked":["hexamod:GhostflameBarrier","hexamod:FlamesFromBeyond"],"picked":"hexamod:Hexaguard","floor":2.0},{"not_picked":["hexamod:SkipABeat","hexamod:NightmareStrike"],"picked":"hexamod:Haunt","floor":5.0},{"not_picked":["hexamod:RadiantFlame","hexamod:PowerFromBeyond"],"picked":"hexamod:Rewind","floor":6.0},{"not_picked":["hexamod:ChargedBarrage","hexamod:CatchUp"],"picked":"hexamod:RetreatToShadows","floor":8.0},{"not_picked":["hexamod:EmpoweredFlame","hexamod:GhostShield"],"picked":"hexamod:NightmareGuise","floor":9.0},{"not_picked":["hexamod:Incineration+1","hexamod:InspiringFlames","hexamod:SecondSeal"],"picked":"SKIP","floor":11},{"not_picked":["hexamod:InspiringFlames","hexamod:SecondSeal"],"picked":"hexamod:Incineration+1","floor":11},{"not_picked":["hexamod:Toasty+1","hexamod:AdvancingGuard"],"picked":"hexamod:GhostShield","floor":12},{"not_picked":["hexamod:FlamesFromBeyond","hexamod:FastForward","hexamod:BurningTouch"],"picked":"SKIP","floor":12},{"not_picked":["hexamod:SwordOfDarkness+1","hexamod:SkipABeat"],"picked":"hexamod:GhostLash+1","floor":13},{"not_picked":["hexamod:GhostLash+1","hexamod:GhostflameBarrier"],"picked":"hexamod:ForkedFlame+1","floor":14},{"not_picked":["hexamod:SuperheatedStrike+1","hexamod:HauntingEcho+1","hexamod:ThermalTransfer+1"],"picked":"SKIP","floor":14},{"not_picked":["hexamod:SuperheatedStrike+1","hexamod:HauntingEcho+1"],"picked":"hexamod:ThermalTransfer+1","floor":14},{"not_picked":["hexamod:HeatCrush+1","hexamod:InspiringFlames"],"picked":"hexamod:RainOfEmbers+1","floor":15},{"not_picked":["hexamod:SoulSteal","hexamod:ShieldOfDarkness","hexamod:SwordOfDarkness+1"],"picked":"SKIP","floor":15},{"not_picked":["hexamod:TimeOfNeed","hexamod:HexaLevel"],"picked":"hexamod:TurnItUp","floor":16},{"not_picked":["hexamod:BurningTouch","hexamod:NightmareStrike+1","hexamod:HauntingEcho+1"],"picked":"SKIP","floor":19},{"not_picked":["hexamod:GhostOfSpirePast","hexamod:ApocalypseNow"],"picked":"hexamod:GhostShield","floor":20},{"not_picked":["hexamod:ThermalTransfer+1","hexamod:NightmareStrike+1","hexamod:FastForward"],"picked":"SKIP","floor":20},{"not_picked":["hexamod:BacktrackSmack+1","hexamod:GhostShield","hexamod:ChargedBarrage"],"picked":"SKIP","floor":22},{"not_picked":["hexamod:Haunt","hexamod:FlamesFromBeyond","hexamod:PowerFromBeyond"],"picked":"SKIP","floor":22},{"not_picked":["hexamod:Incineration+1","hexamod:BacktrackSmack+1"],"picked":"hexamod:GhostOfSpirePast","floor":23},{"not_picked":["hexamod:BurningTouch","hexamod:NightmareStrike+1","hexamod:SoulSteal"],"picked":"SKIP","floor":23},{"not_picked":["hexamod:SpectralAdrenaline+1","hexamod:Haunt","hexamod:GhostflameBarrier+1"],"picked":"SKIP","floor":26},{"not_picked":["hexamod:HauntingEcho+1","hexamod:SkipABeat","hexamod:Hexaguard"],"picked":"SKIP","floor":26},{"not_picked":["hexamod:InspiringFlames+1","hexamod:AdvancingGuard","hexamod:CatchUp"],"picked":"SKIP","floor":27},{"not_picked":["hexamod:Firestarter+1","hexamod:NightmareStrike+1","hexamod:PowerFromBeyond"],"picked":"SKIP","floor":27},{"not_picked":["hexamod:NightmareStrike+1","hexamod:SixthSeal","hexamod:PowerFromBeyond"],"picked":"SKIP","floor":28},{"not_picked":["hexamod:Rewind","hexamod:GhostLash+1","hexamod:Firestarter+1"],"picked":"SKIP","floor":28},{"not_picked":["hexamod:StepThrough+1","hexamod:FastForward","hexamod:Toasty+1"],"picked":"SKIP","floor":29},{"not_picked":["hexamod:BacktrackSmack+1","hexamod:FirstSeal","hexamod:Hexaguard"],"picked":"SKIP","floor":31},{"not_picked":["hexamod:AdvancingGuard","hexamod:NightmareGuise","hexamod:NightmareStrike+1"],"picked":"SKIP","floor":32},{"not_picked":["hexamod:SwordOfDarkness+1","hexamod:PhantomCloak","hexamod:Haunt"],"picked":"SKIP","floor":32}],"player_experience":1412540,"relics_obtained":[{"floor":6.0,"key":"Regal Pillow"},{"floor":7.0,"key":"Molten Egg 2"},{"floor":8.0,"key":"Bottled Tornado"},{"floor":14,"key":"Eternal Feather"},{"floor":29,"key":"HornCleat"},{"floor":31,"key":"Vajra"}],"event_choices":[],"is_beta":false,"boss_relics":[{"not_picked":["Busted Crown","Empty Cage"],"picked":"Cursed Key"}],"items_purged_floors":[12],"is_endless":false,"potions_floor_spawned":[8,13,14,15,23,26,27,32],"killed_by":"WA_ARCHETYPE_CALM","ascension_level":16}}