{"host":"s7f8yj5urueb7fy1","time":1612846629,"event":{"mods":["Act Like it!","Bard","BaseMod","Better Third Choice","Conspire","Downfall","Hallownest","Minty Spire (QoL Compilation)","Shop Mod","Somnambulant","StSLib","The Bug Knight","The Cursed","The Hierophant","The Jungle","TheFirefly","Wandering Minibosses"],"gold_per_floor":[99,110,156,188,188,88,88,88,73,106,106,126,151,82,101,199,199,199,149,163,163,213,228,307,307,307],"floor_reached":25,"language":"ENG","playtime":2446,"items_purged":[],"score":217,"play_id":"09128632-33db-4722-80a4-2ee65c01addb","local_time":"20210208205709","is_ascension_mode":false,"campfire_choices":[{"floor":1,"key":"RECALL"},{"floor":6,"key":"REST"},{"data":"TheCursedMod:VoidForm","floor":8,"key":"SMITH"},{"floor":11,"key":"REST"},{"data":"TheCursedMod:SpitefulPlan","floor":18,"key":"SMITH"}],"circlet_count":0,"master_deck":["TheCursedMod:Strike_TheCursed","TheCursedMod:Strike_TheCursed","TheCursedMod:Strike_TheCursed","TheCursedMod:Strike_TheCursed","TheCursedMod:Defend_TheCursed","TheCursedMod:Defend_TheCursed","TheCursedMod:Defend_TheCursed","TheCursedMod:Defend_TheCursed","TheCursedMod:CursedWand","TheCursedMod:CleanUpWorkshop","TheCursedMod:Dregs","TheCursedMod:Obscuration","TheCursedMod:LuckyCharm","TheCursedMod:VoidForm+1","TheCursedMod:CursedBoomerang","TheCursedMod:Grudge","TheCursedMod:Wield","TheCursedMod:SpitefulPlan+1","TheCursedMod:CursedAmulet","TheCursedMod:StunningStrike","TheCursedMod:WearCloak+1","Shame","TheCursedMod:CursedSpellbook+1"],"relics":["Black Star","Slimebound:PreparedRelic","InkBottle","Bag of Marbles","Hallownest:DreamNailRelic","downfall:HeartBlessingRed","Mummified Hand","Anchor","Pantograph","Meat on the Bone","Ancient Tea Set","Sozu","theJungle:SneckoAutograph","Lantern","conspire:BottledYoYo"],"acts_visited":["Hallownest:Greenpath","Hallownest:Greenpath"],"potions_floor_usage":[4,13,16,25],"damage_taken":[{"damage":6,"enemies":"Hallownest:2_Tiktiks_and_1_Crawlid","floor":2,"turns":4},{"damage":27,"enemies":"conspire:MimicChest","floor":3,"turns":10},{"damage":7,"enemies":"Hallownest:eliteVengeflyKing","floor":4,"turns":12},{"damage":0,"enemies":"downfall:FleeingMerchant","floor":9,"turns":4},{"damage":21,"enemies":"Hallownest:eliteCrystalGuardian","floor":10,"turns":7},{"damage":0,"enemies":"Hallownest:monsterHuskGuard","floor":12,"turns":3},{"damage":5,"enemies":"Hallownest:eliteVengeflyKing","floor":13,"turns":7},{"damage":5,"enemies":"downfall:FleeingMerchant","floor":14,"turns":4},{"damage":1,"enemies":"Hallownest:monsterHuskWarrior","floor":15,"turns":3},{"damage":23,"enemies":"DF_ARCHETYPE_STREAMLINE","floor":16,"turns":8},{"damage":14,"enemies":"theJungle:Flameango_and_Byrd","floor":19,"turns":7},{"damage":8,"enemies":"theJungle:MUSHROOMGANG","floor":20,"turns":5},{"damage":38,"enemies":"theJungle:Snecko_Cultist_And_Trap","floor":23,"turns":6},{"damage":35,"enemies":"theJungle:2_Snecko_Cultists","floor":25,"turns":2}],"seed_played":"-8303218355845968932","potions_obtained":[{"floor":3,"key":"DuplicationPotion"},{"floor":10,"key":"hexamod:SoulburnPotion"},{"floor":13,"key":"Dexterity Potion"},{"floor":15,"key":"Ancient Potion"}],"is_trial":false,"path_per_floor":["R","M","?","?","?","R","T","R","$","E","R","M","E","$","M","B",null,"R","M","M","?","T","M","T","M"],"character_chosen":"THE_CURSED","items_purchased":["TheCursedMod:CursedAmulet"],"campfire_rested":2,"item_purchase_floors":[14],"current_hp_per_floor":[75,69,42,35,35,57,57,57,57,36,58,58,53,48,47,49,75,75,61,53,53,53,27,27,0,0],"gold":307,"neow_bonus":"BOSS_RELIC","is_daily":false,"chose_seed":false,"campfire_upgraded":2,"win_rate":0.0,"timestamp":1612846629,"path_taken":["R","M","?","?","?","R","T","R","$","E","R","M","E","$","M","BOSS","R","M","?","?","?","M","T","M"],"items_purchased_type":["Card"],"build_version":"2020-12-22","purchased_purges":0,"victory":false,"max_hp_per_floor":[75,75,75,75,75,75,75,75,75,75,75,75,75,75,75,75,75,75,75,75,75,75,75,75,75,75],"card_choices":[{"not_picked":["TheCursedMod:CircleOfCorruption","TheCursedMod:Stretching"],"picked":"TheCursedMod:Obscuration","floor":2},{"not_picked":["TheCursedMod:VitalStrike","TheCursedMod:Stretching"],"picked":"TheCursedMod:LuckyCharm","floor":3},{"not_picked":["TheCursedMod:CursedShiv","TheCursedMod:PrepareRite"],"picked":"TheCursedMod:VoidForm","floor":4},{"not_picked":["TheCursedMod:SoulCrush","TheCursedMod:PrepareRite","TheCursedMod:CircleOfFocus"],"picked":"SKIP","floor":9},{"not_picked":["TheCursedMod:SmokeScreen","TheCursedMod:WearCloak"],"picked":"TheCursedMod:CursedBoomerang","floor":10},{"not_picked":["TheCursedMod:Evocation","TheCursedMod:CursedArmor"],"picked":"TheCursedMod:Grudge","floor":12},{"not_picked":["TheCursedMod:RavingStaff","TheCursedMod:FleshFromBone"],"picked":"TheCursedMod:Wield","floor":13},{"not_picked":["TheCursedMod:Wield","TheCursedMod:SpreadPlague"],"picked":"TheCursedMod:SpitefulPlan","floor":14},{"not_picked":["TheCursedMod:SpreadPlague","TheCursedMod:CircleOfCorruption","TheCursedMod:Evocation"],"picked":"SKIP","floor":15},{"not_picked":["TheCursedMod:ShockAndAwe","TheCursedMod:DemonicPact"],"picked":"TheCursedMod:StunningStrike","floor":16},{"not_picked":["TheCursedMod:FleshFromBone","TheCursedMod:CircleOfBlood","TheCursedMod:Wield"],"picked":"SKIP","floor":19},{"not_picked":["TheCursedMod:SpitefulStrike","TheCursedMod:CircleOfFlame"],"picked":"TheCursedMod:WearCloak+1","floor":20},{"not_picked":["TheCursedMod:FleshFromBone","TheCursedMod:Obscuration"],"picked":"TheCursedMod:CursedSpellbook+1","floor":23}],"player_experience":413735,"relics_obtained":[{"floor":3,"key":"Slimebound:PreparedRelic"},{"floor":4,"key":"InkBottle"},{"floor":4,"key":"Bag of Marbles"},{"floor":7,"key":"Mummified Hand"},{"floor":10,"key":"Anchor"},{"floor":10,"key":"Pantograph"},{"floor":13,"key":"Meat on the Bone"},{"floor":13,"key":"Ancient Tea Set"},{"floor":22,"key":"Lantern"},{"floor":24,"key":"conspire:BottledYoYo"}],"event_choices":[],"is_beta":false,"boss_relics":[{"not_picked":["Busted Crown","Snecko Eye"],"picked":"Sozu"}],"items_purged_floors":[],"is_endless":false,"potions_floor_spawned":[3,10,13,15,20],"killed_by":"theJungle:2_Snecko_Cultists","ascension_level":0}}