{"host":"oigynbtg272c19pw","time":1612870131,"event":{"mods":["BaseMod","Colored Map","Minty Spire (QoL Compilation)","Relic Stats","Slay the Relics Exporter","StSLib"],"gold_per_floor":[109,109,34,34,49,74,89,118,118,118,443,454,89,103,103,103,103],"floor_reached":16,"playtime":619,"items_purged":["Strike_G","Strike_G"],"score":290,"play_id":"b58221dc-7aec-40f5-8484-3aca9aa917c1","local_time":"20210209122851","is_ascension_mode":true,"campfire_choices":[{"data":"Underhanded Strike","floor":10.0,"key":"SMITH"},{"data":"Footwork","floor":15,"key":"SMITH"}],"circlet_count":0,"master_deck":["AscendersBane","Strike_G","Strike_G","Defend_G","Defend_G","Defend_G","Defend_G","Defend_G","Survivor","Neutralize","Underhanded Strike+1","Acrobatics","After Image","Sucker Punch","Outmaneuver","Skewer","Endless Agony","Footwork+1","Backflip","Blade Dance"],"relics":["Ring of the Snake","NeowsBlessing","Bag of Preparation","HornCleat","PreservedInsect","Old Coin","Medical Kit"],"acts_visited":["Exordium"],"potions_floor_usage":[],"damage_taken":[{"damage":0.0,"enemies":"Small Slimes","floor":1.0,"turns":1.0},{"damage":0.0,"enemies":"Cultist","floor":5.0,"turns":1.0},{"damage":0.0,"enemies":"3 Sentries","floor":6.0,"turns":1.0},{"damage":0.0,"enemies":"Jaw Worm","floor":7.0,"turns":4.0},{"damage":32.0,"enemies":"Lagavulin","floor":8.0,"turns":11.0},{"damage":13.0,"enemies":"3 Sentries","floor":11.0,"turns":11.0},{"damage":1,"enemies":"2 Fungi Beasts","floor":12,"turns":4},{"damage":0,"enemies":"Looter","floor":14,"turns":4},{"damage":53,"enemies":"Slime Boss","floor":16,"turns":8}],"seed_played":"2029379638385212247","potions_obtained":[{"floor":6.0,"key":"Strength Potion"},{"floor":8.0,"key":"FairyPotion"}],"is_trial":false,"path_per_floor":["M","?","$","?","M","E","M","E","T","R","E","M","$","M","R","B"],"character_chosen":"THE_SILENT","items_purchased":["Footwork","Medical Kit","Backflip"],"campfire_rested":0,"item_purchase_floors":[13,13,13],"current_hp_per_floor":[59,52,52,66,66,66,66,34,34,34,21,20,20,20,20,3,3],"gold":103,"neow_bonus":"THREE_ENEMY_KILL","is_daily":false,"chose_seed":false,"campfire_upgraded":2,"win_rate":0.0,"timestamp":1612870131,"path_taken":["M","?","$","?","?","E","M","E","T","R","E","M","?","M","R","BOSS"],"items_purchased_type":["Card","Relic","Card"],"build_version":"2020-12-13","purchased_purges":2,"victory":false,"max_hp_per_floor":[66,66,66,66,66,66,66,66,66,66,66,66,66,66,66,66,66],"relic_stats":{"counters":[9,45],"PreservedInsect":34,"Bag of Preparation":[12],"Medical Kit":[0],"obtain_stats":[{"HornCleat":8,"NeowsBlessing":0,"PreservedInsect":9,"Bag of Preparation":6,"Medical Kit":13,"Ring of the Snake":0,"Old Coin":11},{"HornCleat":5,"NeowsBlessing":0,"PreservedInsect":5,"Bag of Preparation":3,"Medical Kit":7,"Ring of the Snake":0,"Old Coin":6},{"HornCleat":18,"NeowsBlessing":0,"PreservedInsect":18,"Bag of Preparation":3,"Medical Kit":33,"Ring of the Snake":0,"Old Coin":29}],"Ring of the Snake":[19]},"card_choices":[{"not_picked":["Dagger Throw","Distraction"],"picked":"Underhanded Strike","floor":1.0},{"not_picked":["Deflect","Underhanded Strike"],"picked":"Acrobatics","floor":5.0},{"not_picked":["Bane","Quick Slash"],"picked":"After Image","floor":6.0},{"not_picked":["Deflect","Outmaneuver"],"picked":"Sucker Punch","floor":7.0},{"not_picked":["Acrobatics","Infinite Blades"],"picked":"Outmaneuver","floor":8.0},{"not_picked":["Quick Slash","Choke"],"picked":"Skewer","floor":11.0},{"not_picked":["Backflip","Prepared"],"picked":"Endless Agony","floor":12},{"not_picked":["Dagger Throw","A Thousand Cuts"],"picked":"Blade Dance","floor":14}],"player_experience":1572862,"relics_obtained":[{"floor":6.0,"key":"Bag of Preparation"},{"floor":8.0,"key":"HornCleat"},{"floor":9.0,"key":"PreservedInsect"},{"floor":11.0,"key":"Old Coin"}],"event_choices":[{"cards_removed":["Strike_G"],"damage_healed":0.0,"max_hp_gain":0.0,"max_hp_loss":0.0,"gold_gain":0.0,"event_name":"Golden Wing","player_choice":"Card Removal","floor":2.0,"gold_loss":0.0,"damage_taken":7.0},{"damage_healed":14.0,"max_hp_gain":0.0,"max_hp_loss":0.0,"gold_gain":0.0,"event_name":"Wheel of Change","player_choice":"Full Heal","floor":4.0,"gold_loss":0.0,"damage_taken":0.0}],"is_beta":false,"boss_relics":[],"items_purged_floors":[3,13],"is_endless":false,"potions_floor_spawned":[6,8],"killed_by":"Slime Boss","ascension_level":20}}