{"host":"41vgbr386mrj4p17","time":1612855203,"event":{"mods":["AchievementEnabler","AlwaysNeverKeys","BaseMod","Bestiary","Better Altar","Better Match","Better Note","Better Sensory Stone","Better Skull","Better Third Choice","Colored Map","Curses Come First","Downfall","Googly Eyes","Hermit","Highlight Path","Minty Spire (QoL Compilation)","Shade Mod","StSLib","The Cursed"],"gold_per_floor":[118,135,135,148,158,193,193,208,208,208,208,208,208,208],"floor_reached":13,"language":"ENG","playtime":815,"items_purged":[],"score":119,"play_id":"1b1988e4-31fd-4ea3-99ef-b1eb8673810b","local_time":"20210209022003","is_ascension_mode":true,"campfire_choices":[{"data":"TheCursedMod:CleanUpWorkshop","floor":7,"key":"SMITH"},{"data":"TheCursedMod:TroublousMinions","floor":10,"key":"SMITH"},{"floor":12,"key":"REST"}],"circlet_count":0,"master_deck":["TheCursedMod:Strike_TheCursed","TheCursedMod:Strike_TheCursed+1","TheCursedMod:Strike_TheCursed","TheCursedMod:Strike_TheCursed","TheCursedMod:Defend_TheCursed+1","TheCursedMod:Defend_TheCursed","TheCursedMod:Defend_TheCursed","TheCursedMod:Defend_TheCursed","TheCursedMod:CursedWand","TheCursedMod:CleanUpWorkshop+1","TheCursedMod:Dregs","Shame","TheCursedMod:TroublousMinions+1","TheCursedMod:SurpriseAttack","TheCursedMod:FleshFromBone"],"relics":["TheCursedMod:BlackMagic101","StoneCalendar","WingedGreaves"],"acts_visited":["Exordium"],"potions_floor_usage":[5,5,5,5,6,13],"damage_taken":[{"damage":2,"enemies":"Jaw Worm","floor":1,"turns":5},{"damage":18,"enemies":"Cultist","floor":2,"turns":6},{"damage":0,"enemies":"2 Louse","floor":4,"turns":2},{"damage":11,"enemies":"Exordium Thugs","floor":5,"turns":5},{"damage":25,"enemies":"3 Sentries","floor":6,"turns":11},{"damage":14,"enemies":"Exordium Wildlife","floor":8,"turns":6},{"damage":78,"enemies":"Gremlin Nob","floor":13,"turns":5}],"seed_played":"-550638503372941716","potions_obtained":[{"floor":2,"key":"FearPotion"},{"floor":8,"key":"Energy Potion"}],"is_trial":false,"path_per_floor":["M","M","?","M","M","E","R","M","T","R","?","R","E"],"character_chosen":"THE_CURSED","items_purchased":[],"campfire_rested":1,"item_purchase_floors":[],"current_hp_per_floor":[66,48,85,85,74,49,49,35,35,35,18,43,0,0],"gold":208,"neow_bonus":"THREE_RARE_CARDS","is_daily":false,"chose_seed":false,"campfire_upgraded":2,"win_rate":0.0,"timestamp":1612855203,"path_taken":["M","M","?","M","?","E","R","M","T","R","?","R","E"],"items_purchased_type":[],"build_version":"2020-12-22","purchased_purges":0,"victory":false,"max_hp_per_floor":[75,75,85,85,85,85,85,85,85,85,85,85,85,85],"card_choices":[{"not_picked":["TheCursedMod:CursedRelics","TheCursedMod:ParallelWorld"],"picked":"TheCursedMod:ForbiddenAlchemy","floor":0},{"not_picked":["TheCursedMod:EmpowerCircles","TheCursedMod:CircleOfFocus","TheCursedMod:Wield"],"picked":"SKIP","floor":1},{"not_picked":["TheCursedMod:AshesToAshes","TheCursedMod:VitalStrike"],"picked":"TheCursedMod:TroublousMinions","floor":2},{"not_picked":["TheCursedMod:Evocation","TheCursedMod:DoubleShield","TheCursedMod:CursedBlade"],"picked":"SKIP","floor":4},{"not_picked":["TheCursedMod:EmpowerCircles","TheCursedMod:Torture"],"picked":"TheCursedMod:SurpriseAttack","floor":5},{"not_picked":["TheCursedMod:WearCloak","TheCursedMod:VitalStrike","TheCursedMod:Evocation"],"picked":"SKIP","floor":6},{"not_picked":["TheCursedMod:CircleOfFlame","TheCursedMod:UltimatePain"],"picked":"TheCursedMod:FleshFromBone","floor":8}],"player_experience":1062584,"relics_obtained":[{"floor":6,"key":"StoneCalendar"},{"floor":9,"key":"WingedGreaves"}],"event_choices":[{"cards_removed":["TheCursedMod:ForbiddenAlchemy"],"damage_healed":27,"gold_gain":0,"player_choice":"Offered Rare","damage_taken":0,"max_hp_gain":10,"max_hp_loss":0,"event_name":"Bonfire Elementals","floor":3,"gold_loss":0},{"damage_healed":35,"gold_gain":0,"player_choice":"Upgrade","damage_taken":17,"max_hp_gain":0,"max_hp_loss":85,"event_name":"betterThird:BetterShining","floor":11,"gold_loss":0,"cards_upgraded":["TheCursedMod:Defend_TheCursed","TheCursedMod:Strike_TheCursed"]}],"is_beta":false,"boss_relics":[],"items_purged_floors":[],"is_endless":false,"potions_floor_spawned":[2,8],"killed_by":"Gremlin Nob","ascension_level":8}}