{"host":"oehe2dxjvdgux73m","time":1612889179,"event":{"mods":["AchievementEnabler","BaseMod","Colored Map","Colored Powertips","DeckTracker","Keyboard Shortcuts","Minty Spire (QoL Compilation)","Permanent Neow","Quick Restart","StSLib","SuperFastMode"],"gold_per_floor":[111,124,198,38,49,49,65,94,94,19,19,19,30,42,42,115,115,127,17,28,43,76,76,87,87,87,87,103,103,115,131,131,131,131],"floor_reached":33,"language":"KOR","playtime":827,"items_purged":["Strike_G"],"score":502,"play_id":"09c84eb6-5eb0-4985-aef1-2e6969f3518f","local_time":"20210210014619","is_ascension_mode":true,"campfire_choices":[{"data":"Flechettes","floor":6.0,"key":"SMITH"},{"data":"Bullet Time","floor":11.0,"key":"SMITH"},{"data":"Prepared","floor":15.0,"key":"SMITH"},{"data":"Acrobatics","floor":23.0,"key":"SMITH"},{"data":"Neutralize","floor":25.0,"key":"SMITH"},{"data":"Adrenaline","floor":27.0,"key":"SMITH"},{"data":"Skewer","floor":29.0,"key":"SMITH"},{"floor":32.0,"key":"REST"}],"circlet_count":0,"master_deck":["AscendersBane","Strike_G+1","Strike_G","Strike_G","Defend_G","Defend_G","Defend_G","Defend_G","Defend_G","Survivor","Neutralize+1","Corpse Explosion","Dagger Throw","Masterful Stab","Flechettes+1","Backflip","Bullet Time+1","Prepared+1","Adrenaline+1","PiercingWail+1","Acrobatics+1","Deadly Poison","Dodge and Roll+1","Outmaneuver+1","Skewer+1","Acrobatics","PiercingWail"],"relics":["Ring of the Snake","StrikeDummy","TwistedFunnel","Pen Nib","FossilizedHelix","SacredBark","Red Mask","White Beast Statue"],"acts_visited":["Exordium","TheCity"],"potions_floor_usage":[33,33],"damage_taken":[{"damage":1.0,"enemies":"Cultist","floor":1.0,"turns":4.0},{"damage":5.0,"enemies":"Small Slimes","floor":2.0,"turns":4.0},{"damage":0.0,"enemies":"2 Louse","floor":5.0,"turns":2.0},{"damage":0.0,"enemies":"Red Slaver","floor":7.0,"turns":3.0},{"damage":15.0,"enemies":"3 Sentries","floor":8.0,"turns":3.0},{"damage":0.0,"enemies":"Blue Slaver","floor":13.0,"turns":2.0},{"damage":0.0,"enemies":"3 Louse","floor":14.0,"turns":1.0},{"damage":41.0,"enemies":"The Guardian","floor":16.0,"turns":11.0},{"damage":1.0,"enemies":"3 Byrds","floor":18.0,"turns":3.0},{"damage":10.0,"enemies":"Spheric Guardian","floor":20.0,"turns":4.0},{"damage":3.0,"enemies":"Centurion and Healer","floor":21.0,"turns":6.0},{"damage":0.0,"enemies":"Masked Bandits","floor":22.0,"turns":1.0},{"damage":3.0,"enemies":"Shelled Parasite and Fungi","floor":24.0,"turns":6.0},{"damage":9.0,"enemies":"Snake Plant","floor":28.0,"turns":5.0},{"damage":0.0,"enemies":"Centurion and Healer","floor":30.0,"turns":4.0},{"damage":0.0,"enemies":"Chosen and Byrds","floor":31.0,"turns":2.0},{"damage":55,"enemies":"Collector","floor":33,"turns":6}],"seed_played":"2962040173460546875","potions_obtained":[{"floor":7.0,"key":"AttackPotion"},{"floor":8.0,"key":"DuplicationPotion"},{"floor":20.0,"key":"Dexterity Potion"},{"floor":30.0,"key":"GamblersBrew"}],"is_trial":false,"path_per_floor":["M","M","T","$","M","R","M","E","T","$","R","?","M","M","R","B",null,"M","?","M","M","?","R","M","R","T","R","M","R","M","M","R","B"],"character_chosen":"THE_SILENT","items_purchased":["TwistedFunnel"],"campfire_rested":1,"item_purchase_floors":[4],"current_hp_per_floor":[58,53,53,53,53,53,53,38,38,38,38,43,43,43,43,2,54,53,53,43,40,40,40,37,37,37,37,28,28,28,28,49,0,0],"gold":131,"neow_bonus":"ONE_RANDOM_RARE_CARD","is_daily":false,"chose_seed":false,"campfire_upgraded":7,"win_rate":0.0,"timestamp":1612889179,"path_taken":["M","M","?","$","M","R","M","E","T","$","R","?","M","M","R","BOSS","M","?","?","M","?","R","M","R","T","R","M","R","M","M","R","BOSS"],"items_purchased_type":["Relic"],"build_version":"2020-12-22","purchased_purges":1,"victory":false,"max_hp_per_floor":[66,66,66,66,66,66,66,66,66,66,66,71,71,71,71,71,71,71,71,71,71,71,71,71,71,71,71,71,71,71,71,71,71,71],"card_choices":[{"not_picked":["Flying Knee","Dodge and Roll"],"picked":"Dagger Throw","floor":1.0},{"not_picked":["Backflip","Outmaneuver"],"picked":"Masterful Stab","floor":2.0},{"not_picked":["Outmaneuver","Blade Dance"],"picked":"Flechettes","floor":5.0},{"not_picked":["Skewer","Masterful Stab"],"picked":"Backflip","floor":7.0},{"not_picked":["Deflect","Dodge and Roll"],"picked":"Bullet Time","floor":8.0},{"not_picked":["Bane","Dagger Spray","Expertise"],"picked":"SKIP","floor":13.0},{"not_picked":["Dodge and Roll","Poisoned Stab"],"picked":"Prepared","floor":14.0},{"not_picked":["Tools of the Trade","Die Die Die"],"picked":"Adrenaline","floor":16.0},{"not_picked":["Setup+1","Cloak And Dagger"],"picked":"PiercingWail+1","floor":18.0},{"not_picked":["Outmaneuver","Quick Slash"],"picked":"Acrobatics","floor":20.0},{"not_picked":["Poisoned Stab","Backstab"],"picked":"Deadly Poison","floor":21.0},{"not_picked":["Bane","Dagger Throw"],"picked":"Dodge and Roll+1","floor":22.0},{"not_picked":["Bullet Time","Dagger Throw"],"picked":"Outmaneuver+1","floor":24.0},{"not_picked":["Quick Slash","Deflect"],"picked":"Skewer","floor":28.0},{"not_picked":["Flechettes","Flying Knee"],"picked":"Acrobatics","floor":30.0},{"not_picked":["Dagger Spray","Dodge and Roll"],"picked":"PiercingWail","floor":31.0}],"player_experience":443515,"relics_obtained":[{"floor":3.0,"key":"StrikeDummy"},{"floor":8.0,"key":"Pen Nib"},{"floor":9.0,"key":"FossilizedHelix"},{"floor":22.0,"key":"Red Mask"},{"floor":26.0,"key":"White Beast Statue"}],"event_choices":[{"damage_healed":0.0,"max_hp_gain":5.0,"max_hp_loss":0.0,"gold_gain":0.0,"event_name":"Big Fish","player_choice":"Donut","floor":12.0,"gold_loss":0.0,"damage_taken":0.0},{"cards_removed":["Strike_G"],"damage_healed":0.0,"max_hp_gain":0.0,"max_hp_loss":0.0,"gold_gain":0.0,"event_name":"Designer","player_choice":"Upgrade and Remove","floor":19.0,"gold_loss":110.0,"damage_taken":0.0,"cards_upgraded":["Strike_G"]},{"damage_healed":0.0,"max_hp_gain":0.0,"max_hp_loss":0.0,"gold_gain":0.0,"event_name":"Masked Bandits","player_choice":"Fought Bandits","floor":22.0,"gold_loss":0.0,"damage_taken":0.0}],"is_beta":false,"boss_relics":[{"not_picked":["Ectoplasm","Ring of the Serpent"],"picked":"SacredBark"}],"items_purged_floors":[10],"is_endless":false,"potions_floor_spawned":[7,8,13,20,24,28,30,31],"killed_by":"Collector","ascension_level":20}}