{"host":"rb2p2z6v6vieend5","time":1612882060,"event":{"mods":["BaseMod","Block Reminder","Colored Map","DeckTracker","Highlight Path","Minty Spire (QoL Compilation)","Random Character Button","Relic Stats"],"gold_per_floor":[109,109,127,141,29,63,63,113,113,113,188,205,205,215,215,310,310,353,399,418,418,432,432,461,461,461,461,461,361,376,410,410,511,511,524,537,14,31,31,31,57,77,77,96,96,124,124,154,154,154],"floor_reached":51,"language":"ENG","playtime":4105,"items_purged":["Strike_P","Defend_P","Defend_P"],"score":1000,"play_id":"01d7d1df-62ca-4c14-ba8f-5e89aca0b60b","local_time":"20210209154740","is_ascension_mode":true,"campfire_choices":[{"data":"BattleHymn","floor":7,"key":"SMITH"},{"data":"JustLucky","floor":10,"key":"SMITH"},{"data":"JustLucky","floor":13,"key":"SMITH"},{"data":"Vigilance","floor":15,"key":"SMITH"},{"data":"Crescendo","floor":23,"key":"SMITH"},{"data":"SpiritShield","floor":25,"key":"SMITH"},{"data":"ClearTheMind","floor":32,"key":"SMITH"},{"data":"Ragnarok","floor":40,"key":"SMITH"},{"data":"Nirvana","floor":45,"key":"SMITH"},{"floor":49,"key":"REST"}],"circlet_count":0,"master_deck":["Defend_P","Eruption+1","Vigilance+1","JustLucky+1","Prostrate","JustLucky+1","BattleHymn+1","Prostrate","DeceiveReality","WindmillStrike","SpiritShield+1","Judgement+1","Brilliance+1","Wish+1","Weave","Crescendo+1","ClearTheMind+1","Ragnarok+1","CurseOfTheBell","Prostrate+1","TalkToTheHand+1","DeusExMachina","WindmillStrike+1","Nirvana+1","EmptyFist+1"],"relics":["NeowsBlessing","Strawberry","Bag of Preparation","Ornamental Fan","Astrolabe","Anchor","Sundial","Nloth\u0027s Gift","Gambling Chip","Calling Bell","Akabeko","Gremlin Horn","Prayer Wheel","Lee\u0027s Waffle","Eternal Feather","Molten Egg 2","InkBottle","TeardropLocket","Blue Candle"],"acts_visited":["Exordium","TheCity","TheBeyond"],"potions_floor_usage":[31,33,46,50,50,50],"damage_taken":[{"damage":0,"enemies":"2 Louse","floor":1,"turns":1},{"damage":0,"enemies":"Cultist","floor":3,"turns":1},{"damage":0,"enemies":"Jaw Worm","floor":4,"turns":1},{"damage":10,"enemies":"3 Sentries","floor":6,"turns":8},{"damage":0,"enemies":"Looter","floor":12,"turns":3},{"damage":3,"enemies":"3 Louse","floor":14,"turns":3},{"damage":1,"enemies":"Hexaghost","floor":16,"turns":7},{"damage":3,"enemies":"Spheric Guardian","floor":18,"turns":3},{"damage":0,"enemies":"Shell Parasite","floor":19,"turns":8},{"damage":3,"enemies":"Chosen and Byrds","floor":20,"turns":4},{"damage":15,"enemies":"Snake Plant","floor":22,"turns":6},{"damage":0,"enemies":"Book of Stabbing","floor":24,"turns":5},{"damage":0,"enemies":"Centurion and Healer","floor":30,"turns":5},{"damage":12,"enemies":"Slavers","floor":31,"turns":7},{"damage":33,"enemies":"Automaton","floor":33,"turns":7},{"damage":0,"enemies":"3 Shapes","floor":35,"turns":4},{"damage":30,"enemies":"3 Darklings","floor":36,"turns":8},{"damage":17,"enemies":"Spire Growth","floor":38,"turns":6},{"damage":8,"enemies":"Giant Head","floor":41,"turns":7},{"damage":27,"enemies":"Transient","floor":42,"turns":5},{"damage":7,"enemies":"Jaw Worm Horde","floor":44,"turns":4},{"damage":0,"enemies":"Reptomancer","floor":46,"turns":5},{"damage":30,"enemies":"Nemesis","floor":48,"turns":7},{"damage":42,"enemies":"Time Eater","floor":50,"turns":8}],"seed_played":"7355013734216601977","potions_obtained":[{"floor":1,"key":"Dexterity Potion"},{"floor":12,"key":"BlessingOfTheForge"},{"floor":19,"key":"BlessingOfTheForge"},{"floor":31,"key":"Fire Potion"},{"floor":35,"key":"Ancient Potion"},{"floor":36,"key":"SteroidPotion"},{"floor":48,"key":"DistilledChaos"}],"is_trial":false,"path_per_floor":["M","?","M","M","$","E","R","T","T","R","?","M","R","M","R","B",null,"M","M","M","?","M","R","E","R","T","?","?","$","M","E","R","B",null,"M","M","$","M","$","R","E","M","T","M","R","E","?","E","R","B",null],"character_chosen":"WATCHER","items_purchased":["BattleHymn","Lee\u0027s Waffle","Eternal Feather"],"campfire_rested":1,"item_purchase_floors":[5,37,37],"current_hp_per_floor":[72,72,72,72,72,69,69,69,69,69,58,58,58,55,55,54,73,70,70,67,67,52,52,52,52,52,78,78,78,78,66,66,33,68,68,38,86,69,69,81,73,46,46,39,54,54,54,24,64,22],"gold":154,"neow_bonus":"THREE_ENEMY_KILL","is_daily":false,"chose_seed":false,"campfire_upgraded":9,"win_rate":0.0,"timestamp":1612882060,"path_taken":["M","?","?","M","?","E","R","?","T","R","?","M","R","M","R","BOSS","M","M","M","?","M","R","E","R","T","?","?","$","?","E","R","BOSS","M","M","$","M","$","R","E","M","T","M","R","E","?","E","R","BOSS"],"items_purchased_type":["Card","Relic","Relic"],"build_version":"2020-12-22","purchased_purges":3,"victory":true,"max_hp_per_floor":[72,72,72,72,72,79,79,79,79,79,79,79,79,79,79,79,79,79,79,79,79,79,79,79,79,79,79,79,79,79,79,79,79,79,79,79,86,86,86,86,86,86,86,86,86,86,86,86,86,86],"relic_stats":{"Lee\u0027s Waffle":48,"Gremlin Horn":[11,11],"counters":[24,123],"Astrolabe":["Judgement","Brilliance","Wish"],"Blue Candle":[1],"Eternal Feather":42,"Bag of Preparation":[40],"Ornamental Fan":[176],"Sundial":[10],"Gambling Chip":[29],"Prayer Wheel":5,"Nloth\u0027s Gift":4,"obtain_stats":[{"Lee\u0027s Waffle":37,"NeowsBlessing":0,"Gremlin Horn":34,"Astrolabe":17,"Blue Candle":48,"Eternal Feather":37,"Bag of Preparation":8,"TeardropLocket":46,"Akabeko":34,"Calling Bell":34,"Anchor":24,"Ornamental Fan":9,"Sundial":26,"Strawberry":6,"Gambling Chip":31,"Prayer Wheel":34,"Molten Egg 2":41,"Nloth\u0027s Gift":28,"PureWater":0,"InkBottle":43},{"Lee\u0027s Waffle":17,"NeowsBlessing":0,"Gremlin Horn":15,"Astrolabe":7,"Blue Candle":23,"Eternal Feather":17,"Bag of Preparation":4,"TeardropLocket":22,"Akabeko":15,"Calling Bell":15,"Anchor":12,"Ornamental Fan":4,"Sundial":12,"Strawberry":4,"Gambling Chip":14,"Prayer Wheel":15,"Molten Egg 2":19,"Nloth\u0027s Gift":12,"PureWater":0,"InkBottle":20},{"Lee\u0027s Waffle":81,"NeowsBlessing":0,"Gremlin Horn":69,"Astrolabe":24,"Blue Candle":115,"Eternal Feather":81,"Bag of Preparation":11,"TeardropLocket":108,"Akabeko":69,"Calling Bell":69,"Anchor":50,"Ornamental Fan":11,"Sundial":50,"Strawberry":11,"Gambling Chip":62,"Prayer Wheel":69,"Molten Egg 2":94,"Nloth\u0027s Gift":50,"PureWater":0,"InkBottle":99}],"InkBottle":[12]},"card_choices":[{"not_picked":["LikeWater","EmptyFist"],"picked":"JustLucky","floor":1},{"not_picked":["WheelKick","ThirdEye"],"picked":"Prostrate","floor":3},{"not_picked":["MentalFortress","ThirdEye"],"picked":"JustLucky","floor":4},{"not_picked":["Indignation","Adaptation"],"picked":"Prostrate","floor":6},{"not_picked":["Wireheading","ThirdEye"],"picked":"DeceiveReality","floor":12},{"not_picked":["CarveReality","EmptyFist"],"picked":"WindmillStrike","floor":14},{"not_picked":["Ragnarok","DevaForm"],"picked":"SpiritShield","floor":16},{"not_picked":["ClearTheMind+1","Adaptation"],"picked":"Weave","floor":18},{"not_picked":["WaveOfTheHand","Sanctity","Fasting2+1"],"picked":"SKIP","floor":19},{"not_picked":["Vengeance","EmptyBody"],"picked":"Crescendo","floor":20},{"not_picked":["Swivel","SignatureMove","FlurryOfBlows+1"],"picked":"SKIP","floor":22},{"not_picked":["PathToVictory+1","Sanctity","WreathOfFlame+1"],"picked":"SKIP","floor":24},{"not_picked":["Worship","Consecrate+1"],"picked":"ClearTheMind","floor":30},{"not_picked":["Indignation","EmptyMind","WaveOfTheHand"],"picked":"SKIP","floor":31},{"not_picked":["DevaForm","ConjureBlade"],"picked":"Ragnarok","floor":33},{"not_picked":["EmptyFist","Conclude+1"],"picked":"Prostrate+1","floor":35},{"not_picked":["ClearTheMind+1","WindmillStrike"],"picked":"TalkToTheHand+1","floor":35},{"not_picked":["Consecrate","Halt+1","FollowUp"],"picked":"SKIP","floor":36},{"not_picked":["Ragnarok","Meditate","Adaptation"],"picked":"SKIP","floor":36},{"not_picked":["Protect+1","Consecrate"],"picked":"DeusExMachina","floor":38},{"not_picked":["PathToVictory","MentalFortress+1"],"picked":"WindmillStrike+1","floor":38},{"not_picked":["ReachHeaven+1","Evaluate+1","FollowUp+1"],"picked":"SKIP","floor":41},{"not_picked":["Consecrate+1","Halt+1"],"picked":"Nirvana","floor":42},{"not_picked":["Protect+1","Vault","WaveOfTheHand"],"picked":"SKIP","floor":42},{"not_picked":["FearNoEvil+1","JustLucky+1","LikeWater+1"],"picked":"SKIP","floor":44},{"not_picked":["FollowUp+1","BowlingBash+1","Crescendo+1"],"picked":"SKIP","floor":44},{"not_picked":["ConjureBlade","Evaluate+1","EmptyFist+1"],"picked":"SKIP","floor":46},{"not_picked":["Worship+1","FollowUp+1","Pray+1"],"picked":"SKIP","floor":48}],"player_experience":707045,"relics_obtained":[{"floor":6,"key":"Strawberry"},{"floor":8,"key":"Bag of Preparation"},{"floor":9,"key":"Ornamental Fan"},{"floor":24,"key":"Anchor"},{"floor":26,"key":"Sundial"},{"floor":31,"key":"Gambling Chip"},{"floor":34,"key":"Akabeko"},{"floor":34,"key":"Gremlin Horn"},{"floor":34,"key":"Prayer Wheel"},{"floor":41,"key":"Molten Egg 2"},{"floor":43,"key":"InkBottle"},{"floor":46,"key":"TeardropLocket"},{"floor":48,"key":"Blue Candle"}],"event_choices":[{"damage_healed":0,"gold_gain":0,"player_choice":"Upgraded","damage_taken":0,"max_hp_gain":0,"max_hp_loss":0,"event_name":"Upgrade Shrine","floor":2,"gold_loss":0,"cards_upgraded":["Eruption"]},{"damage_healed":0,"gold_gain":75,"player_choice":"Gather Gold","damage_taken":11,"max_hp_gain":0,"max_hp_loss":0,"event_name":"World of Goop","floor":11,"gold_loss":0},{"damage_healed":0,"gold_gain":0,"player_choice":"Ignored","damage_taken":0,"max_hp_gain":0,"max_hp_loss":0,"event_name":"Ghosts","floor":21,"gold_loss":0},{"damage_healed":26,"gold_gain":0,"player_choice":"Heal","damage_taken":0,"max_hp_gain":0,"max_hp_loss":0,"event_name":"The Library","floor":27,"gold_loss":0},{"damage_healed":0,"gold_gain":0,"player_choice":"Traded Relic","damage_taken":0,"relics_obtained":["Nloth\u0027s Gift"],"max_hp_gain":0,"max_hp_loss":0,"event_name":"N\u0027loth","floor":28,"relics_lost":["PureWater"],"gold_loss":0},{"damage_healed":0,"gold_gain":0,"cards_transformed":["Defend_P"],"player_choice":"Transformed","damage_taken":0,"max_hp_gain":0,"max_hp_loss":0,"event_name":"Transmorgrifier","floor":47,"gold_loss":0,"cards_obtained":["EmptyFist"]}],"is_beta":false,"boss_relics":[{"not_picked":["Runic Pyramid","SacredBark"],"picked":"Astrolabe"},{"not_picked":["Coffee Dripper","VioletLotus"],"picked":"Calling Bell"}],"items_purged_floors":[5,29,37],"is_endless":false,"potions_floor_spawned":[1,12,19,24,30,31,35,36,41,48],"ascension_level":5}}