{"host":"sygfylmorsvdndbx","time":1612882782,"event":{"mods":["AchievementEnabler","BaseMod","Bestiary","Highlight Path","Minty Spire (QoL Compilation)","Permanent Neow","Quick Restart","Relic Stats"],"gold_per_floor":[119,138,153,164,175,175,209,209,209,228,228,246,321,348,348,451,451,468,485,181,197,112,137,137,137,137],"floor_reached":25,"language":"ENG","playtime":2117,"items_purged":["Strike_R"],"score":349,"play_id":"977fe476-a3f3-4b1e-90a4-ff811c185646","local_time":"20210209095942","is_ascension_mode":true,"campfire_choices":[{"data":"Armaments","floor":6.0,"key":"SMITH"},{"data":"Bash","floor":8,"key":"SMITH"},{"data":"1","floor":11,"key":"LIFT"},{"data":"2","floor":15,"key":"LIFT"},{"data":"3","floor":24,"key":"LIFT"}],"circlet_count":0,"master_deck":["AscendersBane","Strike_R","Strike_R","Strike_R","Defend_R","Defend_R","Defend_R+1","Bash+1","Armaments+1","Dropkick","Thunderclap","Shrug It Off+1","Body Slam","True Grit","Impervious","Ghostly Armor","Battle Trance","Limit Break","Inflame","Heavy Blade"],"relics":["Burning Blood","War Paint","Girya","Coffee Dripper","Shuriken","StoneCalendar"],"acts_visited":["Exordium","TheCity"],"potions_floor_usage":[7,16,23,25],"damage_taken":[{"damage":7.0,"enemies":"Jaw Worm","floor":1.0,"turns":3.0},{"damage":0.0,"enemies":"Small Slimes","floor":2.0,"turns":3.0},{"damage":0.0,"enemies":"2 Louse","floor":3.0,"turns":3.0},{"damage":7.0,"enemies":"Looter","floor":4.0,"turns":3.0},{"damage":13.0,"enemies":"Red Slaver","floor":5.0,"turns":4.0},{"damage":17,"enemies":"Lagavulin","floor":7,"turns":8},{"damage":1,"enemies":"2 Fungi Beasts","floor":10,"turns":4},{"damage":3,"enemies":"Blue Slaver","floor":12,"turns":3},{"damage":27,"enemies":"Slime Boss","floor":16,"turns":8},{"damage":15,"enemies":"Shell Parasite","floor":18,"turns":5},{"damage":9,"enemies":"2 Thieves","floor":19,"turns":4},{"damage":12,"enemies":"3 Cultists","floor":21,"turns":4},{"damage":31,"enemies":"Slavers","floor":23,"turns":4},{"damage":19,"enemies":"Book of Stabbing","floor":25,"turns":5}],"seed_played":"-3440173399292121431","potions_obtained":[{"floor":2.0,"key":"AttackPotion"},{"floor":3.0,"key":"LiquidMemories"},{"floor":4.0,"key":"Fire Potion"},{"floor":18,"key":"FearPotion"},{"floor":23,"key":"LiquidBronze"}],"is_trial":false,"path_per_floor":["M","M","M","M","M","R","E","R","T","M","R","M","?","T","R","B",null,"M","M","$","M","?","E","R","E"],"character_chosen":"IRONCLAD","items_purchased":["Limit Break","Inflame","GamblersBrew"],"campfire_rested":0,"item_purchase_floors":[20,20,20],"current_hp_per_floor":[71,72,72,71,64,64,53,53,53,58,58,61,50,50,50,29,61,52,49,49,43,43,18,18,0,0],"gold":137,"neow_bonus":"REMOVE_TWO","is_daily":false,"chose_seed":false,"campfire_upgraded":2,"win_rate":0.0,"timestamp":1612882782,"path_taken":["M","M","M","M","M","R","E","R","T","M","R","M","?","?","R","BOSS","M","M","$","M","?","E","R","E"],"items_purchased_type":["Card","Card","Potion"],"build_version":"2020-12-22","purchased_purges":1,"victory":false,"max_hp_per_floor":[72,72,72,72,72,72,72,72,72,72,72,72,72,72,72,72,72,72,72,72,72,72,72,72,72,72],"relic_stats":{"counters":[14,61],"Shuriken":[1],"StoneCalendar":[0],"War Paint":["Defend_R","Shrug It Off"],"obtain_stats":[{"Girya":9,"Shuriken":22,"StoneCalendar":23,"Coffee Dripper":17,"War Paint":7,"Burning Blood":0},{"Girya":6,"Shuriken":12,"StoneCalendar":13,"Coffee Dripper":9,"War Paint":6,"Burning Blood":0},{"Girya":24,"Shuriken":52,"StoneCalendar":56,"Coffee Dripper":39,"War Paint":24,"Burning Blood":0}],"Burning Blood":67},"card_choices":[{"not_picked":["Heavy Blade","Seeing Red"],"picked":"Armaments","floor":1.0},{"not_picked":["Body Slam","Pummel"],"picked":"Dropkick","floor":2.0},{"not_picked":["Combust","Fire Breathing"],"picked":"Thunderclap","floor":3.0},{"not_picked":["Perfected Strike","Clash","Clothesline"],"picked":"SKIP","floor":4.0},{"not_picked":["Anger","Warcry","Perfected Strike"],"picked":"SKIP","floor":5.0},{"not_picked":["Anger","Rage"],"picked":"Shrug It Off","floor":7},{"not_picked":["Anger","Iron Wave"],"picked":"Body Slam","floor":10},{"not_picked":["Havoc","Clothesline"],"picked":"True Grit","floor":12},{"not_picked":["Limit Break","Immolate"],"picked":"Impervious","floor":16},{"not_picked":["Headbutt","Fire Breathing"],"picked":"Ghostly Armor","floor":18},{"not_picked":["Clothesline","Infernal Blade"],"picked":"Battle Trance","floor":19},{"not_picked":["Second Wind","Armaments"],"picked":"Heavy Blade","floor":21},{"not_picked":["Body Slam","Iron Wave","Whirlwind+1"],"picked":"SKIP","floor":23},{"not_picked":["Body Slam","Iron Wave","Whirlwind+1"],"picked":"SKIP","floor":23}],"player_experience":448763,"relics_obtained":[{"floor":7,"key":"War Paint"},{"floor":9,"key":"Girya"},{"floor":23,"key":"StoneCalendar"}],"event_choices":[{"damage_healed":0,"gold_gain":75,"player_choice":"Gather Gold","damage_taken":11,"max_hp_gain":0,"max_hp_loss":0,"event_name":"World of Goop","floor":13,"gold_loss":0},{"damage_healed":0,"gold_gain":0,"player_choice":"Obtained Relic","damage_taken":0,"relics_obtained":["Shuriken"],"max_hp_gain":0,"max_hp_loss":0,"event_name":"Addict","floor":22,"gold_loss":85}],"is_beta":false,"boss_relics":[{"not_picked":["Fusion Hammer","SlaversCollar"],"picked":"Coffee Dripper"}],"items_purged_floors":[20],"is_endless":false,"potions_floor_spawned":[2,3,4,18,23],"killed_by":"Book of Stabbing","ascension_level":11}}