{"host":"swn8ychr123rw3gf","time":1612877234,"event":{"mods":["BaseMod","Minty Spire (QoL Compilation)","StSLib"],"gold_per_floor":[114,11,28,28,41,41,56,56,56,56,56,131,163,216,216,216,216],"floor_reached":16,"language":"ZHS","playtime":456,"items_purged":["Strike_G"],"score":234,"play_id":"e40e321d-0623-4b1d-b296-8147e4c33cf1","local_time":"20210209212714","is_ascension_mode":true,"campfire_choices":[{"data":"Blade Dance","floor":6.0,"key":"SMITH"},{"data":"Acrobatics","floor":8.0,"key":"SMITH"},{"data":"Neutralize","floor":10.0,"key":"SMITH"},{"data":"Cloak And Dagger","floor":15,"key":"SMITH"}],"circlet_count":0,"master_deck":["AscendersBane","Strike_G","Strike_G+1","Strike_G","Defend_G","Defend_G","Defend_G","Defend_G","Defend_G","Survivor","Neutralize+1","Blade Dance+1","Acrobatics+1","Backstab+1","Reflex","Cloak And Dagger+1"],"relics":["Ring of the Snake","FossilizedHelix","Ornamental Fan","Whetstone"],"acts_visited":["Exordium"],"potions_floor_usage":[13,16],"damage_taken":[{"damage":2.0,"enemies":"2 Louse","floor":1.0,"turns":4.0},{"damage":2.0,"enemies":"Cultist","floor":3.0,"turns":4.0},{"damage":1.0,"enemies":"Jaw Worm","floor":5.0,"turns":2.0},{"damage":6.0,"enemies":"3 Louse","floor":7.0,"turns":4.0},{"damage":0,"enemies":"Gremlin Nob","floor":13,"turns":4},{"damage":41,"enemies":"Slime Boss","floor":16,"turns":13}],"seed_played":"-1264413878304742876","potions_obtained":[{"floor":3.0,"key":"Strength Potion"},{"floor":7.0,"key":"SmokeBomb"},{"floor":13,"key":"BlessingOfTheForge"}],"is_trial":false,"path_per_floor":["M","$","M","?","M","R","M","R","T","R","$","?","E","T","R","B"],"character_chosen":"THE_SILENT","items_purchased":["Acrobatics"],"campfire_rested":0,"item_purchase_floors":[2],"current_hp_per_floor":[63,63,61,61,60,60,54,54,54,54,54,43,43,43,43,2,2],"gold":216,"neow_bonus":"TEN_PERCENT_HP_BONUS","is_daily":false,"chose_seed":false,"campfire_upgraded":4,"win_rate":0.0,"timestamp":1612877234,"path_taken":["M","$","M","?","M","R","?","R","T","R","?","?","E","?","R","BOSS"],"items_purchased_type":["Card"],"build_version":"2020-12-22","purchased_purges":1,"victory":false,"max_hp_per_floor":[72,72,72,72,72,72,72,72,72,72,72,72,72,72,72,72,72],"card_choices":[{"not_picked":["PiercingWail","Outmaneuver"],"picked":"Blade Dance","floor":1.0},{"not_picked":["Prepared","All Out Attack"],"picked":"Backstab","floor":3.0},{"not_picked":["Deflect","Underhanded Strike","Setup"],"picked":"SKIP","floor":5.0},{"not_picked":["Dodge and Roll","Endless Agony"],"picked":"Reflex","floor":7.0},{"not_picked":["PiercingWail","Well Laid Plans"],"picked":"Cloak And Dagger","floor":13}],"player_experience":454263,"relics_obtained":[{"floor":9.0,"key":"FossilizedHelix"},{"floor":13,"key":"Ornamental Fan"},{"floor":14,"key":"Whetstone"}],"event_choices":[{"cards_removed":["Strike_G"],"damage_healed":0.0,"max_hp_gain":0.0,"max_hp_loss":0.0,"gold_gain":0.0,"event_name":"Purifier","player_choice":"Purged","floor":4.0,"gold_loss":0.0,"damage_taken":0.0},{"damage_healed":0.0,"max_hp_gain":0.0,"max_hp_loss":0.0,"gold_gain":75.0,"event_name":"World of Goop","player_choice":"Gather Gold","floor":12.0,"gold_loss":0.0,"damage_taken":11.0}],"is_beta":false,"boss_relics":[],"items_purged_floors":[2],"is_endless":false,"potions_floor_spawned":[3,7,13],"killed_by":"Slime Boss","ascension_level":18}}