{"host":"swc5gdc7cm0k0g7l","time":1612837682,"event":{"mods":["AchievementEnabler","Act Like it!","Aspiration","BaseMod","BetterRewards","Colored Map","Colored Powertips","Downfall","Duelist Mod","Gensokyo","Hermit","Highlight Path","Hubris","Infinite Spire","Jorbs\u0027s Wanderer Trilogy","Koishi","Minty Spire (QoL Compilation)","Quick Restart","Replay The Spire","Shop Mod","StSLib","SuperFastMode","The Animator"],"gold_per_floor":[140,152,204,284,284,314,14,39,39,139,150,150,150,184,184,279,279,299,299,317,317,332,363,363,393,417,431,87,87,104,133,133,229,229,241,41,61,72,72,72],"floor_reached":39,"language":"ENG","playtime":2300,"items_purged":["Delirium","Injury","Regret"],"score":580,"play_id":"0a320df9-9a76-4c32-b0e5-6db3292e199b","local_time":"20210208212802","is_ascension_mode":true,"campfire_choices":[{"data":"theDuelist:BusterDrake","floor":13,"key":"SMITH"},{"data":"theDuelist:BerserkScales","floor":15,"key":"SMITH"},{"data":"theDuelist:CyberDragonNachster","floor":24,"key":"SMITH"},{"data":"theDuelist:SliferSky","floor":29,"key":"SMITH"},{"data":"theDuelist:CaveDragon","floor":32,"key":"SMITH"},{"data":"theDuelist:CaveDragon","floor":32,"key":"SMITH"}],"circlet_count":0,"master_deck":["theDuelist:BabyDragon","theDuelist:CastleWalls","theDuelist:CastleWalls","theDuelist:CaveDragon+1","theDuelist:CaveDragon+1","theDuelist:LesserDragon","theDuelist:LesserDragon","theDuelist:Sparks","theDuelist:Sparks","theDuelist:YamataDragon","theDuelist:DarkHorus","theDuelist:CyberValley","theDuelist:CyberTwinDragon","theDuelist:VeilDarkness","theDuelist:BusterDrake+1","theDuelist:BerserkScales+1","theDuelist:CyberDragonNachster+1","theDuelist:SliferSky+1","theDuelist:MirageDragon+1","theDuelist:BlasterDragonInfernos+1","theDuelist:WhiteNightDragon+1","theDuelist:FiveHeaded+1","theDuelist:Raigeki+1","theDuelist:Raigeki+1","theDuelist:StardustDragon","Parasite","Injury","theDuelist:Mountain","theDuelist:BarrelDragon+1","theDuelist:TwinHeadedFire+1"],"relics":["theDuelist:MillenniumPuzzle","theDuelist:CardPoolRelic","theDuelist:CardPoolBasicRelic","theDuelist:BoosterPackPoolRelic","theDuelist:CardPoolAddRelic","theDuelist:CardPoolMinusRelic","theDuelist:CardPoolSaveRelic","theDuelist:CardPoolOptionsRelic","NeowsBlessing","Tingsha","theDuelist:SpellMaxHPRelic","Molten Egg 2","hubris:PeanutButter","MerchantsRug","Oddly Smooth Stone","Happy Flower","hubris:Icosahedron","Ornamental Fan","Replay:Grab Bag","hubris:VirtuousBlindfold","Philosopher\u0027s Stone","aspiration:SecretTechniqueScroll","Blood Vial","hubris:Towel","infinitespire:CheckeredPen","Shuriken","Ancient Tea Set","ReplayTheSpireMod:Ninjato","Replay:Arrowhead","Replay:Ancient Bell","infinitespire:Freezer","infinitespire:BottledMercury","Durian"],"acts_visited":["Exordium","TheCity","TheBeyond"],"potions_floor_usage":[35,38,38,38,38,38,38,39],"damage_taken":[{"damage":0,"enemies":"Small Slimes","floor":1,"turns":1},{"damage":0,"enemies":"2 Louse","floor":2,"turns":1},{"damage":0,"enemies":"2 Louse","floor":3,"turns":1},{"damage":14,"enemies":"Gremlin Nob","floor":6,"turns":4},{"damage":11,"enemies":"Replay:BlueRogue","floor":8,"turns":4},{"damage":4,"enemies":"infinitespire:Voidling","floor":11,"turns":3},{"damage":10,"enemies":"3 Sentries","floor":14,"turns":6},{"damage":6,"enemies":"Hexaghost","floor":16,"turns":9},{"damage":0,"enemies":"Chosen","floor":18,"turns":4},{"damage":0,"enemies":"3 Byrds","floor":20,"turns":4},{"damage":0,"enemies":"Snake Plant","floor":22,"turns":2},{"damage":18,"enemies":"theDuelist:KaibaA2","floor":23,"turns":4},{"damage":0,"enemies":"Book of Stabbing","floor":25,"turns":4},{"damage":6,"enemies":"Snecko","floor":27,"turns":3},{"damage":0,"enemies":"3 Cultists","floor":30,"turns":4},{"damage":5,"enemies":"theDuelist:KaibaA2","floor":31,"turns":3},{"damage":20,"enemies":"Automaton","floor":33,"turns":6},{"damage":0,"enemies":"3 Shapes","floor":35,"turns":3},{"damage":0,"enemies":"Orb Walker","floor":37,"turns":2},{"damage":34,"enemies":"Transient","floor":38,"turns":5},{"damage":41,"enemies":"Writhing Mass","floor":39,"turns":2}],"seed_played":"8553047680935577686","potions_obtained":[{"floor":8,"key":"theDuelist:SteelBrew"},{"floor":11,"key":"theDuelist:VampireVial"},{"floor":14,"key":"Swift Potion"},{"floor":25,"key":"theDuelist:DragonfirePotion"},{"floor":35,"key":"EntropicBrew"},{"floor":38,"key":"Explosive Potion"}],"is_trial":false,"path_per_floor":["M","M","?","?","?","E","$","E","T","?","M","?","R","E","R","B",null,"M","?","M","?","M","E","R","E","T","M","$","R","M","E","R","B",null,"M","$","M","M","M"],"character_chosen":"THE_DUELIST","items_purchased":["MerchantsRug","Oddly Smooth Stone","ReplayTheSpireMod:Ninjato","theDuelist:Mountain"],"campfire_rested":0,"item_purchase_floors":[7,7,28,36],"current_hp_per_floor":[80,80,80,80,80,67,67,56,56,56,53,53,53,43,43,37,76,74,74,72,72,70,52,52,54,54,50,50,50,53,51,51,33,65,63,64,62,31,0,0],"gold":72,"neow_bonus":"THREE_ENEMY_KILL","is_daily":false,"chose_seed":false,"campfire_upgraded":6,"win_rate":0.0,"timestamp":1612837682,"path_taken":["M","M","?","?","?","E","$","E","T","?","?","?","R","E","R","BOSS","M","?","M","?","M","E","R","E","T","M","$","R","M","E","R","BOSS","M","$","M","M","M"],"items_purchased_type":["Relic","Relic","Relic","Card"],"build_version":"2020-12-22","purchased_purges":3,"victory":false,"max_hp_per_floor":[80,80,80,80,80,81,81,81,81,81,80,80,80,78,78,76,76,74,74,72,72,70,68,68,66,66,64,64,64,63,62,62,60,65,63,64,62,65,65,65],"card_choices":[{"not_picked":["theDuelist:DreadnoughtDreadnoid","theDuelist:BlackVeloci","theDuelist:TrihornedDragon","theDuelist:EvilMind"],"picked":"theDuelist:DarkHorus","floor":1},{"not_picked":["theDuelist:CyberDragonDrei","theDuelist:CaveDragon","theDuelist:Earthquake","theDuelist:HazyFlameHydra"],"picked":"theDuelist:CyberValley","floor":2},{"not_picked":["theDuelist:TrihornedDragon","theDuelist:Kabazauls","theDuelist:BlackBrachios","theDuelist:BarrelDragon"],"picked":"theDuelist:CyberTwinDragon","floor":3},{"not_picked":["theDuelist:CyberValley+1","theDuelist:BlackPtera+1","theDuelist:LordD","theDuelist:CaveDragon"],"picked":"theDuelist:VeilDarkness","floor":6},{"not_picked":["theDuelist:BlackPtera+1","theDuelist:BusterBlader+1","theDuelist:CoralDragon","theDuelist:WaterDragonCluster"],"picked":"theDuelist:BusterDrake","floor":8},{"not_picked":["theDuelist:SurvivalFittest","theDuelist:Scapegoat"],"picked":"theDuelist:BerserkScales","floor":11},{"not_picked":["theDuelist:Kabazauls+1","theDuelist:DefenseZone","theDuelist:BlackPtera+1","theDuelist:MoltenDestruction"],"picked":"theDuelist:CyberDragonNachster","floor":14},{"not_picked":["theDuelist:WaterDragon","theDuelist:GaiaDragonChamp+1","theDuelist:DefensiveTactics","theDuelist:GravityLash+1"],"picked":"theDuelist:SliferSky","floor":16},{"not_picked":["theDuelist:ViceDragon+1","theDuelist:CyberValley+1","theDuelist:LavaDragon","theDuelist:CaveDragon","theDuelist:CyberEltanin"],"picked":"SKIP","floor":18},{"not_picked":["theDuelist:ViceDragon+1","theDuelist:HazyFlameHydra","theDuelist:Freezadon","theDuelist:OneDayPeace"],"picked":"theDuelist:MirageDragon+1","floor":20},{"not_picked":["theDuelist:SeismicShockwave+1","theDuelist:Lancephorhynchus+1","theDuelist:BlueDuston","theDuelist:BerserkScales+1"],"picked":"theDuelist:BlasterDragonInfernos+1","floor":22},{"not_picked":["theDuelist:TwinBarrelDragon+1","theDuelist:MadSwordBeast+1","theDuelist:BlackStego+1","theDuelist:Beatraptor+1"],"picked":"theDuelist:WhiteNightDragon+1","floor":23},{"not_picked":["theDuelist:VoidOgreDragon+1","theDuelist:Lancephorhynchus+1"],"picked":"theDuelist:FiveHeaded+1","floor":25},{"not_picked":["theDuelist:Hinotama+1","theDuelist:Reload","theDuelist:BattleguardKing+1","theDuelist:RainbowBridge","theDuelist:LabyrinthWall+1"],"picked":"SKIP","floor":27},{"not_picked":["theDuelist:BattleguardKing+1","theDuelist:Hinotama+1","theDuelist:SmashingGround+1","theDuelist:ForbiddenLance+1"],"picked":"theDuelist:Raigeki+1","floor":30},{"not_picked":["theDuelist:BattleguardKing+1","theDuelist:BigFire+1","theDuelist:Hinotama+1","theDuelist:LightningDarts+1"],"picked":"theDuelist:Raigeki+1","floor":31},{"not_picked":["theDuelist:DoomkaiserDragon+1","theDuelist:ChimeratechOverdragon+1","theDuelist:BusterBladerDDS+1","theDuelist:BlueDuston"],"picked":"theDuelist:StardustDragon","floor":33},{"not_picked":["hubris:Lust","theDuelist:CursedBill"],"picked":"Parasite","floor":34},{"not_picked":["Clumsy","Normality"],"picked":"Injury","floor":34},{"not_picked":["hubris:Lust","infinitespire:Pacifist"],"picked":"Regret","floor":34},{"not_picked":["theDuelist:ViceDragon+1","theDuelist:TwinBarrelDragon+1","theDuelist:Anthrosaurus+1","theDuelist:AncientPixieDragon","theDuelist:BackgroundDragon"],"picked":"SKIP","floor":35},{"not_picked":["theDuelist:ViceDragon+1","theDuelist:TwinBarrelDragon+1","theDuelist:Anthrosaurus+1","theDuelist:AncientPixieDragon","theDuelist:BackgroundDragon"],"picked":"SKIP","floor":35},{"not_picked":["theDuelist:LesserDragon+1","theDuelist:Kabazauls+1","theDuelist:Hydrogeddon+1","theDuelist:BusterBlader+1"],"picked":"theDuelist:BarrelDragon+1","floor":37},{"not_picked":["theDuelist:TwinBarrelDragon+1","theDuelist:DarkHorus+1","theDuelist:HazyFlameHydra","theDuelist:CyberDragonNachster+1"],"picked":"theDuelist:TwinHeadedFire+1","floor":38}],"player_experience":57027,"relics_obtained":[{"floor":3,"key":"Tingsha"},{"floor":3,"key":"WingedGreaves"},{"floor":3,"key":"theDuelist:SpellMaxHPRelic"},{"floor":6,"key":"hubris:PeanutButter"},{"floor":8,"key":"Happy Flower"},{"floor":14,"key":"Ornamental Fan"},{"floor":23,"key":"infinitespire:CheckeredPen"},{"floor":25,"key":"Shuriken"},{"floor":26,"key":"Ancient Tea Set"},{"floor":31,"key":"Replay:Arrowhead"}],"event_choices":[{"damage_healed":0,"gold_gain":0,"player_choice":"Fight","duelist":true,"damage_taken":0,"max_hp_gain":0,"max_hp_loss":0,"event_name":"Battle City","floor":3,"gold_loss":0},{"damage_healed":0,"gold_gain":100,"player_choice":"Pray","damage_taken":0,"max_hp_gain":0,"max_hp_loss":0,"event_name":"Golden Shrine","floor":10,"gold_loss":0}],"is_beta":false,"boss_relics":[{"not_picked":["Calling Bell","Velvet Choker"],"picked":"Replay:Grab Bag"},{"not_picked":["Electric Blood","infinitespire:Cupcake"],"picked":"hubris:VirtuousBlindfold"},{"not_picked":["Coffee Dripper","hubris:CrackedHourglass"],"picked":"Philosopher\u0027s Stone"},{"not_picked":["aspiration:WatcherSkillbook","Kintsugi"],"picked":"aspiration:SecretTechniqueScroll"},{"not_picked":["Replay:Drink Me","aspiration:RitualDagger"],"picked":"Replay:Ancient Bell"},{"not_picked":["aspiration:TomeofQuesting","aspiration:HiddenCompartment"],"picked":"infinitespire:Freezer"},{"not_picked":["Replay:Bottled Flurry","infinitespire:EmpoweringShard"],"picked":"infinitespire:BottledMercury"},{"not_picked":["Champion Belt","theDuelist:WhiteBowlRelic"],"picked":"Durian"}],"items_purged_floors":[7,28,36],"is_endless":false,"potions_floor_spawned":[8,11,14,16,20,25,27,30,35,38],"killed_by":"Writhing Mass","ascension_level":2}}