{"host":"r53pw7z744tg3fxg","time":1612881032,"event":{"mods":["AchievementEnabler","BaseMod","Colored Map","Colored Powertips","Highlight Path","Minty Spire (QoL Compilation)","Quick Restart","Transform Curses"],"gold_per_floor":[5017,5031,5044,5054,4594,4623,4623,4623,4623,4623,4694,4708,4721,4764,4764,4884,4884,4903,4903,4606,4620,4633,4672,4672,4713,4713,4713,4738,4757,4882,4903,4903,5031,5031,5031,5031,5031,4344,4364,4402,4420,4483,4535,4230,4230,4249,4288,0,0,0,0,0,4512,4545,4545],"floor_reached":56,"language":"ENG","playtime":3827,"items_purged":[],"score":2358,"play_id":"c4b4912f-b052-4bae-9a26-add61546b328","local_time":"20210209073032","is_ascension_mode":true,"campfire_choices":[{"floor":7.0,"key":"RECALL"},{"floor":15.0,"key":"REST"},{"data":"1","floor":24.0,"key":"LIFT"},{"data":"2","floor":27.0,"key":"LIFT"},{"data":"3","floor":32.0,"key":"LIFT"},{"floor":45.0,"key":"DIG"},{"floor":49.0,"key":"DIG"},{"floor":52,"key":"DIG"}],"circlet_count":1,"master_deck":["Capacitor+1","Defragment+1","Fusion+1","Good Instincts+1","Good Instincts+1","Good Instincts+1","Good Instincts+1","Electrodynamics+1","Swift Strike+1","Swift Strike+1","Swift Strike+1","Swift Strike+1","Body Slam+1","Chill+1","Coolheaded+1","Glacier+1","Blizzard+1","Self Repair+1","Static Discharge+1","Storm+1","Zap+1","Barrage+1","Feed+1","Well Laid Plans+1","Echo Form+1","Loop","Cold Snap+1","Doom and Gloom+1","Defragment+1"],"relics":["DataDisk","Cables","Emotion Chip","Runic Capacitor","Nuclear Battery","Inserter","FrozenCore","Unceasing Top","PreservedInsect","Du-Vu Doll","Golden Idol","Potion Belt","Circlet","Ginger","Turnip","Medical Kit","Black Star","Calipers","Thread and Needle","Blue Candle","Shovel","Girya","Empty Cage","Busted Crown","SlaversCollar","Nilry\u0027s Codex","Bronze Scales","Dream Catcher","StoneCalendar","Regal Pillow","Ancient Tea Set","Ornamental Fan","Gremlin Horn","ClockworkSouvenir","Mummified Hand","FossilizedHelix","StrikeDummy","Bottled Tornado","Incense Burner","Blood Vial","Sling","Happy Flower","Frozen Egg 2","Bag of Marbles","Bag of Preparation","Lantern","Nunchaku","Kunai","Letter Opener","OrangePellets","Oddly Smooth Stone","Chemical X","Omamori","Pocketwatch","Pen Nib","Eternal Feather","Red Mask","Mango","Cables","Orichalcum","Boot","InkBottle"],"acts_visited":["Exordium","TheCity","TheBeyond","TheEnding"],"potions_floor_usage":[50,50,50,50,55,55,55],"damage_taken":[{"damage":8.0,"enemies":"2 Louse","floor":1.0,"turns":3.0},{"damage":4.0,"enemies":"Small Slimes","floor":2.0,"turns":10.0},{"damage":0.0,"enemies":"Jaw Worm","floor":3.0,"turns":3.0},{"damage":0.0,"enemies":"Blue Slaver","floor":4.0,"turns":3.0},{"damage":0.0,"enemies":"3 Sentries","floor":6.0,"turns":2.0},{"damage":0.0,"enemies":"3 Louse","floor":12.0,"turns":1.0},{"damage":0.0,"enemies":"Exordium Wildlife","floor":13.0,"turns":2.0},{"damage":0.0,"enemies":"Lagavulin","floor":14.0,"turns":3.0},{"damage":38.0,"enemies":"Hexaghost","floor":16.0,"turns":3.0},{"damage":0.0,"enemies":"Spheric Guardian","floor":18.0,"turns":1.0},{"damage":0.0,"enemies":"Shell Parasite","floor":21.0,"turns":2.0},{"damage":0.0,"enemies":"Snake Plant","floor":22.0,"turns":2.0},{"damage":0.0,"enemies":"Slavers","floor":23.0,"turns":1.0},{"damage":0.0,"enemies":"Book of Stabbing","floor":25.0,"turns":2.0},{"damage":0.0,"enemies":"Centurion and Healer","floor":28.0,"turns":2.0},{"damage":0.0,"enemies":"3 Cultists","floor":29.0,"turns":2.0},{"damage":0.0,"enemies":"Colosseum Slavers","floor":30.0,"turns":1.0},{"damage":0.0,"enemies":"Colosseum Nobs","floor":30.0,"turns":1.0},{"damage":0.0,"enemies":"Sentry and Sphere","floor":31.0,"turns":2.0},{"damage":0.0,"enemies":"Champ","floor":33.0,"turns":2.0},{"damage":0.0,"enemies":"3 Shapes","floor":39.0,"turns":2.0},{"damage":0.0,"enemies":"Giant Head","floor":40.0,"turns":2.0},{"damage":0.0,"enemies":"Spire Growth","floor":41.0,"turns":4.0},{"damage":0.0,"enemies":"Mind Bloom Boss Battle","floor":42.0,"turns":3.0},{"damage":0.0,"enemies":"Transient","floor":46.0,"turns":4.0},{"damage":0.0,"enemies":"Reptomancer","floor":47.0,"turns":1.0},{"damage":0,"enemies":"Donu and Deca","floor":50,"turns":4},{"damage":0,"enemies":"Shield and Spear","floor":54,"turns":1},{"damage":6,"enemies":"The Heart","floor":55,"turns":4}],"seed_played":"-6444823701837234630","potions_obtained":[{"floor":6.0,"key":"Explosive Potion"},{"floor":12.0,"key":"Fire Potion"},{"floor":13.0,"key":"Fruit Juice"},{"floor":16.0,"key":"Energy Potion"},{"floor":21.0,"key":"DuplicationPotion"},{"floor":23.0,"key":"ColorlessPotion"},{"floor":28.0,"key":"SkillPotion"},{"floor":31.0,"key":"DistilledChaos"},{"floor":39.0,"key":"DuplicationPotion"},{"floor":41.0,"key":"Strength Potion"},{"floor":46.0,"key":"LiquidBronze"}],"is_trial":false,"path_per_floor":["M","M","M","M","$","E","R","?","T","?","?","M","M","E","R","B",null,"M","?","$","M","M","E","R","E","T","R","M","M","?","M","R","B",null,"M","?","?","$","M","E","M","?","T","$","R","M","E","?","R","B",null,"R","$","E","B",null],"character_chosen":"DEFECT","items_purchased":["PreservedInsect","Du-Vu Doll","Bronze Scales","Dream Catcher","Incense Burner","Blood Vial","Sling","Loop","Chemical X","Omamori","Orichalcum","Boot","FairyPotion","BlessingOfTheForge","SkillPotion"],"campfire_rested":1,"item_purchase_floors":[5,5,20,20,38,38,38,38,44,44,53,53,53,53,53],"current_hp_per_floor":[285,281,281,291,291,300,300,300,300,300,300,300,305,305,305,277,298,298,282,282,292,302,305,305,305,305,305,305,305,305,305,305,305,305,305,305,305,305,305,305,305,305,305,305,305,305,305,305,319,323,323,323,323,327,327],"gold":4545,"neow_bonus":"REMOVE_TWO","is_daily":false,"chose_seed":false,"campfire_upgraded":0,"win_rate":0.0,"timestamp":1612881032,"path_taken":["M","M","M","M","$","E","R","?","T","?","?","M","M","E","R","BOSS","M","?","$","M","M","E","R","E","T","R","M","M","?","M","R","BOSS","M","?","?","?","?","E","M","?","T","$","R","M","E","?","R","BOSS","R","$","E","BOSS"],"items_purchased_type":["Relic","Relic","Relic","Relic","Relic","Relic","Relic","Card","Relic","Relic","Relic","Relic","Potion","Potion","Potion"],"build_version":"2020-12-22","purchased_purges":0,"victory":true,"max_hp_per_floor":[300,300,300,300,300,300,300,300,300,300,300,300,305,305,305,305,305,305,305,305,305,305,305,305,305,305,305,305,305,305,305,305,305,305,305,305,305,305,305,305,305,305,305,305,305,305,305,305,319,323,323,323,323,327,327],"card_choices":[{"not_picked":["Stack","Ball Lightning","Redo"],"picked":"SKIP","floor":1.0},{"not_picked":["Redo","Go for the Eyes","Leap"],"picked":"SKIP","floor":2.0},{"not_picked":["Redo","Go for the Eyes","Leap"],"picked":"SKIP","floor":2.0},{"not_picked":["Leap","Steam","Stack"],"picked":"SKIP","floor":3.0},{"not_picked":["Compile Driver","Chaos","Undo"],"picked":"SKIP","floor":4.0},{"not_picked":["Sweeping Beam","Heatsinks","Barrage"],"picked":"SKIP","floor":6.0},{"not_picked":["Recycle","Echo Form","Barrage"],"picked":"SKIP","floor":12.0},{"not_picked":["Recycle","Streamline","Sweeping Beam"],"picked":"SKIP","floor":13.0},{"not_picked":["Doom and Gloom","Reboot","Cold Snap"],"picked":"SKIP","floor":14.0},{"not_picked":["Meteor Strike","Multi-Cast"],"picked":"Buffer","floor":16.0},{"not_picked":["Gash"],"picked":"SKIP","floor":18.0},{"not_picked":["Force Field"],"picked":"SKIP","floor":21.0},{"not_picked":["Gash"],"picked":"SKIP","floor":22.0},{"not_picked":["Rebound"],"picked":"SKIP","floor":23.0},{"not_picked":["Beam Cell+1"],"picked":"SKIP","floor":25.0},{"not_picked":["Ball Lightning"],"picked":"SKIP","floor":28.0},{"not_picked":["Turbo"],"picked":"SKIP","floor":29.0},{"not_picked":["Fusion"],"picked":"SKIP","floor":31.0},{"not_picked":[],"picked":"Cold Snap+1","floor":39.0},{"not_picked":["Streamline"],"picked":"SKIP","floor":40.0},{"not_picked":[],"picked":"Doom and Gloom+1","floor":41.0},{"not_picked":["Turbo"],"picked":"SKIP","floor":46.0},{"not_picked":["Blizzard+1"],"picked":"SKIP","floor":47.0},{"not_picked":["Rebound"],"picked":"SKIP","floor":54}],"player_experience":1466645,"relics_obtained":[{"floor":14.0,"key":"Thread and Needle"},{"floor":14.0,"key":"Blue Candle"},{"floor":19.0,"key":"Nilry\u0027s Codex"},{"floor":23.0,"key":"StoneCalendar"},{"floor":25.0,"key":"Ancient Tea Set"},{"floor":25.0,"key":"Bottled Flame"},{"floor":26.0,"key":"Ornamental Fan"},{"floor":30.0,"key":"FossilizedHelix"},{"floor":30.0,"key":"StrikeDummy"},{"floor":40.0,"key":"Happy Flower"},{"floor":40.0,"key":"Frozen Egg 2"},{"floor":43.0,"key":"Oddly Smooth Stone"},{"floor":45.0,"key":"Pocketwatch"},{"floor":47.0,"key":"Pen Nib"},{"floor":47.0,"key":"Eternal Feather"},{"floor":49.0,"key":"Mango"},{"floor":52,"key":"Cables"},{"floor":54,"key":"InkBottle"}],"event_choices":[{"damage_healed":0.0,"max_hp_gain":0.0,"max_hp_loss":0.0,"gold_gain":0.0,"event_name":"Golden Idol","player_choice":"Take Wound","floor":8.0,"gold_loss":0.0,"damage_taken":0.0,"relics_obtained":["Golden Idol"],"cards_obtained":["Injury"]},{"damage_healed":0.0,"max_hp_gain":0.0,"max_hp_loss":0.0,"gold_gain":0.0,"event_name":"Shining Light","player_choice":"Ignored","floor":10.0,"gold_loss":0.0,"damage_taken":0.0},{"damage_healed":0.0,"max_hp_gain":0.0,"max_hp_loss":0.0,"gold_gain":71.0,"event_name":"Golden Wing","player_choice":"Gained Gold","floor":11.0,"gold_loss":0.0,"damage_taken":0.0},{"damage_healed":0.0,"max_hp_gain":0.0,"max_hp_loss":0.0,"gold_gain":0.0,"event_name":"Cursed Tome","player_choice":"Obtained Book","floor":19.0,"gold_loss":0.0,"damage_taken":16.0},{"damage_healed":0.0,"max_hp_gain":0.0,"max_hp_loss":0.0,"gold_gain":0.0,"event_name":"Colosseum","player_choice":"Fight","floor":30.0,"gold_loss":0.0,"damage_taken":0.0},{"damage_healed":0.0,"max_hp_gain":0.0,"max_hp_loss":0.0,"gold_gain":0.0,"event_name":"Colosseum","player_choice":"Fought Nobs","floor":30.0,"gold_loss":0.0,"damage_taken":0.0},{"cards_removed":["Echo Form"],"damage_healed":0.0,"max_hp_gain":0.0,"max_hp_loss":0.0,"gold_gain":0.0,"event_name":"Falling","player_choice":"Removed Power","floor":36.0,"gold_loss":0.0,"damage_taken":0.0},{"damage_healed":0.0,"max_hp_gain":0.0,"max_hp_loss":0.0,"gold_gain":0.0,"event_name":"The Moai Head","player_choice":"Ignored","floor":37.0,"gold_loss":0.0,"damage_taken":0.0},{"damage_healed":0.0,"max_hp_gain":0.0,"max_hp_loss":0.0,"gold_gain":0.0,"event_name":"MindBloom","player_choice":"Fight","floor":42.0,"gold_loss":0.0,"damage_taken":0.0},{"damage_healed":0.0,"max_hp_gain":0.0,"max_hp_loss":0.0,"gold_gain":0.0,"event_name":"Tomb of Lord Red Mask","player_choice":"Paid","floor":48.0,"gold_loss":4288.0,"damage_taken":0.0,"relics_obtained":["Red Mask"]}],"is_beta":false,"boss_relics":[{"not_picked":["Black Star","Coffee Dripper"],"picked":"Empty Cage"},{"not_picked":["Runic Dome","Tiny House","Astrolabe"]}],"items_purged_floors":[],"is_endless":false,"potions_floor_spawned":[6,12,13,16,21,23,28,29,31,39,41,46,47],"ascension_level":10}}