{"host":"o6nndy8fvkon49s1","time":1612883390,"event":{"mods":["BaseMod","CapriCore","Hermit","Marisa????????","Minty Spire (QoL Compilation)","Prisma Mod","StSLib","Td1madao Mod","The Administrix","The Fake Hero","The Forsaken","The Immortal","The Marked","The Necromancer","The Servant 0.9.4"],"gold_per_floor":[513,530,418,437,437,437,437,437,483,483,253,253,45,45,45,145,145,161,88,100,119,119,119,67,67,67,67,86,86,106,118,118,219,219,234,253,303,303,303,318,318,352,352,154,82,82,101,121,121,121],"floor_reached":51,"language":"ENG","playtime":1516,"items_purged":["luka_mod:Surrender","luka_mod:Wait","Pain"],"score":763,"play_id":"11995a03-766c-4bb2-8c4c-75ec10cb679f","local_time":"20210209090950","is_ascension_mode":false,"campfire_choices":[{"data":"luka_mod:Edging","floor":6,"key":"SMITH"},{"data":"luka_mod:Meditation","floor":10,"key":"SMITH"},{"data":"Flash of Steel","floor":12,"key":"SMITH"},{"data":"1","floor":15,"key":"LIFT"},{"data":"2","floor":27,"key":"LIFT"},{"data":"3","floor":29,"key":"LIFT"},{"data":"luka_mod:AlmaElma","floor":32,"key":"SMITH"},{"floor":41,"key":"REST"},{"data":"luka_mod:Determination","floor":46,"key":"SMITH"},{"data":"luka_mod:Erubetie","floor":49,"key":"SMITH"}],"circlet_count":0,"master_deck":["luka_mod:StrikeLukaOne+1","luka_mod:StrikeLukaTwo+1","luka_mod:StrikeLukaThree+1","luka_mod:StrikeLukaFour+1","luka_mod:StrikeLukaFive+1","luka_mod:StrikeLukaSix+1","luka_mod:Salt","luka_mod:Guard+1","luka_mod:Edging+1","luka_mod:FlailWildly+1","luka_mod:Meditation+1","luka_mod:FlashKill","luka_mod:Sara","Flash of Steel+1","luka_mod:Gnome","luka_mod:BladeOfSolidEarth","luka_mod:AlmaElma+1","luka_mod:DeathSwordChaosStar","luka_mod:EarthRumblingDecapitation","luka_mod:Struggle+1","luka_mod:Erubetie+1","luka_mod:HeavenlyDemonRevival+1","luka_mod:Optimistic+1","luka_mod:Determination+1","luka_mod:SuperAttack"],"relics":["luka_mod:KeepsakeRing","Orichalcum","Bronze Scales","Girya","SacredBark","War Paint","Cursed Key","StoneCalendar","InkBottle","theForsaken:HumbleEgg"],"acts_visited":["Exordium","TheCity","TheBeyond"],"potions_floor_usage":[20,21,28,28,33,36,37,42,42,50,50],"damage_taken":[{"damage":0,"enemies":"Small Slimes","floor":1,"turns":4},{"damage":0,"enemies":"2 Louse","floor":2,"turns":2},{"damage":4,"enemies":"Cultist","floor":4,"turns":3},{"damage":38,"enemies":"The Guardian","floor":16,"turns":8},{"damage":14,"enemies":"2 Thieves","floor":18,"turns":4},{"damage":0,"enemies":"Chosen","floor":20,"turns":6},{"damage":2,"enemies":"Snecko","floor":21,"turns":3},{"damage":0,"enemies":"Chosen and Byrds","floor":28,"turns":3},{"damage":8,"enemies":"3 Cultists","floor":30,"turns":5},{"damage":10,"enemies":"Centurion and Healer","floor":31,"turns":5},{"damage":61,"enemies":"Champ","floor":33,"turns":10},{"damage":34,"enemies":"3 Darklings","floor":35,"turns":4},{"damage":9,"enemies":"3 Shapes","floor":36,"turns":3},{"damage":1,"enemies":"Mind Bloom Boss Battle","floor":37,"turns":5},{"damage":15,"enemies":"Sphere and 2 Shapes","floor":40,"turns":4},{"damage":28,"enemies":"Reptomancer","floor":42,"turns":5},{"damage":16,"enemies":"Spire Growth","floor":47,"turns":5},{"damage":30,"enemies":"Writhing Mass","floor":48,"turns":4},{"damage":7,"enemies":"Donu and Deca","floor":50,"turns":7}],"seed_played":"-1337827648675991143","potions_obtained":[{"floor":0,"key":"DistilledChaos"},{"floor":0,"key":"Block Potion"},{"floor":0,"key":"SkillPotion"},{"floor":21,"key":"EntropicBrew"},{"floor":30,"key":"Dexterity Potion"},{"floor":33,"key":"AttackPotion"},{"floor":36,"key":"Strength Potion"},{"floor":40,"key":"EssenceOfSteel"},{"floor":42,"key":"ColorlessPotion"},{"floor":47,"key":"FairyPotion"}],"is_trial":false,"path_per_floor":["M","M","$","M","?","R","?","?","T","R","$","R","$","T","R","B",null,"M","$","M","M","?","?","$","?","T","R","M","R","M","M","R","B",null,"M","M","?","?","?","M","R","E","T","$","$","R","M","M","R","B",null],"character_chosen":"LUKA_CLASS","items_purchased":["luka_mod:Sara","Bronze Scales","Flash of Steel","luka_mod:Gnome","luka_mod:BladeOfSolidEarth","luka_mod:EarthRumblingDecapitation","luka_mod:Struggle","luka_mod:Determination","luka_mod:SuperAttack"],"campfire_rested":1,"item_purchase_floors":[3,11,11,13,13,19,24,44,45],"current_hp_per_floor":[40,40,40,36,41,41,41,38,38,38,38,38,38,38,38,30,45,3,3,47,47,47,40,40,40,40,40,40,40,50,40,40,26,52,38,29,3,3,3,13,28,25,25,25,25,25,35,9,9,46],"gold":121,"neow_bonus":"THREE_SMALL_POTIONS","is_daily":false,"chose_seed":false,"campfire_upgraded":6,"win_rate":0.0,"timestamp":1612883390,"path_taken":["M","M","$","M","?","R","?","?","T","R","?","R","$","?","R","BOSS","M","?","M","M","?","?","$","?","T","R","M","R","M","M","R","BOSS","M","M","?","?","?","?","R","E","T","?","$","R","M","M","R","BOSS"],"items_purchased_type":["Card","Relic","Card","Card","Card","Card","Card","Card","Card"],"build_version":"2020-12-22","purchased_purges":3,"victory":true,"max_hp_per_floor":[40,40,40,40,45,45,45,45,45,45,45,45,45,45,45,45,45,47,47,47,47,47,52,52,52,52,52,52,52,52,52,52,52,52,52,52,54,51,51,53,53,53,53,53,53,53,53,53,53,53],"card_choices":[{"not_picked":["luka_mod:RestrictedStrike","luka_mod:StressRelief"],"picked":"luka_mod:FlashKill","floor":1},{"not_picked":["luka_mod:Overexert","luka_mod:FireSlash","luka_mod:EndlessGuard"],"picked":"SKIP","floor":2},{"not_picked":["luka_mod:StressRelief","luka_mod:BladeOfSolidEarth","luka_mod:FlashKill"],"picked":"SKIP","floor":4},{"not_picked":["luka_mod:Granberia","luka_mod:Erubetie"],"picked":"luka_mod:AlmaElma","floor":16},{"not_picked":["luka_mod:NotVerySharp+1","luka_mod:FlashKill"],"picked":"luka_mod:DeathSwordChaosStar","floor":18},{"not_picked":["luka_mod:FireSlash","luka_mod:BladeOfStillWater","luka_mod:Calm"],"picked":"SKIP","floor":20},{"not_picked":["luka_mod:ThunderThrust+1","luka_mod:Sara","luka_mod:EarthSlash"],"picked":"SKIP","floor":21},{"not_picked":["luka_mod:Struggle","luka_mod:WindSlash","luka_mod:EarthSlash"],"picked":"SKIP","floor":28},{"not_picked":["luka_mod:DemonSkullBeheading+1","luka_mod:StressRelief","luka_mod:VaporizingRebellionSword"],"picked":"SKIP","floor":30},{"not_picked":["luka_mod:Request","luka_mod:Calm+1","luka_mod:HeroicStrike+1"],"picked":"SKIP","floor":31},{"not_picked":["luka_mod:AlicesFist","luka_mod:SuperAttack"],"picked":"luka_mod:Erubetie","floor":33},{"not_picked":["luka_mod:EarthSlash+1","luka_mod:RestrictedStrike"],"picked":"luka_mod:HeavenlyDemonRevival+1","floor":35},{"not_picked":["luka_mod:ThunderThrust","luka_mod:SereneDemonSword+1","luka_mod:RestrictedStrike"],"picked":"SKIP","floor":36},{"not_picked":["luka_mod:SmallBody","luka_mod:PrayToIlias","luka_mod:IliasesJudgement+1"],"picked":"SKIP","floor":40},{"not_picked":["luka_mod:StressRelief+1","luka_mod:BladeOfRagingFire+1"],"picked":"luka_mod:Optimistic+1","floor":42},{"not_picked":["luka_mod:LightningSwordFlash","luka_mod:StressRelief+1","luka_mod:Calm+1"],"picked":"SKIP","floor":47},{"not_picked":["luka_mod:StrikeLuka+1","luka_mod:Feel+1","luka_mod:Overexert+1"],"picked":"SKIP","floor":48}],"player_experience":224514,"relics_obtained":[{"floor":9,"key":"Orichalcum"},{"floor":14,"key":"Girya"},{"floor":26,"key":"War Paint"},{"floor":37,"key":"StoneCalendar"},{"floor":42,"key":"InkBottle"},{"floor":43,"key":"theForsaken:HumbleEgg"}],"event_choices":[{"damage_healed":0,"gold_gain":0,"player_choice":"Donut","damage_taken":0,"max_hp_gain":5,"max_hp_loss":0,"event_name":"Big Fish","floor":5,"gold_loss":0},{"damage_healed":0,"gold_gain":0,"player_choice":"Ignored","damage_taken":0,"max_hp_gain":0,"max_hp_loss":0,"event_name":"Liars Game","floor":7,"gold_loss":0},{"damage_healed":0,"gold_gain":0,"player_choice":"Fled","damage_taken":3,"max_hp_gain":0,"max_hp_loss":0,"event_name":"Scrap Ooze","floor":8,"gold_loss":0},{"damage_healed":0,"gold_gain":0,"player_choice":"Ignored","damage_taken":0,"max_hp_gain":0,"max_hp_loss":0,"event_name":"Ghosts","floor":22,"gold_loss":0},{"damage_healed":0,"gold_gain":0,"player_choice":"Shed Blood","damage_taken":12,"max_hp_gain":5,"max_hp_loss":0,"event_name":"Forgotten Altar","floor":23,"gold_loss":0},{"damage_healed":0,"gold_gain":0,"player_choice":"Simplicity","damage_taken":0,"max_hp_gain":0,"max_hp_loss":0,"event_name":"Back to Basics","floor":25,"gold_loss":0,"cards_upgraded":["luka_mod:StrikeLukaOne","luka_mod:StrikeLukaTwo","luka_mod:StrikeLukaThree","luka_mod:StrikeLukaFour","luka_mod:StrikeLukaFive","luka_mod:StrikeLukaSix","luka_mod:Guard","luka_mod:FlailWildly"]},{"damage_healed":0,"gold_gain":0,"player_choice":"Fight","damage_taken":0,"max_hp_gain":0,"max_hp_loss":0,"event_name":"MindBloom","floor":37,"gold_loss":0},{"damage_healed":0,"gold_gain":0,"player_choice":"Max HP","damage_taken":0,"max_hp_gain":0,"max_hp_loss":3,"event_name":"Winding Halls","floor":38,"gold_loss":0},{"damage_healed":0,"gold_gain":0,"player_choice":"0 cards matched","damage_taken":0,"max_hp_gain":0,"max_hp_loss":0,"event_name":"Match and Keep!","floor":39,"gold_loss":0,"cards_obtained":[]}],"is_beta":false,"boss_relics":[{"not_picked":["Velvet Choker","Ectoplasm"],"picked":"SacredBark"},{"not_picked":["Astrolabe","Runic Pyramid"],"picked":"Cursed Key"}],"items_purged_floors":[3,13,44],"is_endless":false,"potions_floor_spawned":[2,18,21,30,31,33,36,40,42,47,48],"ascension_level":0}}