{"host":"p6y17sixyu8q9v1f","time":1612860831,"event":{"mods":["BaseMod","Colored Map","Minty Spire (QoL Compilation)"],"gold_per_floor":[115,40,40,40,40,79,79,0,25,25,45,64,83,104,104,230,230,253,274,274,325,424,424,465,465,465],"floor_reached":25,"language":"ENG","playtime":696,"items_purged":["Defend_B"],"score":274,"play_id":"c5e7ef27-78d7-4deb-a8f8-b3d9861999cf","local_time":"20210209025351","is_ascension_mode":true,"campfire_choices":[{"floor":7,"key":"REST"},{"floor":15,"key":"REST"},{"data":"Storm","floor":23,"key":"SMITH"}],"circlet_count":0,"master_deck":["Strike_B","Strike_B","Strike_B+1","Strike_B+1","Defend_B","Defend_B","Defend_B","Zap","Dualcast","Chill","Storm","Melter","Static Discharge","Defragment","Capacitor","Amplify","White Noise","Storm+1","Consume"],"relics":["Cracked Core","Ancient Tea Set","Golden Idol","DataDisk","Pen Nib","Coffee Dripper"],"acts_visited":["Exordium","TheCity"],"potions_floor_usage":[14,14,24],"damage_taken":[{"damage":9,"enemies":"Jaw Worm","floor":1,"turns":4},{"damage":31,"enemies":"3 Sentries","floor":6,"turns":8},{"damage":12,"enemies":"Small Slimes","floor":11,"turns":2},{"damage":0,"enemies":"2 Louse","floor":12,"turns":1},{"damage":8,"enemies":"Blue Slaver","floor":13,"turns":2},{"damage":7,"enemies":"Exordium Wildlife","floor":14,"turns":4},{"damage":15,"enemies":"The Guardian","floor":16,"turns":7},{"damage":19,"enemies":"Shell Parasite","floor":18,"turns":4},{"damage":0,"enemies":"Spheric Guardian","floor":19,"turns":1},{"damage":45,"enemies":"Gremlin Leader","floor":24,"turns":5},{"damage":14,"enemies":"Centurion and Healer","floor":25,"turns":1}],"seed_played":"2407809850165028335","potions_obtained":[{"floor":1,"key":"Regen Potion"},{"floor":6,"key":"ColorlessPotion"},{"floor":14,"key":"FearPotion"},{"floor":19,"key":"AttackPotion"}],"is_trial":false,"path_per_floor":["M","$","?","?","?","E","R","$","T","?","M","M","M","M","R","B",null,"M","M","?","T","?","R","E","M"],"character_chosen":"DEFECT","items_purchased":["Melter"],"campfire_rested":2,"item_purchase_floors":[8],"current_hp_per_floor":[66,66,66,48,33,2,24,24,24,29,17,17,9,14,38,23,66,47,47,47,47,47,47,2,0,0],"gold":465,"neow_bonus":"RANDOM_COMMON_RELIC","is_daily":false,"chose_seed":false,"campfire_upgraded":1,"win_rate":0.0,"timestamp":1612860831,"path_taken":["M","$","?","?","?","E","R","$","T","?","M","?","M","M","R","BOSS","M","M","?","?","?","R","E","M"],"items_purchased_type":["Card"],"build_version":"2020-12-22","purchased_purges":1,"victory":false,"max_hp_per_floor":[75,75,75,75,75,75,75,75,75,80,80,80,80,80,80,80,80,80,80,80,80,80,80,80,80,80],"card_choices":[{"not_picked":["Hologram","Streamline"],"picked":"Chill","floor":1},{"not_picked":["Stack","Leap"],"picked":"Storm","floor":6},{"not_picked":["Coolheaded","Sweeping Beam"],"picked":"Static Discharge","floor":11},{"not_picked":["Turbo","Blizzard","Skim"],"picked":"SKIP","floor":12},{"not_picked":["Chill","Creative AI"],"picked":"Defragment","floor":13},{"not_picked":["Redo","Beam Cell"],"picked":"Capacitor","floor":14},{"not_picked":["Machine Learning","Core Surge"],"picked":"Amplify","floor":16},{"not_picked":["Compile Driver+1","Rebound"],"picked":"White Noise","floor":18},{"not_picked":["Coolheaded","Recycle+1"],"picked":"Storm","floor":19},{"not_picked":["Beam Cell","Turbo"],"picked":"Consume","floor":24}],"player_experience":1077450,"relics_obtained":[{"floor":6,"key":"DataDisk"},{"floor":9,"key":"Pen Nib"}],"event_choices":[{"damage_healed":0,"gold_gain":0,"player_choice":"Leave","damage_taken":0,"max_hp_gain":0,"max_hp_loss":0,"event_name":"The Cleric","floor":3,"gold_loss":0},{"damage_healed":0,"gold_gain":0,"player_choice":"Take Damage","damage_taken":18,"relics_obtained":["Golden Idol"],"max_hp_gain":0,"max_hp_loss":0,"event_name":"Golden Idol","floor":4,"gold_loss":0},{"damage_healed":0,"gold_gain":0,"player_choice":"Entered Light","damage_taken":15,"max_hp_gain":0,"max_hp_loss":0,"event_name":"Shining Light","floor":5,"gold_loss":0,"cards_upgraded":["Strike_B","Strike_B"]},{"damage_healed":0,"gold_gain":0,"player_choice":"Donut","damage_taken":0,"max_hp_gain":5,"max_hp_loss":0,"event_name":"Big Fish","floor":10,"gold_loss":0},{"damage_healed":0,"gold_gain":0,"player_choice":"Ignored","damage_taken":0,"max_hp_gain":0,"max_hp_loss":0,"event_name":"Vampires","floor":20,"gold_loss":0},{"damage_healed":0,"gold_gain":99,"player_choice":"Stole From Cult","damage_taken":0,"max_hp_gain":0,"max_hp_loss":0,"event_name":"Nest","floor":22,"gold_loss":0}],"is_beta":false,"boss_relics":[{"not_picked":["Velvet Choker","Snecko Eye"],"picked":"Coffee Dripper"}],"items_purged_floors":[2],"is_endless":false,"potions_floor_spawned":[1,6,14,19],"killed_by":"Centurion and Healer","ascension_level":5}}