{"host":"p445zcfxld9bg8mp","time":1612873915,"event":{"mods":["2.2 Compatiblity","AchievementEnabler","BaseMod","BetterRewards","Colored Map","Colored Powertips","DeckTracker","Downfall","Highlight Path","Infinite Spire","Minty Spire (QoL Compilation)","Quick Restart","Random Character Button","Rare Cards Sparkle","StSLib"],"gold_per_floor":[214,232,210,3,3,37,54,67,122,122,136,136,169,184,184,289,289,307,11,11,22,22,47,82,98,98,98,98],"floor_reached":27,"language":"POL","playtime":2196,"items_purged":[],"score":243,"play_id":"b073bcb6-a5ee-4e18-a0ee-bce571ca3f7c","local_time":"20210209133155","is_ascension_mode":false,"campfire_choices":[{"data":"Blade Dance","floor":10,"key":"SMITH"},{"floor":15,"key":"REST"}],"circlet_count":0,"master_deck":["Strike_G","Strike_G","Strike_G","Strike_G","Strike_G","Defend_G","Defend_G","Defend_G","Defend_G","Survivor","Neutralize","Poisoned Stab","Blade Dance+1","Flying Knee","Burst","Outmaneuver","All Out Attack","Finisher","Dagger Throw","Skewer","Adrenaline","Masterful Stab","infinitespire:Fortify","Riddle With Holes","Deflect","Acrobatics","Footwork"],"relics":["Ring of the Snake","TwistedFunnel","Matryoshka","Boot","Orichalcum","Mercury Hourglass","Letter Opener","Oddly Smooth Stone","Torii","Pen Nib","Red Mask","Pantograph"],"acts_visited":["Exordium","TheCity"],"potions_floor_usage":[6,16],"damage_taken":[{"damage":0,"enemies":"Cultist","floor":1,"turns":6},{"damage":0,"enemies":"Jaw Worm","floor":2,"turns":3},{"damage":25,"enemies":"3 Sentries","floor":6,"turns":8},{"damage":0,"enemies":"Small Slimes","floor":7,"turns":2},{"damage":0,"enemies":"Exordium Wildlife","floor":8,"turns":2},{"damage":3,"enemies":"Red Slaver","floor":11,"turns":3},{"damage":10,"enemies":"Gremlin Nob","floor":13,"turns":3},{"damage":0,"enemies":"Large Slime","floor":14,"turns":2},{"damage":12,"enemies":"Hexaghost","floor":16,"turns":10},{"damage":0,"enemies":"3 Byrds","floor":18,"turns":2},{"damage":0,"enemies":"Spheric Guardian","floor":21,"turns":1},{"damage":20,"enemies":"Nightmare","floor":23,"turns":8},{"damage":23,"enemies":"Masked Bandits","floor":24,"turns":4},{"damage":0,"enemies":"Cultist and Chosen","floor":25,"turns":4},{"damage":12,"enemies":"Shelled Parasite and Fungi","floor":27,"turns":3}],"seed_played":"-3119059050540977830","potions_obtained":[{"floor":2,"key":"Poison Potion"},{"floor":7,"key":"SkillPotion"},{"floor":8,"key":"DistilledChaos"},{"floor":11,"key":"GhostInAJar"},{"floor":14,"key":"Fire Potion"},{"floor":21,"key":"Energy Potion"},{"floor":25,"key":"EssenceOfSteel"}],"is_trial":false,"path_per_floor":["M","M","?","$","?","E","M","M","T","R","M","T","E","M","R","B",null,"M","$","?","M","?","NM","?","M","T","M"],"character_chosen":"THE_SILENT","items_purchased":["TwistedFunnel","Flying Knee","Torii"],"campfire_rested":1,"item_purchase_floors":[4,4,19],"current_hp_per_floor":[70,70,70,70,70,45,45,45,45,45,42,42,32,32,53,41,70,70,70,53,53,53,33,10,10,10,0,0],"gold":98,"neow_bonus":"HUNDRED_GOLD","is_daily":false,"chose_seed":false,"campfire_upgraded":1,"win_rate":0.0,"timestamp":1612873915,"path_taken":["M","?","?","$","?","E","M","M","T","R","?","?","E","M","R","BOSS","M","$","?","M","?","NM","?","M","T","M"],"items_purchased_type":["Relic","Card","Relic"],"build_version":"2020-12-22","purchased_purges":0,"victory":false,"max_hp_per_floor":[70,70,70,70,70,70,70,70,70,70,70,70,70,70,70,70,70,70,70,70,70,70,70,70,70,70,70,70],"card_choices":[{"not_picked":["Quick Slash","Bane"],"picked":"Poisoned Stab","floor":1},{"not_picked":["Deadly Poison","Poisoned Stab"],"picked":"Blade Dance","floor":2},{"not_picked":["Slice","Quick Slash"],"picked":"Burst","floor":6},{"not_picked":["Prepared","Expertise"],"picked":"Outmaneuver","floor":7},{"not_picked":["Underhanded Strike","Poisoned Stab"],"picked":"All Out Attack","floor":8},{"not_picked":["Slice","Prepared"],"picked":"Finisher","floor":11},{"not_picked":["Calculated Gamble","Flying Knee"],"picked":"Dagger Throw","floor":13},{"not_picked":["Calculated Gamble","All Out Attack"],"picked":"Skewer","floor":14},{"not_picked":["Burst","Venomology"],"picked":"Adrenaline","floor":16},{"not_picked":["Poisoned Stab","Outmaneuver"],"picked":"Masterful Stab","floor":18},{"not_picked":["infinitespire:DeathsTouch","infinitespire:Collect"],"picked":"infinitespire:Fortify","floor":20},{"not_picked":["Dagger Throw","Sucker Punch+1"],"picked":"Riddle With Holes","floor":21},{"not_picked":["Underhanded Strike","Venomology"],"picked":"Deflect","floor":23},{"not_picked":["Noxious Fumes+1","Masterful Stab"],"picked":"Acrobatics","floor":24},{"not_picked":["Underhanded Strike","Flying Knee"],"picked":"Footwork","floor":25}],"player_experience":47979,"relics_obtained":[{"floor":6,"key":"Matryoshka"},{"floor":9,"key":"Boot"},{"floor":9,"key":"Orichalcum"},{"floor":12,"key":"Mercury Hourglass"},{"floor":12,"key":"Letter Opener"},{"floor":13,"key":"Oddly Smooth Stone"},{"floor":23,"key":"Pen Nib"},{"floor":24,"key":"Red Mask"},{"floor":26,"key":"Pantograph"}],"event_choices":[{"damage_healed":0,"gold_gain":0,"player_choice":"Left Gold","damage_taken":0,"max_hp_gain":0,"max_hp_loss":0,"event_name":"World of Goop","floor":3,"gold_loss":22},{"cards_removed":["Defend_G"],"damage_healed":0,"gold_gain":0,"player_choice":"Purged","damage_taken":0,"max_hp_gain":0,"max_hp_loss":0,"event_name":"Purifier","floor":5,"gold_loss":0},{"damage_healed":0,"gold_gain":0,"player_choice":"Ignored","damage_taken":0,"max_hp_gain":0,"max_hp_loss":0,"event_name":"Ghosts","floor":22,"gold_loss":0},{"damage_healed":0,"gold_gain":0,"player_choice":"Fought Bandits","damage_taken":0,"max_hp_gain":0,"max_hp_loss":0,"event_name":"Masked Bandits","floor":24,"gold_loss":0}],"is_beta":false,"boss_relics":[{"not_picked":["infinitespire:Cupcake","Coffee Dripper","Philosopher\u0027s Stone"]}],"items_purged_floors":[],"is_endless":true,"potions_floor_spawned":[2,7,8,11,14,21,25],"killed_by":"Shelled Parasite and Fungi","ascension_level":0}}