{"host":"tml1x4ylw9tadh99","time":1612902544,"event":{"mods":["AchievementEnabler","Act Like it!","BaseMod","Bestiary","Colored Map","Colored Powertips","DeckTracker","Friendly Minions","GifTheSpireLib","Minty Spire (QoL Compilation)","Quick Restart","Random Character Button","Random Character Mod","Relic Stats","StSLib","Synergy Search"],"gold_per_floor":[119,119,119,143,159,159,159,159,159,159,182,182,205,205,205,325,388,403,403,403,419,437,437,437,65,65,85,85,98,98,114,114,245,245,259,83,146,164,188,188,227,227,296,296,171,194,194,209,209,209,209,209,59,97,97,97],"floor_reached":55,"language":"ENG","playtime":3997,"items_purged":["Defend_P","FearNoEvil+1","Defend_P","Scrawl"],"score":764,"play_id":"f46190e8-8351-434c-a0bc-b8f232439c8a","local_time":"20210209212904","is_ascension_mode":false,"campfire_choices":[{"data":"Eruption","floor":6,"key":"SMITH"},{"data":"ClearTheMind","floor":8,"key":"SMITH"},{"floor":15,"key":"REST"},{"data":"Scrawl","floor":23,"key":"SMITH"},{"floor":28,"key":"REST"},{"floor":32,"key":"REST"},{"floor":40,"key":"RECALL"},{"data":"Strike_P+1","floor":42,"key":"PURGE"},{"data":"Crescendo","floor":47,"key":"PURGE"},{"data":"ClearTheMind+1","floor":49,"key":"PURGE"},{"data":"Adaptation","floor":52,"key":"SMITH"}],"circlet_count":0,"master_deck":["Eruption+1","Scrawl+1","InnerPeace","Adaptation+1"],"relics":["PureWater","Golden Idol","StoneCalendar","Juzu Bracelet","Tiny House","FossilizedHelix","HornCleat","SlaversCollar","Peace Pipe","Toxic Egg 2","Strawberry"],"acts_visited":["Exordium","TheCity","TheBeyond","TheEnding"],"potions_floor_usage":[16,22,24,33,55,55,55],"damage_taken":[{"damage":0,"enemies":"2 Louse","floor":1,"turns":3},{"damage":0,"enemies":"Jaw Worm","floor":4,"turns":3},{"damage":10,"enemies":"Small Slimes","floor":5,"turns":2},{"damage":10,"enemies":"Exordium Thugs","floor":11,"turns":3},{"damage":0,"enemies":"2 Fungi Beasts","floor":13,"turns":2},{"damage":9,"enemies":"Hexaghost","floor":16,"turns":8},{"damage":8,"enemies":"2 Thieves","floor":18,"turns":2},{"damage":5,"enemies":"Shell Parasite","floor":21,"turns":2},{"damage":5,"enemies":"Cultist and Chosen","floor":22,"turns":4},{"damage":0,"enemies":"Centurion and Healer","floor":24,"turns":1},{"damage":0,"enemies":"3 Cultists","floor":27,"turns":4},{"damage":14,"enemies":"Shelled Parasite and Fungi","floor":29,"turns":3},{"damage":0,"enemies":"Centurion and Healer","floor":31,"turns":3},{"damage":62,"enemies":"Champ","floor":33,"turns":7},{"damage":5,"enemies":"3 Shapes","floor":35,"turns":3},{"damage":0,"enemies":"Mind Bloom Boss Battle","floor":37,"turns":1},{"damage":0,"enemies":"3 Darklings","floor":38,"turns":1},{"damage":0,"enemies":"Jaw Worm Horde","floor":39,"turns":1},{"damage":0,"enemies":"Nemesis","floor":41,"turns":1},{"damage":12,"enemies":"4 Shapes","floor":46,"turns":1},{"damage":15,"enemies":"Sphere and 2 Shapes","floor":48,"turns":1},{"damage":0,"enemies":"Donu and Deca","floor":50,"turns":1},{"damage":0,"enemies":"Shield and Spear","floor":54,"turns":1},{"damage":91,"enemies":"The Heart","floor":55,"turns":2}],"seed_played":"64933989593702268","potions_obtained":[{"floor":1,"key":"StancePotion"},{"floor":5,"key":"Dexterity Potion"},{"floor":17,"key":"SmokeBomb"},{"floor":21,"key":"LiquidMemories"},{"floor":31,"key":"Strength Potion"},{"floor":35,"key":"Weak Potion"},{"floor":38,"key":"SpeedPotion"},{"floor":46,"key":"Block Potion"}],"is_trial":false,"path_per_floor":["M","?","?","M","M","R","?","R","T","?","M","?","M","?","R","B",null,"M","?","?","M","M","R","M","$","T","M","R","M","?","M","R","B",null,"M","$","?","M","M","R","E","R","T","?","$","M","R","M","R","B",null,"R","$","E","B"],"character_chosen":"WATCHER","items_purchased":["FossilizedHelix","Adaptation"],"campfire_rested":3,"item_purchase_floors":[25,36],"current_hp_per_floor":[51,51,51,51,41,41,41,41,41,38,28,15,15,8,28,19,72,64,64,64,59,54,54,54,54,54,54,72,58,58,58,72,10,72,67,67,67,67,67,67,67,67,67,67,67,55,55,40,40,40,68,68,68,75,0,0],"gold":97,"neow_bonus":"REMOVE_TWO","is_daily":false,"chose_seed":false,"campfire_upgraded":4,"win_rate":0.0,"timestamp":1612902544,"path_taken":["M","?","?","M","M","R","?","R","T","?","M","?","M","?","R","BOSS","M","?","?","M","M","R","M","$","T","M","R","M","?","M","R","BOSS","M","$","?","M","M","R","E","R","T","?","$","M","R","M","R","BOSS","R","$","E","BOSS"],"items_purchased_type":["Relic","Card"],"build_version":"2020-12-22","purchased_purges":4,"victory":false,"max_hp_per_floor":[72,67,67,67,67,67,67,67,67,67,67,67,67,67,67,67,72,72,72,72,72,72,72,72,72,72,72,72,72,72,72,72,72,72,72,72,72,72,72,72,72,72,72,68,68,68,68,68,68,68,68,68,68,75,75,75],"relic_stats":{"Peace Pipe":3,"counters":[24,60],"Golden Idol":180,"StoneCalendar":[58],"Juzu Bracelet":2,"obtain_stats":[{"Peace Pipe":37,"SlaversCollar":34,"Tiny House":17,"HornCleat":26,"Golden Idol":2,"Strawberry":54,"StoneCalendar":9,"Juzu Bracelet":10,"PureWater":0,"Toxic Egg 2":41,"FossilizedHelix":25},{"Peace Pipe":16,"SlaversCollar":14,"Tiny House":6,"HornCleat":10,"Golden Idol":1,"Strawberry":23,"StoneCalendar":3,"Juzu Bracelet":3,"PureWater":0,"Toxic Egg 2":19,"FossilizedHelix":10},{"Peace Pipe":51,"SlaversCollar":47,"Tiny House":21,"HornCleat":30,"Golden Idol":3,"Strawberry":58,"StoneCalendar":8,"Juzu Bracelet":8,"PureWater":0,"Toxic Egg 2":54,"FossilizedHelix":30}]},"card_choices":[{"not_picked":["Fasting2","FollowUp","PathToVictory"],"picked":"SKIP","floor":1},{"not_picked":["Crescendo","CutThroughFate"],"picked":"ClearTheMind","floor":4},{"not_picked":["JustLucky","EmptyBody"],"picked":"FearNoEvil","floor":5},{"not_picked":["BowlingBash","Pray","CutThroughFate"],"picked":"SKIP","floor":11},{"not_picked":["ReachHeaven","SignatureMove","BowlingBash"],"picked":"SKIP","floor":13},{"not_picked":["DeusExMachina","Devotion"],"picked":"Scrawl","floor":16},{"not_picked":["ThirdEye","Nirvana"],"picked":"Crescendo","floor":17},{"not_picked":["ClearTheMind","EmptyFist","Protect+1"],"picked":"SKIP","floor":18},{"not_picked":["Vengeance","Prostrate","ClearTheMind"],"picked":"SKIP","floor":21},{"not_picked":["CrushJoints+1","LessonLearned","FearNoEvil"],"picked":"SKIP","floor":22},{"not_picked":["Conclude","FlurryOfBlows+1","Swivel"],"picked":"SKIP","floor":27},{"not_picked":["JustLucky","Collect","Protect+1"],"picked":"SKIP","floor":29},{"not_picked":["FlyingSleeves","Conclude","BowlingBash+1"],"picked":"SKIP","floor":31},{"not_picked":["Vault","Blasphemy"],"picked":"Scrawl","floor":33},{"not_picked":["FlyingSleeves","ForeignInfluence+1"],"picked":"InnerPeace","floor":35},{"not_picked":["Pray+1","ClearTheMind","SashWhip+1"],"picked":"SKIP","floor":38},{"not_picked":["Evaluate","JustLucky+1","BowlingBash+1"],"picked":"SKIP","floor":39},{"not_picked":["Weave","Nirvana","BowlingBash+1"],"picked":"SKIP","floor":41},{"not_picked":["Pray+1","SignatureMove","Protect+1"],"picked":"SKIP","floor":46},{"not_picked":["Evaluate+1","Consecrate","Collect+1"],"picked":"SKIP","floor":48},{"not_picked":["ConjureBlade+1","WheelKick","Vengeance+1"],"picked":"SKIP","floor":54}],"player_experience":45928,"relics_obtained":[{"floor":9,"key":"StoneCalendar"},{"floor":26,"key":"HornCleat"},{"floor":37,"key":"Peace Pipe"},{"floor":41,"key":"Toxic Egg 2"},{"floor":54,"key":"Strawberry"}],"event_choices":[{"damage_healed":0,"gold_gain":0,"player_choice":"Lose Max HP","damage_taken":0,"relics_obtained":["Golden Idol"],"max_hp_gain":0,"max_hp_loss":5,"event_name":"Golden Idol","floor":2,"gold_loss":0},{"cards_removed":["Defend_P"],"damage_healed":0,"gold_gain":0,"player_choice":"Forget","damage_taken":0,"max_hp_gain":0,"max_hp_loss":0,"event_name":"Living Wall","floor":3,"gold_loss":0},{"damage_healed":0,"gold_gain":0,"player_choice":"Ignored","damage_taken":0,"max_hp_gain":0,"max_hp_loss":0,"event_name":"Liars Game","floor":7,"gold_loss":0},{"damage_healed":0,"gold_gain":0,"player_choice":"Success","damage_taken":3,"relics_obtained":["Juzu Bracelet"],"max_hp_gain":0,"max_hp_loss":0,"event_name":"Scrap Ooze","floor":10,"gold_loss":0},{"damage_healed":0,"gold_gain":0,"player_choice":"Entered Light","damage_taken":13,"max_hp_gain":0,"max_hp_loss":0,"event_name":"Shining Light","floor":12,"gold_loss":0,"cards_upgraded":["Strike_P","Vigilance"]},{"cards_removed":["Strike_P"],"damage_healed":0,"gold_gain":0,"player_choice":"Card Removal","damage_taken":7,"max_hp_gain":0,"max_hp_loss":0,"event_name":"Golden Wing","floor":14,"gold_loss":0},{"cards_removed":["Strike_P"],"damage_healed":0,"gold_gain":0,"player_choice":"Elegance","damage_taken":0,"max_hp_gain":0,"max_hp_loss":0,"event_name":"Back to Basics","floor":19,"gold_loss":0},{"cards_removed":["Vigilance"],"damage_healed":0,"gold_gain":0,"player_choice":"Offered Basic","damage_taken":0,"max_hp_gain":0,"max_hp_loss":0,"event_name":"Bonfire Elementals","floor":20,"gold_loss":0},{"damage_healed":0,"gold_gain":0,"player_choice":"Ignored","damage_taken":0,"max_hp_gain":0,"max_hp_loss":0,"event_name":"Vampires","floor":30,"gold_loss":0},{"damage_healed":0,"gold_gain":0,"player_choice":"Fight","damage_taken":0,"max_hp_gain":0,"max_hp_loss":0,"event_name":"MindBloom","floor":37,"gold_loss":0},{"damage_healed":0,"gold_gain":0,"player_choice":"Max HP","damage_taken":0,"max_hp_gain":0,"max_hp_loss":4,"event_name":"Winding Halls","floor":44,"gold_loss":0}],"is_beta":false,"boss_relics":[{"not_picked":["Philosopher\u0027s Stone","Busted Crown"],"picked":"Tiny House"},{"not_picked":["Velvet Choker","SacredBark"],"picked":"SlaversCollar"}],"items_purged_floors":[25,36,45,53],"is_endless":false,"potions_floor_spawned":[1,5,21,31,35,38,46],"killed_by":"The Heart","ascension_level":0}}