{"host":"vit9b6u76k1y61sh","time":1612902333,"event":{"mods":["BaseMod","Block Reminder","Colored Powertips","Highlight Path","Minty Spire (QoL Compilation)","Quick Restart","Rare Cards Sparkle","Relic Sorter","Relic Stats","StSLib"],"gold_per_floor":[117,117,70,245,258,290,290,304,382,410,410,410,474,474,474,474,474],"floor_reached":16,"language":"ENG","playtime":287,"items_purged":[],"score":144,"play_id":"635faff9-c8c8-47c5-bf98-44869f8d3b6f","local_time":"20210209152533","is_ascension_mode":true,"campfire_choices":[{"data":"Perfected Strike","floor":7,"key":"SMITH"},{"data":"Bash","floor":11,"key":"SMITH"},{"data":"Shrug It Off","floor":15,"key":"SMITH"}],"circlet_count":0,"master_deck":["Strike_R","Strike_R","Strike_R","Strike_R","Strike_R","Defend_R","Defend_R","Defend_R","Defend_R","Bash+1","Pommel Strike","Perfected Strike+1","Shrug It Off+1","Metallicize+1","Pommel Strike"],"relics":["Burning Blood","NeowsBlessing","Juzu Bracelet","Frozen Egg 2","Toxic Egg 2","MealTicket","Shuriken","Eternal Feather"],"acts_visited":["Exordium"],"potions_floor_usage":[13,13],"damage_taken":[{"damage":0,"enemies":"Cultist","floor":1,"turns":1},{"damage":0,"enemies":"Small Slimes","floor":5,"turns":1},{"damage":0,"enemies":"3 Sentries","floor":6,"turns":1},{"damage":3,"enemies":"2 Louse","floor":8,"turns":2},{"damage":12,"enemies":"Gremlin Nob","floor":10,"turns":4},{"damage":19,"enemies":"3 Sentries","floor":13,"turns":6},{"damage":0,"enemies":"The Guardian","floor":16,"turns":2}],"seed_played":"-4307135359315856673","potions_obtained":[{"floor":1,"key":"LiquidMemories"},{"floor":10,"key":"DuplicationPotion"}],"is_trial":false,"path_per_floor":["M","?","$","?","M","E","R","M","T","E","R","?","?","T","R","B"],"character_chosen":"IRONCLAD","items_purchased":["Perfected Strike"],"campfire_rested":0,"item_purchase_floors":[3],"current_hp_per_floor":[80,77,77,77,80,80,80,80,80,74,74,67,54,54,63,63,63],"gold":474,"neow_bonus":"THREE_ENEMY_KILL","is_daily":false,"chose_seed":false,"campfire_upgraded":3,"win_rate":0.0,"timestamp":1612902333,"path_taken":["M","?","$","?","M","E","R","M","T","E","R","?","?","?","R","BOSS"],"items_purchased_type":["Card"],"build_version":"2020-12-22","purchased_purges":0,"victory":false,"max_hp_per_floor":[80,80,80,80,80,80,80,80,80,80,80,80,80,80,80,80,80],"relic_stats":{"counters":[7,17],"Shuriken":[0],"MealTicket":0,"Eternal Feather":9,"Juzu Bracelet":0,"obtain_stats":[{"NeowsBlessing":0,"Shuriken":13,"MealTicket":10,"Eternal Feather":14,"Juzu Bracelet":2,"Frozen Egg 2":6,"Toxic Egg 2":9,"Burning Blood":0},{"NeowsBlessing":0,"Shuriken":6,"MealTicket":5,"Eternal Feather":6,"Juzu Bracelet":1,"Frozen Egg 2":3,"Toxic Egg 2":4,"Burning Blood":0},{"NeowsBlessing":0,"Shuriken":15,"MealTicket":9,"Eternal Feather":15,"Juzu Bracelet":1,"Frozen Egg 2":3,"Toxic Egg 2":5,"Burning Blood":0}],"Burning Blood":18},"card_choices":[{"not_picked":["Evolve","Body Slam"],"picked":"Pommel Strike","floor":1},{"not_picked":["Clash","Power Through"],"picked":"Shrug It Off","floor":5},{"not_picked":["Carnage","Anger"],"picked":"Metallicize+1","floor":6},{"not_picked":["Clash","Body Slam"],"picked":"Pommel Strike","floor":8},{"not_picked":["Combust+1","Carnage","Havoc+1"],"picked":"SKIP","floor":10}],"player_experience":165270,"relics_obtained":[{"floor":6,"key":"Frozen Egg 2"},{"floor":9,"key":"Toxic Egg 2"},{"floor":10,"key":"MealTicket"},{"floor":13,"key":"Shuriken"},{"floor":14,"key":"Eternal Feather"}],"event_choices":[{"damage_healed":0,"gold_gain":0,"player_choice":"Success","damage_taken":3,"relics_obtained":["Juzu Bracelet"],"max_hp_gain":0,"max_hp_loss":0,"event_name":"Scrap Ooze","floor":2,"gold_loss":0},{"damage_healed":0,"gold_gain":175,"player_choice":"AGREE","damage_taken":0,"max_hp_gain":0,"max_hp_loss":0,"event_name":"Liars Game","floor":4,"gold_loss":0,"cards_obtained":["Doubt"]},{"cards_removed":["Doubt"],"damage_healed":0,"gold_gain":0,"player_choice":"Card Removal","damage_taken":7,"max_hp_gain":0,"max_hp_loss":0,"event_name":"Golden Wing","floor":12,"gold_loss":0},{"damage_healed":0,"gold_gain":0,"player_choice":"Searched \u00271\u0027 times","damage_taken":0,"max_hp_gain":0,"max_hp_loss":0,"event_name":"Dead Adventurer","floor":13,"gold_loss":0}],"is_beta":false,"boss_relics":[],"items_purged_floors":[],"is_endless":false,"potions_floor_spawned":[1,10],"killed_by":"The Guardian","ascension_level":2}}