{"host":"bxyl4n8onrqni51y","time":1612868279,"event":{"mods":["BaseMod","BetterRewards","Colored Map","Downfall","Hubris","Marisa????????","Minty Spire (QoL Compilation)","Replay The Spire","StSLib","Td1madao Mod","The Animator","The Cursed","The Jungle","The Necromancer","The Servant 0.9.4"],"gold_per_floor":[99,114,134,134,152,152,175,203,203,203,215,229,229,241,259,357,357,357,377,377,390,1,33,33,33,52,65,78,78,92,27,37,37,37,37],"floor_reached":33,"language":"ENG","playtime":2521,"items_purged":["champ:Strike","champ:Strike","champ:Strike","champ:Strike"],"score":348,"play_id":"326104c4-81af-4521-9d6b-1c1a0cad43e6","local_time":"20210209115759","is_ascension_mode":false,"campfire_choices":[{"data":"champ:Execute","floor":1,"key":"SMITH"},{"data":"champ:StrikeOfGenius","floor":6,"key":"SMITH"},{"data":"champ:Taunt","floor":9,"key":"SMITH"},{"data":"champ:Improvising","floor":13,"key":"SMITH"},{"data":"champ:SwordThrow","floor":18,"key":"SMITH"}],"circlet_count":0,"master_deck":["champ:Defend+1","champ:Defend+1","champ:Defend","champ:Execute+1","champ:Taunt+1","champ:FanOfKnives+1","champ:StrikeOfGenius+1","champ:FaceSlap","champ:GladiatorStyle","champ:Improvising+1","champ:SwordThrow+1","champ:CalledShot","Apotheosis","Replay:SS_forest_2","champ:FaceSlap","champ:FanOfKnives","champ:FanOfKnives","champ:FanOfKnives+1"],"relics":["m_IronCrown","Art of War","Replay:Ringing Soul","Ring of Chaos","Nilry\u0027s Codex","BargainBundle","ReplayTheSpireMod:Lightbulb","War Paint","Bottled Lightning","Lizard Tail"],"acts_visited":["Exordium","TheCity"],"potions_floor_usage":[16,23,23,23,28,28,30,33,33,33],"damage_taken":[{"damage":20,"enemies":"Cultist","floor":2,"turns":3},{"damage":13,"enemies":"2 Louse","floor":3,"turns":2},{"damage":6,"enemies":"Jaw Worm","floor":5,"turns":4},{"damage":34,"enemies":"3 Sentries","floor":8,"turns":5},{"damage":9,"enemies":"Blue Slaver","floor":11,"turns":2},{"damage":26,"enemies":"3 Louse","floor":12,"turns":4},{"damage":0,"enemies":"Gremlin Gang","floor":14,"turns":1},{"damage":27,"enemies":"Red Slaver","floor":15,"turns":4},{"damage":22,"enemies":"WA_ARCHETYPE_RETAIN","floor":16,"turns":4},{"damage":20,"enemies":"Spheric Guardian","floor":19,"turns":3},{"damage":8,"enemies":"Shell Parasite","floor":21,"turns":3},{"damage":50,"enemies":"downfall:FleeingMerchant","floor":22,"turns":4},{"damage":16,"enemies":"Book of Stabbing","floor":23,"turns":3},{"damage":20,"enemies":"Chosen and Byrds","floor":26,"turns":3},{"damage":20,"enemies":"Snake Plant","floor":27,"turns":4},{"damage":39,"enemies":"Centurion and Healer","floor":28,"turns":3},{"damage":24,"enemies":"Cultist and Chosen","floor":30,"turns":4},{"damage":15,"enemies":"downfall:FleeingMerchant","floor":31,"turns":4},{"damage":29,"enemies":"Shelled Parasite and Fungi","floor":32,"turns":5},{"damage":33,"enemies":"SI_MIRROR_ARCHETYPE","floor":33,"turns":4}],"seed_played":"4556892851860090604","potions_obtained":[{"floor":3,"key":"Adrenaline Potion"},{"floor":11,"key":"Adrenaline Potion"},{"floor":12,"key":"champ:CounterPotion"},{"floor":21,"key":"Cursed Concoction"},{"floor":23,"key":"AttackPotion"},{"floor":26,"key":"Slimebound:ThreeZeroPotion"},{"floor":28,"key":"Adrenaline Potion"},{"floor":30,"key":"FearPotion"},{"floor":32,"key":"LiquidMemories"}],"is_trial":false,"path_per_floor":["R_BF","M","M","?","M","R","T","E","R","?","M","M","R","M","M","B",null,"R","M","?","M","$","E","T","?","M","M","M","$","M","$","M","B"],"character_chosen":"THE_CHAMP","items_purchased":["Apotheosis","BargainBundle","Replay:SS_forest_2","champ:FaceSlap","Regen Potion","Bottled Lightning","Lizard Tail","ColorlessPotion"],"campfire_rested":0,"item_purchase_floors":[22,22,22,22,22,29,29,31],"current_hp_per_floor":[99,99,96,96,96,96,96,88,88,88,88,81,81,87,71,58,108,108,104,88,89,88,87,87,90,86,72,57,1,52,46,33,0,0,0],"gold":37,"neow_bonus":"TEN_PERCENT_HP_BONUS","is_daily":false,"chose_seed":false,"campfire_upgraded":5,"win_rate":0.0,"timestamp":1612868279,"path_taken":["R_BF","M","M","?","M","R","T","E","R","?","M","M","R","?","M","BOSS","R","M","?","M","$","E","T","?","?","M","M","?","?","$","M","BOSS"],"items_purchased_type":["Card","Relic","Card","Card","Potion","Relic","Relic","Potion"],"build_version":"2020-12-22","purchased_purges":4,"victory":false,"max_hp_per_floor":[99,99,99,99,99,99,99,99,99,99,102,105,105,105,105,108,108,108,108,108,111,114,114,114,117,117,117,120,120,120,123,123,123,123,123],"card_choices":[{"not_picked":["champ:Backstep","champ:PreciseThrust"],"picked":"champ:FanOfKnives","floor":2},{"not_picked":["champ:GutPunch","champ:PreciseThrust"],"picked":"champ:StrikeOfGenius","floor":3},{"not_picked":["Heavy Blade","champ:GutPunch"],"picked":"champ:FaceSlap","floor":5},{"not_picked":["champ:FlashCut","champ:AdrenalArmor","champ:BerserkersShout"],"picked":"SKIP","floor":8},{"not_picked":["champ:BringItOn","champ:DefensiveShout"],"picked":"champ:GladiatorStyle","floor":11},{"not_picked":["champ:EndlessRage","champ:TornadoPunch"],"picked":"champ:Improvising","floor":12},{"not_picked":["champ:DefensiveShout","champ:Haymaker","Heavy Blade"],"picked":"SKIP","floor":14},{"not_picked":["Life Link","Twin Strike","champ:Shatter"],"picked":"SKIP","floor":15},{"not_picked":["champ:VampiricStrike","champ:HeavySlash"],"picked":"champ:SwordThrow","floor":16},{"not_picked":["champ:CrownThrow+1","champ:Shatter","champ:FlashCut+1"],"picked":"SKIP","floor":19},{"not_picked":["champ:Circumvent","champ:FlashCut"],"picked":"champ:CalledShot","floor":21},{"not_picked":["champ:HeartStrike","champ:Backstep","champ:FocusedDefense"],"picked":"SKIP","floor":22},{"not_picked":["champ:FlashCut","champ:MurderStrike","champ:RisingSlash"],"picked":"SKIP","floor":23},{"not_picked":["champ:CrownThrow","champ:Parry+1","champ:Haymaker"],"picked":"SKIP","floor":26},{"not_picked":["champ:FanOfKnives","champ:FalseCounter","champ:FlashCut"],"picked":"SKIP","floor":27},{"not_picked":["champ:Circumvent","champ:BladeFlurry+1"],"picked":"champ:FanOfKnives","floor":28},{"not_picked":["champ:Haymaker","champ:AdrenalArmor","champ:GutPunch"],"picked":"SKIP","floor":30},{"not_picked":["champ:GladiatorStyle","champ:RapidStrikes+1"],"picked":"champ:FanOfKnives+1","floor":31},{"not_picked":["champ:FocusedBerserking","champ:RapidStrikes","champ:CrownThrow+1"],"picked":"SKIP","floor":32}],"player_experience":53161,"relics_obtained":[{"floor":7,"key":"Art of War"},{"floor":8,"key":"Replay:Ringing Soul"},{"floor":20,"key":"Nilry\u0027s Codex"},{"floor":23,"key":"ReplayTheSpireMod:Lightbulb"},{"floor":24,"key":"War Paint"}],"event_choices":[],"is_beta":false,"boss_relics":[{"not_picked":["Honey Jar","hubris:RunicObelisk"],"picked":"Ring of Chaos"}],"items_purged_floors":[22,29,29,29],"is_endless":false,"potions_floor_spawned":[3,11,12,14,15,21,23,26,28,30,32],"killed_by":"SI_MIRROR_ARCHETYPE","ascension_level":0}}