{"host":"mydft8i2zzydgggw","time":1612864356,"event":{"mods":["AchievementEnabler","BaseMod","Colored Map","Colored Powertips","DeckTracker","Keyboard Shortcuts","Minty Spire (QoL Compilation)","Rare Cards Sparkle","StSLib","SuperFastMode","everything is the same but u backflip on backflip"],"gold_per_floor":[114,127,202,202,225,255,255,268,268,279,279,289,289,312,312,312,312],"floor_reached":16,"language":"KOR","playtime":218,"items_purged":[],"score":229,"play_id":"3629f88d-995f-44db-ad0b-b4a5928bcbfe","local_time":"20210209185236","is_ascension_mode":true,"campfire_choices":[{"data":"Reboot","floor":7,"key":"SMITH"},{"data":"Defragment","floor":15,"key":"SMITH"}],"circlet_count":0,"master_deck":["AscendersBane","Strike_B","Strike_B","Strike_B","Defend_B","Defend_B","Defend_B","Defend_B","Zap","Dualcast","Static Discharge","Leap","Reboot+1","Aggregate","Defragment+1","Steam"],"relics":["Cracked Core","NeowsBlessing","Juzu Bracelet","Letter Opener","Darkstone Periapt","Golden Idol"],"acts_visited":["Exordium"],"potions_floor_usage":[12,12,16],"damage_taken":[{"damage":0,"enemies":"Small Slimes","floor":1,"turns":1},{"damage":0,"enemies":"Jaw Worm","floor":2,"turns":1},{"damage":0,"enemies":"Gremlin Nob","floor":6,"turns":1},{"damage":6,"enemies":"Cultist","floor":8,"turns":4},{"damage":3,"enemies":"Blue Slaver","floor":10,"turns":3},{"damage":10,"enemies":"Gremlin Gang","floor":12,"turns":3},{"damage":15,"enemies":"Large Slime","floor":14,"turns":5},{"damage":26,"enemies":"Hexaghost","floor":16,"turns":9}],"seed_played":"-1536044393624643760","potions_obtained":[{"floor":1,"key":"DistilledChaos"},{"floor":8,"key":"GamblersBrew"},{"floor":12,"key":"ColorlessPotion"}],"is_trial":false,"path_per_floor":["M","M","?","?","T","E","R","M","T","M","?","M","?","M","R","B"],"character_chosen":"DEFECT","items_purchased":[],"campfire_rested":0,"item_purchase_floors":[],"current_hp_per_floor":[64,64,53,58,58,58,58,52,52,49,49,39,39,24,24,0,0],"gold":312,"neow_bonus":"THREE_ENEMY_KILL","is_daily":false,"chose_seed":false,"campfire_upgraded":2,"win_rate":0.0,"timestamp":1612864356,"path_taken":["M","M","?","?","?","E","R","M","T","M","?","M","?","M","R","BOSS"],"items_purchased_type":[],"build_version":"2020-12-22","purchased_purges":0,"victory":false,"max_hp_per_floor":[71,71,71,76,76,76,76,76,76,76,76,76,69,69,69,69,69],"card_choices":[{"not_picked":["Leap","Coolheaded"],"picked":"Static Discharge","floor":1},{"not_picked":["Turbo","Hologram"],"picked":"Leap","floor":2},{"not_picked":["Leap","Hyperbeam"],"picked":"Reboot","floor":6},{"not_picked":["Steam","Rip and Tear","Hello World"],"picked":"SKIP","floor":8},{"not_picked":["Gash","Cold Snap"],"picked":"Aggregate","floor":10},{"not_picked":["Hologram","Ball Lightning"],"picked":"Defragment","floor":12},{"not_picked":["All For One","Lockon","Steam"],"picked":"SKIP","floor":14},{"not_picked":["All For One","Lockon"],"picked":"Steam","floor":14}],"player_experience":256634,"relics_obtained":[{"floor":5,"key":"Juzu Bracelet"},{"floor":6,"key":"Letter Opener"},{"floor":9,"key":"Darkstone Periapt"}],"event_choices":[{"damage_healed":0,"gold_gain":75,"player_choice":"Gather Gold","damage_taken":11,"max_hp_gain":0,"max_hp_loss":0,"event_name":"World of Goop","floor":3,"gold_loss":0},{"damage_healed":0,"gold_gain":0,"player_choice":"Donut","damage_taken":0,"max_hp_gain":5,"max_hp_loss":0,"event_name":"Big Fish","floor":4,"gold_loss":0},{"cards_removed":["Strike_B"],"damage_healed":0,"gold_gain":0,"player_choice":"Purged","damage_taken":0,"max_hp_gain":0,"max_hp_loss":0,"event_name":"Purifier","floor":11,"gold_loss":0},{"damage_healed":0,"gold_gain":0,"player_choice":"Lose Max HP","damage_taken":0,"relics_obtained":["Golden Idol"],"max_hp_gain":0,"max_hp_loss":7,"event_name":"Golden Idol","floor":13,"gold_loss":0}],"is_beta":false,"boss_relics":[],"items_purged_floors":[],"is_endless":false,"potions_floor_spawned":[1,8,12],"killed_by":"Hexaghost","ascension_level":16}}