{"host":"9q13bdr84c6iv3c6","time":1612833738,"event":{"mods":["BaseMod","Colored Powertips","Downfall","Hermit","Minty Spire (QoL Compilation)","Replay The Spire","StSLib"],"gold_per_floor":[99,113,125,125,141,166,193,208,208,42,73,89,364,381,394,497,497,497,516,531,545,559,145,145,160,189,199,7,32,32,49,67,172,172,172,190,39,52,52,52,134,145,29,44,73,73,123,174,186,186],"floor_reached":51,"language":"ENG","playtime":3611,"items_purged":["Regret"],"score":760,"play_id":"e5aacf98-5f42-4aad-8eb6-104be4a75257","local_time":"20210208192218","is_ascension_mode":false,"campfire_choices":[{"floor":1.0,"key":"DIG"},{"data":"Slimebound:MassRepurpose","floor":9.0,"key":"SMITH"},{"data":"1","floor":18.0,"key":"LIFT"},{"data":"Slimebound:Split","floor":30.0,"key":"SMITH"},{"data":"Slimebound:LeadByExample","floor":35.0,"key":"SMITH"},{"data":"Slimebound:LeadByExample","floor":40.0,"key":"SMITH"},{"data":"2","floor":46.0,"key":"LIFT"}],"circlet_count":0,"master_deck":["Slimebound:Strike_Slimebound","Slimebound:Strike_Slimebound+1","Slimebound:Strike_Slimebound+1","Slimebound:Tackle","Slimebound:Defend_Slimebound","Slimebound:Defend_Slimebound","Slimebound:Defend_Slimebound+1","Slimebound:Defend_Slimebound","Slimebound:Split+1","Slimebound:CorrosiveSpit","Slimebound:Gluttony","Slimebound:Prepare","Slimebound:LivingWall","Slimebound:MassRepurpose+1","Slimebound:Prepare","Slimebound:SplitAcid","Slimebound:SplitAcid","Slimebound:Schlurp","Slimebound:FirmFortitude","Slimebound:Equalize","Slimebound:Repurpose","Slimebound:MassRepurpose","expansioncontent:DashGenerateEvil","Slimebound:Prepare+1","Slimebound:RallyTheTroops","Slimebound:Equalize+1","Slimebound:LeadByExample+1","Slimebound:LeadByExample+1","Slimebound:SplitBruiser","Slimebound:Prepare+1","Slimebound:LeechLife","Slimebound:LivingWall+1","Slimebound:SplitLeeching","Slimebound:Schlurp","Slimebound:LeadByExample","Dark Shackles","Slimebound:Prepare+1","Slimebound:DuplicatedForm"],"relics":["Slimebound:AbsorbEndCombat","Dream Catcher","Girya","PreservedInsect","ClockworkSouvenir","InkBottle","Coffee Dripper","Lee\u0027s Waffle","Replay:Bottled Snecko","Darkstone Periapt","Eternal Feather","Meat on the Bone","Question Card","Painkiller Herb","Whetstone","Gremlin Horn","Snack Pack","Gambling Chip","StoneCalendar","Replay:Ringing Soul"],"acts_visited":["Exordium","TheCity","TheBeyond"],"potions_floor_usage":[],"damage_taken":[{"damage":1.0,"enemies":"Small Slimes","floor":2.0,"turns":4.0},{"damage":6.0,"enemies":"Cultist","floor":3.0,"turns":4.0},{"damage":3.0,"enemies":"2 Louse","floor":5.0,"turns":3.0},{"damage":15.0,"enemies":"3 Sentries","floor":6.0,"turns":9.0},{"damage":10.0,"enemies":"Blue Slaver","floor":8.0,"turns":3.0},{"damage":1.0,"enemies":"downfall:FleeingMerchant","floor":10.0,"turns":4.0},{"damage":1.0,"enemies":"Lagavulin","floor":11.0,"turns":6.0},{"damage":0.0,"enemies":"3 Louse","floor":12.0,"turns":3.0},{"damage":10.0,"enemies":"Red Slaver","floor":14.0,"turns":4.0},{"damage":10.0,"enemies":"Exordium Thugs","floor":15.0,"turns":3.0},{"damage":14.0,"enemies":"IC_STATUS_ARCHETYPE","floor":16.0,"turns":7.0},{"damage":6.0,"enemies":"3 Byrds","floor":19.0,"turns":4.0},{"damage":2.0,"enemies":"Shell Parasite","floor":20.0,"turns":5.0},{"damage":11.0,"enemies":"Centurion and Healer","floor":21.0,"turns":5.0},{"damage":33.0,"enemies":"Sentry and Sphere","floor":22.0,"turns":5.0},{"damage":12.0,"enemies":"downfall:FleeingMerchant","floor":23.0,"turns":4.0},{"damage":2.0,"enemies":"Cultist and Chosen","floor":25.0,"turns":5.0},{"damage":7.0,"enemies":"Gremlin Leader","floor":26.0,"turns":5.0},{"damage":0.0,"enemies":"Snake Plant","floor":27.0,"turns":4.0},{"damage":0.0,"enemies":"downfall:FleeingMerchant","floor":28.0,"turns":4.0},{"damage":22.0,"enemies":"Book of Stabbing","floor":29.0,"turns":5.0},{"damage":3.0,"enemies":"Chosen and Byrds","floor":31.0,"turns":4.0},{"damage":0.0,"enemies":"Shelled Parasite and Fungi","floor":32.0,"turns":5.0},{"damage":15.0,"enemies":"SI_MIRROR_ARCHETYPE","floor":33.0,"turns":8.0},{"damage":19.0,"enemies":"3 Shapes","floor":36.0,"turns":4.0},{"damage":14.0,"enemies":"3 Darklings","floor":38.0,"turns":5.0},{"damage":30.0,"enemies":"Writhing Mass","floor":42.0,"turns":6.0},{"damage":8.0,"enemies":"4 Shapes","floor":44.0,"turns":5.0},{"damage":24.0,"enemies":"Nemesis","floor":45.0,"turns":7.0},{"damage":0.0,"enemies":"Nemesis","floor":47.0,"turns":3.0},{"damage":3.0,"enemies":"3 Darklings","floor":49.0,"turns":4.0},{"damage":80,"enemies":"WA_ARCHETYPE_DIVINITY","floor":50,"turns":8}],"seed_played":"3028471887541479361","potions_obtained":[{"floor":5.0,"key":"Guardian:BlockOnCardUsePotion"},{"floor":11.0,"key":"Toxic Potion"},{"floor":12.0,"key":"PowerPotion"},{"floor":14.0,"key":"Swift Potion"},{"floor":16.0,"key":"Adrenaline Potion"},{"floor":21.0,"key":"Strength Potion"},{"floor":26.0,"key":"PowerPotion"},{"floor":27.0,"key":"Energy Potion"},{"floor":29.0,"key":"hexamod:SoulburnPotion"},{"floor":32.0,"key":"Slimebound:SlimedPotion"},{"floor":33.0,"key":"SpeedPotion"},{"floor":38.0,"key":"bronze:BurnAndBuffPotion"},{"floor":44.0,"key":"Slimebound:SlimedPotion"}],"is_trial":false,"path_per_floor":["R","M","M","?","M","E","T","M","R","$","E","M","?","M","M","B",null,"R","M","M","M","M","$","T","M","E","M","$","E","R","M","M","B",null,"T","?","T","?","T","T","T","?","T","?","E","T","?","?","?","B",null],"character_chosen":"SLIMEBOUND","items_purchased":["ClockworkSouvenir","Lee\u0027s Waffle","expansioncontent:DashGenerateEvil","Eternal Feather","Meat on the Bone","Whetstone","Slimebound:LeadByExample","Dark Shackles"],"campfire_rested":0,"item_purchase_floors":[10,23,23,28,28,37,43,43],"current_hp_per_floor":[65,65,65,65,64,51,51,45,45,50,57,57,57,51,43,37,65,65,65,65,64,45,72,72,72,72,72,72,56,71,72,72,72,72,72,55,55,72,72,72,72,60,60,54,68,72,72,47,72,42],"gold":186,"neow_bonus":"","is_daily":false,"chose_seed":false,"campfire_upgraded":4,"win_rate":0.0,"timestamp":1612833738,"path_taken":["R","M","M","?","M","E","T","M","R","$","E","M","?","M","M","BOSS","R","M","M","M","M","$","T","M","E","M","$","E","R","M","M","BOSS","T","?","T","?","?","T","T","?","T","?","E","T","?","?","?","BOSS"],"items_purchased_type":["Relic","Relic","Card","Relic","Relic","Relic","Card","Card"],"build_version":"2020-12-22","purchased_purges":1,"victory":true,"max_hp_per_floor":[65,65,65,65,65,65,65,65,65,65,65,65,65,65,65,65,65,65,65,65,65,65,72,72,72,72,72,72,72,72,72,72,72,72,72,72,72,72,72,72,72,72,72,72,72,72,72,75,75,75],"card_choices":[{"not_picked":["Slimebound:ComboTackle","Slimebound:ItLooksTasty"],"picked":"Slimebound:Gluttony","floor":2.0},{"not_picked":["Slimebound:SamplingLick","Slimebound:SplitMire"],"picked":"Slimebound:Prepare","floor":3.0},{"not_picked":["Slimebound:ComboTackle","Slimebound:HauntingLick"],"picked":"Slimebound:LivingWall","floor":5.0},{"not_picked":["Slimebound:LivingWall","Slimebound:SpikyOuterGoop"],"picked":"Slimebound:MassRepurpose","floor":6.0},{"not_picked":["Slimebound:ItLooksTasty","Slimebound:SlimeSpikes"],"picked":"Slimebound:Prepare","floor":8.0},{"not_picked":["Slimebound:LeechingTouch","Slimebound:SplitBruiser"],"picked":"Slimebound:SplitAcid","floor":10.0},{"not_picked":["Slimebound:SplitBruiser","Slimebound:FinishingTackle"],"picked":"Slimebound:SplitAcid","floor":11.0},{"not_picked":["Slimebound:PressTheAttack","Slimebound:ProtectTheBoss"],"picked":"Slimebound:Schlurp","floor":12.0},{"not_picked":["Slimebound:DisruptingSlam","Slimebound:ComboTackle","Slimebound:BestDefense"],"picked":"SKIP","floor":14.0},{"not_picked":["Slimebound:Chomp","Slimebound:Prepare","Slimebound:ItLooksTasty"],"picked":"SKIP","floor":15.0},{"not_picked":["Slimebound:Overexert","Slimebound:OneTwoCombo"],"picked":"Slimebound:FirmFortitude","floor":16.0},{"not_picked":["Slimebound:Repurpose","Slimebound:Chomp+1"],"picked":"Slimebound:Equalize","floor":19.0},{"not_picked":["Slimebound:FinishingTackle","Slimebound:GoopTackle","Slimebound:SlimeTap"],"picked":"SKIP","floor":20.0},{"not_picked":["Slimebound:HauntingLick","Slimebound:LeechingTouch"],"picked":"Slimebound:Repurpose","floor":21.0},{"not_picked":["Slimebound:FinishingTackle","Slimebound:ProtectTheBoss+1","Slimebound:HauntingLick"],"picked":"SKIP","floor":22.0},{"not_picked":["Slimebound:HauntingLick","Slimebound:LeechEnergy+1"],"picked":"Slimebound:MassRepurpose","floor":23.0},{"not_picked":["Slimebound:LeechEnergy","Slimebound:ForwardTackle"],"picked":"Slimebound:Prepare+1","floor":25.0},{"not_picked":["Slimebound:ItLooksTasty","Slimebound:SlimeTap+1"],"picked":"Slimebound:RallyTheTroops","floor":26.0},{"not_picked":["Slimebound:SlimeSpikes+1","Slimebound:ComboTackle"],"picked":"Slimebound:Equalize+1","floor":27.0},{"not_picked":["Slimebound:LivingWall","Slimebound:RejuvenatingLick"],"picked":"Slimebound:LeadByExample","floor":28.0},{"not_picked":["Slimebound:Grow","Slimebound:SplitAcid"],"picked":"Slimebound:LeadByExample","floor":29.0},{"not_picked":["Slimebound:GoopTackle","Slimebound:LeechingTouch","Slimebound:Gluttony"],"picked":"Slimebound:SplitBruiser","floor":31.0},{"not_picked":["Slimebound:LeechEnergy","Slimebound:ItLooksTasty","Slimebound:ComboTackle"],"picked":"Slimebound:Prepare+1","floor":32.0},{"not_picked":["Slimebound:PrepareCrush","Slimebound:RallyTheTroops","Slimebound:Overexert"],"picked":"Slimebound:LeechLife","floor":33.0},{"not_picked":["Slimebound:FinishingTackle","Slimebound:Schlurp","Slimebound:SplitMire+1"],"picked":"Slimebound:LivingWall+1","floor":36.0},{"not_picked":["Slimebound:SlimeSpikes","Slimebound:LeechEnergy+1","Slimebound:HauntingLick"],"picked":"Slimebound:SplitLeeching","floor":38.0},{"not_picked":["Slimebound:ComboTackle","Slimebound:RainOfGoop","Slimebound:LeechEnergy+1"],"picked":"Slimebound:Schlurp","floor":42.0},{"not_picked":["Slimebound:LivingWall","Slimebound:ItLooksTasty","Slimebound:SplitLeeching","Slimebound:SplitBruiser"],"picked":"SKIP","floor":44.0},{"not_picked":["Slimebound:FinishingTackle+1","Slimebound:Teamwork","Slimebound:ForwardTackle+1"],"picked":"Slimebound:Prepare+1","floor":45.0},{"not_picked":["Slimebound:PressTheAttack","Slimebound:MegaLick+1","Slimebound:LeechingTouch"],"picked":"Slimebound:DuplicatedForm","floor":48.0},{"not_picked":["Slimebound:SplitBruiser","Slimebound:LeechEnergy","Slimebound:GrowthPunch+1","Slimebound:ProtectTheBoss"],"picked":"SKIP","floor":49.0}],"player_experience":14489,"relics_obtained":[{"floor":1.0,"key":"Dream Catcher"},{"floor":6.0,"key":"Girya"},{"floor":7.0,"key":"PreservedInsect"},{"floor":11.0,"key":"InkBottle"},{"floor":24.0,"key":"Replay:Bottled Snecko"},{"floor":26.0,"key":"Darkstone Periapt"},{"floor":29.0,"key":"Question Card"},{"floor":39.0,"key":"Gremlin Horn"},{"floor":41.0,"key":"Snack Pack"},{"floor":45.0,"key":"Gambling Chip"},{"floor":47.0,"key":"StoneCalendar"},{"floor":48.0,"key":"Replay:Ringing Soul"}],"event_choices":[],"is_beta":false,"boss_relics":[{"not_picked":["Velvet Choker","Runic Pyramid"],"picked":"Coffee Dripper"},{"not_picked":["Honey Jar","Replay:Ancient Bell"],"picked":"Painkiller Herb"}],"items_purged_floors":[23],"is_endless":false,"potions_floor_spawned":[5,11,12,14,16,20,21,26,27,29,32,33,38,42,44],"ascension_level":0}}