{"host":"eaiphzh066bwqdh7","time":1612902381,"event":{"mods":["BaseMod","Better Note","Halation","Hubris","Minty Spire (QoL Compilation)","Reliquary","Replay The Spire","StSLib"],"gold_per_floor":[115,131,131,146,146,146,18,18,96,110,124,124,124,136,136,237,237,252,271,353,353,333,333,343,358,413,413,423,423,63,74,74,179,179,193,193,243,258,358,358,373,373,373],"floor_reached":42,"language":"ENG","playtime":1494,"items_purged":["Delirium"],"score":468,"play_id":"79b24d8f-fd1c-4c35-b7de-cdb9e452af9e","local_time":"20210209152621","is_ascension_mode":true,"campfire_choices":[{"data":"Backflip","floor":6,"key":"SMITH"},{"floor":12,"key":"REST"},{"floor":15,"key":"REST"},{"floor":23,"key":"REST"},{"floor":29,"key":"REST"},{"floor":32,"key":"REST"},{"floor":40,"key":"REST"}],"circlet_count":0,"master_deck":["Strike_G","Strike_G","Strike_G","Strike_G","Defend_G","Defend_G","Defend_G","Defend_G","Survivor","Neutralize","Deflect","Backflip+1","Blade Dance","hubris:Sniper","Dagger Throw","Envenom+1","Blade Dance","Slice+1","Cloak And Dagger+1","Backflip","Infinite Blades+1","Accuracy","Adrenaline","ReplayTheSpireMod:Scrap Shanks","Slice+1","Blade Dance+1","hubris:SlightOfHand+1"],"relics":["Ring of the Serpent","reliquary:Stiletto","Ring of Fury","hubris:Towel","Paper Crane","hubris:PeanutButter","Vajra","Counterbalance","Tingsha"],"acts_visited":["Exordium","TheCity","TheBeyond"],"potions_floor_usage":[14,16,18,25,28,33,37,42],"damage_taken":[{"damage":0,"enemies":"2 Louse","floor":1,"turns":3},{"damage":4,"enemies":"Small Slimes","floor":2,"turns":4},{"damage":6,"enemies":"Cultist","floor":4,"turns":4},{"damage":21,"enemies":"Large Slime","floor":10,"turns":5},{"damage":5,"enemies":"3 Louse","floor":11,"turns":2},{"damage":0,"enemies":"Exordium Thugs","floor":14,"turns":3},{"damage":64,"enemies":"Fading Forest","floor":16,"turns":11},{"damage":14,"enemies":"3 Byrds","floor":18,"turns":4},{"damage":26,"enemies":"2 Thieves","floor":19,"turns":4},{"damage":12,"enemies":"Centurion and Healer","floor":24,"turns":4},{"damage":7,"enemies":"3 Cultists","floor":25,"turns":5},{"damage":18,"enemies":"Cultist and Chosen","floor":28,"turns":5},{"damage":16,"enemies":"Shelled Parasite and Fungi","floor":31,"turns":4},{"damage":10,"enemies":"Champ","floor":33,"turns":8},{"damage":10,"enemies":"3 Shapes","floor":35,"turns":4},{"damage":19,"enemies":"Mind Bloom Boss Battle","floor":37,"turns":4},{"damage":11,"enemies":"3 Darklings","floor":38,"turns":4},{"damage":43,"enemies":"4 Shapes","floor":41,"turns":3},{"damage":31,"enemies":"Giant Head","floor":42,"turns":5}],"seed_played":"3032621916210686998","potions_obtained":[{"floor":2,"key":"FearPotion"},{"floor":10,"key":"LifebloodPotion"},{"floor":16,"key":"Explosive Potion"},{"floor":18,"key":"Elixir"},{"floor":22,"key":"SpeedPotion"},{"floor":31,"key":"Swift Potion"},{"floor":35,"key":"Adrenaline Potion"},{"floor":41,"key":"Toxic Potion"}],"is_trial":false,"path_per_floor":["M","M","?","M","?","R","$","?","T","M","M","R","?","M","R","B",null,"M","M","T","?","?","R","M","M","T","?","M","R","$","M","R","B",null,"M","?","?","M","?","R","M","E"],"character_chosen":"THE_SILENT","items_purchased":["Blade Dance","Counterbalance","Accuracy"],"campfire_rested":6,"item_purchase_floors":[7,30,30],"current_hp_per_floor":[70,66,66,60,60,60,60,53,53,32,27,48,48,48,69,13,70,56,30,30,30,30,51,39,32,32,19,1,23,23,7,29,19,75,65,65,46,35,35,57,14,0,0],"gold":373,"neow_bonus":"RANDOM_COMMON_RELIC","is_daily":false,"chose_seed":false,"campfire_upgraded":1,"win_rate":0.0,"timestamp":1612902381,"path_taken":["M","M","?","M","?","R","$","?","T","M","M","R","?","M","R","BOSS","M","M","?","?","?","R","?","M","T","?","M","R","$","M","R","BOSS","M","?","?","M","?","R","M","E"],"items_purchased_type":["Card","Relic","Card"],"build_version":"2020-12-22","purchased_purges":1,"victory":false,"max_hp_per_floor":[70,70,70,70,70,70,70,70,70,70,70,70,70,70,70,70,70,70,70,70,70,70,70,70,70,70,75,75,75,75,75,75,75,75,75,75,75,75,75,75,75,75,75],"card_choices":[{"not_picked":["PiercingWail","Dagger Throw"],"picked":"Deflect","floor":1},{"not_picked":["Sucker Punch","PiercingWail","ReplayTheSpireMod:Scrap Shanks"],"picked":"SKIP","floor":2},{"not_picked":["Sucker Punch","Skewer"],"picked":"Backflip","floor":4},{"not_picked":["ReplayTheSpireMod:Exploit Weakness","hubris:SlightOfHand"],"picked":"hubris:Sniper","floor":10},{"not_picked":["Acrobatics","Caltrops","Sucker Punch"],"picked":"SKIP","floor":11},{"not_picked":["Acrobatics","Underhanded Strike"],"picked":"Envenom","floor":14},{"not_picked":["Backflip","Dagger Throw"],"picked":"Blade Dance","floor":18},{"not_picked":["Sucker Punch+1","Dagger Throw+1"],"picked":"Slice+1","floor":19},{"not_picked":["PiercingWail","Sucker Punch"],"picked":"Cloak And Dagger+1","floor":24},{"not_picked":["Poisoned Stab","Prepared"],"picked":"Backflip","floor":25},{"not_picked":["Deflect","Calculated Gamble"],"picked":"Infinite Blades+1","floor":28},{"not_picked":["Slice","Deflect"],"picked":"Adrenaline","floor":31},{"not_picked":["Tactician+1","Underhanded Strike"],"picked":"ReplayTheSpireMod:Scrap Shanks","floor":35},{"not_picked":["ReplayTheSpireMod:Tripwire","Flying Knee"],"picked":"Slice+1","floor":37},{"not_picked":["Bouncing Flask+1","Cloak And Dagger"],"picked":"Blade Dance+1","floor":38},{"not_picked":["Underhanded Strike+1","Outmaneuver"],"picked":"hubris:SlightOfHand+1","floor":41}],"player_experience":287842,"relics_obtained":[{"floor":3,"key":"Ring of Fury"},{"floor":9,"key":"Paper Crane"},{"floor":20,"key":"hubris:PeanutButter"},{"floor":26,"key":"Vajra"},{"floor":37,"key":"Tingsha"}],"event_choices":[{"cards_removed":["Defend_G"],"damage_healed":0,"gold_gain":0,"player_choice":"Card Removal","damage_taken":7,"max_hp_gain":0,"max_hp_loss":0,"event_name":"Golden Wing","floor":8,"gold_loss":0},{"damage_healed":0,"gold_gain":0,"cards_transformed":["Strike_G"],"player_choice":"Transformed","damage_taken":0,"max_hp_gain":0,"max_hp_loss":0,"event_name":"Transmorgrifier","floor":13,"gold_loss":0,"cards_obtained":["Dagger Throw"]},{"damage_healed":0,"gold_gain":0,"player_choice":"Ignored","damage_taken":0,"max_hp_gain":0,"max_hp_loss":0,"event_name":"Ghosts","floor":21,"gold_loss":0},{"damage_healed":0,"gold_gain":0,"player_choice":"Bought 1 Potion","damage_taken":0,"max_hp_gain":0,"max_hp_loss":0,"event_name":"The Woman in Blue","floor":22,"gold_loss":0},{"damage_healed":0,"gold_gain":0,"player_choice":"Shed Blood","damage_taken":18,"max_hp_gain":5,"max_hp_loss":0,"event_name":"Forgotten Altar","floor":27,"gold_loss":0},{"damage_healed":0,"gold_gain":0,"player_choice":"Fight","damage_taken":0,"max_hp_gain":0,"max_hp_loss":0,"event_name":"MindBloom","floor":37,"gold_loss":0},{"damage_healed":0,"gold_gain":100,"player_choice":"Pray","damage_taken":0,"max_hp_gain":0,"max_hp_loss":0,"event_name":"Golden Shrine","floor":39,"gold_loss":0}],"is_beta":false,"boss_relics":[{"not_picked":["Pandora\u0027s Box","Runic Pyramid"],"picked":"Ring of the Serpent"},{"not_picked":["hubris:TerracottaHorce","hubris:GrandSneckoEye","Kintsugi"]}],"items_purged_floors":[7],"is_endless":false,"potions_floor_spawned":[2,10,16,18,31,35,41],"killed_by":"Giant Head","ascension_level":4}}