{"host":"h5acbxt0wmjo1kpm","time":1612854987,"event":{"mods":["2.2 Compatiblity","Act Like it!","AlwaysNeverKeys","Aspiration","Bard","Bartender","BaseMod","Better Third Choice","Colored Map","Downfall","Elementarium","Gensokyo","GifTheSpireLib","Hallownest","Marisa????????","Menagerie","Minty Spire (QoL Compilation)","Permanent Neow","Potionbrewer","Quick Restart","Relic Filter","Reliquary","Robot Space Explorer","RumiaBox-????????","Shade Mod","Spicy Shops","StSLib","Strawberry Spire","The Blackbeard","The Dragon Tamer","The Gatherer","The Hayseed","The Problem Sleuth","The Servant 0.9.4","Wandering Minibosses","Wide Potions"],"gold_per_floor":[359,376,46,121,14,14,45,65,90,90,100,120,135,160,160,263,263,280,280,26,26,42,42,42,17,17,33,33,33,33,33,33,33,33,33],"floor_reached":33,"language":"ENG","playtime":1695,"items_purged":[],"score":426,"play_id":"669c4d24-208a-49c8-93bd-ebfd04085235","local_time":"20210208231627","is_ascension_mode":true,"metric_token":2323,"campfire_choices":[{"data":"DTMod:DragonDance","floor":6,"key":"SMITH"},{"floor":10,"key":"REST"},{"data":"DTMod:Haste","floor":15,"key":"SMITH"},{"data":"Elementarium:VoidblessedBlade","floor":23,"key":"SMITH"},{"data":"Elementarium:IceblessedBlade","floor":24,"key":"SMITH"},{"data":"DTMod:HeadStart","floor":30,"key":"SMITH"},{"data":"DTMod:WarmUp","floor":32,"key":"SMITH"}],"dtmod_dragon_data":[0,50,1,-1,8,0],"circlet_count":0,"master_deck":["DTMod:Strike","DTMod:Strike","DTMod:Strike","DTMod:Strike","DTMod:DoubleHit","DTMod:TargetDefense","DTMod:TargetDefense","DTMod:TargetDefense","DTMod:TargetDefense","DTMod:SwitchingTactic","DTMod:PurifyingFlame","DTMod:DragonDance+1","DTMod:ExcessFootwork","DTMod:WarmUp+1","DTMod:MaximumCharge","DTMod:TauntingStrike","DTMod:CleansingStrike","DTMod:QuickFly","DTMod:Haste+1","DTMod:FlameSlash","DTMod:HeadStart+1","Elementarium:FireblessedBlade","Elementarium:WindblessedBlade","Elementarium:EarthblessedBlade+1","Elementarium:IceblessedBlade+1","Elementarium:VoidblessedBlade+1","DTMod:Cover","DTMod:MasterPlan"],"relics":["DTMod:PactStone","reliquary:IridiumChain","aspiration:AnachronicSnailShell","PreservedInsect","aspiration:StickyExplosives","reliquary:Ember","WingedGreaves","MagicDraw2","Eternal Feather","aspiration:HummingbirdHeart"],"acts_visited":["Exordium","Elementarium:Elementarium"],"potions_floor_usage":[7,22,22,27],"damage_taken":[{"damage":0,"enemies":"2 Louse","floor":1,"turns":3},{"damage":0,"enemies":"Small Slimes","floor":2,"turns":3},{"damage":15,"enemies":"Lagavulin","floor":7,"turns":8},{"damage":0,"enemies":"Jaw Worm","floor":8,"turns":3},{"damage":0,"enemies":"2 Fungi Beasts","floor":11,"turns":3},{"damage":0,"enemies":"Large Slime","floor":12,"turns":5},{"damage":0,"enemies":"3 Louse","floor":13,"turns":3},{"damage":0,"enemies":"Gremlin Nob","floor":14,"turns":3},{"damage":0,"enemies":"The Guardian","floor":16,"turns":11},{"damage":1,"enemies":"Elementarium:2_ELEMENTALS","floor":18,"turns":4},{"damage":2,"enemies":"Elementarium:Cyclone","floor":22,"turns":5},{"damage":0,"enemies":"Elementarium:RubyGolem","floor":27,"turns":3},{"damage":0,"enemies":"Elementarium:GolemEmperor","floor":33,"turns":11}],"seed_played":"-8393397154889669353","potions_obtained":[{"floor":1,"key":"TheSimpletonMod:MoonshinePotion"},{"floor":13,"key":"potionbrewer:ToxicPotion"},{"floor":16,"key":"AttackPotion"},{"floor":18,"key":"LiquidBronze"}],"is_trial":false,"path_per_floor":["M","M","$","?","$","R","E","M","T","R","M","M","M","E","R","B",null,"M","?","$","?","M","R","R","$","T","M","R","?","R","T","R","B"],"character_chosen":"THE_DT","items_purchased":["reliquary:IridiumChain","DTMod:ExcessFootwork","DTMod:WarmUp","DTMod:MaximumCharge","MagicDraw2","DTMod:Cover"],"campfire_rested":1,"item_purchase_floors":[3,3,5,5,20,25],"current_hp_per_floor":[29,29,29,18,18,18,3,3,3,16,16,16,16,16,16,16,38,37,25,25,25,23,23,23,23,23,23,27,27,27,27,27,27,27,27],"gold":33,"neow_bonus":"TWO_FIFTY_GOLD","is_daily":false,"chose_seed":false,"campfire_upgraded":6,"win_rate":0.0,"timestamp":1612854987,"path_taken":["M","M","$","?","$","R","E","M","T","R","M","M","M","E","R","BOSS","M","?","$","?","M","R","R","$","T","M","R","?","R","?","R","BOSS"],"items_purchased_type":["Relic","Card","Card","Card","Relic","Card"],"build_version":"2020-12-22","purchased_purges":0,"victory":false,"max_hp_per_floor":[45,45,45,45,45,45,45,45,45,45,45,45,45,45,45,45,45,45,45,45,27,27,27,27,27,27,27,27,27,27,27,27,27,27,27],"card_choices":[{"not_picked":["DTMod:BlueScale","DTMod:Hide"],"picked":"DTMod:PurifyingFlame","floor":1},{"not_picked":["DTMod:Conduct","DTMod:BizarreTactic"],"picked":"DTMod:DragonDance","floor":2},{"not_picked":["DTMod:CleansingStrike","DTMod:BlueScale"],"picked":"DTMod:TauntingStrike","floor":7},{"not_picked":["DTMod:BizarreTactic","DTMod:RecklessFlurry"],"picked":"DTMod:CleansingStrike","floor":8},{"not_picked":["DTMod:Coolant","DTMod:RunningTactic"],"picked":"DTMod:QuickFly","floor":11},{"not_picked":["DTMod:ComboAttack","DTMod:CleansingStrike"],"picked":"DTMod:Haste","floor":12},{"not_picked":["DTMod:BreakAttack","DTMod:Punisher","DTMod:RecklessFlurry"],"picked":"SKIP","floor":13},{"not_picked":["DTMod:InvisibleFlame","DTMod:DarkBreath"],"picked":"DTMod:FlameSlash","floor":14},{"not_picked":["DTMod:OpeningTactic","DTMod:FierySynthesis"],"picked":"DTMod:HeadStart","floor":16},{"not_picked":["DTMod:Weaken","DTMod:ShieldDrain","DTMod:BuildUp"],"picked":"SKIP","floor":18},{"not_picked":["DTMod:FlameSlash","DTMod:Threaten","DTMod:CalculatedDefense"],"picked":"SKIP","floor":22},{"not_picked":["DTMod:DarkBreath","DTMod:Hide"],"picked":"DTMod:MasterPlan","floor":27}],"player_experience":2678802,"relics_obtained":[{"floor":7,"key":"aspiration:AnachronicSnailShell"},{"floor":9,"key":"PreservedInsect"},{"floor":14,"key":"aspiration:StickyExplosives"},{"floor":26,"key":"Eternal Feather"},{"floor":31,"key":"aspiration:HummingbirdHeart"}],"event_choices":[{"damage_healed":0,"gold_gain":75,"player_choice":"Gold","damage_taken":11,"max_hp_gain":0,"max_hp_loss":0,"event_name":"betterThird:BetterGoop","floor":4,"gold_loss":0},{"damage_healed":0,"gold_gain":0,"player_choice":"Blood","damage_taken":12,"relics_obtained":["WingedGreaves"],"max_hp_gain":0,"max_hp_loss":0,"event_name":"Elementarium:ShatteredPortal","floor":19,"gold_loss":0},{"damage_healed":0,"gold_gain":0,"player_choice":"Touch","damage_taken":0,"max_hp_gain":0,"max_hp_loss":18,"event_name":"Elementarium:ElementalBlades","floor":21,"gold_loss":0,"cards_obtained":["Elementarium:FireblessedBlade","Elementarium:WindblessedBlade","Elementarium:EarthblessedBlade","Elementarium:IceblessedBlade","Elementarium:VoidblessedBlade"]},{"damage_healed":0,"gold_gain":0,"player_choice":"Pray","damage_taken":0,"max_hp_gain":0,"max_hp_loss":0,"event_name":"Elementarium:VoidShrine","floor":29,"gold_loss":0,"cards_upgraded":["Elementarium:EarthblessedBlade"]}],"is_beta":false,"boss_relics":[{"not_picked":["reliquary:KinkedSpring","aspiration:BardSkillbook"],"picked":"reliquary:Ember"}],"items_purged_floors":[],"is_endless":false,"potions_floor_spawned":[1,13,16,18],"killed_by":"Elementarium:GolemEmperor","ascension_level":6}}