{"host":"uv5ws9rdk87e8i5k","time":1612886858,"event":{"mods":["AchievementEnabler","BaseMod","Colored Map","Minty Spire (QoL Compilation)","Permanent Neow","Quick Restart","StSLib","SuperFastMode","The Necromancer"],"gold_per_floor":[111,129,45,55,73,73,102,102,102,132,57,79,114,125,125,225,225,243,243,243,258,273,273,305,336,374,386,90,105,136,152,152,255,255,267,267,267,286,298,298,348,348,348,382,382,411,411,465,465,465,465,465,3,29,29],"floor_reached":56,"language":"ENG","playtime":1396,"items_purged":["Strike_R","Writhe"],"score":1769,"play_id":"30246694-1d1e-45b1-82c7-b687366ed23b","local_time":"20210209100738","is_ascension_mode":true,"campfire_choices":[{"data":"Demon Form","floor":6.0,"key":"SMITH"},{"data":"Sword Boomerang","floor":8.0,"key":"SMITH"},{"data":"Searing Blow","floor":15.0,"key":"SMITH"},{"data":"Searing Blow+1","floor":23.0,"key":"SMITH"},{"data":"Searing Blow+2","floor":27.0,"key":"SMITH"},{"data":"Searing Blow+3","floor":32.0,"key":"SMITH"},{"data":"Brutality","floor":40.0,"key":"SMITH"},{"data":"Searing Blow+4","floor":42.0,"key":"SMITH"},{"data":"Searing Blow+5","floor":45,"key":"SMITH"},{"floor":49,"key":"RECALL"},{"data":"Searing Blow+6","floor":52,"key":"SMITH"}],"circlet_count":0,"master_deck":["Strike_R","Strike_R","Strike_R","Strike_R","Defend_R","Defend_R","Defend_R","Defend_R","Bash","Demon Form+1","Sword Boomerang+1","Flame Barrier","Shrug It Off","Impervious","Pummel","Rampage","Searing Blow+7","Immolate","Clothesline","Burning Pact+1","Blood for Blood+1","Reaper","Flame Barrier+1","Juggernaut","Brutality+1","Heavy Blade+1","Heavy Blade","Juggernaut","Feel No Pain"],"relics":["Burning Blood","Happy Flower","Incense Burner","Meat on the Bone","Mercury Hourglass","Odd Mushroom","Mummified Hand","Snecko Eye","Shuriken","MawBank","Juzu Bracelet","Vajra","Orrery","Centennial Puzzle","Sozu","Ice Cream","Bag of Preparation","Anchor","Du-Vu Doll","StoneCalendar","Oddly Smooth Stone"],"acts_visited":["Exordium","TheCity","TheBeyond","TheEnding"],"potions_floor_usage":[55,55],"damage_taken":[{"damage":14.0,"enemies":"Small Slimes","floor":1.0,"turns":4.0},{"damage":1.0,"enemies":"Cultist","floor":2.0,"turns":3.0},{"damage":0.0,"enemies":"2 Louse","floor":4.0,"turns":2.0},{"damage":7.0,"enemies":"2 Fungi Beasts","floor":5.0,"turns":5.0},{"damage":25.0,"enemies":"3 Sentries","floor":7.0,"turns":8.0},{"damage":16.0,"enemies":"Gremlin Nob","floor":10.0,"turns":4.0},{"damage":12.0,"enemies":"The Mushroom Lair","floor":12.0,"turns":4.0},{"damage":1.0,"enemies":"Lagavulin","floor":13.0,"turns":5.0},{"damage":1.0,"enemies":"Exordium Thugs","floor":14.0,"turns":4.0},{"damage":8.0,"enemies":"Slime Boss","floor":16.0,"turns":7.0},{"damage":12.0,"enemies":"Chosen","floor":18.0,"turns":5.0},{"damage":1.0,"enemies":"3 Byrds","floor":21.0,"turns":3.0},{"damage":23.0,"enemies":"Snake Plant","floor":22.0,"turns":3.0},{"damage":2.0,"enemies":"Book of Stabbing","floor":24.0,"turns":3.0},{"damage":0.0,"enemies":"Centurion and Healer","floor":25.0,"turns":4.0},{"damage":6.0,"enemies":"3 Cultists","floor":29.0,"turns":3.0},{"damage":0.0,"enemies":"Gremlin Leader","floor":30.0,"turns":4.0},{"damage":0.0,"enemies":"Shelled Parasite and Fungi","floor":31.0,"turns":2.0},{"damage":2.0,"enemies":"Champ","floor":33.0,"turns":7.0},{"damage":0.0,"enemies":"3 Darklings","floor":35.0,"turns":2.0},{"damage":1.0,"enemies":"Orb Walker","floor":38.0,"turns":2.0},{"damage":14.0,"enemies":"3 Darklings","floor":39.0,"turns":3.0},{"damage":6.0,"enemies":"Mind Bloom Boss Battle","floor":41.0,"turns":3.0},{"damage":0,"enemies":"Reptomancer","floor":44,"turns":4},{"damage":71,"enemies":"Nemesis","floor":46,"turns":5},{"damage":9,"enemies":"2 Orb Walkers","floor":48,"turns":3},{"damage":34,"enemies":"Time Eater","floor":50,"turns":7},{"damage":27,"enemies":"Shield and Spear","floor":54,"turns":4},{"damage":94,"enemies":"The Heart","floor":55,"turns":8}],"seed_played":"5347742784387794350","potions_obtained":[{"floor":5.0,"key":"AttackPotion"},{"floor":7.0,"key":"Energy Potion"},{"floor":10.0,"key":"Weak Potion"},{"floor":12.0,"key":"Energy Potion"},{"floor":18.0,"key":"BloodPotion"},{"floor":25.0,"key":"ColorlessPotion"},{"floor":29.0,"key":"Dexterity Potion"},{"floor":30.0,"key":"SpeedPotion"}],"is_trial":false,"path_per_floor":["M","M","?","M","M","R","E","R","T","E","$","?","E","M","R","B",null,"M","?","?","M","M","R","E","M","T","R","$","M","E","M","R","B",null,"M","?","?","M","M","R","?","R","T","E","R","E","?","?","R","B",null,"R","$","E","B",null],"character_chosen":"IRONCLAD","items_purchased":["Vajra","Orrery","StoneCalendar","Feel No Pain"],"campfire_rested":0,"item_purchase_floors":[28,28,53,53],"current_hp_per_floor":[64,69,69,75,74,74,55,55,55,57,57,51,56,61,61,59,75,69,69,54,59,54,54,58,64,64,64,64,64,85,85,85,85,85,85,85,85,85,77,77,77,77,77,85,85,32,53,65,65,55,78,78,78,67,20],"gold":29,"neow_bonus":"ONE_RANDOM_RARE_CARD","is_daily":false,"chose_seed":false,"campfire_upgraded":10,"win_rate":0.0,"timestamp":1612886858,"path_taken":["M","M","?","M","?","R","E","R","T","E","?","?","E","M","R","BOSS","M","?","?","M","?","R","E","M","T","R","?","M","E","M","R","BOSS","M","?","?","M","M","R","?","R","T","E","R","E","?","?","R","BOSS","R","$","E","BOSS"],"items_purchased_type":["Relic","Relic","Relic","Card"],"build_version":"2020-12-22","purchased_purges":2,"victory":true,"max_hp_per_floor":[80,80,80,80,80,80,80,80,80,80,80,80,80,80,80,80,80,80,80,85,85,85,85,85,85,85,85,85,85,85,85,85,85,85,85,85,85,85,85,85,85,85,85,85,85,85,85,85,85,85,85,85,85,85,85],"card_choices":[{"not_picked":["Wild Strike","Armaments"],"picked":"Sword Boomerang","floor":1.0},{"not_picked":["Havoc","Rage"],"picked":"Flame Barrier","floor":2.0},{"not_picked":["Burning Pact","Rupture"],"picked":"Shrug It Off","floor":4.0},{"not_picked":["Clash","Warcry"],"picked":"Impervious","floor":5.0},{"not_picked":["Body Slam","Combust","Armaments"],"picked":"SKIP","floor":7.0},{"not_picked":["Combust","Sentinel"],"picked":"Pummel","floor":10.0},{"not_picked":["Intimidate","Wild Strike"],"picked":"Rampage","floor":13.0},{"not_picked":["Thunderclap","Feel No Pain"],"picked":"Searing Blow","floor":14.0},{"not_picked":["Exhume","Juggernaut"],"picked":"Immolate","floor":16.0},{"not_picked":["Clash","Fire Breathing"],"picked":"Clothesline","floor":18.0},{"not_picked":["Rupture","Anger"],"picked":"Burning Pact+1","floor":21.0},{"not_picked":["Iron Wave+1","Sentinel","Pommel Strike"],"picked":"SKIP","floor":22.0},{"not_picked":["Whirlwind","Warcry+1","Shrug It Off"],"picked":"SKIP","floor":24.0},{"not_picked":["Clothesline","Cleave+1","Thunderclap+1"],"picked":"SKIP","floor":25.0},{"not_picked":["Second Wind","Cleave+1"],"picked":"Blood for Blood+1","floor":28.0},{"not_picked":["Pommel Strike","Dual Wield"],"picked":"Reaper","floor":28.0},{"not_picked":["True Grit","Anger"],"picked":"Flame Barrier+1","floor":28.0},{"not_picked":["True Grit+1","Havoc","Warcry"],"picked":"SKIP","floor":29.0},{"not_picked":["Body Slam+1","Intimidate+1"],"picked":"Juggernaut","floor":30.0},{"not_picked":["Rage+1","Flex","Armaments"],"picked":"SKIP","floor":31.0},{"not_picked":["Exhume","Corruption"],"picked":"Brutality","floor":33.0},{"not_picked":["Flex+1","Twin Strike","Whirlwind"],"picked":"SKIP","floor":35.0},{"not_picked":["Shrug It Off+1","Cleave+1","Hemokinesis"],"picked":"SKIP","floor":38.0},{"not_picked":["Sword Boomerang","Havoc"],"picked":"Heavy Blade+1","floor":39.0},{"not_picked":["Armaments+1","Dropkick"],"picked":"Heavy Blade","floor":41.0},{"not_picked":["Seeing Red","Havoc+1"],"picked":"Juggernaut","floor":44},{"not_picked":["Perfected Strike","True Grit","Dark Embrace"],"picked":"SKIP","floor":46},{"not_picked":["Headbutt+1","Power Through","Iron Wave+1"],"picked":"SKIP","floor":54}],"player_experience":285931,"relics_obtained":[{"floor":7.0,"key":"Incense Burner"},{"floor":9.0,"key":"Meat on the Bone"},{"floor":10.0,"key":"Mercury Hourglass"},{"floor":12.0,"key":"Odd Mushroom"},{"floor":13.0,"key":"Mummified Hand"},{"floor":24.0,"key":"MawBank"},{"floor":26.0,"key":"Juzu Bracelet"},{"floor":30.0,"key":"Centennial Puzzle"},{"floor":41.0,"key":"Ice Cream"},{"floor":44,"key":"Bag of Preparation"},{"floor":46,"key":"Anchor"},{"floor":48,"key":"Du-Vu Doll"},{"floor":54,"key":"Oddly Smooth Stone"}],"event_choices":[{"damage_healed":0.0,"max_hp_gain":0.0,"max_hp_loss":0.0,"gold_gain":0.0,"event_name":"WeMeetAgain","player_choice":"Paid Gold","floor":3.0,"gold_loss":84.0,"damage_taken":0.0,"relics_obtained":["Happy Flower"]},{"damage_healed":0.0,"max_hp_gain":0.0,"max_hp_loss":0.0,"gold_gain":0.0,"event_name":"Mushrooms","player_choice":"Fought Mushrooms","floor":12.0,"gold_loss":0.0,"damage_taken":0.0},{"damage_healed":0.0,"max_hp_gain":0.0,"max_hp_loss":0.0,"gold_gain":0.0,"event_name":"The Mausoleum","player_choice":"Opened","floor":19.0,"gold_loss":0.0,"damage_taken":0.0,"relics_obtained":["Shuriken"]},{"damage_healed":0.0,"max_hp_gain":5.0,"max_hp_loss":0.0,"gold_gain":0.0,"event_name":"Forgotten Altar","player_choice":"Shed Blood","floor":20.0,"gold_loss":0.0,"damage_taken":20.0},{"damage_healed":0.0,"max_hp_gain":0.0,"max_hp_loss":0.0,"gold_gain":0.0,"event_name":"Match and Keep!","player_choice":"0 cards matched","floor":36.0,"gold_loss":0.0,"damage_taken":0.0,"cards_obtained":[]},{"damage_healed":0.0,"max_hp_gain":0.0,"max_hp_loss":0.0,"gold_gain":0.0,"event_name":"Tomb of Lord Red Mask","player_choice":"Ignored","floor":37.0,"gold_loss":0.0,"damage_taken":0.0},{"damage_healed":0.0,"max_hp_gain":0.0,"max_hp_loss":0.0,"gold_gain":0.0,"event_name":"MindBloom","player_choice":"Fight","floor":41.0,"gold_loss":0.0,"damage_taken":0.0},{"damage_healed":21,"gold_gain":0,"player_choice":"Writhe","damage_taken":0,"max_hp_gain":0,"max_hp_loss":0,"event_name":"Winding Halls","floor":47,"gold_loss":0,"cards_obtained":["Writhe"]},{"damage_healed":0,"gold_gain":0,"player_choice":"Fight","damage_taken":0,"max_hp_gain":0,"max_hp_loss":0,"event_name":"Mysterious Sphere","floor":48,"gold_loss":0}],"is_beta":false,"boss_relics":[{"not_picked":["Black Star","Astrolabe"],"picked":"Snecko Eye"},{"not_picked":["Mark of Pain","Busted Crown"],"picked":"Sozu"}],"items_purged_floors":[11,53],"is_endless":false,"potions_floor_spawned":[5,7,10,12,18,25,29,30,38,39,44,54],"ascension_level":9}}