{"host":"dmtlrev5pkc1867p","time":1612841468,"event":{"mods":["A Magickal Journey","BaseMod","Colored Map","Colored Powertips","Downfall","Hermit","Highlight Path","Infinite Spire","Marisa¡]Ãú«B¡@Å]²z¨F¡^","Minty Spire (QoL Compilation)","Permanent Neow","Quick Restart","Rare Cards Sparkle","Relic Stats","Replay The Spire","StSLib","SuperFastMode","The Construct","The Cursed","The Disciple","The Hierophant","The Necromancer","The Runesmith","The Servant 0.9.4"],"gold_per_floor":[114,125,141,141,188,217,243,243,80,80,115,115,133,165,65,165,165,175,188,463,483,483,383,383,283,318,335,367,367,378,363,363,458,458,471,483,483,498,498,430,453,466,496,496,440,440,440,450,450,450,450,450,450],"floor_reached":52,"language":"ZHS","playtime":3108,"items_purged":["downfall:Bewildered"],"score":1268,"play_id":"5937431e-4080-414b-a180-608d38cb0599","local_time":"20210209113108","daily_mods":["Elite Swarm"],"is_ascension_mode":true,"campfire_choices":[{"floor":8.0,"key":"REST"},{"floor":15.0,"key":"REST"},{"floor":23.0,"key":"RECALL"},{"floor":25.0,"key":"REST"},{"floor":29.0,"key":"REST"},{"data":"TheCursedMod:VoidForm","floor":32.0,"key":"SMITH"},{"data":"Cloudkill","floor":47,"key":"SMITH"},{"data":"infinitespire:SevenWalls","floor":49,"key":"SMITH"}],"circlet_count":0,"master_deck":["Strike_W","Strike_W","Strike_W","Strike_W","Defend_W","Defend_W","Defend_W","Defend_W+1","Negative_Energy_Arrows","Bone_Wall+1","TheCursedMod:TacticalStrike","TheCursedMod:CircleOfCorruption+1","TheCursedMod:CursedBlade","TheCursedMod:VoidForm+1","TheCursedMod:Wield","Spectral_Armor","Summon_Undead_Army","TheCursedMod:ForbiddenAlchemy","TheCursedMod:FleshFromBone","Cloudkill+1","TheCursedMod:NeowsMight","TheCursedMod:SpitefulPlan","Vampiric_Strike+1","Regret","Summon_Lich+1","TheCursedMod:AntiAging","TheCursedMod:FleshFromBone+1","TheCursedMod:DemonicPact","TheCursedMod:SmokeScreen+1","Pandemic+1","TheCursedMod:CursedRelics","TheCursedMod:CursedBlade+1","TheCursedMod:CursedSpellbook+1","Negative_Energy_Shield+1","infinitespire:SevenWalls+1","TheCursedMod:OutForBlood","Parasite","TheCursedMod:Evocation+1","Summon_Vampire_Lady","Wraith","Uncharnel","Replay:Sluggish","Bone_Armory","expansioncontent:AwakenDeath","TheCursedMod:CircleOfAmplification","TheCursedMod:StunningStrike","Negative_Energy_Arrows","Enlightenment","Spectral_Armor"],"relics":["Vampire_Amulet","Blood Vial","War Paint","PreservedInsect","Toy Ornithopter","Sundial","downfall:HeartBlessingBlue","expansioncontent:StudyCardRelic","infinitespire:Joker Card","downfall:HeartBlessingGreen","Slimebound:PreparedRelic","downfall:HeartBlessingRed","Divine Protection","Ancient Tea Set","Coffee Dripper","Turnip","infinitespire:CheckeredPen","ReplayFunnel","Lantern","ReplayTheSpireMod:CursedCoin","Replay:Towering Pillar of Hats"],"acts_visited":["TheCity","TheBeyond","TheEnding"],"potions_floor_usage":[48,50,50,50,50,50,50],"damage_taken":[{"damage":3.0,"enemies":"Jaw Worm","floor":1.0,"turns":5.0},{"damage":0.0,"enemies":"Cultist","floor":2.0,"turns":3.0},{"damage":0.0,"enemies":"2 Louse","floor":3.0,"turns":2.0},{"damage":51.0,"enemies":"Lagavulin","floor":6.0,"turns":6.0},{"damage":0.0,"enemies":"downfall:FleeingMerchant","floor":9.0,"turns":4.0},{"damage":15.0,"enemies":"Replay:BlueRogue","floor":11.0,"turns":5.0},{"damage":17.0,"enemies":"Exordium Thugs","floor":13.0,"turns":4.0},{"damage":8.0,"enemies":"Gremlin Nob","floor":14.0,"turns":3.0},{"damage":76.0,"enemies":"DF_ARCHETYPE_STREAMLINE","floor":16.0,"turns":11.0},{"damage":1.0,"enemies":"Chosen","floor":18.0,"turns":4.0},{"damage":9.0,"enemies":"Centurion and Healer","floor":19.0,"turns":4.0},{"damage":33.0,"enemies":"Shelled Parasite and Fungi","floor":21.0,"turns":6.0},{"damage":6.0,"enemies":"Book of Stabbing","floor":26.0,"turns":3.0},{"damage":47.0,"enemies":"Sentry and Sphere","floor":27.0,"turns":6.0},{"damage":34.0,"enemies":"Gremlin Leader","floor":28.0,"turns":4.0},{"damage":0.0,"enemies":"Snecko","floor":30.0,"turns":3.0},{"damage":0.0,"enemies":"downfall:FleeingMerchant","floor":31.0,"turns":4.0},{"damage":43.0,"enemies":"SI_MIRROR_ARCHETYPE","floor":33.0,"turns":9.0},{"damage":10.0,"enemies":"Orb Walker","floor":35.0,"turns":4.0},{"damage":15.0,"enemies":"3 Shapes","floor":36.0,"turns":4.0},{"damage":21.0,"enemies":"Sphere and 2 Shapes","floor":38.0,"turns":5.0},{"damage":72.0,"enemies":"Giant Head","floor":40.0,"turns":8.0},{"damage":28.0,"enemies":"Writhing Mass","floor":42.0,"turns":6.0},{"damage":26.0,"enemies":"Reptomancer","floor":43.0,"turns":5.0},{"damage":0.0,"enemies":"downfall:FleeingMerchant","floor":45.0,"turns":4.0},{"damage":0,"enemies":"Maw","floor":48,"turns":5},{"damage":88,"enemies":"IC_BLOCK_ARCHETYPE","floor":50,"turns":9},{"damage":16,"enemies":"downfall:CharBossMerchant","floor":52,"turns":5}],"seed_played":"8665345912937009658","potions_obtained":[{"floor":1.0,"key":"Milkshake"},{"floor":2.0,"key":"champ:CounterPotion"},{"floor":11.0,"key":"PowerPotion"},{"floor":14.0,"key":"Swift Potion"},{"floor":21.0,"key":"Strength Potion"},{"floor":30.0,"key":"Swift Potion"},{"floor":33.0,"key":"Block Potion"},{"floor":36.0,"key":"Energy Potion"},{"floor":48,"key":"Toxic Potion"}],"is_trial":true,"path_per_floor":["M","M","M","?","T","E","T","R","$","?","E","T","M","E","R","B",null,"M","M","?","M","AVR","R","T","R","E","M","E","R","M","$","R","B",null,"M","M","AVR","M","?","E","T","M","E","?","$","?","R","M","R","B",null,"E"],"character_chosen":"NECROMANCER","items_purchased":["Spectral_Armor","Summon_Undead_Army","ReplayTheSpireMod:CursedCoin","Bone_Armory","Replay:Towering Pillar of Hats","expansioncontent:AwakenDeath"],"campfire_rested":4,"item_purchase_floors":[9,9,45,45,45,45],"current_hp_per_floor":[67,69,73,73,73,26,26,48,50,50,39,39,28,29,64,7,66,69,71,71,44,44,44,44,69,70,32,31,56,62,64,64,52,80,79,80,80,72,72,41,41,24,27,27,39,39,39,48,48,51,87,85,85],"gold":450,"neow_bonus":"","is_daily":false,"chose_seed":false,"campfire_upgraded":3,"win_rate":0.0,"timestamp":1612841468,"path_taken":["M","M","M","?","?","E","T","R","$","?","E","?","M","E","R","BOSS","M","M","?","M","AVR","R","T","R","E","M","E","R","?","?","R","BOSS","M","M","AVR","M","?","E","T","M","E","?","$","?","R","?","R","BOSS","E"],"items_purchased_type":["Card","Card","Relic","Card","Relic","Card"],"build_version":"2020-12-22","purchased_purges":1,"victory":false,"max_hp_per_floor":[75,75,75,75,75,75,75,75,75,75,75,75,75,75,85,85,85,85,85,85,85,85,85,85,85,85,85,85,85,87,87,87,89,89,91,91,91,91,91,93,93,95,95,95,97,97,97,97,97,99,99,99,99],"relic_stats":{"Blood Vial":50,"counters":[28,141],"Sundial":[6],"PreservedInsect":513,"Turnip":[8],"War Paint":["Bone_Wall","Defend_W"],"obtain_stats":[{"ReplayFunnel":41,"Divine Protection":26,"Lantern":43,"downfall:HeartBlessingRed":25,"Replay:Towering Pillar of Hats":45,"ReplayTheSpireMod:CursedCoin":45,"downfall:HeartBlessingGreen":23,"PreservedInsect":7,"infinitespire:Joker Card":22,"expansioncontent:StudyCardRelic":17,"infinitespire:CheckeredPen":40,"War Paint":6,"Ancient Tea Set":28,"Blood Vial":5,"Sundial":14,"downfall:HeartBlessingBlue":15,"Vampire_Amulet":0,"Slimebound:PreparedRelic":24,"Turnip":37,"Coffee Dripper":34,"Toy Ornithopter":11},{"ReplayFunnel":22,"Divine Protection":13,"Lantern":24,"downfall:HeartBlessingRed":12,"Replay:Towering Pillar of Hats":25,"ReplayTheSpireMod:CursedCoin":25,"downfall:HeartBlessingGreen":12,"PreservedInsect":4,"infinitespire:Joker Card":12,"expansioncontent:StudyCardRelic":9,"infinitespire:CheckeredPen":22,"War Paint":4,"Ancient Tea Set":15,"Blood Vial":3,"Sundial":8,"downfall:HeartBlessingBlue":8,"Vampire_Amulet":0,"Slimebound:PreparedRelic":12,"Turnip":20,"Coffee Dripper":18,"Toy Ornithopter":6},{"ReplayFunnel":107,"Divine Protection":60,"Lantern":118,"downfall:HeartBlessingRed":57,"Replay:Towering Pillar of Hats":122,"ReplayTheSpireMod:CursedCoin":122,"downfall:HeartBlessingGreen":57,"PreservedInsect":16,"infinitespire:Joker Card":57,"expansioncontent:StudyCardRelic":43,"infinitespire:CheckeredPen":107,"War Paint":16,"Ancient Tea Set":70,"Blood Vial":10,"Sundial":32,"downfall:HeartBlessingBlue":32,"Vampire_Amulet":0,"Slimebound:PreparedRelic":57,"Turnip":94,"Coffee Dripper":86,"Toy Ornithopter":25}],"Toy Ornithopter":145},"card_choices":[{"not_picked":["TheCursedMod:Wield","TheCursedMod:SpitefulStrike"],"picked":"TheCursedMod:TacticalStrike","floor":1.0},{"not_picked":["TheCursedMod:FleshFromBone","Shackles_Of_Pain"],"picked":"TheCursedMod:CircleOfCorruption","floor":2.0},{"not_picked":["Death_March_Dance","Negative_Energy_Mist"],"picked":"TheCursedMod:CursedBlade","floor":3.0},{"not_picked":["TheCursedMod:UltimatePain","TheCursedMod:ForbiddenAlchemy"],"picked":"TheCursedMod:VoidForm","floor":6.0},{"not_picked":["Deaths_Shadow","Scare"],"picked":"TheCursedMod:Wield","floor":9.0},{"not_picked":["Negative_Energy_Bomb","TheCursedMod:ShockAndAwe"],"picked":"TheCursedMod:ForbiddenAlchemy","floor":11.0},{"not_picked":["Consume_Illness","TheCursedMod:VitalStrike"],"picked":"TheCursedMod:FleshFromBone","floor":13.0},{"not_picked":["TheCursedMod:UltimatePain","TheCursedMod:ParallelWorld"],"picked":"Cloudkill","floor":14.0},{"not_picked":["TheCursedMod:DemonSword","Skeleton_Dragon"],"picked":"TheCursedMod:NeowsMight","floor":16.0},{"not_picked":["Negative_Energy_Shield+1","TheCursedMod:CursedBlade+1"],"picked":"TheCursedMod:SpitefulPlan","floor":18.0},{"not_picked":["TheCursedMod:ReleasedStrength","Deaths_Shadow"],"picked":"Vampiric_Strike+1","floor":19.0},{"not_picked":["Finger_Of_Death+1","TheCursedMod:DoubleShield"],"picked":"Summon_Lich+1","floor":21.0},{"not_picked":["Blood_Magic","Summon_Death_Knight"],"picked":"TheCursedMod:AntiAging","floor":26.0},{"not_picked":["Finger_Of_Death","TheCursedMod:CursedBlade"],"picked":"TheCursedMod:FleshFromBone+1","floor":27.0},{"not_picked":["TheCursedMod:DemonSword","TheCursedMod:DarkBarrier"],"picked":"TheCursedMod:DemonicPact","floor":28.0},{"not_picked":["TheCursedMod:CircleOfCorruption","TheCursedMod:RavingStaff"],"picked":"TheCursedMod:SmokeScreen+1","floor":30.0},{"not_picked":["TheCursedMod:Stigma","TheCursedMod:CircleOfWindfury"],"picked":"Pandemic+1","floor":31.0},{"not_picked":["Requiem","Detonate_Bones"],"picked":"TheCursedMod:CursedRelics","floor":33.0},{"not_picked":["Blood_Whip","Deaths_Shadow"],"picked":"TheCursedMod:CursedBlade+1","floor":35.0},{"not_picked":["Negative_Energy_Javelin","TheCursedMod:RavingStaff"],"picked":"TheCursedMod:CursedSpellbook+1","floor":36.0},{"not_picked":["TheCursedMod:Torture","TheCursedMod:PrepareRite+1"],"picked":"Negative_Energy_Shield+1","floor":38.0},{"not_picked":["infinitespire:Starlight","infinitespire:Punishment"],"picked":"infinitespire:SevenWalls","floor":39.0},{"not_picked":["Skeleton_Dragon","Requiem"],"picked":"TheCursedMod:OutForBlood","floor":40.0},{"not_picked":["Bone_Shift","Negative_Energy_Javelin"],"picked":"TheCursedMod:Evocation+1","floor":42.0},{"not_picked":["TheCursedMod:DemonSword","TheCursedMod:DemonicPact"],"picked":"Summon_Vampire_Lady","floor":43.0},{"not_picked":["Shackles_Of_Pain","Vampiric_Strike"],"picked":"Uncharnel","floor":45.0},{"not_picked":["Shackles_Of_Pain","Bone_Armory"],"picked":"Spectral_Armor","floor":48}],"player_experience":651107,"relics_obtained":[{"floor":5.0,"key":"Blood Vial"},{"floor":6.0,"key":"War Paint"},{"floor":7.0,"key":"PreservedInsect"},{"floor":11.0,"key":"Toy Ornithopter"},{"floor":14.0,"key":"Sundial"},{"floor":24.0,"key":"Slimebound:PreparedRelic"},{"floor":26.0,"key":"Divine Protection"},{"floor":28.0,"key":"Ancient Tea Set"},{"floor":40.0,"key":"infinitespire:CheckeredPen"},{"floor":41.0,"key":"ReplayFunnel"},{"floor":43.0,"key":"Lantern"}],"event_choices":[{"damage_healed":0.0,"max_hp_gain":0.0,"max_hp_loss":0.0,"gold_gain":0.0,"event_name":"Scrap Ooze","player_choice":"Fled","floor":10.0,"gold_loss":0.0,"damage_taken":0.0},{"damage_healed":0.0,"max_hp_gain":0.0,"max_hp_loss":0.0,"gold_gain":0.0,"event_name":"OrinTheCat","player_choice":"Ignored","floor":44.0,"gold_loss":0.0,"damage_taken":0.0}],"is_beta":false,"boss_relics":[{"not_picked":["SacredBark","construct:WeddingRing"],"picked":"expansioncontent:StudyCardRelic"},{"not_picked":["ReplayTheSpireMod:DimensionalGlitch","Ring of Chaos"],"picked":"Coffee Dripper"}],"items_purged_floors":[45],"is_endless":false,"potions_floor_spawned":[1,2,11,14,21,30,33,36,48],"killed_by":"downfall:CharBossMerchant","ascension_level":6}}