{"host":"if46sxignvy4ka0k","time":1612849808,"event":{"mods":["BaseMod","Minty Spire (QoL Compilation)","StSLib","The Cursed"],"gold_per_floor":[114,189,139,139,139,174,174,10,87,116,116,135,160,180,180,280,280,300,138,150,150,425,425,442,442,524,139,153,178,198,227,227,329,329,347,39,91,104,118,118,118,118,195,195,195,195,208,208,208],"floor_reached":48,"language":"ENG","playtime":2345,"items_purged":[],"score":634,"play_id":"c2ba2c28-6a77-4635-ad72-914311031b0f","local_time":"20210208235008","is_ascension_mode":false,"campfire_choices":[{"floor":7,"key":"REST"},{"data":"TheCursedMod:HellfireBreathing","floor":11,"key":"SMITH"},{"floor":15,"key":"REST"},{"data":"TheCursedMod:VoidForm","floor":23,"key":"SMITH"},{"floor":25,"key":"REST"},{"data":"TheCursedMod:LuckyCharm","floor":32,"key":"SMITH"},{"floor":40,"key":"REST"},{"floor":46,"key":"RECALL"}],"circlet_count":0,"master_deck":["TheCursedMod:Strike_TheCursed","TheCursedMod:Strike_TheCursed","TheCursedMod:Strike_TheCursed","TheCursedMod:Defend_TheCursed","TheCursedMod:Defend_TheCursed","TheCursedMod:Defend_TheCursed","TheCursedMod:CursedWand","TheCursedMod:CleanUpWorkshop","TheCursedMod:Dregs","Blind","TheCursedMod:RapidMovement","Regret","TheCursedMod:BlessingInDisguise","TheCursedMod:HellfireBreathing+1","TheCursedMod:SmokeScreen","TheCursedMod:HellsGateOpen","TheCursedMod:CircleOfAbyss","TheCursedMod:VoidForm+1","TheCursedMod:Hemoplague","TheCursedMod:ReleasedStrength","TheCursedMod:Torture","Regret","TheCursedMod:Stigma","TheCursedMod:LuckyCharm+1","TheCursedMod:CursedBlade+1","TheCursedMod:SoulReap+1","TheCursedMod:LuckyCharm","TheCursedMod:FleshFromBone+1","TheCursedMod:OutForBlood","TheCursedMod:VoidForm+1","Parasite","TheCursedMod:Stretching+1","Writhe","TheCursedMod:CircleOfCorruption+1"],"relics":["TheCursedMod:BlackMagic101","Toy Ornithopter","Ginger","Pantograph","Membership Card","Letter Opener","Peace Pipe","TheCursedMod:Tack","TheCursedMod:FourLeafCloverCharm","OrangePellets","Molten Egg 2","Thread and Needle","Oddly Smooth Stone","TheCursedMod:PinkPellets","Strawberry","Orichalcum","Busted Crown","TheCursedMod:MagicCandle","Juzu Bracelet","DollysMirror","Torii","Kunai"],"acts_visited":["Exordium","TheCity","TheBeyond"],"potions_floor_usage":[29,29,29,30,30,39],"damage_taken":[{"damage":0,"enemies":"2 Louse","floor":1,"turns":3},{"damage":30,"enemies":"3 Sentries","floor":6,"turns":14},{"damage":14,"enemies":"Gremlin Nob","floor":10,"turns":5},{"damage":0,"enemies":"Small Slimes","floor":12,"turns":5},{"damage":4,"enemies":"3 Sentries","floor":13,"turns":5},{"damage":0,"enemies":"Cultist","floor":14,"turns":4},{"damage":48,"enemies":"Hexaghost","floor":16,"turns":12},{"damage":0,"enemies":"3 Byrds","floor":18,"turns":3},{"damage":20,"enemies":"Chosen","floor":20,"turns":6},{"damage":17,"enemies":"Snecko","floor":24,"turns":6},{"damage":3,"enemies":"Centurion and Healer","floor":28,"turns":9},{"damage":34,"enemies":"Slavers","floor":29,"turns":4},{"damage":3,"enemies":"Sentry and Sphere","floor":30,"turns":5},{"damage":5,"enemies":"Book of Stabbing","floor":31,"turns":5},{"damage":34,"enemies":"Automaton","floor":33,"turns":12},{"damage":19,"enemies":"Orb Walker","floor":35,"turns":5},{"damage":47,"enemies":"3 Darklings","floor":38,"turns":7},{"damage":9,"enemies":"Writhing Mass","floor":39,"turns":7},{"damage":61,"enemies":"Transient","floor":47,"turns":5},{"damage":14,"enemies":"Jaw Worm Horde","floor":48,"turns":2}],"seed_played":"3769882675347088999","potions_obtained":[{"floor":10,"key":"CultistPotion"},{"floor":14,"key":"Dexterity Potion"},{"floor":16,"key":"SneckoOil"},{"floor":31,"key":"SpeedPotion"},{"floor":38,"key":"Dexterity Potion"},{"floor":47,"key":"Energy Potion"}],"is_trial":false,"path_per_floor":["M","?","?","?","?","E","R","$","T","E","R","M","E","M","R","B",null,"M","$","M","?","?","R","M","R","T","$","M","E","M","E","R","B",null,"M","$","T","M","M","R","?","?","T","?","?","R","M","M"],"character_chosen":"THE_CURSED","items_purchased":["Membership Card","TheCursedMod:HellfireBreathing","TheCursedMod:Hemoplague","OrangePellets","TheCursedMod:ReleasedStrength","TheCursedMod:Torture","TheCursedMod:LuckyCharm","Thread and Needle","Oddly Smooth Stone","TheCursedMod:PinkPellets","EntropicBrew","TheCursedMod:MagicCandle","Juzu Bracelet","DollysMirror"],"campfire_rested":4,"item_purchase_floors":[8,8,19,19,19,19,27,27,27,27,27,36,36,36],"current_hp_per_floor":[75,64,64,52,52,22,44,44,44,30,30,30,26,26,48,25,75,75,75,55,55,55,55,38,60,60,60,57,45,52,52,52,43,82,63,63,63,26,22,46,46,46,46,67,67,67,6,0,0],"gold":208,"neow_bonus":"RANDOM_COLORLESS","is_daily":false,"chose_seed":false,"campfire_upgraded":3,"win_rate":0.0,"timestamp":1612849808,"path_taken":["M","?","?","?","?","E","R","?","T","E","R","M","E","M","R","BOSS","M","$","?","?","?","R","?","R","T","?","M","E","M","E","R","BOSS","M","$","?","M","M","R","?","?","T","?","?","R","M","M"],"items_purchased_type":["Relic","Card","Card","Relic","Card","Card","Card","Relic","Relic","Relic","Potion","Relic","Relic","Relic"],"build_version":"2020-12-22","purchased_purges":0,"victory":false,"max_hp_per_floor":[75,75,75,75,75,75,75,75,75,75,75,75,75,75,75,75,75,75,75,75,75,75,75,75,75,75,75,75,82,82,82,82,82,82,82,82,82,82,82,82,82,82,82,82,82,82,82,82,82],"card_choices":[{"not_picked":["Good Instincts","Enlightenment"],"picked":"Blind","floor":0},{"not_picked":["TheCursedMod:EmpowerCircles","TheCursedMod:CursedShiv"],"picked":"TheCursedMod:RapidMovement","floor":1},{"not_picked":["TheCursedMod:SpitefulStrike","TheCursedMod:Torture"],"picked":"TheCursedMod:BlessingInDisguise","floor":6},{"not_picked":["TheCursedMod:RapidMovement","TheCursedMod:CircleOfCorruption"],"picked":"TheCursedMod:SmokeScreen","floor":10},{"not_picked":["TheCursedMod:Stretching","TheCursedMod:BloodBarrier"],"picked":"TheCursedMod:HellsGateOpen","floor":12},{"not_picked":["TheCursedMod:SoulCrush","TheCursedMod:CircleOfWindfury"],"picked":"TheCursedMod:CircleOfAbyss","floor":13},{"not_picked":["TheCursedMod:SurpriseAttack","TheCursedMod:SpitefulStrike","TheCursedMod:CursedAmulet"],"picked":"SKIP","floor":14},{"not_picked":["TheCursedMod:UltimatePain","TheCursedMod:DemonSword"],"picked":"TheCursedMod:VoidForm","floor":16},{"not_picked":["TheCursedMod:RapidMovement","TheCursedMod:VitalStrike","TheCursedMod:SmokeScreen"],"picked":"SKIP","floor":18},{"not_picked":["TheCursedMod:SmokeScreen+1","TheCursedMod:CircleOfWindfury+1","TheCursedMod:CursedArmor"],"picked":"SKIP","floor":20},{"not_picked":["TheCursedMod:EmpowerCircles","TheCursedMod:Stretching"],"picked":"TheCursedMod:Stigma","floor":24},{"not_picked":["TheCursedMod:SmokeScreen","TheCursedMod:FleshFromBone"],"picked":"TheCursedMod:CursedBlade+1","floor":28},{"not_picked":["TheCursedMod:FuryStrike+1","TheCursedMod:HellfireBreathing"],"picked":"TheCursedMod:SoulReap+1","floor":29},{"not_picked":["TheCursedMod:SpitefulPlan","TheCursedMod:SmokeScreen"],"picked":"TheCursedMod:LuckyCharm","floor":30},{"not_picked":["TheCursedMod:SpitefulStrike+1","TheCursedMod:SaltUponWound"],"picked":"TheCursedMod:FleshFromBone+1","floor":31},{"not_picked":["TheCursedMod:ParallelWorld","TheCursedMod:DemonSword+1"],"picked":"TheCursedMod:OutForBlood","floor":33},{"not_picked":["TheCursedMod:CursedAmulet"],"picked":"SKIP","floor":35},{"not_picked":["TheCursedMod:CursedAmulet"],"picked":"SKIP","floor":38},{"not_picked":[],"picked":"TheCursedMod:Stretching+1","floor":39},{"not_picked":[],"picked":"TheCursedMod:CircleOfCorruption+1","floor":47}],"player_experience":2147017,"relics_obtained":[{"floor":6,"key":"Pantograph"},{"floor":9,"key":"Letter Opener"},{"floor":10,"key":"Peace Pipe"},{"floor":13,"key":"TheCursedMod:Tack"},{"floor":26,"key":"Molten Egg 2"},{"floor":29,"key":"Strawberry"},{"floor":31,"key":"Orichalcum"},{"floor":43,"key":"Kunai"}],"event_choices":[{"damage_healed":0,"gold_gain":75,"player_choice":"Gather Gold","damage_taken":11,"max_hp_gain":0,"max_hp_loss":0,"event_name":"World of Goop","floor":2,"gold_loss":0},{"cards_removed":["TheCursedMod:Defend_TheCursed"],"damage_healed":0,"gold_gain":0,"player_choice":"Card Removal","damage_taken":0,"max_hp_gain":0,"max_hp_loss":0,"event_name":"The Cleric","floor":3,"gold_loss":50},{"damage_healed":0,"gold_gain":0,"player_choice":"Success","damage_taken":12,"relics_obtained":["Toy Ornithopter"],"max_hp_gain":0,"max_hp_loss":0,"event_name":"Scrap Ooze","floor":4,"gold_loss":0},{"damage_healed":0,"gold_gain":0,"player_choice":"Box","damage_taken":0,"relics_obtained":["Ginger"],"max_hp_gain":0,"max_hp_loss":0,"event_name":"Big Fish","floor":5,"gold_loss":0,"cards_obtained":["Regret"]},{"damage_healed":0,"gold_gain":0,"player_choice":"Ignored","damage_taken":0,"max_hp_gain":0,"max_hp_loss":0,"event_name":"Beggar","floor":21,"gold_loss":0},{"damage_healed":0,"gold_gain":275,"player_choice":"Desecrate","damage_taken":0,"max_hp_gain":0,"max_hp_loss":0,"event_name":"Golden Shrine","floor":22,"gold_loss":0,"cards_obtained":["Regret"]},{"damage_healed":0,"gold_gain":0,"player_choice":"Gave Potion","damage_taken":0,"relics_obtained":["Torii"],"max_hp_gain":0,"max_hp_loss":0,"event_name":"WeMeetAgain","floor":41,"gold_loss":0},{"damage_healed":0,"gold_gain":0,"player_choice":"Ignored","damage_taken":0,"max_hp_gain":0,"max_hp_loss":0,"event_name":"Tomb of Lord Red Mask","floor":42,"gold_loss":0},{"damage_healed":21,"gold_gain":0,"player_choice":"Writhe","damage_taken":0,"max_hp_gain":0,"max_hp_loss":0,"event_name":"Winding Halls","floor":44,"gold_loss":0,"cards_obtained":["Writhe"]},{"cards_removed":["TheCursedMod:Strike_TheCursed"],"damage_healed":0,"gold_gain":0,"player_choice":"Offered Basic","damage_taken":0,"max_hp_gain":0,"max_hp_loss":0,"event_name":"Bonfire Elementals","floor":45,"gold_loss":0}],"is_beta":false,"boss_relics":[{"not_picked":["Calling Bell","Astrolabe"],"picked":"TheCursedMod:FourLeafCloverCharm"},{"not_picked":["TheCursedMod:BlackMagicAdvanced","Runic Dome"],"picked":"Busted Crown"}],"items_purged_floors":[],"is_endless":false,"potions_floor_spawned":[10,14,16,28,29,31,38,47],"killed_by":"Jaw Worm Horde","ascension_level":0}}