{"host":"vdcd40ahtleuz1u4","time":1612905686,"event":{"mods":["AchievementEnabler","BaseMod","BetterRewards","Colored Map","Colored Powertips","Curses Come First","Highlight Path","Minty Spire (QoL Compilation)","Quick Restart","Relic Stats","Shop Mod","StSLib","SuperFastMode","Weighted Paths"],"gold_per_floor":[110,110,110,42,42,73,88,88,88,88,120,130,55,83,83,179,179,191,3,23,23,46,46,46,81,81,109,126,126,226,226,226,330,380,398,192,202,202,252,252,284,284,284,136,151,163,163,189,189,189],"floor_reached":51,"language":"ENG","playtime":1973,"items_purged":["Defend_B","Strike_B","Strike_B"],"score":1027,"play_id":"9332ad50-5806-4c2f-a9ba-c79a8b08255e","local_time":"20210209212126","is_ascension_mode":true,"campfire_choices":[{"data":"Defragment","floor":8,"key":"SMITH"},{"data":"Fusion","floor":10,"key":"SMITH"},{"data":"Storm","floor":15,"key":"SMITH"},{"data":"Enlightenment","floor":23,"key":"SMITH"},{"data":"Capacitor","floor":29,"key":"SMITH"},{"data":"Electrodynamics","floor":32,"key":"SMITH"},{"data":"Chaos","floor":40,"key":"SMITH"},{"data":"Zap","floor":42,"key":"SMITH"},{"data":"Rainbow","floor":47,"key":"SMITH"},{"data":"Defragment","floor":49,"key":"SMITH"}],"circlet_count":0,"master_deck":["Strike_B","Strike_B","Defend_B","Defend_B+1","Defend_B","Zap+1","Dualcast","Defragment+1","Fusion+1","Capacitor+1","Ball Lightning","Chill","Coolheaded","Storm+1","Meteor Strike","Enlightenment+1","Lockon+1","Electrodynamics+1","Meteor Strike","Hologram+1","Chaos+1","Storm+1","Coolheaded+1","Rainbow+1","Defragment+1","Static Discharge+1","Darkness+1"],"relics":["Cracked Core","Anchor","Oddly Smooth Stone","Pen Nib","Letter Opener","Happy Flower","Thread and Needle","Boot","Nuclear Battery","Omamori","Ancient Tea Set","FossilizedHelix","Blood Vial","Girya","Pantograph","Tiny House","Calipers","Meat on the Bone","Question Card","Lantern"],"acts_visited":["Exordium","TheCity","TheBeyond"],"potions_floor_usage":[30,30,39,41],"damage_taken":[{"damage":0,"enemies":"Jaw Worm","floor":1,"turns":6},{"damage":97,"enemies":"Gremlin Nob","floor":6,"turns":6},{"damage":1,"enemies":"Small Slimes","floor":7,"turns":3},{"damage":26,"enemies":"Lagavulin","floor":11,"turns":5},{"damage":0,"enemies":"2 Louse","floor":12,"turns":2},{"damage":10,"enemies":"3 Sentries","floor":14,"turns":5},{"damage":34,"enemies":"Hexaghost","floor":16,"turns":9},{"damage":2,"enemies":"Chosen","floor":18,"turns":5},{"damage":6,"enemies":"Shell Parasite","floor":20,"turns":5},{"damage":46,"enemies":"Gremlin Leader","floor":25,"turns":7},{"damage":14,"enemies":"Slavers","floor":27,"turns":5},{"damage":0,"enemies":"Centurion and Healer","floor":28,"turns":5},{"damage":3,"enemies":"Colosseum Slavers","floor":30,"turns":4},{"damage":0,"enemies":"Colosseum Nobs","floor":30,"turns":3},{"damage":42,"enemies":"Collector","floor":33,"turns":7},{"damage":0,"enemies":"Orb Walker","floor":35,"turns":3},{"damage":7,"enemies":"3 Darklings","floor":37,"turns":3},{"damage":27,"enemies":"Mind Bloom Boss Battle","floor":39,"turns":6},{"damage":15,"enemies":"Giant Head","floor":41,"turns":7},{"damage":0,"enemies":"Sphere and 2 Shapes","floor":45,"turns":2},{"damage":9,"enemies":"Writhing Mass","floor":46,"turns":3},{"damage":0,"enemies":"Nemesis","floor":48,"turns":5},{"damage":61,"enemies":"Donu and Deca","floor":50,"turns":5}],"seed_played":"1331105086412965651","potions_obtained":[{"floor":1,"key":"Weak Potion"},{"floor":14,"key":"DuplicationPotion"},{"floor":25,"key":"Swift Potion"},{"floor":30,"key":"SmokeBomb"},{"floor":33,"key":"Energy Potion"},{"floor":41,"key":"Swift Potion"},{"floor":45,"key":"Weak Potion"}],"is_trial":false,"path_per_floor":["M","?","T","$","?","E","M","R","T","R","E","M","$","E","R","B",null,"M","$","M","?","T","R","?","E","T","E","M","R","?","?","R","B",null,"M","$","M","?","?","R","E","R","T","$","M","M","R","E","R","B",null],"character_chosen":"DEFECT","items_purchased":["Defragment","Anchor","Capacitor","Enlightenment","Chaos","Rainbow","Defragment"],"campfire_rested":0,"item_purchase_floors":[0,0,4,19,36,44,44],"current_hp_per_floor":[69,69,69,69,66,75,74,74,74,74,48,48,48,38,38,65,75,73,73,67,67,67,67,53,34,34,66,68,68,69,80,80,38,85,85,85,78,78,58,58,45,45,45,45,47,52,52,85,85,36],"gold":189,"neow_bonus":"","is_daily":false,"chose_seed":false,"campfire_upgraded":10,"win_rate":0.0,"timestamp":1612905686,"path_taken":["M","?","?","$","?","E","M","R","T","R","E","M","?","E","R","BOSS","M","$","M","?","?","R","?","E","T","E","M","R","?","?","R","BOSS","M","$","M","?","?","R","E","R","T","$","M","M","R","E","R","BOSS"],"items_purchased_type":["Card","Relic","Card","Card","Card","Card","Card"],"build_version":"2020-12-22","purchased_purges":3,"victory":true,"max_hp_per_floor":[75,75,75,75,75,75,75,75,75,75,75,75,75,75,75,75,75,75,75,75,75,75,75,80,80,80,80,80,80,80,80,80,80,85,85,85,85,85,85,85,85,85,85,85,85,85,85,85,85,85],"relic_stats":{"Blood Vial":14,"Happy Flower":[32],"counters":[68,350],"Pantograph":7,"Pen Nib":[12],"Letter Opener":[216],"Boot":[12],"Question Card":3,"obtain_stats":[{"Mark of the Bloom":47,"Calipers":8,"Tiny House":34,"Vajra":9,"Boot":14,"Blood Vial":26,"Sozu":34,"Strawberry":29,"Kunai":23,"Toxic Egg 2":23,"Girya":30,"Pear":12,"Happy Flower":29,"Blue Candle":12,"Dead Branch":41,"Oddly Smooth Stone":3,"Pen Nib":27,"Letter Opener":9,"Question Card":43,"SlaversCollar":17,"MutagenicStrength":30,"Bronze Scales":43,"Snecko Eye":34,"Black Star":17,"Nloth\u0027s Gift":20,"Meat on the Bone":41,"Darkstone Periapt":14,"Lantern":11,"Regal Pillow":26,"StoneCalendar":22,"Juzu Bracelet":0,"Ancient Tea Set":6,"Smiling Mask":47,"Burning Blood":0,"Dream Catcher":27,"Pantograph":30,"Red Mask":48,"Lee\u0027s Waffle":24,"Thread and Needle":11,"PreservedInsect":44,"Omamori":22,"Orichalcum":44,"Frozen Egg 2":0,"Odd Mushroom":10,"White Beast Statue":6,"Nuclear Battery":17,"Strange Spoon":38,"Anchor":0,"Ornamental Fan":27,"Bag of Marbles":31,"Bottled Lightning":45,"Toy Ornithopter":47,"FossilizedHelix":26},{"Mark of the Bloom":43,"Calipers":25,"Tiny House":60,"Vajra":25,"Boot":51,"Blood Vial":12,"Sozu":38,"Strawberry":37,"Kunai":10,"Toxic Egg 2":10,"Girya":59,"Pear":28,"Happy Flower":13,"Blue Candle":5,"Dead Branch":42,"Oddly Smooth Stone":46,"Pen Nib":13,"Letter Opener":3,"Question Card":64,"SlaversCollar":30,"MutagenicStrength":13,"Bronze Scales":18,"Snecko Eye":14,"Black Star":7,"Nloth\u0027s Gift":32,"Meat on the Bone":64,"Darkstone Periapt":29,"Lantern":4,"Regal Pillow":34,"StoneCalendar":33,"Juzu Bracelet":0,"Ancient Tea Set":3,"Smiling Mask":20,"Burning Blood":0,"Dream Catcher":13,"Pantograph":59,"Red Mask":20,"Lee\u0027s Waffle":34,"Thread and Needle":49,"PreservedInsect":19,"Omamori":54,"Orichalcum":19,"Frozen Egg 2":21,"Odd Mushroom":26,"White Beast Statue":24,"Nuclear Battery":52,"Strange Spoon":16,"Anchor":45,"Ornamental Fan":35,"Bag of Marbles":13,"Bottled Lightning":43,"Toy Ornithopter":20,"FossilizedHelix":55},{"Mark of the Bloom":233,"Calipers":151,"Tiny House":316,"Vajra":151,"Boot":266,"Blood Vial":79,"Sozu":214,"Strawberry":210,"Kunai":67,"Toxic Egg 2":67,"Girya":309,"Pear":166,"Happy Flower":86,"Blue Candle":32,"Dead Branch":230,"Oddly Smooth Stone":245,"Pen Nib":86,"Letter Opener":12,"Question Card":335,"SlaversCollar":178,"MutagenicStrength":86,"Bronze Scales":112,"Snecko Eye":99,"Black Star":47,"Nloth\u0027s Gift":185,"Meat on the Bone":335,"Darkstone Periapt":170,"Lantern":22,"Regal Pillow":192,"StoneCalendar":188,"Juzu Bracelet":0,"Ancient Tea Set":12,"Smiling Mask":127,"Burning Blood":0,"Dream Catcher":86,"Pantograph":309,"Red Mask":127,"Lee\u0027s Waffle":192,"Thread and Needle":259,"PreservedInsect":122,"Omamori":285,"Orichalcum":122,"Frozen Egg 2":136,"Odd Mushroom":156,"White Beast Statue":146,"Nuclear Battery":275,"Strange Spoon":105,"Anchor":239,"Ornamental Fan":197,"Bag of Marbles":86,"Bottled Lightning":233,"Toy Ornithopter":127,"FossilizedHelix":292}],"Meat on the Bone":24},"card_choices":[{"not_picked":["Redo","Steam"],"picked":"Fusion","floor":1},{"not_picked":["Compile Driver","Cold Snap"],"picked":"Ball Lightning","floor":6},{"not_picked":["Coolheaded","Reinforced Body"],"picked":"Chill","floor":7},{"not_picked":["Turbo","Rebound","Redo"],"picked":"SKIP","floor":11},{"not_picked":["Gash","BootSequence"],"picked":"Coolheaded","floor":12},{"not_picked":["White Noise","Consume"],"picked":"Storm","floor":14},{"not_picked":["All For One","Fission"],"picked":"Meteor Strike","floor":16},{"not_picked":["Stack","Steam Power","Redo"],"picked":"SKIP","floor":18},{"not_picked":["Skim","Barrage+1","Stack"],"picked":"SKIP","floor":20},{"not_picked":["Steam","Seek"],"picked":"Lockon+1","floor":25},{"not_picked":["Streamline+1","Stack","Beam Cell"],"picked":"SKIP","floor":27},{"not_picked":["Recycle+1","Beam Cell","Stack"],"picked":"SKIP","floor":28},{"not_picked":["Barrage","Rebound"],"picked":"Electrodynamics","floor":30},{"not_picked":["Reboot","Seek"],"picked":"Meteor Strike","floor":33},{"not_picked":["Recycle","Rebound"],"picked":"Hologram+1","floor":34},{"not_picked":["Hologram","Compile Driver+1","Steam+1"],"picked":"SKIP","floor":35},{"not_picked":["Turbo","Stack"],"picked":"Storm+1","floor":37},{"not_picked":["Recycle","Sweeping Beam"],"picked":"Coolheaded+1","floor":39},{"not_picked":["Ball Lightning","Consume","Rip and Tear"],"picked":"SKIP","floor":41},{"not_picked":["White Noise","FTL","Leap+1"],"picked":"Static Discharge+1","floor":45},{"not_picked":["Leap+1","Coolheaded","Rebound+1","Heatsinks"],"picked":"SKIP","floor":46},{"not_picked":["Rebound+1","All For One","Compile Driver+1"],"picked":"Darkness+1","floor":48}],"player_experience":185777,"relics_obtained":[{"floor":3,"key":"Oddly Smooth Stone"},{"floor":6,"key":"Letter Opener"},{"floor":9,"key":"Happy Flower"},{"floor":11,"key":"Thread and Needle"},{"floor":14,"key":"Boot"},{"floor":22,"key":"Omamori"},{"floor":25,"key":"Ancient Tea Set"},{"floor":26,"key":"FossilizedHelix"},{"floor":27,"key":"Blood Vial"},{"floor":30,"key":"Girya"},{"floor":30,"key":"Pantograph"},{"floor":39,"key":"Calipers"},{"floor":41,"key":"Meat on the Bone"},{"floor":43,"key":"Question Card"},{"floor":48,"key":"Lantern"}],"event_choices":[{"damage_healed":0,"gold_gain":0,"player_choice":"Ignored","damage_taken":0,"max_hp_gain":0,"max_hp_loss":0,"event_name":"Liars Game","floor":2,"gold_loss":0},{"damage_healed":0,"gold_gain":0,"player_choice":"Success","damage_taken":3,"relics_obtained":["Pen Nib"],"max_hp_gain":0,"max_hp_loss":0,"event_name":"Scrap Ooze","floor":5,"gold_loss":0},{"damage_healed":0,"gold_gain":0,"player_choice":"Ignored","damage_taken":0,"max_hp_gain":0,"max_hp_loss":0,"event_name":"Ghosts","floor":21,"gold_loss":0},{"damage_healed":0,"gold_gain":0,"player_choice":"Shed Blood","damage_taken":19,"max_hp_gain":5,"max_hp_loss":0,"event_name":"Forgotten Altar","floor":24,"gold_loss":0},{"damage_healed":0,"gold_gain":0,"player_choice":"Fight","damage_taken":0,"max_hp_gain":0,"max_hp_loss":0,"event_name":"Colosseum","floor":30,"gold_loss":0},{"damage_healed":0,"gold_gain":0,"player_choice":"Fought Nobs","damage_taken":0,"max_hp_gain":0,"max_hp_loss":0,"event_name":"Colosseum","floor":30,"gold_loss":0},{"damage_healed":26,"gold_gain":0,"player_choice":"Heal","damage_taken":0,"max_hp_gain":0,"max_hp_loss":0,"event_name":"The Library","floor":31,"gold_loss":0},{"damage_healed":0,"gold_gain":0,"player_choice":"Ignored","damage_taken":0,"max_hp_gain":0,"max_hp_loss":0,"event_name":"Tomb of Lord Red Mask","floor":38,"gold_loss":0},{"damage_healed":0,"gold_gain":0,"player_choice":"Fight","damage_taken":0,"max_hp_gain":0,"max_hp_loss":0,"event_name":"MindBloom","floor":39,"gold_loss":0}],"is_beta":false,"boss_relics":[{"not_picked":["Fusion Hammer","FrozenCore"],"picked":"Nuclear Battery"},{"not_picked":["Pandora\u0027s Box","Velvet Choker"],"picked":"Tiny House"}],"items_purged_floors":[13,19,36],"is_endless":false,"potions_floor_spawned":[1,14,25,30,33,35,41,45],"ascension_level":1}}