{"host":"31srvgftwd43oumg","time":1612844945,"event":{"mods":["BaseMod","Better Third Choice","BetterRewards","Card Forge","Downfall","Hubris","Infinite Spire","Jorbs\u0027s Wanderer Trilogy","Koishi","Luminous","Marisa????????","Minty Spire (QoL Compilation)","Remilia??????","Replay The Spire","Shop Mod","StSLib","The Bug Knight","The Cursed","The Death Knight","The Disciple","The Exalted","The Hierophant","The Mystic","The Necromancer","The Senshi"],"gold_per_floor":[118,132,132,142,22,22,49,49,49,94,124,112,146,190,190,312,312,362,407,407,452,508,508,508,549,625,625,625,651,665,375,375,508,508,541,595,595,636,676,729,729,779,779,852,905,905,905,949,949,971],"floor_reached":51,"language":"ENG","playtime":1759,"items_purged":["Replay:Hysterical Blindness"],"score":630,"play_id":"1d6a465d-521b-4b4d-a2f1-746037bb732b","local_time":"20210208222905","daily_mods":["SealedDeck","Heirloom","Uncertain Future"],"is_ascension_mode":false,"campfire_choices":[{"data":"Cloak And Dagger","floor":6,"key":"SMITH"},{"data":"Cloak And Dagger","floor":8,"key":"SMITH"},{"data":"Finisher","floor":15,"key":"SMITH"},{"data":"After Image","floor":24,"key":"SMITH"},{"data":"hubris:Fate","floor":27,"key":"SMITH"},{"data":"Dodge and Roll","floor":32,"key":"SMITH"},{"floor":41,"key":"REST"},{"floor":49,"key":"REST"}],"circlet_count":0,"master_deck":["Noxious Fumes+1","Cloak And Dagger+1","Dodge and Roll+1","Dodge and Roll+1","Dodge and Roll+1","Cloak And Dagger+1","Cloak And Dagger+1","Dagger Spray+1","Backstab+1","Finisher+1","After Image+1","Flash of Steel+1","Footwork+1","Burst+1","Backstab+1","Accuracy+1","Footwork+1","hubris:Fate+1"],"relics":["Ring of the Snake","Hammer of Thor","Seething Fire","Anvil of the Gods","hubris:MedicalManual","Replay:Mystery Machine","Replay:Bandana","infinitespire:CursedDice","ReplayTheSpireMod:CursedCoin","hubris:VirtuousBlindfold","ReplayFunnel","hubris:CrystalStatue","hubris:Icosahedron","infinitespire:WardingShard","Medical Kit","Anchor","HoveringKite","Replay:WaspNest","infinitespire:Joker Card"],"acts_visited":["Exordium","TheCity","TheBeyond"],"potions_floor_usage":[16,19,21,21,22,50],"damage_taken":[{"damage":0,"enemies":"Small Slimes","floor":1,"turns":4},{"damage":0,"enemies":"2 Louse","floor":2,"turns":1},{"damage":1,"enemies":"infinitespire:Voidling","floor":4,"turns":2},{"damage":0,"enemies":"HollowMod:MossKnight","floor":7,"turns":7},{"damage":0,"enemies":"Large Slime","floor":10,"turns":3},{"damage":0,"enemies":"Exordium Wildlife","floor":11,"turns":2},{"damage":0,"enemies":"Red Slaver","floor":13,"turns":2},{"damage":0,"enemies":"Exordium Thugs","floor":14,"turns":2},{"damage":0,"enemies":"Slime Boss","floor":16,"turns":7},{"damage":0,"enemies":"Shell Parasite","floor":18,"turns":4},{"damage":4,"enemies":"Snake Plant","floor":19,"turns":6},{"damage":0,"enemies":"Cultist and Chosen","floor":21,"turns":6},{"damage":9,"enemies":"Centurion and Healer","floor":22,"turns":3},{"damage":0,"enemies":"Snake Plant","floor":25,"turns":3},{"damage":0,"enemies":"Nightmare","floor":29,"turns":1},{"damage":0,"enemies":"3 Cultists","floor":30,"turns":1},{"damage":0,"enemies":"Automaton","floor":33,"turns":3},{"damage":0,"enemies":"Orb Walker","floor":35,"turns":3},{"damage":1,"enemies":"3 Darklings","floor":36,"turns":4},{"damage":5,"enemies":"Writhing Mass","floor":38,"turns":3},{"damage":0,"enemies":"Sphere and 2 Shapes","floor":39,"turns":4},{"damage":0,"enemies":"Nightmare","floor":40,"turns":5},{"damage":0,"enemies":"Spire Growth","floor":42,"turns":3},{"damage":0,"enemies":"2 Orb Walkers","floor":44,"turns":6},{"damage":0,"enemies":"3 Darklings","floor":45,"turns":4},{"damage":0,"enemies":"Jaw Worm Horde","floor":48,"turns":3},{"damage":0,"enemies":"Time Eater","floor":50,"turns":3}],"seed_played":"8682673249421370387","potions_obtained":[{"floor":1,"key":"infinitespire:BlackPotion"},{"floor":7,"key":"Poison Potion"},{"floor":14,"key":"EntropicBrew"},{"floor":18,"key":"Adrenaline Potion"},{"floor":35,"key":"DuplicationPotion"}],"is_trial":true,"path_per_floor":["M","M","?","M","?","R","E","R","T","M","M","$","M","M","R","B",null,"M","M","?","M","M","AVR","R","M","T","R","?","NM","M","$","R","B",null,"M","M","?","M","M","NM","R","M","T","?","M","AVR","?","M","R","B",null],"character_chosen":"THE_SILENT","items_purchased":["ReplayTheSpireMod:CursedCoin","Flash of Steel","Medical Kit","Anchor"],"campfire_rested":2,"item_purchase_floors":[12,12,31,31],"current_hp_per_floor":[70,70,70,69,69,69,69,69,69,69,69,69,69,69,69,69,70,70,66,66,66,57,57,57,57,57,57,57,57,57,57,57,57,70,70,69,48,43,43,43,64,64,64,64,64,64,61,61,70,70],"gold":971,"neow_bonus":"","is_daily":false,"chose_seed":false,"campfire_upgraded":6,"win_rate":0.0,"timestamp":1612844945,"path_taken":["M","M","?","M","?","R","E","R","T","M","M","$","M","?","R","BOSS","M","M","?","M","M","AVR","R","M","T","R","?","NM","M","?","R","BOSS","M","M","?","M","M","NM","R","M","T","?","M","AVR","?","M","R","BOSS"],"items_purchased_type":["Relic","Card","Relic","Relic"],"build_version":"2020-12-22","purchased_purges":1,"victory":true,"max_hp_per_floor":[70,70,70,70,70,70,70,70,70,70,70,70,70,70,70,70,70,70,70,70,70,70,70,70,70,70,70,70,70,70,70,70,70,70,70,70,70,70,70,70,70,70,70,70,70,70,70,70,70,70],"card_choices":[{"not_picked":["Dagger Spray","Fluid Movement"],"picked":"Finisher","floor":1},{"not_picked":["hubris:Counter","Sucker Punch","ReplayTheSpireMod:Scrap Shanks"],"picked":"SKIP","floor":2},{"not_picked":["ReplayTheSpireMod:Speed Training","Bane","Draining Mist"],"picked":"SKIP","floor":4},{"not_picked":["Underhanded Strike","hubris:SlightOfHand"],"picked":"After Image","floor":7},{"not_picked":["hubris:SlightOfHand","Cloak And Dagger","Acrobatics"],"picked":"SKIP","floor":10},{"not_picked":["hubris:SlightOfHand","Concentrate","Quick Slash"],"picked":"SKIP","floor":11},{"not_picked":["PiercingWail","Poisoned Stab"],"picked":"Footwork","floor":13},{"not_picked":["Backflip","Slice","Prepared"],"picked":"SKIP","floor":14},{"not_picked":["A Thousand Cuts","Night Terror"],"picked":"Burst","floor":16},{"not_picked":["Poisoned Stab","All Out Attack","Dash"],"picked":"SKIP","floor":18},{"not_picked":["PiercingWail+1","Blade Dance"],"picked":"Backstab","floor":19},{"not_picked":["Poisoned Stab","hubris:SlightOfHand"],"picked":"Accuracy+1","floor":21},{"not_picked":["Eviscerate","Quick Slash"],"picked":"Footwork","floor":22},{"not_picked":["Underhanded Strike+1","ReplayTheSpireMod:Scrap Shanks","Deadly Poison+1"],"picked":"SKIP","floor":25},{"not_picked":["Deflect","Leg Sweep","Bouncing Flask"],"picked":"SKIP","floor":29},{"not_picked":["Cloak And Dagger","Sneak Up+1","Choke"],"picked":"SKIP","floor":30},{"not_picked":["Sneak Up+1","Deadly Poison","Bouncing Flask"],"picked":"SKIP","floor":35},{"not_picked":["Fluid Movement","Flying Knee+1","Blade Dance+1"],"picked":"SKIP","floor":36},{"not_picked":["Outmaneuver+1","Dagger Throw+1","Backstab+1"],"picked":"SKIP","floor":38},{"not_picked":["hubris:Counter+1","Underhanded Strike+1","Replay:Bag of Tricks"],"picked":"SKIP","floor":39},{"not_picked":["ReplayTheSpireMod:Scrap Shanks","Bane+1","Prepared"],"picked":"SKIP","floor":40},{"not_picked":["Skewer+1","Fluid Movement+1","Deadly Poison+1"],"picked":"SKIP","floor":42},{"not_picked":["Deadly Poison","Endless Agony+1","hubris:Sniper"],"picked":"SKIP","floor":45},{"not_picked":["Sucker Punch+1","ReplayTheSpireMod:Scrap Shanks","Prepared+1"],"picked":"SKIP","floor":48}],"player_experience":1016841,"relics_obtained":[{"floor":7,"key":"Replay:Bandana"},{"floor":9,"key":"infinitespire:CursedDice"},{"floor":26,"key":"hubris:CrystalStatue"},{"floor":29,"key":"infinitespire:WardingShard"},{"floor":43,"key":"Replay:WaspNest"},{"floor":44,"key":"infinitespire:Joker Card"}],"event_choices":[{"damage_healed":0,"gold_gain":0,"player_choice":"Paid Gold","damage_taken":0,"relics_obtained":["Replay:Mystery Machine"],"max_hp_gain":0,"max_hp_loss":0,"event_name":"WeMeetAgain","floor":5,"gold_loss":120},{"damage_healed":0,"gold_gain":0,"player_choice":"Ignored","damage_taken":0,"max_hp_gain":0,"max_hp_loss":0,"event_name":"Vampires","floor":20,"gold_loss":0},{"damage_healed":0,"gold_gain":0,"player_choice":"Fight","damage_taken":0,"max_hp_gain":0,"max_hp_loss":0,"event_name":"Mysterious Sphere","floor":44,"gold_loss":0},{"damage_healed":0,"gold_gain":0,"player_choice":"Punched","damage_taken":3,"max_hp_gain":0,"max_hp_loss":0,"event_name":"Designer","floor":47,"gold_loss":0}],"is_beta":false,"boss_relics":[{"not_picked":["sneckomod:SneckoTalon","hubris:ScarierMask"],"picked":"hubris:VirtuousBlindfold"},{"not_picked":["Astrolabe","Ring of Chaos"],"picked":"HoveringKite"}],"items_purged_floors":[12],"is_endless":false,"potions_floor_spawned":[1,7,14,18,21,30,33,35,36,38,45],"ascension_level":0}}