{"host":"y76clbnovzmw9ubx","time":1612836539,"event":{"mods":["AchievementEnabler","BaseMod","Minty Spire (QoL Compilation)","Permanent Neow","Relic Stats"],"gold_per_floor":[113,133,144,157,171,203,203,203,203],"floor_reached":8,"language":"ENG","playtime":716,"items_purged":[],"score":120,"play_id":"67c9c28e-99ed-41ac-85de-157fc364e3ca","local_time":"20210208210859","is_ascension_mode":true,"campfire_choices":[],"circlet_count":0,"master_deck":["AscendersBane","Strike_G","Strike_G","Strike_G","Strike_G","Defend_G","Defend_G","Defend_G","Defend_G","Survivor","Neutralize","Bouncing Flask","Malaise","Dagger Spray","Skewer","Deflect","Masterful Stab","Backflip"],"relics":["Ring of the Snake","The Specimen","Golden Idol"],"acts_visited":["Exordium"],"potions_floor_usage":[6,8],"damage_taken":[{"damage":1,"enemies":"Cultist","floor":1,"turns":3},{"damage":0,"enemies":"Jaw Worm","floor":2,"turns":4},{"damage":4,"enemies":"Small Slimes","floor":3,"turns":3},{"damage":6,"enemies":"3 Louse","floor":4,"turns":4},{"damage":2,"enemies":"Red Slaver","floor":5,"turns":3},{"damage":7,"enemies":"Gremlin Nob","floor":6,"turns":3},{"damage":39,"enemies":"3 Sentries","floor":8,"turns":10}],"seed_played":"2260096141473034761","potions_obtained":[{"floor":1,"key":"PowerPotion"},{"floor":5,"key":"Poison Potion"}],"is_trial":false,"path_per_floor":["M","M","M","M","M","E","?","E"],"character_chosen":"THE_SILENT","items_purchased":[],"campfire_rested":0,"item_purchase_floors":[],"current_hp_per_floor":[58,58,54,48,46,39,39,0,0],"gold":203,"neow_bonus":"TRANSFORM_TWO_CARDS","is_daily":false,"chose_seed":false,"campfire_upgraded":0,"win_rate":0.0,"timestamp":1612836539,"path_taken":["M","M","M","M","?","E","?","E"],"items_purchased_type":[],"build_version":"2020-12-22","purchased_purges":0,"victory":false,"max_hp_per_floor":[60,60,60,60,60,60,54,54,54],"relic_stats":{"counters":[7,30],"Golden Idol":0,"obtain_stats":[{"The Specimen":6,"Golden Idol":7,"Ring of the Snake":0},{"The Specimen":6,"Golden Idol":6,"Ring of the Snake":0},{"The Specimen":20,"Golden Idol":20,"Ring of the Snake":0}],"Ring of the Snake":[14]},"card_choices":[{"not_picked":["Riddle With Holes","Finisher"],"picked":"Dagger Spray","floor":1},{"not_picked":["Crippling Poison","Deflect"],"picked":"Skewer","floor":2},{"not_picked":["Eviscerate","Quick Slash"],"picked":"Deflect","floor":3},{"not_picked":["Outmaneuver","Reflex"],"picked":"Masterful Stab","floor":4},{"not_picked":["Blade Dance","Setup","Cloak And Dagger"],"picked":"SKIP","floor":5},{"not_picked":["Choke","Finisher"],"picked":"Backflip","floor":6}],"player_experience":3215449,"relics_obtained":[{"floor":6,"key":"The Specimen"}],"event_choices":[{"damage_healed":0,"gold_gain":0,"player_choice":"Lose Max HP","damage_taken":0,"relics_obtained":["Golden Idol"],"max_hp_gain":0,"max_hp_loss":6,"event_name":"Golden Idol","floor":7,"gold_loss":0}],"is_beta":false,"boss_relics":[],"items_purged_floors":[],"is_endless":false,"potions_floor_spawned":[1,5],"killed_by":"3 Sentries","ascension_level":20}}