{"host":"ydg0vn0pu4pubmdt","time":1612859703,"event":{"mods":["AchievementEnabler","BaseMod","Colored Map","Gold Saver","Minty Spire (QoL Compilation)","Quick Restart","SuperFastMode"],"gold_per_floor":[1666,1676,1676,1239,1239,1280,1280,965,989,989,1013,1031,1031,1071,1071,1202,1202,1220,792,810,810,810,838,849,543,543,562,596,616,616,626,626,727,727,750,763,782,519,569,595,595,624,650,600,600,600,616,651,651,651],"floor_reached":51,"language":"KOR","playtime":1368,"items_purged":["Strike_P","Strike_P","Defend_P","Strike_P+1","Defend_P","LessonLearned"],"score":1160,"play_id":"33e357f6-ce0b-414e-b902-6cbe52ad81a1","local_time":"20210209173503","is_ascension_mode":true,"campfire_choices":[{"data":"Eruption","floor":7.0,"key":"SMITH"},{"data":"CrushJoints","floor":10.0,"key":"SMITH"},{"data":"Tantrum","floor":15.0,"key":"SMITH"},{"data":"MentalFortress","floor":32.0,"key":"SMITH"},{"data":"Adaptation","floor":41.0,"key":"SMITH"},{"data":"InnerPeace","floor":45.0,"key":"SMITH"},{"data":"FlurryOfBlows","floor":49.0,"key":"SMITH"}],"circlet_count":0,"master_deck":["Eruption+1","Vigilance+1","MentalFortress+1","CrushJoints+1","Tantrum+1","WheelKick+1","EmptyFist","InnerPeace+1","Conclude+1","MentalFortress+1","FlurryOfBlows+1","Adaptation+1","Fasting2+1"],"relics":["PureWater","PreservedInsect","Bloody Idol","ClockworkSouvenir","Blood Vial","White Beast Statue","TheAbacus","Whetstone","Toy Ornithopter","SacredBark","Prayer Wheel","CeramicFish","Sling","Bronze Scales","Smiling Mask","Coffee Dripper","Centennial Puzzle","Gambling Chip","Bottled Tornado","CloakClasp","Pen Nib","Lantern"],"acts_visited":["Exordium","TheCity","TheBeyond"],"potions_floor_usage":[50,50,50],"damage_taken":[{"damage":0.0,"enemies":"2 Louse","floor":1.0,"turns":1.0},{"damage":0.0,"enemies":"Cultist","floor":2.0,"turns":3.0},{"damage":32.0,"enemies":"3 Sentries","floor":6.0,"turns":5.0},{"damage":0.0,"enemies":"Jaw Worm","floor":11.0,"turns":2.0},{"damage":5.0,"enemies":"Large Slime","floor":12.0,"turns":3.0},{"damage":0.0,"enemies":"Gremlin Nob","floor":14.0,"turns":2.0},{"damage":1.0,"enemies":"Hexaghost","floor":16.0,"turns":6.0},{"damage":0.0,"enemies":"3 Byrds","floor":18.0,"turns":3.0},{"damage":7.0,"enemies":"Chosen","floor":20.0,"turns":3.0},{"damage":0.0,"enemies":"Gremlin Leader","floor":23.0,"turns":2.0},{"damage":0.0,"enemies":"Snake Plant","floor":24.0,"turns":2.0},{"damage":5.0,"enemies":"Shelled Parasite and Fungi","floor":27.0,"turns":2.0},{"damage":20.0,"enemies":"Book of Stabbing","floor":28.0,"turns":2.0},{"damage":12.0,"enemies":"Snecko","floor":29.0,"turns":4.0},{"damage":17.0,"enemies":"Sentry and Sphere","floor":31.0,"turns":3.0},{"damage":11.0,"enemies":"Collector","floor":33.0,"turns":7.0},{"damage":0.0,"enemies":"3 Shapes","floor":35.0,"turns":1.0},{"damage":9.0,"enemies":"3 Darklings","floor":36.0,"turns":3.0},{"damage":17.0,"enemies":"4 Shapes","floor":37.0,"turns":2.0},{"damage":6.0,"enemies":"Mind Bloom Boss Battle","floor":39.0,"turns":4.0},{"damage":0.0,"enemies":"Giant Head","floor":40.0,"turns":3.0},{"damage":0.0,"enemies":"Nemesis","floor":42.0,"turns":3.0},{"damage":0.0,"enemies":"Spire Growth","floor":47.0,"turns":2.0},{"damage":5.0,"enemies":"Giant Head","floor":48.0,"turns":2.0},{"damage":0,"enemies":"Donu and Deca","floor":50,"turns":4}],"seed_played":"-2832438453916178573","potions_obtained":[{"floor":1.0,"key":"LiquidMemories"},{"floor":2.0,"key":"LiquidMemories"},{"floor":11.0,"key":"LiquidMemories"},{"floor":18.0,"key":"SmokeBomb"},{"floor":23.0,"key":"AttackPotion"},{"floor":27.0,"key":"CultistPotion"},{"floor":33.0,"key":"DistilledChaos"},{"floor":35.0,"key":"Fruit Juice"},{"floor":36.0,"key":"Dexterity Potion"},{"floor":37.0,"key":"StancePotion"}],"is_trial":false,"path_per_floor":["M","M","?","$","?","E","R","$","T","R","M","M","?","E","R","B",null,"M","$","M","?","?","E","M","$","T","M","E","M","?","M","R","B",null,"M","M","M","$","?","E","R","E","T","$","R","?","M","E","R","B",null],"character_chosen":"WATCHER","items_purchased":["ClockworkSouvenir","Blood Vial","FearPotion","TheAbacus","WheelKick","Prayer Wheel","EmptyBody","Sling","Centennial Puzzle","Fasting2"],"campfire_rested":0,"item_purchase_floors":[4,4,4,8,8,19,25,25,38,38],"current_hp_per_floor":[72,72,54,54,47,17,17,17,17,17,19,16,16,18,18,19,72,72,72,65,65,65,72,72,72,72,72,57,52,52,42,42,38,72,82,78,68,73,74,81,81,82,82,82,82,82,82,82,82,82],"gold":651,"neow_bonus":"RANDOM_COMMON_RELIC","is_daily":false,"chose_seed":false,"campfire_upgraded":7,"win_rate":0.0,"timestamp":1612859703,"path_taken":["M","M","?","$","?","E","R","$","T","R","?","M","?","E","R","BOSS","M","$","M","?","?","E","M","$","T","M","E","M","?","M","R","BOSS","M","?","M","$","?","E","R","E","T","$","R","?","M","E","R","BOSS"],"items_purchased_type":["Relic","Relic","Potion","Relic","Card","Relic","Card","Relic","Relic","Card"],"build_version":"2020-12-22","purchased_purges":6,"victory":true,"max_hp_per_floor":[72,72,72,72,72,72,72,72,72,72,72,72,72,72,72,72,72,72,72,72,72,72,72,72,72,72,72,72,72,72,72,72,72,72,82,82,82,82,82,82,82,82,82,82,82,82,82,82,82,82],"card_choices":[{"not_picked":["Vengeance","Evaluate"],"picked":"MentalFortress","floor":1.0},{"not_picked":["CutThroughFate","WaveOfTheHand"],"picked":"CrushJoints","floor":2.0},{"not_picked":["WreathOfFlame","SashWhip"],"picked":"Tantrum","floor":6.0},{"not_picked":["Prostrate","Establishment"],"picked":"EmptyFist","floor":11.0},{"not_picked":["Crescendo","PathToVictory","Tantrum"],"picked":"SKIP","floor":12.0},{"not_picked":["EmptyBody","Alpha"],"picked":"InnerPeace","floor":14.0},{"not_picked":["DeusExMachina","Brilliance"],"picked":"LessonLearned","floor":16.0},{"not_picked":["LikeWater","EmptyFist","Consecrate"],"picked":"SKIP","floor":18.0},{"not_picked":["Evaluate","WreathOfFlame+1","InnerPeace"],"picked":"SKIP","floor":20.0},{"not_picked":["Protect","BowlingBash","Crescendo"],"picked":"SKIP","floor":20.0},{"not_picked":["CrushJoints","CarveReality+1","Worship"],"picked":"SKIP","floor":23.0},{"not_picked":["EmptyBody","Collect","MentalFortress"],"picked":"SKIP","floor":24.0},{"not_picked":["Halt","Judgement","Pray+1"],"picked":"SKIP","floor":24.0},{"not_picked":["EmptyBody","Collect","MentalFortress"],"picked":"SKIP","floor":24.0},{"not_picked":["Halt","Judgement","Pray+1"],"picked":"SKIP","floor":24.0},{"not_picked":["DeceiveReality+1","WindmillStrike"],"picked":"FlurryOfBlows","floor":27.0},{"not_picked":["BowlingBash","PathToVictory","Evaluate"],"picked":"SKIP","floor":27.0},{"not_picked":["Protect+1","Halt","EmptyMind"],"picked":"SKIP","floor":28.0},{"not_picked":["CrushJoints","Perseverance+1","Sanctity"],"picked":"SKIP","floor":29.0},{"not_picked":["EmptyFist+1","Prostrate+1","PathToVictory+1"],"picked":"SKIP","floor":29.0},{"not_picked":["Conclude","PathToVictory+1","Sanctity"],"picked":"SKIP","floor":31.0},{"not_picked":["PathToVictory","SashWhip","SpiritShield"],"picked":"SKIP","floor":31.0},{"not_picked":["EmptyBody+1","FlurryOfBlows"],"picked":"Adaptation","floor":35.0},{"not_picked":["Pray+1","PathToVictory","LikeWater"],"picked":"SKIP","floor":35.0},{"not_picked":["ThirdEye+1","FlyingSleeves","Nirvana+1"],"picked":"SKIP","floor":36.0},{"not_picked":["EmptyFist","Crescendo","CrushJoints"],"picked":"SKIP","floor":36.0},{"not_picked":["Study","Indignation","Worship"],"picked":"SKIP","floor":37.0},{"not_picked":["SashWhip","Worship","DevaForm"],"picked":"SKIP","floor":37.0},{"not_picked":["ClearTheMind","Consecrate+1","SashWhip+1"],"picked":"SKIP","floor":40.0},{"not_picked":["Consecrate","Evaluate","ReachHeaven"],"picked":"SKIP","floor":42.0},{"not_picked":["ClearTheMind","Sanctity","Worship+1"],"picked":"SKIP","floor":47.0},{"not_picked":["Crescendo","FlurryOfBlows+1","FollowUp+1"],"picked":"SKIP","floor":47.0},{"not_picked":["FlyingSleeves","WreathOfFlame+1","DeusExMachina"],"picked":"SKIP","floor":48.0}],"player_experience":506584,"relics_obtained":[{"floor":6.0,"key":"White Beast Statue"},{"floor":9.0,"key":"Whetstone"},{"floor":14.0,"key":"Toy Ornithopter"},{"floor":23.0,"key":"CeramicFish"},{"floor":26.0,"key":"Bronze Scales"},{"floor":28.0,"key":"Smiling Mask"},{"floor":39.0,"key":"Gambling Chip"},{"floor":40.0,"key":"Bottled Tornado"},{"floor":42.0,"key":"CloakClasp"},{"floor":43.0,"key":"Pen Nib"},{"floor":48.0,"key":"Lantern"}],"event_choices":[{"damage_healed":0.0,"max_hp_gain":0.0,"max_hp_loss":0.0,"gold_gain":0.0,"event_name":"Golden Idol","player_choice":"Take Damage","floor":3.0,"gold_loss":0.0,"damage_taken":18.0,"relics_obtained":["Golden Idol"]},{"damage_healed":0.0,"max_hp_gain":0.0,"max_hp_loss":0.0,"gold_gain":0.0,"event_name":"Wheel of Change","player_choice":"Damaged","floor":5.0,"gold_loss":0.0,"damage_taken":7.0},{"damage_healed":0.0,"max_hp_gain":0.0,"max_hp_loss":0.0,"gold_gain":0.0,"event_name":"Accursed Blacksmith","player_choice":"Forge","floor":13.0,"gold_loss":0.0,"damage_taken":0.0,"cards_upgraded":["MentalFortress"]},{"damage_healed":0.0,"max_hp_gain":0.0,"max_hp_loss":0.0,"gold_gain":0.0,"cards_transformed":["Strike_P","Defend_P"],"event_name":"Drug Dealer","player_choice":"Became Test Subject","floor":21.0,"gold_loss":0.0,"damage_taken":0.0,"cards_obtained":["Conclude","MentalFortress"]},{"damage_healed":0.0,"max_hp_gain":0.0,"max_hp_loss":0.0,"gold_gain":0.0,"event_name":"Forgotten Altar","player_choice":"Gave Idol","floor":22.0,"relics_lost":["Golden Idol"],"gold_loss":0.0,"damage_taken":0.0,"relics_obtained":["Bloody Idol"]},{"cards_removed":["Defend_P"],"damage_healed":0.0,"max_hp_gain":0.0,"max_hp_loss":0.0,"gold_gain":0.0,"event_name":"Purifier","player_choice":"Purged","floor":30.0,"gold_loss":0.0,"damage_taken":0.0},{"damage_healed":0.0,"max_hp_gain":0.0,"max_hp_loss":0.0,"gold_gain":0.0,"event_name":"MindBloom","player_choice":"Fight","floor":39.0,"gold_loss":0.0,"damage_taken":0.0},{"cards_removed":["EmptyBody"],"damage_healed":0.0,"max_hp_gain":0.0,"max_hp_loss":0.0,"gold_gain":0.0,"event_name":"Falling","player_choice":"Removed Skill","floor":46.0,"gold_loss":0.0,"damage_taken":0.0}],"is_beta":false,"boss_relics":[{"not_picked":["Velvet Choker","Calling Bell"],"picked":"SacredBark"},{"not_picked":["Philosopher\u0027s Stone","Sozu"],"picked":"Coffee Dripper"}],"items_purged_floors":[4,8,19,25,38,44],"is_endless":false,"potions_floor_spawned":[1,2,11,12,14,16,18,20,23,24,27,28,29,31,33,35,36,37,39,40,42,47,48],"ascension_level":4}}