{"host":"avq773cl9g5msfol","time":1612897111,"event":{"mods":["100% Spire Juice","AchievementEnabler","Act Like it!","Ascension Unlocker","Aspiration","Astrologer","Bard","Bartender","BaseMod","Better Altar","Better Third Choice","BetterRewards","CapriCore","ChefMod","Colored Map","Colored Powertips","Conspire","Dio Mod","Downfall","Elementarium","Energized Spire","Gensokyo","GifTheSpireLib","Hallownest","Hermit","Highlight Path","Hubris","Humility","Infinite Spire","Jorbs\u0027s Wanderer Trilogy","Koishi","Magitek Elite","Marisa????????","Marked Mod","Menagerie","Minty Spire (QoL Compilation)","Pale of the Ancients","Potionbrewer","Quarter Circle Forward PUNCH!","Rare Cards Sparkle","Reimu??????","Relic Stats","Reliquary","Remilia??????","Replay The Spire","Robot Space Explorer","SacredBarkPlus","Shade Mod","Somnambulant","Spicy Shops","Spire Arcade","StSLib","The Administrix","The Animator","The Blue Laboratory","The Bug Knight","The Construct","The Cursed","The Disciple","The Dragon Tamer","The Exalted","The Hayseed","The Hierophant","The Hydrologist","The Immortal","The Marked","The Mystic","The Problem Sleuth","The Runesmith","The Senshi","The Vixen","The Wild Card","TheFirefly","Wandering Minibosses","Wide Potions","vexMod"],"gold_per_floor":[7827,113,125,144,144,176,176,211,211,227,245,278,278,312,324,400,400,400,412,412,426,438,465,465,465,450,450,538,538,538,561,573,649,649,349,362,362,376,396,396,446,446,284,315,315,190,221,231,247,247,247,279,69,69,69,69],"floor_reached":57,"language":"ENG","playtime":3869,"items_purged":["mysticmod:EnergizedRift+1","mysticmod:MirrorEntity+1","mysticmod:MirrorStrike+1"],"score":3535,"play_id":"110afab9-644c-4266-a59b-c6d44cd0332e","local_time":"20210210015831","is_ascension_mode":true,"campfire_choices":[{"data":"mysticmod:ArcaneDodge","floor":1,"key":"SMITH"},{"data":"mysticmod:ShockingGrasp","floor":9,"key":"SMITH"},{"data":"mysticmod:Dedication+1","floor":13,"key":"SMITH"},{"floor":18,"key":"RECALL"},{"data":"mysticmod:CorrosiveTouch","floor":27,"key":"SMITH"},{"data":"mysticmod:Dedication+2","floor":35,"key":"SMITH"},{"data":"mysticmod:Dedication+3","floor":45,"key":"SMITH"},{"data":"mysticmod:Dedication+4","floor":54,"key":"SMITH"}],"circlet_count":0,"master_deck":["AscendersBane","mysticmod:ArcaneDodge+1","mysticmod:ShockingGrasp+1","mysticmod:LightningBolt+1","mysticmod:PureInstinct+1","mysticmod:Disengage+1","mysticmod:Lunge+1","mysticmod:KeenEdge+1","mysticmod:PunishingArmor+1","mysticmod:HeavyStrike+1","expansioncontent:DashGenerateEvil+1","mysticmod:ComponentsPouch+1","mysticmod:ChargedParry+1","mysticmod:LightningBolt+1","mysticmod:PowerSlash+1","mysticmod:CureLightWounds+1","mysticmod:MightyMagic+1","mysticmod:Alacrity+1","mysticmod:Stoneskin+1","mysticmod:Dedication+5","mysticmod:Feint+1","mysticmod:Spellstrike+1","mysticmod:ArcaneAccuracy+1","mysticmod:Fly+1","mysticmod:MirrorEntity+1","mysticmod:SuddenClarity+1","mysticmod:Flurry+1","mysticmod:SpontaneousCaster+1","mysticmod:CorrosiveTouch+1","mysticmod:Momentum+1","mysticmod:Haste+1","mysticmod:KnowledgePool+1","mysticmod:Shield+1","mysticmod:BladedDash+1"],"relics":["mysticmod:SpellBook","Golden Egg","Quantum Egg","hubris:FoxTail","potionbrewer:Keyblade","Replay:Kaleidoscope","Ginger","ClockworkSouvenir","mysticmod:TrainingManual","ReplayTheSpireMod:TigerMarble","Bromod:ArcaneTrickery","infinitespire:EmpoweringShard","Bromod:ArcaneDeflection","HornCleat","HollowMod:JonisBlessing","theSenshi:SuperSailorFukuRelic","Anchor","Bronze Scales","infinitespire:WardingShard","potionbrewer:BhaskarasWheel","hubris:Towel","wanderingMiniBosses:AbyssPearl","Snack Pack","hexamod:BolsterEngine","conspire:RunicOctahedron","downfall:HeartBlessingRed","downfall:HeartBlessingGreen","downfall:HeartBlessingBlue","ReplayTheSpireMod:Lightbulb","Vajra","reliquary:Stiletto","Ancient Tea Set","TheSimpletonMod:WoodChipper","BargainBundle"],"acts_visited":["Gensokyo:Gensokyo","Hallownest:CityofTears","TheBeyond","TheEnding"],"potions_floor_usage":[21,21,21,21,21,21,21,23,23,50,50,55,55,56,56],"damage_taken":[{"damage":0,"enemies":"Gensokyo:3_Fairies","floor":2,"turns":4},{"damage":0,"enemies":"Gensokyo:2_Kodama","floor":3,"turns":2},{"damage":0,"enemies":"Gensokyo:Gryphon","floor":4,"turns":1},{"damage":0,"enemies":"Gensokyo:Aya","floor":6,"turns":5},{"damage":0,"enemies":"Gensokyo:Mamizou","floor":8,"turns":3},{"damage":0,"enemies":"Gensokyo:LivingMonolith","floor":10,"turns":2},{"damage":0,"enemies":"Gensokyo:Gryphon_and_Rabbit","floor":11,"turns":1},{"damage":0,"enemies":"Gensokyo:Cirno","floor":12,"turns":4},{"damage":0,"enemies":"Gensokyo:Aya","floor":14,"turns":3},{"damage":0,"enemies":"Gensokyo:VengefulSpirit","floor":15,"turns":2},{"damage":0,"enemies":"SI_SHIV_ARCHETYPE","floor":16,"turns":4},{"damage":0,"enemies":"Hallownest:Flukemon_and_Top","floor":19,"turns":6},{"damage":0,"enemies":"Hallownest:3_Youths","floor":21,"turns":6},{"damage":0,"enemies":"Hallownest:monsterShrumalOgre","floor":22,"turns":3},{"damage":0,"enemies":"Nightmare","floor":23,"turns":5},{"damage":0,"enemies":"downfall:FleeingMerchant","floor":26,"turns":4},{"damage":0,"enemies":"downfall:FleeingMerchant","floor":28,"turns":3},{"damage":0,"enemies":"downfall:FleeingMerchant","floor":30,"turns":4},{"damage":0,"enemies":"Hallownest:3_Mistakes","floor":32,"turns":4},{"damage":0,"enemies":"DF_ARCHETYPE_CLAW","floor":33,"turns":6},{"damage":0,"enemies":"Orb Walker","floor":36,"turns":3},{"damage":0,"enemies":"3 Darklings","floor":38,"turns":2},{"damage":0,"enemies":"4 Shapes","floor":39,"turns":3},{"damage":0,"enemies":"R_Hoarder","floor":44,"turns":5},{"damage":0,"enemies":"Nemesis","floor":47,"turns":3},{"damage":0,"enemies":"Transient","floor":48,"turns":7},{"damage":0,"enemies":"Writhing Mass","floor":49,"turns":2},{"damage":13,"enemies":"WA_ARCHETYPE_DIVINITY","floor":50,"turns":7},{"damage":0,"enemies":"downfall:CharBossMerchant","floor":52,"turns":6},{"damage":0,"enemies":"downfall:NeowBoss","floor":55,"turns":7},{"damage":0,"enemies":"downfall:NeowBossFinal","floor":56,"turns":10}],"seed_played":"1566012695195584911","potions_obtained":[{"floor":23,"key":"potionbrewer:CleansingPotion"}],"is_trial":false,"path_per_floor":["R_BF","M","M","M","?","E","T","E","R","M","M","E","R","E","M","B",null,"R_BF","M","?","M","M","NM","T","?","$","R","$","?","?","T","M","B",null,"R","M","?","M","M","?","T","?","$","E","R","$","E","M","M","B",null,"E","$","R","B","B",null],"character_chosen":"MYSTIC_CLASS","items_purchased":["hubris:FoxTail","potionbrewer:Keyblade","expansioncontent:DashGenerateEvil","mysticmod:ComponentsPouch","mysticmod:ChargedParry","Replay:Kaleidoscope","Ginger","mysticmod:LightningBolt","mysticmod:PowerSlash+1","ClockworkSouvenir","mysticmod:TrainingManual","mysticmod:CureLightWounds","mysticmod:MightyMagic","mysticmod:Alacrity","mysticmod:Stoneskin","mysticmod:Dedication","mysticmod:Feint","mysticmod:EnergizedRift","mysticmod:Spellstrike","mysticmod:ArcaneAccuracy","ReplayTheSpireMod:TigerMarble","Bromod:ArcaneTrickery","infinitespire:EmpoweringShard","Bromod:ArcaneDeflection","HornCleat","HollowMod:JonisBlessing","mysticmod:Fly","mysticmod:MirrorEntity","theSenshi:SuperSailorFukuRelic","Anchor","mysticmod:SuddenClarity","mysticmod:Flurry","potionbrewer:QuicksilverPotion","hexamod:SoulburnPotion","blueLaboratory:ImpenetrablePotion","Vajra","BargainBundle","mysticmod:Shield","mysticmod:BladedDash"],"campfire_rested":0,"item_purchase_floors":[0,0,0,0,0,0,0,0,0,0,0,0,0,0,0,0,0,0,0,0,0,0,0,0,0,0,0,0,0,0,0,0,0,0,28,43,53,53,53],"current_hp_per_floor":[65,65,65,65,65,65,65,65,65,65,65,65,65,65,65,65,70,70,70,70,70,70,70,70,72,72,72,72,72,72,72,72,72,72,82,82,82,82,82,82,82,77,77,77,77,77,77,77,77,64,78,78,78,78,78,78],"gold":69,"neow_bonus":"","is_daily":false,"chose_seed":false,"campfire_upgraded":7,"win_rate":0.0,"timestamp":1612897111,"path_taken":["R_BF","M","M","M","?","E","T","E","R","M","M","E","R","E","M","BOSS","R_BF","M","?","M","M","NM","T","?","$","R","$","?","?","?","M","BOSS","R","M","?","M","?","?","T","?","?","E","R","$","E","M","M","BOSS","E","$","R","BOSS","BOSS"],"items_purchased_type":["Relic","Relic","Card","Card","Card","Relic","Relic","Card","Card","Relic","Relic","Card","Card","Card","Card","Card","Card","Card","Card","Card","Relic","Relic","Relic","Relic","Relic","Relic","Card","Card","Relic","Relic","Card","Card","Potion","Potion","Potion","Relic","Relic","Card","Card"],"build_version":"2020-12-22","purchased_purges":3,"victory":true,"max_hp_per_floor":[72,72,72,72,72,72,72,72,72,72,72,72,72,72,72,72,72,72,72,72,72,72,72,72,72,72,72,72,72,72,72,72,72,72,82,82,82,82,82,82,82,82,82,82,82,82,82,82,82,82,82,82,82,82,82,82],"relic_stats":{"counters":[172,612],"Bronze Scales":[425],"Ginger":[32],"obtain_stats":[{"Golden Egg":0,"infinitespire:BottledMercury":43,"vexMod:MemoryStick":43,"ScarletDevilRocket":43,"Bromod:ArcaneNullifier":45,"downfall:HeartBlessingGreen":35,"TheSimpletonMod:WoodChipper":52,"wanderingMiniBosses:OtherGremlinHorn":31,"Ginger":0,"vexMod:RockOfEvil":34,"Replay:Wanted Poster":34,"Replay:Ringing Soul":26,"vexMod:InvisibilityCloak":0,"conspire:GlowingRock":6,"DTMod:TacticalNote":0,"DTMod:OddArmor":0,"Ribbon":0,"vexMod:EndlessSickness":17,"Replay:Bronze Core":17,"DemoMod:MeltedRock":14,"DemoMod:LamentConfigurum":20,"Kunai":2,"qcfpunch:Red_Cyclone_Teachings":26,"construct:RocketBooster":24,"Sneakers":0,"Gensokyo:TheCrow":41,"TentaclePot:ReiMu":25,"HollowMod:JonisBlessing":0,"Pen Nib":27,"Guardian:PocketSentry":11,"aspiration:FrozenJewel":0,"Akabeko":6,"Elementarium:GoldenMirage":19,"infinitespire:EvilPickle":37,"Elementarium:ElementariumTrophy":33,"qcfpunch:Broken_Tusk":46,"infinitespire:Broken Mirror":27,"infinitespire:Lychee Nut":23,"Pandora\u0027s Box":0,"energizedSpire:MagnifyingGlass":28,"DemoMod:ResourcefulSack":23,"Lantern":0,"aspiration:Lifesprig":0,"Torii":6,"DTMod:AncientBone":0,"StoneCalendar":40,"mysticmod:SpellBook":0,"Painkiller Herb":36,"wanderingMiniBosses:AbyssPearl":11,"Mythril_Glove":38,"hubris:EmptyBottle":0,"White_Cape":0,"Ancient Tea Set":47,"qcfpunch:Crimson_Sash":4,"Replay:Rubber Ducky":0,"DTMod:MindBender":0,"AntiCross":6,"hubris:CuriousFeather":0,"WingedGreaves":2,"DemoMod:GnawedKey":0,"qcfpunch:Cattail":44,"InkBottle":28,"Potion Belt":0,"Lee\u0027s Waffle":0,"downfall:HeartBlessingRed":35,"hubris:64BitClover":9,"Guardian:GemstoneGun":0,"qcfpunch:Black_Training_Shirt":23,"Circlet":0,"DemoMod:PartiallyEatenCheese":36,"conspire:RunicOctahedron":34,"PreservedInsect":0,"Protect_Vest":49,"infinitespire:CheckeredPen":6,"infinitespire:Lucky Rock":6,"energizedSpire:SpiderWeb":34,"hubris:Towel":5,"MawBank":10,"DTMod:SwitchButton":0,"PureWhite:ReiMu":26,"Bromod:ArcaneDeflection":0,"CrazyTorch:ReiMu":0,"hexamod:BolsterEngine":31,"ReplayTheSpireMod:Lightbulb":41,"DemoMod:GreenGuonStone":0,"hubris:CrystalStatue":0,"Calipers":0,"Menagerie:HuntersKnife":5,"hubris:VirtuousBlindfold":22,"Vajra":43,"DemoMod:GlassGuonStoneRelic":11,"AdministrixMod:ConductorRitualBaton":0,"theSenshi:FeatherClipsRelic":31,"DemoMod:RiddleOfLead":34,"qcfpunch:Unceasing_Flame":20,"conspire:SeveredTorchhead":17,"HornCleat":0,"DemoMod:Metronome":3,"aspiration:MobileForge":25,"Philosopher\u0027s Stone":41,"mysticmod:TrainingManual":0,"vexMod:RetaliationKit":31,"qcfpunch:Chain_With_Nametags":24,"conspire:Dentures":0,"Girya":9,"Happy Flower":26,"DemoMod:Orange":25,"Choco_Feather":8,"Dead Branch":0,"Oddly Smooth Stone":28,"wanderingMiniBosses:MasterThiefsPresence":22,"DemoMod:RatBoots":36,"potionbrewer:BhaskarasWheel":17,"aspiration:SeaSaltIceCream":4,"Replay:Kaleidoscope":10,"War Paint":29,"Bromod:ArcaneConsequence":29,"OrangePellets":42,"Bottled Flame":13,"ReplayTheSpireMod:Shallot":4,"Bronze Scales":6,"ReplayTheSpireMod:TigerMarble":9,"infinitespire:EmpoweringShard":0,"Mirror":40,"hermit:Momento":0,"theSenshi:SuperSailorFukuRelic":0,"Replay:PocketPolymizer":25,"conspire:SpecialSausage":3,"Juzu Bracelet":0,"Hallownest:DreamNailRelic":3,"hubris:SlimyHat":0,"Replay:Mystery Machine":13,"DemoMod:WhiteGuonStone":0,"conspire:TopHat":26,"ClockworkSouvenir":0,"DemoMod:SevenLeafClover":0,"Frozen Eye":29,"Mummified Hand":0,"Bromod:ArcaneTrickery":0,"downfall:HeartBlessingBlue":35,"Cracked Core":0,"Gremlin Food":13,"Hallownest:SalubrasBlessingRelic":10,"qcfpunch:Army_Boots":7,"BargainBundle":53,"ReplayTheSpireMod:Ninjato":3,"infinitespire:CursedDice":43,"aspiration:RunicSpoon":0,"Quantum Egg":2,"aspiration:SecretTechniqueScroll":17,"Mercury Hourglass":27,"Calling Bell":17,"Strange Spoon":0,"Anchor":0,"infinitespire:WardingShard":6,"DTMod:PactStone":0,"vexMod:HeadHunter":0,"reliquary:Stiletto":44,"LetterFromLob":1,"qcfpunch:Red_Headband":24,"Snack Pack":24,"Membership Card":0,"hubris:FoxTail":0,"potionbrewer:Keyblade":0,"DemoMod:VorpalBullet":24,"TungstenRod":0,"RuthlessExorcism:ReiMu":9},{"Golden Egg":0,"infinitespire:BottledMercury":21,"vexMod:MemoryStick":72,"ScarletDevilRocket":108,"Bromod:ArcaneNullifier":136,"downfall:HeartBlessingGreen":161,"TheSimpletonMod:WoodChipper":170,"wanderingMiniBosses:OtherGremlinHorn":35,"Ginger":141,"vexMod:RockOfEvil":36,"Replay:Wanted Poster":17,"Replay:Ringing Soul":11,"vexMod:InvisibilityCloak":78,"conspire:GlowingRock":2,"DTMod:TacticalNote":78,"DTMod:OddArmor":78,"Ribbon":89,"vexMod:EndlessSickness":60,"Replay:Bronze Core":85,"DemoMod:MeltedRock":29,"DemoMod:LamentConfigurum":61,"Kunai":111,"qcfpunch:Red_Cyclone_Teachings":32,"construct:RocketBooster":32,"Sneakers":89,"Gensokyo:TheCrow":72,"TentaclePot:ReiMu":88,"HollowMod:JonisBlessing":89,"Pen Nib":64,"Guardian:PocketSentry":27,"aspiration:FrozenJewel":43,"Akabeko":114,"Elementarium:GoldenMirage":121,"infinitespire:EvilPickle":71,"Elementarium:ElementariumTrophy":36,"qcfpunch:Broken_Tusk":40,"infinitespire:Broken Mirror":88,"infinitespire:Lychee Nut":123,"Pandora\u0027s Box":24,"energizedSpire:MagnifyingGlass":64,"DemoMod:ResourcefulSack":100,"Lantern":43,"aspiration:Lifesprig":78,"Torii":92,"DTMod:AncientBone":78,"StoneCalendar":20,"mysticmod:SpellBook":110,"Painkiller Herb":130,"wanderingMiniBosses:AbyssPearl":117,"Mythril_Glove":19,"hubris:EmptyBottle":24,"White_Cape":43,"Ancient Tea Set":166,"qcfpunch:Crimson_Sash":25,"Replay:Rubber Ducky":89,"DTMod:MindBender":78,"AntiCross":2,"hubris:CuriousFeather":24,"WingedGreaves":25,"DemoMod:GnawedKey":43,"qcfpunch:Cattail":72,"InkBottle":64,"Potion Belt":43,"Lee\u0027s Waffle":43,"downfall:HeartBlessingRed":161,"hubris:64BitClover":53,"Guardian:GemstoneGun":43,"qcfpunch:Black_Training_Shirt":88,"Circlet":110,"DemoMod:PartiallyEatenCheese":130,"conspire:RunicOctahedron":161,"PreservedInsect":24,"Protect_Vest":41,"infinitespire:CheckeredPen":26,"infinitespire:Lucky Rock":52,"energizedSpire:SpiderWeb":104,"hubris:Towel":113,"MawBank":57,"DTMod:SwitchButton":78,"PureWhite:ReiMu":11,"Bromod:ArcaneDeflection":141,"CrazyTorch:ReiMu":89,"hexamod:BolsterEngine":159,"ReplayTheSpireMod:Lightbulb":164,"DemoMod:GreenGuonStone":43,"hubris:CrystalStatue":43,"Calipers":78,"Menagerie:HuntersKnife":45,"hubris:VirtuousBlindfold":122,"Vajra":164,"DemoMod:GlassGuonStoneRelic":4,"AdministrixMod:ConductorRitualBaton":53,"theSenshi:FeatherClipsRelic":103,"DemoMod:RiddleOfLead":68,"qcfpunch:Unceasing_Flame":98,"conspire:SeveredTorchhead":119,"HornCleat":141,"DemoMod:Metronome":112,"aspiration:MobileForge":123,"Philosopher\u0027s Stone":134,"mysticmod:TrainingManual":141,"vexMod:RetaliationKit":16,"qcfpunch:Chain_With_Nametags":123,"conspire:Dentures":78,"Girya":3,"Happy Flower":101,"DemoMod:Orange":123,"Choco_Feather":3,"Dead Branch":53,"Oddly Smooth Stone":33,"wanderingMiniBosses:MasterThiefsPresence":10,"DemoMod:RatBoots":130,"potionbrewer:BhaskarasWheel":152,"aspiration:SeaSaltIceCream":25,"Replay:Kaleidoscope":94,"War Paint":14,"Bromod:ArcaneConsequence":88,"OrangePellets":39,"Bottled Flame":28,"ReplayTheSpireMod:Shallot":25,"Bronze Scales":145,"ReplayTheSpireMod:TigerMarble":26,"infinitespire:EmpoweringShard":141,"Mirror":39,"hermit:Momento":0,"theSenshi:SuperSailorFukuRelic":141,"Replay:PocketPolymizer":101,"conspire:SpecialSausage":50,"Juzu Bracelet":0,"Hallownest:DreamNailRelic":1,"hubris:SlimyHat":78,"Replay:Mystery Machine":28,"DemoMod:WhiteGuonStone":53,"conspire:TopHat":63,"ClockworkSouvenir":24,"DemoMod:SevenLeafClover":0,"Frozen Eye":13,"Mummified Hand":110,"Bromod:ArcaneTrickery":141,"downfall:HeartBlessingBlue":161,"Cracked Core":43,"Gremlin Food":118,"Hallownest:SalubrasBlessingRelic":3,"qcfpunch:Army_Boots":81,"BargainBundle":170,"ReplayTheSpireMod:Ninjato":50,"infinitespire:CursedDice":21,"aspiration:RunicSpoon":0,"Quantum Egg":1,"aspiration:SecretTechniqueScroll":6,"Mercury Hourglass":102,"Calling Bell":97,"Strange Spoon":110,"Anchor":110,"infinitespire:WardingShard":46,"DTMod:PactStone":78,"vexMod:HeadHunter":0,"reliquary:Stiletto":165,"LetterFromLob":44,"qcfpunch:Red_Headband":62,"Snack Pack":156,"Membership Card":24,"hubris:FoxTail":141,"potionbrewer:Keyblade":141,"DemoMod:VorpalBullet":11,"TungstenRod":78,"RuthlessExorcism:ReiMu":93},{"Golden Egg":0,"infinitespire:BottledMercury":74,"vexMod:MemoryStick":236,"ScarletDevilRocket":364,"Bromod:ArcaneNullifier":471,"downfall:HeartBlessingGreen":557,"TheSimpletonMod:WoodChipper":595,"wanderingMiniBosses:OtherGremlinHorn":115,"Ginger":485,"vexMod:RockOfEvil":123,"Replay:Wanted Poster":52,"Replay:Ringing Soul":34,"vexMod:InvisibilityCloak":264,"conspire:GlowingRock":6,"DTMod:TacticalNote":264,"DTMod:OddArmor":264,"Ribbon":291,"vexMod:EndlessSickness":194,"Replay:Bronze Core":285,"DemoMod:MeltedRock":94,"DemoMod:LamentConfigurum":198,"Kunai":378,"qcfpunch:Red_Cyclone_Teachings":104,"construct:RocketBooster":104,"Sneakers":291,"Gensokyo:TheCrow":236,"TentaclePot:ReiMu":290,"HollowMod:JonisBlessing":291,"Pen Nib":209,"Guardian:PocketSentry":89,"aspiration:FrozenJewel":147,"Akabeko":393,"Elementarium:GoldenMirage":414,"infinitespire:EvilPickle":234,"Elementarium:ElementariumTrophy":123,"qcfpunch:Broken_Tusk":130,"infinitespire:Broken Mirror":290,"infinitespire:Lychee Nut":422,"Pandora\u0027s Box":83,"energizedSpire:MagnifyingGlass":209,"DemoMod:ResourcefulSack":329,"Lantern":147,"aspiration:Lifesprig":264,"Torii":302,"DTMod:AncientBone":264,"StoneCalendar":71,"mysticmod:SpellBook":375,"Painkiller Herb":458,"wanderingMiniBosses:AbyssPearl":401,"Mythril_Glove":60,"hubris:EmptyBottle":83,"White_Cape":147,"Ancient Tea Set":573,"qcfpunch:Crimson_Sash":85,"Replay:Rubber Ducky":291,"DTMod:MindBender":264,"AntiCross":6,"hubris:CuriousFeather":83,"WingedGreaves":85,"DemoMod:GnawedKey":147,"qcfpunch:Cattail":236,"InkBottle":209,"Potion Belt":147,"Lee\u0027s Waffle":147,"downfall:HeartBlessingRed":557,"hubris:64BitClover":171,"Guardian:GemstoneGun":147,"qcfpunch:Black_Training_Shirt":290,"Circlet":375,"DemoMod:PartiallyEatenCheese":458,"conspire:RunicOctahedron":557,"PreservedInsect":83,"Protect_Vest":131,"infinitespire:CheckeredPen":87,"infinitespire:Lucky Rock":169,"energizedSpire:SpiderWeb":353,"hubris:Towel":387,"MawBank":182,"DTMod:SwitchButton":264,"PureWhite:ReiMu":34,"Bromod:ArcaneDeflection":485,"CrazyTorch:ReiMu":291,"hexamod:BolsterEngine":547,"ReplayTheSpireMod:Lightbulb":565,"DemoMod:GreenGuonStone":147,"hubris:CrystalStatue":147,"Calipers":264,"Menagerie:HuntersKnife":152,"hubris:VirtuousBlindfold":417,"Vajra":565,"DemoMod:GlassGuonStoneRelic":10,"AdministrixMod:ConductorRitualBaton":171,"theSenshi:FeatherClipsRelic":347,"DemoMod:RiddleOfLead":226,"qcfpunch:Unceasing_Flame":322,"conspire:SeveredTorchhead":410,"HornCleat":485,"DemoMod:Metronome":385,"aspiration:MobileForge":422,"Philosopher\u0027s Stone":469,"mysticmod:TrainingManual":485,"vexMod:RetaliationKit":45,"qcfpunch:Chain_With_Nametags":422,"conspire:Dentures":264,"Girya":9,"Happy Flower":335,"DemoMod:Orange":422,"Choco_Feather":9,"Dead Branch":171,"Oddly Smooth Stone":107,"wanderingMiniBosses:MasterThiefsPresence":29,"DemoMod:RatBoots":458,"potionbrewer:BhaskarasWheel":516,"aspiration:SeaSaltIceCream":85,"Replay:Kaleidoscope":308,"War Paint":39,"Bromod:ArcaneConsequence":290,"OrangePellets":127,"Bottled Flame":92,"ReplayTheSpireMod:Shallot":85,"Bronze Scales":497,"ReplayTheSpireMod:TigerMarble":87,"infinitespire:EmpoweringShard":485,"Mirror":127,"hermit:Momento":0,"theSenshi:SuperSailorFukuRelic":485,"Replay:PocketPolymizer":335,"conspire:SpecialSausage":167,"Juzu Bracelet":0,"Hallownest:DreamNailRelic":1,"hubris:SlimyHat":264,"Replay:Mystery Machine":92,"DemoMod:WhiteGuonStone":171,"conspire:TopHat":204,"ClockworkSouvenir":83,"DemoMod:SevenLeafClover":0,"Frozen Eye":37,"Mummified Hand":375,"Bromod:ArcaneTrickery":485,"downfall:HeartBlessingBlue":557,"Cracked Core":147,"Gremlin Food":404,"Hallownest:SalubrasBlessingRelic":9,"qcfpunch:Army_Boots":272,"BargainBundle":595,"ReplayTheSpireMod:Ninjato":167,"infinitespire:CursedDice":74,"aspiration:RunicSpoon":0,"Quantum Egg":1,"aspiration:SecretTechniqueScroll":16,"Mercury Hourglass":341,"Calling Bell":319,"Strange Spoon":375,"Anchor":375,"infinitespire:WardingShard":157,"DTMod:PactStone":264,"vexMod:HeadHunter":0,"reliquary:Stiletto":570,"LetterFromLob":150,"qcfpunch:Red_Headband":202,"Snack Pack":536,"Membership Card":83,"hubris:FoxTail":485,"potionbrewer:Keyblade":485,"DemoMod:VorpalBullet":34,"TungstenRod":264,"RuthlessExorcism:ReiMu":305}]},"card_choices":[{"not_picked":["mysticmod:IllusionOfCalm","mysticmod:ComponentsPouch","mysticmod:Probe"],"picked":"SKIP","floor":2},{"not_picked":["mysticmod:Fireball","mysticmod:BulkUp","mysticmod:Disengage"],"picked":"SKIP","floor":3},{"not_picked":["mysticmod:Daze","mysticmod:ComponentsPouch","mysticmod:TomeOfSpells"],"picked":"SKIP","floor":4},{"not_picked":["mysticmod:Daze","mysticmod:ComponentsPouch","mysticmod:TomeOfSpells"],"picked":"SKIP","floor":4},{"not_picked":["mysticmod:Disengage","mysticmod:LightningBolt","mysticmod:Shield"],"picked":"SKIP","floor":6},{"not_picked":["mysticmod:Snowball","mysticmod:Feint","mysticmod:MagicMissile"],"picked":"SKIP","floor":8},{"not_picked":["mysticmod:DiviningBlow","mysticmod:Flourish","mysticmod:Grapple"],"picked":"SKIP","floor":10},{"not_picked":["mysticmod:TomeOfSpells","mysticmod:EnergizedRift","mysticmod:Flurry"],"picked":"SKIP","floor":11},{"not_picked":["mysticmod:ComponentsPouch","mysticmod:Spellstrike","mysticmod:MagicWeapon"],"picked":"SKIP","floor":12},{"not_picked":["mysticmod:SpellCombat","mysticmod:Disengage","mysticmod:ComponentsPouch"],"picked":"SKIP","floor":14},{"not_picked":["mysticmod:Shield","mysticmod:Disengage","mysticmod:Feint"],"picked":"SKIP","floor":15},{"not_picked":["mysticmod:MirrorEntity","mysticmod:ObscuringMist"],"picked":"mysticmod:SpontaneousCaster","floor":16},{"not_picked":["mysticmod:AllIn","mysticmod:KeenEdge+1","mysticmod:BladedDash"],"picked":"SKIP","floor":19},{"not_picked":["mysticmod:HeavyStrike","mysticmod:CorrosiveTouch","mysticmod:Probe"],"picked":"SKIP","floor":21},{"not_picked":["mysticmod:HeavyStrike","mysticmod:Probe"],"picked":"mysticmod:CorrosiveTouch","floor":21},{"not_picked":["mysticmod:FiveFootStep","mysticmod:Riposte+1"],"picked":"mysticmod:Momentum","floor":22},{"not_picked":["mysticmod:Sideswipe","mysticmod:HunkerDown","mysticmod:MagicMissile"],"picked":"SKIP","floor":23},{"not_picked":["mysticmod:TomeOfSpells","mysticmod:MightyMagic","mysticmod:LightningBolt"],"picked":"SKIP","floor":26},{"not_picked":["mysticmod:DiviningBlow+1","mysticmod:MightyMagic"],"picked":"mysticmod:Haste","floor":28},{"not_picked":["mysticmod:Alacrity","mysticmod:DiviningBlow","mysticmod:RapidCaster"],"picked":"SKIP","floor":32},{"not_picked":["mysticmod:Momentum","mysticmod:Doublecast"],"picked":"mysticmod:KnowledgePool","floor":33},{"not_picked":["mysticmod:HeavyStrike","mysticmod:IllusionOfCalm","mysticmod:ComboCaster+1"],"picked":"SKIP","floor":36},{"not_picked":["mysticmod:PureInstinct","mysticmod:Snowball","mysticmod:ComponentsPouch"],"picked":"SKIP","floor":38},{"not_picked":["mysticmod:HunkerDown+1","mysticmod:EbbAndFlow","mysticmod:PreparedCaster"],"picked":"SKIP","floor":39},{"not_picked":["mysticmod:Grapple+1","mysticmod:StyleChange","mysticmod:Disengage"],"picked":"SKIP","floor":44},{"not_picked":["mysticmod:ArcaneAccuracy","mysticmod:PowerAttack","mysticmod:Flurry"],"picked":"SKIP","floor":47},{"not_picked":["mysticmod:BladeMaster+1","mysticmod:IllusionOfCalm+1","mysticmod:HeavyStrike"],"picked":"SKIP","floor":48},{"not_picked":["mysticmod:Stoneskin","mysticmod:LightningBolt","mysticmod:Dedication"],"picked":"SKIP","floor":49},{"not_picked":["mysticmod:PowerSlash","mysticmod:ComponentsPouch+1","mysticmod:Spellstrike"],"picked":"SKIP","floor":52}],"player_experience":1449806,"relics_obtained":[{"floor":6,"key":"Bronze Scales"},{"floor":8,"key":"infinitespire:WardingShard"},{"floor":21,"key":"wanderingMiniBosses:AbyssPearl"},{"floor":24,"key":"Snack Pack"},{"floor":31,"key":"hexamod:BolsterEngine"},{"floor":41,"key":"ReplayTheSpireMod:Lightbulb"},{"floor":44,"key":"reliquary:Stiletto"},{"floor":47,"key":"Ancient Tea Set"},{"floor":52,"key":"TheSimpletonMod:WoodChipper"}],"event_choices":[{"damage_healed":0,"gold_gain":0,"player_choice":"Leave","damage_taken":0,"max_hp_gain":0,"max_hp_loss":0,"event_name":"conspire:Investor","floor":42,"gold_loss":0}],"is_beta":false,"boss_relics":[{"not_picked":["Bromod:ArcaneEnergize","Empty Cage"],"picked":"potionbrewer:BhaskarasWheel"},{"not_picked":["Sozu","hubris:ScarierMask"],"picked":"conspire:RunicOctahedron"}],"items_purged_floors":[0,0,46],"is_endless":false,"potions_floor_spawned":[4,6,10,11,12,23,32,33,36,38,49],"ascension_level":20,"is_humility":true}}