{"host":"13o02hya6v6rzuva","time":1612878675,"event":{"mods":["BaseMod","Minty Spire (QoL Compilation)","Relic Stats"],"gold_per_floor":[365,365,66,76,23,23,49,49,97,130,148,178,199,219,219,321,321,341,14,29,44,44,44,73,87,87,112,29,29,29,29,29,29,29],"floor_reached":33,"language":"ENG","playtime":1315,"items_purged":[],"score":533,"play_id":"26ed60f5-98bf-497d-b23c-456a283f79ce","local_time":"20210209145115","is_ascension_mode":true,"campfire_choices":[{"data":"Perfected Strike","floor":6,"key":"SMITH"},{"floor":8,"key":"REST"},{"data":"Fire Breathing","floor":15,"key":"SMITH"},{"floor":23,"key":"REST"},{"floor":30,"key":"REST"},{"floor":32,"key":"REST"}],"circlet_count":0,"master_deck":["AscendersBane","Strike_R","Strike_R","Strike_R","Strike_R","Strike_R","Defend_R","Defend_R","Defend_R","Defend_R","Bash","Perfected Strike+1","Shrug It Off+1","Pommel Strike","Armaments+1","Shrug It Off+1","Ghostly Armor+1","Spot Weakness+1","Infernal Blade+1","Metallicize","Fire Breathing+1","Impervious+1","Apotheosis+1","Evaluate+1","Dramatic Entrance+1","Fasting2","Inflame","Crippling Poison+1","Dark Shackles+1","Decay","PiercingWail+1","Shame","Fire Breathing"],"relics":["Burning Blood","Eternal Feather","Toxic Egg 2","Question Card","Bronze Scales","Darkstone Periapt","Matryoshka","Odd Mushroom","Mark of Pain","PrismaticShard","Enchiridion","Dream Catcher","MawBank","Oddly Smooth Stone"],"acts_visited":["Exordium","TheCity"],"potions_floor_usage":[7,12,27,33],"damage_taken":[{"damage":5,"enemies":"Jaw Worm","floor":1,"turns":6},{"damage":8,"enemies":"Small Slimes","floor":4,"turns":4},{"damage":31,"enemies":"Gremlin Nob","floor":7,"turns":4},{"damage":10,"enemies":"3 Sentries","floor":10,"turns":8},{"damage":1,"enemies":"2 Louse","floor":11,"turns":3},{"damage":15,"enemies":"Lagavulin","floor":12,"turns":6},{"damage":2,"enemies":"The Mushroom Lair","floor":13,"turns":5},{"damage":0,"enemies":"Exordium Wildlife","floor":14,"turns":4},{"damage":4,"enemies":"Slime Boss","floor":16,"turns":9},{"damage":14,"enemies":"2 Thieves","floor":18,"turns":4},{"damage":24,"enemies":"Spheric Guardian","floor":20,"turns":4},{"damage":20,"enemies":"Shelled Parasite and Fungi","floor":21,"turns":4},{"damage":45,"enemies":"Gremlin Leader","floor":24,"turns":7},{"damage":22,"enemies":"Snake Plant","floor":25,"turns":4},{"damage":4,"enemies":"Chosen and Byrds","floor":27,"turns":4},{"damage":107,"enemies":"Automaton","floor":33,"turns":12}],"seed_played":"1804332696010591990","potions_obtained":[{"floor":1,"key":"Dexterity Potion"},{"floor":4,"key":"ColorlessPotion"},{"floor":11,"key":"ColorlessPotion"},{"floor":14,"key":"Strength Potion"},{"floor":25,"key":"AttackPotion"}],"is_trial":false,"path_per_floor":["M","?","$","M","$","R","E","R","T","E","M","E","?","M","R","B",null,"M","$","M","M","?","R","E","M","T","M","$","?","R","?","R","B"],"character_chosen":"IRONCLAD","items_purchased":["Toxic Egg 2","Shrug It Off+1","Armaments+1","PrismaticShard","Apotheosis+1","Dark Shackles+1"],"campfire_rested":4,"item_purchase_floors":[3,3,5,19,19,28],"current_hp_per_floor":[52,45,45,43,43,52,27,60,60,56,61,52,56,62,74,76,79,71,71,53,39,23,62,23,7,7,9,9,15,58,64,92,0,0],"gold":29,"neow_bonus":"TWO_FIFTY_GOLD","is_daily":false,"chose_seed":false,"campfire_upgraded":2,"win_rate":0.0,"timestamp":1612878675,"path_taken":["M","?","$","M","$","R","E","R","T","E","M","E","?","M","R","BOSS","M","$","M","M","?","R","E","M","T","M","$","?","R","?","R","BOSS"],"items_purchased_type":["Relic","Card","Card","Relic","Card","Card"],"build_version":"2020-12-22","purchased_purges":0,"victory":false,"max_hp_per_floor":[80,80,80,80,80,80,80,80,80,80,80,80,80,80,80,80,80,80,80,80,80,80,80,80,80,80,80,80,86,86,92,92,92,92],"relic_stats":{"Darkstone Periapt":12,"Dream Catcher":2,"counters":[16,88],"Bronze Scales":[193],"Eternal Feather":81,"Question Card":14,"MawBank":24,"obtain_stats":[{"Darkstone Periapt":10,"Enchiridion":22,"Oddly Smooth Stone":31,"Eternal Feather":2,"Odd Mushroom":13,"Question Card":7,"PrismaticShard":19,"MawBank":26,"Burning Blood":0,"Dream Catcher":24,"Matryoshka":12,"Bronze Scales":9,"Mark of Pain":17,"Toxic Egg 2":3},{"Darkstone Periapt":4,"Enchiridion":12,"Oddly Smooth Stone":15,"Eternal Feather":1,"Odd Mushroom":7,"Question Card":3,"PrismaticShard":10,"MawBank":14,"Burning Blood":0,"Dream Catcher":13,"Matryoshka":6,"Bronze Scales":3,"Mark of Pain":9,"Toxic Egg 2":1},{"Darkstone Periapt":22,"Enchiridion":61,"Oddly Smooth Stone":76,"Eternal Feather":6,"Odd Mushroom":36,"Question Card":14,"PrismaticShard":53,"MawBank":72,"Burning Blood":0,"Dream Catcher":68,"Matryoshka":31,"Bronze Scales":14,"Mark of Pain":49,"Toxic Egg 2":6}],"Burning Blood":90},"card_choices":[{"not_picked":["Blood for Blood","Seeing Red"],"picked":"Perfected Strike","floor":1},{"not_picked":["Heavy Blade","Armaments+1"],"picked":"Pommel Strike","floor":4},{"not_picked":["Heavy Blade","Body Slam"],"picked":"Shrug It Off+1","floor":7},{"not_picked":["Burning Pact+1","Anger","Blood for Blood"],"picked":"Ghostly Armor+1","floor":10},{"not_picked":["Armaments+1","True Grit+1","Twin Strike"],"picked":"Spot Weakness+1","floor":11},{"not_picked":["Twin Strike","Corruption","Body Slam"],"picked":"Infernal Blade+1","floor":12},{"not_picked":["Sword Boomerang","Anger","Twin Strike"],"picked":"Metallicize","floor":13},{"not_picked":["Twin Strike","Thunderclap","Second Wind+1"],"picked":"Fire Breathing","floor":14},{"not_picked":["Double Tap+1","Reaper","Juggernaut"],"picked":"Impervious+1","floor":16},{"not_picked":["Uppercut","Armaments+1","Sword Boomerang","Blood for Blood"],"picked":"SKIP","floor":18},{"not_picked":["Distraction+1","Jack Of All Trades+1","Anger"],"picked":"Evaluate+1","floor":20},{"not_picked":["Bane","Fission+1","JustLucky"],"picked":"Dramatic Entrance+1","floor":21},{"not_picked":["Cloak And Dagger+1","Intimidate+1","InnerPeace+1"],"picked":"Fasting2","floor":24},{"not_picked":["Crescendo+1","Heatsinks","FlurryOfBlows"],"picked":"Inflame","floor":25},{"not_picked":["Cold Snap","Sucker Punch","Gash"],"picked":"Crippling Poison+1","floor":27},{"not_picked":["CrushJoints","Burning Pact+1","ReachHeaven"],"picked":"PiercingWail+1","floor":30},{"not_picked":["EmptyFist+1","Pommel Strike","Beam Cell"],"picked":"Fire Breathing","floor":32}],"player_experience":1201661,"relics_obtained":[{"floor":7,"key":"Question Card"},{"floor":9,"key":"Bronze Scales"},{"floor":10,"key":"Darkstone Periapt"},{"floor":12,"key":"Matryoshka"},{"floor":13,"key":"Odd Mushroom"},{"floor":22,"key":"Enchiridion"},{"floor":24,"key":"Dream Catcher"},{"floor":26,"key":"MawBank"}],"event_choices":[{"damage_healed":0,"gold_gain":0,"player_choice":"Success","damage_taken":7,"relics_obtained":["Eternal Feather"],"max_hp_gain":0,"max_hp_loss":0,"event_name":"Scrap Ooze","floor":2,"gold_loss":0},{"damage_healed":0,"gold_gain":0,"player_choice":"Fought Mushrooms","damage_taken":0,"max_hp_gain":0,"max_hp_loss":0,"event_name":"Mushrooms","floor":13,"gold_loss":0},{"damage_healed":0,"gold_gain":0,"player_choice":"Obtained Book","damage_taken":16,"max_hp_gain":0,"max_hp_loss":0,"event_name":"Cursed Tome","floor":22,"gold_loss":0},{"damage_healed":0,"gold_gain":0,"player_choice":"Smashed Altar","damage_taken":0,"max_hp_gain":0,"max_hp_loss":0,"event_name":"Forgotten Altar","floor":29,"gold_loss":0,"cards_obtained":["Decay"]},{"damage_healed":0,"gold_gain":0,"player_choice":"Stole Relic","damage_taken":0,"relics_obtained":["Oddly Smooth Stone"],"max_hp_gain":0,"max_hp_loss":0,"event_name":"Addict","floor":31,"gold_loss":0,"cards_obtained":["Shame"]}],"is_beta":false,"boss_relics":[{"not_picked":["Black Blood","Busted Crown"],"picked":"Mark of Pain"}],"items_purged_floors":[],"is_endless":false,"potions_floor_spawned":[1,4,11,14,20,25],"killed_by":"Automaton","ascension_level":12}}