{"host":"syozzdlzcqop4jia","time":1612905877,"event":{"mods":["BaseMod","Colored Map","Colored Powertips","Minty Spire (QoL Compilation)","Quick Restart"],"gold_per_floor":[109,122,122,140,90,123,133,153,178,189,208,208,208,221,221,323,323,340,439,455,62,82,115,115,125,125,143,143,153,153,113,113,208,208,225,243,260,109,159,159,196,196,205,0,0,29,84,107,107,107,107,107,32,71,71,71],"floor_reached":55,"language":"ENG","playtime":3892,"items_purged":["Strike_R"],"score":773,"play_id":"5b06416b-9a30-4eb6-bd35-0787d898cae6","local_time":"20210209222437","is_ascension_mode":false,"campfire_choices":[{"floor":13,"key":"RECALL"},{"floor":15,"key":"REST"},{"floor":24,"key":"REST"},{"floor":28,"key":"REST"},{"data":"Spot Weakness","floor":30,"key":"SMITH"},{"data":"Seeing Red","floor":32,"key":"SMITH"},{"floor":40,"key":"REST"},{"floor":45,"key":"REST"},{"floor":49,"key":"REST"},{"floor":52,"key":"REST"}],"circlet_count":0,"master_deck":["Strike_R","Strike_R","Strike_R","Defend_R","Defend_R","Defend_R","Defend_R","Bash","Heavy Blade","Seeing Red+1","Twin Strike","Twin Strike","Twin Strike","Ghostly Armor","Spot Weakness+1","Dropkick+1","Feed","Double Tap","Cleave","Heavy Blade+1","Flex","Wild Strike","Shrug It Off+1","Writhe","Inflame+1","Uppercut+1","Reaper","Armaments+1","Shrug It Off+1","Carnage+1","Sword Boomerang","Writhe","Spot Weakness+1","Twin Strike+1","Heavy Blade","Impervious"],"relics":["Burning Blood","Nunchaku","Cursed Key","Toolbox","Bronze Scales","Bag of Preparation","HornCleat","Fusion Hammer","Vajra","Incense Burner","CeramicFish","Bottled Tornado","Red Mask","Ice Cream","Blood Vial"],"acts_visited":["Exordium","TheCity","TheBeyond","TheEnding"],"potions_floor_usage":[11,20,39],"damage_taken":[{"damage":6,"enemies":"2 Louse","floor":1,"turns":3},{"damage":0,"enemies":"Small Slimes","floor":2,"turns":3},{"damage":6,"enemies":"Cultist","floor":4,"turns":3},{"damage":58,"enemies":"Gremlin Nob","floor":6,"turns":5},{"damage":3,"enemies":"2 Fungi Beasts","floor":7,"turns":3},{"damage":16,"enemies":"Large Slime","floor":8,"turns":4},{"damage":8,"enemies":"Red Slaver","floor":10,"turns":3},{"damage":5,"enemies":"Looter","floor":11,"turns":3},{"damage":13,"enemies":"3 Louse","floor":14,"turns":3},{"damage":35,"enemies":"Slime Boss","floor":16,"turns":11},{"damage":12,"enemies":"3 Byrds","floor":18,"turns":5},{"damage":25,"enemies":"Shell Parasite","floor":20,"turns":5},{"damage":35,"enemies":"Shelled Parasite and Fungi","floor":22,"turns":5},{"damage":20,"enemies":"Book of Stabbing","floor":23,"turns":4},{"damage":0,"enemies":"Chosen and Byrds","floor":25,"turns":4},{"damage":4,"enemies":"Snake Plant","floor":27,"turns":2},{"damage":24,"enemies":"Centurion and Healer","floor":29,"turns":6},{"damage":40,"enemies":"Champ","floor":33,"turns":7},{"damage":16,"enemies":"3 Darklings","floor":35,"turns":6},{"damage":12,"enemies":"Orb Walker","floor":36,"turns":4},{"damage":1,"enemies":"Jaw Worm Horde","floor":37,"turns":3},{"damage":8,"enemies":"Mind Bloom Boss Battle","floor":39,"turns":6},{"damage":38,"enemies":"Giant Head","floor":41,"turns":6},{"damage":0,"enemies":"Transient","floor":46,"turns":5},{"damage":18,"enemies":"2 Orb Walkers","floor":47,"turns":4},{"damage":0,"enemies":"Writhing Mass","floor":48,"turns":3},{"damage":30,"enemies":"Time Eater","floor":50,"turns":5},{"damage":39,"enemies":"Shield and Spear","floor":54,"turns":5},{"damage":138,"enemies":"The Heart","floor":55,"turns":9}],"seed_played":"-4948082649973647004","potions_obtained":[{"floor":4,"key":"LiquidMemories"},{"floor":6,"key":"Block Potion"},{"floor":10,"key":"FairyPotion"},{"floor":14,"key":"EssenceOfSteel"},{"floor":22,"key":"Dexterity Potion"},{"floor":37,"key":"Swift Potion"},{"floor":46,"key":"ElixirPotion"},{"floor":47,"key":"FearPotion"}],"is_trial":false,"path_per_floor":["M","M","?","M","?","E","M","M","T","M","M","?","R","M","R","B",null,"M","?","M","$","M","E","R","M","T","M","R","M","R","?","R","B",null,"M","M","M","$","?","R","E","?","T","?","R","M","?","M","R","B",null,"R","$","E","B"],"character_chosen":"IRONCLAD","items_purchased":["Toolbox","Bronze Scales","Flex","Wild Strike","Vajra"],"campfire_rested":7,"item_purchase_floors":[21,21,21,21,38],"current_hp_per_floor":[88,88,93,93,93,41,44,34,34,32,33,33,33,26,53,24,93,90,90,71,71,42,28,56,65,65,67,96,78,78,78,78,44,99,97,91,99,99,97,102,73,73,73,73,104,105,93,99,105,81,105,105,105,79,0,0],"gold":71,"neow_bonus":"TEN_PERCENT_HP_BONUS","is_daily":false,"chose_seed":false,"campfire_upgraded":2,"win_rate":0.0,"timestamp":1612905877,"path_taken":["M","M","?","M","?","E","M","M","T","M","M","?","R","?","R","BOSS","M","?","M","$","M","E","R","M","T","M","R","M","R","?","R","BOSS","M","M","M","$","?","R","E","?","T","?","R","M","?","M","R","BOSS","R","$","E","BOSS"],"items_purchased_type":["Relic","Relic","Card","Card","Relic"],"build_version":"2020-12-22","purchased_purges":1,"victory":false,"max_hp_per_floor":[88,88,93,93,93,93,93,93,93,93,93,93,93,93,93,93,93,96,96,96,96,96,96,96,99,99,99,99,99,99,99,99,99,99,99,99,102,102,102,102,105,105,105,105,105,105,105,105,105,105,105,105,105,105,105,105],"card_choices":[{"not_picked":["Wild Strike","True Grit"],"picked":"Heavy Blade","floor":1},{"not_picked":["Havoc","Clothesline"],"picked":"Seeing Red","floor":2},{"not_picked":["Armaments","Sword Boomerang"],"picked":"Twin Strike","floor":4},{"not_picked":["Intimidate","Blood for Blood"],"picked":"Twin Strike","floor":6},{"not_picked":["Rampage","Headbutt"],"picked":"Twin Strike","floor":7},{"not_picked":["Shrug It Off","Sever Soul"],"picked":"Ghostly Armor","floor":8},{"not_picked":["Twin Strike","Reckless Charge"],"picked":"Spot Weakness","floor":10},{"not_picked":["Body Slam","Havoc"],"picked":"Dropkick","floor":11},{"not_picked":["Anger","Shrug It Off"],"picked":"Feed","floor":14},{"not_picked":["Corruption","Berserk"],"picked":"Double Tap","floor":16},{"not_picked":["Disarm+1","Sentinel"],"picked":"Cleave","floor":18},{"not_picked":["Iron Wave+1","Seeing Red+1"],"picked":"Heavy Blade","floor":20},{"not_picked":["Headbutt","Heavy Blade"],"picked":"Shrug It Off+1","floor":22},{"not_picked":["Barricade","Rampage"],"picked":"Intimidate","floor":23},{"not_picked":["Combust","Power Through","Body Slam"],"picked":"SKIP","floor":25},{"not_picked":["Iron Wave","Flex"],"picked":"Inflame+1","floor":27},{"not_picked":["Twin Strike","Clothesline"],"picked":"Uppercut+1","floor":29},{"not_picked":["Berserk","Feed"],"picked":"Reaper","floor":33},{"not_picked":["Dual Wield","Thunderclap+1","Second Wind"],"picked":"SKIP","floor":35},{"not_picked":["Iron Wave","True Grit"],"picked":"Armaments+1","floor":36},{"not_picked":["Second Wind+1","Searing Blow+1"],"picked":"Shrug It Off+1","floor":37},{"not_picked":["True Grit+1","Shockwave"],"picked":"Carnage+1","floor":39},{"not_picked":["Fire Breathing+1","Infernal Blade"],"picked":"Sword Boomerang","floor":41},{"not_picked":["Flex+1","Reckless Charge"],"picked":"Spot Weakness+1","floor":46},{"not_picked":["Disarm+1","Metallicize+1"],"picked":"Twin Strike+1","floor":47},{"not_picked":["Clothesline","Flex"],"picked":"Heavy Blade","floor":48},{"not_picked":["Evolve+1","Clothesline"],"picked":"Impervious","floor":54}],"player_experience":651621,"relics_obtained":[{"floor":6,"key":"Nunchaku"},{"floor":23,"key":"Bag of Preparation"},{"floor":26,"key":"HornCleat"},{"floor":39,"key":"Incense Burner"},{"floor":41,"key":"CeramicFish"},{"floor":43,"key":"Bottled Tornado"},{"floor":47,"key":"Ice Cream"},{"floor":54,"key":"Blood Vial"}],"event_choices":[{"damage_healed":0,"gold_gain":0,"player_choice":"Donut","damage_taken":0,"max_hp_gain":5,"max_hp_loss":0,"event_name":"Big Fish","floor":3,"gold_loss":0},{"cards_removed":["Strike_R"],"damage_healed":0,"gold_gain":0,"player_choice":"Card Removal","damage_taken":0,"max_hp_gain":0,"max_hp_loss":0,"event_name":"The Cleric","floor":5,"gold_loss":50},{"damage_healed":0,"gold_gain":0,"player_choice":"0 cards matched","damage_taken":0,"max_hp_gain":0,"max_hp_loss":0,"event_name":"Match and Keep!","floor":12,"gold_loss":0,"cards_obtained":[]},{"damage_healed":0,"gold_gain":99,"player_choice":"Stole From Cult","damage_taken":0,"max_hp_gain":0,"max_hp_loss":0,"event_name":"Nest","floor":19,"gold_loss":0},{"damage_healed":0,"gold_gain":0,"player_choice":"Upgraded Two","damage_taken":0,"max_hp_gain":0,"max_hp_loss":0,"event_name":"Designer","floor":31,"gold_loss":40,"cards_upgraded":["Heavy Blade","Dropkick"]},{"damage_healed":0,"gold_gain":0,"player_choice":"Fight","damage_taken":0,"max_hp_gain":0,"max_hp_loss":0,"event_name":"MindBloom","floor":39,"gold_loss":0},{"cards_removed":["Intimidate"],"damage_healed":0,"gold_gain":0,"player_choice":"Removed Skill","damage_taken":0,"max_hp_gain":0,"max_hp_loss":0,"event_name":"Falling","floor":42,"gold_loss":0},{"damage_healed":0,"gold_gain":0,"player_choice":"Paid","damage_taken":0,"relics_obtained":["Red Mask"],"max_hp_gain":0,"max_hp_loss":0,"event_name":"Tomb of Lord Red Mask","floor":44,"gold_loss":205},{"damage_healed":0,"gold_gain":0,"player_choice":"Fight","damage_taken":0,"max_hp_gain":0,"max_hp_loss":0,"event_name":"Mysterious Sphere","floor":47,"gold_loss":0}],"is_beta":false,"boss_relics":[{"not_picked":["Coffee Dripper","Black Star"],"picked":"Cursed Key"},{"not_picked":["Black Blood","Empty Cage"],"picked":"Fusion Hammer"}],"items_purged_floors":[53],"is_endless":false,"potions_floor_spawned":[4,6,10,14,18,22,33,35,37,46,47],"killed_by":"The Heart","ascension_level":0}}