{"host":"coame8l8goqx0svj","time":1612887727,"event":{"mods":["BaseMod","Downfall","Minty Spire (QoL Compilation)","StSLib"],"gold_per_floor":[0,12,23,43,43,43,43,43,57,76,76,76,76,61,77,176,176,176,192,192,192,192],"floor_reached":20,"language":"ENG","playtime":1267,"items_purged":[],"score":180,"play_id":"a9c037e5-315d-47d7-8566-4b5050aef7a4","local_time":"20210209172207","is_ascension_mode":true,"campfire_choices":[{"data":"bronze:Library","floor":1,"key":"SMITH"},{"floor":8,"key":"REST"},{"floor":13,"key":"REST"},{"data":"bronze:Hardcode","floor":18,"key":"SMITH"}],"circlet_count":0,"master_deck":["bronze:Strike","bronze:Defend","bronze:Defend","bronze:Defend","bronze:Replicate","bronze:Goto","bronze:Library+1","bronze:BuggyMess","bronze:TinkerersToolbox","bronze:ChosenStrike","Decay","bronze:Constructor","bronze:Shield","CurseOfTheBell","CurseOfTheBell","Doubt","bronze:AlphaBuild","bronze:Terminator","bronze:FunctionCard"],"relics":["bronze:BronzeCore","StrikeDummy","downfall:ExtraCursedBell","Juzu Bracelet","Shuriken","Lizard Tail","bronze:MakeshiftBattery"],"acts_visited":["Exordium","TheCity"],"potions_floor_usage":[16,19],"damage_taken":[{"damage":16,"enemies":"Small Slimes","floor":2,"turns":3},{"damage":7,"enemies":"Jaw Worm","floor":3,"turns":3},{"damage":14,"enemies":"Cultist","floor":4,"turns":5},{"damage":23,"enemies":"Exordium Wildlife","floor":9,"turns":4},{"damage":0,"enemies":"Large Slime","floor":10,"turns":6},{"damage":10,"enemies":"downfall:FleeingMerchant","floor":14,"turns":4},{"damage":5,"enemies":"Blue Slaver","floor":15,"turns":3},{"damage":42,"enemies":"DF_ARCHETYPE_STREAMLINE","floor":16,"turns":10},{"damage":35,"enemies":"Shell Parasite","floor":19,"turns":6},{"damage":36,"enemies":"3 Byrds","floor":20,"turns":7}],"seed_played":"1700793675905053673","potions_obtained":[{"floor":4,"key":"Energy Potion"},{"floor":10,"key":"bronze:FreeFunctionsPotion"},{"floor":15,"key":"Slimebound:ThreeZeroPotion"},{"floor":16,"key":"BlessingOfTheForge"}],"is_trial":false,"path_per_floor":["R","M","M","M","?","?","T","R","M","M","?","?","R","$","M","B",null,"R","M","M"],"character_chosen":"THE_AUTOMATON","items_purchased":[],"campfire_rested":2,"item_purchase_floors":[],"current_hp_per_floor":[70,54,47,33,33,33,33,54,31,31,31,31,52,42,37,35,70,70,35,0,0,0],"gold":192,"neow_bonus":"THREE_RARE_CARDS","is_daily":false,"chose_seed":false,"campfire_upgraded":2,"win_rate":0.0,"timestamp":1612887727,"path_taken":["R","M","M","M","?","?","T","R","M","?","?","?","R","$","M","BOSS","R","M","M"],"items_purchased_type":[],"build_version":"2020-12-22","purchased_purges":0,"victory":false,"max_hp_per_floor":[70,70,70,70,70,70,70,70,70,70,70,70,70,70,70,70,70,70,70,70,70,70],"card_choices":[{"not_picked":["bronze:InfiniteLoop","bronze:Break"],"picked":"bronze:Library","floor":0},{"not_picked":["bronze:BitShift","bronze:Deprecate"],"picked":"bronze:BuggyMess","floor":2},{"not_picked":["bronze:Deprecate","bronze:WhirlingStrike"],"picked":"bronze:TinkerersToolbox","floor":3},{"not_picked":["bronze:Invalidate","bronze:FineTuning"],"picked":"bronze:ChosenStrike","floor":4},{"not_picked":["bronze:Overheat","bronze:ChildClass"],"picked":"bronze:Constructor","floor":9},{"not_picked":["bronze:CloningBeam","bronze:DelayedSlice"],"picked":"bronze:Shield","floor":10},{"not_picked":["bronze:Separator","bronze:Shield"],"picked":"bronze:Terminator","floor":14},{"not_picked":["bronze:CloningBeam","bronze:FineTuning","bronze:WildBeam"],"picked":"SKIP","floor":15},{"not_picked":["bronze:HyperBeam","bronze:TinkerersToolbox"],"picked":"bronze:Hardcode","floor":16},{"not_picked":["bronze:Iterate","bronze:BuggyMess","bronze:Turbo"],"picked":"SKIP","floor":19}],"player_experience":1763779,"relics_obtained":[{"floor":7,"key":"StrikeDummy"},{"floor":11,"key":"Juzu Bracelet"},{"floor":11,"key":"Shuriken"},{"floor":11,"key":"Lizard Tail"}],"event_choices":[{"cards_removed":["bronze:Strike"],"damage_healed":0,"gold_gain":0,"player_choice":"Card Removal","damage_taken":0,"max_hp_gain":0,"max_hp_loss":0,"event_name":"The Cleric","floor":5,"gold_loss":0}],"is_beta":false,"boss_relics":[{"not_picked":["Pandora\u0027s Box","Empty Cage"],"picked":"bronze:MakeshiftBattery"}],"items_purged_floors":[],"is_endless":false,"potions_floor_spawned":[4,10,15,16],"killed_by":"3 Byrds","ascension_level":2}}