{"host":"njruw0b0uprlitpx","time":1612849125,"event":{"mods":["2.2 Compatiblity","Act Like it!","Aspiration","Bartender","BaseMod","Better Altar","Better Match","Better Note","Better Sensory Stone","Better Skull","Better Third Choice","BetterRewards","Block Reminder","Colored Map","Colored Powertips","Curses Come First","Energized Spire","Hallownest","Jedi Mod","Keyboard Shortcuts","Magitek Elite","Minty Spire (QoL Compilation)","Quick Restart","Rare Cards Sparkle","Relic Stats","Replay The Spire","SacredBarkPlus","Spicy Shops","StSLib","SuperFastMode","The Blackbeard"],"gold_per_floor":[114,389,9,24,39,69,69,84,84,114,144,144,174,225,225,325,325,340,355,355,370,40,40,70,70,95,110,125,0,30,45,45,145,145,160,175,190,190,205,205,55,85,110,110,140,170,200,215,215,215],"floor_reached":51,"language":"ENG","playtime":1969,"items_purged":["Regret","Replay:Hysterical Blindness","Spreading Infection"],"score":1185,"play_id":"d00d1117-e84b-4544-8148-ea9696109092","local_time":"20210208233845","daily_mods":["Draft","Diverse","DeadlyEvents"],"is_ascension_mode":false,"campfire_choices":[{"data":"Armaments","floor":7,"key":"SMITH"},{"data":"blackbeard:PiratesWill","floor":12,"key":"SMITH"},{"floor":15,"key":"REST"},{"data":"Crescendo","floor":23,"key":"SMITH"},{"data":"Ultima","floor":25,"key":"SMITH"},{"floor":32,"key":"REST"},{"floor":40,"key":"REST"},{"data":"Brutality","floor":44,"key":"SMITH"},{"floor":49,"key":"REST"}],"circlet_count":0,"master_deck":["Spot Weakness+1","blackbeard:DangerousBlow","Swivel","BowlingBash","Waterkick","blackbeard:GoldenDefense","Armaments+1","blackbeard:PiratesWill+1","Transfusion+1","Turbo","Backflip","Quick Slash","Sucker Punch","Blizzard_P","Crescendo+1","Foot_Thrust","Float2_Spell","Beam Cell","Icebrand","Ultima+1","Water","Faith+1","Bloodletting+1","Thunder_P","Replay:BluntJabs","Conserve Battery","Eclipse","Drain","ForeignInfluence+1","Aero","Madness","Madness","Aero","Brutality+1","Haste+1","Thunder_Blade+1","Setup+1","ReplaySolidLightProjector+1","BootSequence"],"relics":["Pendant","aspiration:Lifesprig","Protect_Vest","War Paint","Pondfish Scales","Ornamental Fan","Bag of Marbles","ReplayFunnel","Kintsugi","aspiration:FrozenJewel","Chemical X","Mango","Dream Catcher","Regal Pillow","jedi:angrymask","jedi:paperlyon","Bag of Preparation","Ice Cream","Orichalcum","Turnip","Shovel","ReplayTheSpireMod:Lightbulb"],"acts_visited":["Exordium","TheCity","TheBeyond"],"potions_floor_usage":[6,33,33,46],"damage_taken":[{"damage":0,"enemies":"Small Slimes","floor":1,"turns":1},{"damage":0,"enemies":"Cultist","floor":4,"turns":3},{"damage":0,"enemies":"2 Louse","floor":5,"turns":2},{"damage":0,"enemies":"Gremlin Nob","floor":6,"turns":2},{"damage":3,"enemies":"Exordium Thugs","floor":8,"turns":5},{"damage":0,"enemies":"Replay:BlueRogue","floor":10,"turns":4},{"damage":14,"enemies":"Lagavulin","floor":11,"turns":4},{"damage":0,"enemies":"Replay:BlueRogue","floor":13,"turns":6},{"damage":0,"enemies":"Gremlin Nob","floor":14,"turns":4},{"damage":1,"enemies":"The Guardian","floor":16,"turns":6},{"damage":10,"enemies":"Spheric Guardian","floor":18,"turns":6},{"damage":0,"enemies":"Shell Parasite","floor":19,"turns":4},{"damage":1,"enemies":"Centurion and Healer","floor":21,"turns":3},{"damage":0,"enemies":"Gremlin Leader","floor":24,"turns":4},{"damage":6,"enemies":"Snecko","floor":27,"turns":4},{"damage":0,"enemies":"3 Cultists","floor":28,"turns":4},{"damage":0,"enemies":"Replay:Snechameleon","floor":30,"turns":2},{"damage":3,"enemies":"Cultist and Chosen","floor":31,"turns":3},{"damage":3,"enemies":"Collector","floor":33,"turns":3},{"damage":2,"enemies":"3 Shapes","floor":35,"turns":3},{"damage":3,"enemies":"3 Darklings","floor":36,"turns":3},{"damage":15,"enemies":"Sphere and 2 Shapes","floor":37,"turns":2},{"damage":7,"enemies":"4 Shapes","floor":39,"turns":2},{"damage":8,"enemies":"Reptomancer","floor":42,"turns":3},{"damage":5,"enemies":"R_Hoarder","floor":45,"turns":3},{"damage":26,"enemies":"Nemesis","floor":46,"turns":5},{"damage":6,"enemies":"Giant Head","floor":47,"turns":4},{"damage":10,"enemies":"3 Darklings","floor":48,"turns":3},{"damage":6,"enemies":"Awakened One","floor":50,"turns":4}],"seed_played":"-878916022338446095","potions_obtained":[{"floor":1,"key":"Block Potion"},{"floor":8,"key":"Venom Potion"},{"floor":13,"key":"SkillPotion"},{"floor":27,"key":"DuplicationPotion"},{"floor":30,"key":"Cursed Concoction"},{"floor":37,"key":"Flashbang"},{"floor":45,"key":"Block Potion"},{"floor":46,"key":"SteroidPotion"}],"is_trial":false,"path_per_floor":["M","?","$","M","M","E","R","M","T","E","E","R","E","?","R","B",null,"M","M","?","M","$","R","E","R","T","M","M","$","E","M","R","B",null,"M","M","M","?","M","R","$","E","T","R","E","E","E","M","R","B",null],"character_chosen":"MAGITEKELITE","items_purchased":["Blizzard_P","aspiration:Lifesprig","Crescendo","jedi:StrikingPotion","Chemical X","Mango","Bag of Preparation"],"campfire_rested":4,"item_purchase_floors":[3,3,3,3,22,22,41],"current_hp_per_floor":[63,63,63,63,63,63,63,60,60,60,46,46,46,46,63,62,63,53,53,53,52,66,66,66,66,66,60,60,60,60,57,77,74,77,77,74,59,49,42,77,77,69,69,69,64,38,44,34,72,66],"gold":215,"neow_bonus":"","is_daily":true,"chose_seed":false,"campfire_upgraded":5,"win_rate":0.0,"timestamp":1612849125,"path_taken":["M","?","$","?","M","E","R","M","T","E","?","R","?","?","R","BOSS","M","M","?","M","$","R","E","R","T","?","?","$","?","M","R","BOSS","M","M","?","?","?","R","$","E","T","R","?","E","?","M","R","BOSS"],"items_purchased_type":["Card","Relic","Card","Potion","Relic","Relic","Relic"],"build_version":"2020-12-22","purchased_purges":3,"victory":true,"max_hp_per_floor":[63,63,63,63,63,63,63,63,63,63,63,63,63,63,63,63,63,63,63,63,63,77,77,77,77,77,77,77,77,77,77,77,77,77,77,77,77,77,77,77,77,77,77,77,77,77,77,77,77,77],"relic_stats":{"Dream Catcher":3,"Regal Pillow":27,"Shovel":0,"counters":[29,102],"Ornamental Fan":[116],"Turnip":[0],"Bag of Preparation":[12],"Chemical X":[22],"War Paint":["Transfusion","Spot Weakness"],"Orichalcum":[0],"obtain_stats":[{"ReplayFunnel":14,"Ice Cream":42,"jedi:angrymask":30,"aspiration:Lifesprig":3,"Regal Pillow":26,"Mango":22,"Protect_Vest":6,"Bag of Preparation":41,"War Paint":9,"Orichalcum":43,"aspiration:FrozenJewel":20,"Pondfish Scales":10,"Dream Catcher":24,"Shovel":46,"Pendant":0,"Ornamental Fan":11,"jedi:paperlyon":34,"Turnip":45,"Bag of Marbles":13,"Chemical X":22,"Kintsugi":17,"ReplayTheSpireMod:Lightbulb":47},{"ReplayFunnel":9,"Ice Cream":24,"jedi:angrymask":17,"aspiration:Lifesprig":1,"Regal Pillow":14,"Mango":13,"Protect_Vest":4,"Bag of Preparation":23,"War Paint":5,"Orichalcum":24,"aspiration:FrozenJewel":12,"Pondfish Scales":6,"Dream Catcher":14,"Shovel":26,"Pendant":0,"Ornamental Fan":7,"jedi:paperlyon":19,"Turnip":25,"Bag of Marbles":8,"Chemical X":13,"Kintsugi":10,"ReplayTheSpireMod:Lightbulb":27},{"ReplayFunnel":31,"Ice Cream":83,"jedi:angrymask":64,"aspiration:Lifesprig":1,"Regal Pillow":54,"Mango":50,"Protect_Vest":8,"Bag of Preparation":80,"War Paint":13,"Orichalcum":83,"aspiration:FrozenJewel":47,"Pondfish Scales":17,"Dream Catcher":54,"Shovel":91,"Pendant":0,"Ornamental Fan":21,"jedi:paperlyon":70,"Turnip":86,"Bag of Marbles":27,"Chemical X":50,"Kintsugi":37,"ReplayTheSpireMod:Lightbulb":95}]},"card_choices":[{"not_picked":["Evaluate","FlurryOfBlows"],"picked":"Spot Weakness","floor":0},{"not_picked":["Sucker_Punch","Fight_Dirty"],"picked":"blackbeard:DangerousBlow","floor":0},{"not_picked":["Stick_and_Move","True Grit"],"picked":"Swivel","floor":0},{"not_picked":["jedi:BurstFrost","Blood for Blood"],"picked":"BowlingBash","floor":0},{"not_picked":["With_A_Twist","Go for the Eyes"],"picked":"Waterkick","floor":0},{"not_picked":["Heavy_Shield","blackbeard:BlindAttacks"],"picked":"blackbeard:GoldenDefense","floor":0},{"not_picked":["Skim","Stick_and_Move"],"picked":"Armaments","floor":0},{"not_picked":["Havoc","Deflect"],"picked":"Hook","floor":0},{"not_picked":["blackbeard:CloakAndCannonball","Conserve Battery"],"picked":"blackbeard:PiratesWill","floor":0},{"not_picked":["Stick_and_Move","JustLucky"],"picked":"Man_Eater","floor":0},{"not_picked":["Falchion","Bouncing Flask"],"picked":"Transfusion","floor":0},{"not_picked":["Iron Wave","Replay:AtTheReady"],"picked":"Acrobatics","floor":0},{"not_picked":["Compile Driver","Bicycle_Kick"],"picked":"Turbo","floor":0},{"not_picked":["Stick_and_Move","Twin Strike"],"picked":"Backflip","floor":0},{"not_picked":["Cloak And Dagger","jedi:blockon"],"picked":"Quick Slash","floor":0},{"not_picked":["ThirdEye","EmptyFist"],"picked":"Sucker Punch","floor":1},{"not_picked":["Sucker Punch","Intimidate"],"picked":"Foot_Thrust","floor":4},{"not_picked":["Halt","Mirage","FlurryOfBlows"],"picked":"SKIP","floor":5},{"not_picked":["Capacitor","jedi:BurstFrost"],"picked":"Float2_Spell","floor":6},{"not_picked":["Ball_Of_Ice","Esuna","Cursed_Shield"],"picked":"SKIP","floor":8},{"not_picked":["Gash","jedi:studypoison"],"picked":"Beam Cell","floor":10},{"not_picked":["jedi:poisonivy","Blur"],"picked":"Icebrand","floor":11},{"not_picked":["Deadly Poison","ReplayTheSpireMod:Repulse"],"picked":"blackbeard:GoldenDefense","floor":13},{"not_picked":["Replay:Many Hands","Fission"],"picked":"Ultima","floor":16},{"not_picked":["Dual Wield","Center_Self+1"],"picked":"Water","floor":18},{"not_picked":["Vox","Heel Hook"],"picked":"Faith+1","floor":19},{"not_picked":["Snap_Punch","Dagger Throw+1","Clothesline"],"picked":"SKIP","floor":21},{"not_picked":["Undo","Gash"],"picked":"Bloodletting+1","floor":24},{"not_picked":["Replay:AllIn","ReplayTheSpireMod:Reroute Power+1","Replay:ManipulateFuture"],"picked":"SKIP","floor":27},{"not_picked":["PathToVictory","blackbeard:CannonBarrage"],"picked":"Thunder_P","floor":28},{"not_picked":["Float2_Spell","blackbeard:DangerousBlow+1"],"picked":"Replay:BluntJabs","floor":30},{"not_picked":["jedi:acidrain","Quake+1"],"picked":"Conserve Battery","floor":31},{"not_picked":["Circlet","Distraction+1"],"picked":"Eclipse","floor":32},{"not_picked":["Eclipse","Multi-Cast"],"picked":"Drain","floor":33},{"not_picked":["PathToVictory+1","Minerva_Bustier","Streamline"],"picked":"SKIP","floor":35},{"not_picked":["blackbeard:PiratesWill","blackbeard:DoubleBottom+1"],"picked":"ForeignInfluence+1","floor":36},{"not_picked":["Accuracy","ClearTheMind"],"picked":"Aero","floor":37},{"not_picked":["Haste","EmptyBody+1","blackbeard:Upgrade+1"],"picked":"SKIP","floor":39},{"not_picked":["blackbeard:BlindAttacks","Reflex+1"],"picked":"Aero","floor":40},{"not_picked":["jedi:fear","Noxious Fumes+1"],"picked":"Brutality","floor":42},{"not_picked":["Havoc","PiercingWail"],"picked":"Haste+1","floor":45},{"not_picked":["Mythril_Knife","jedi:pocketpoison"],"picked":"Thunder_Blade+1","floor":46},{"not_picked":["Rage+1","BowlingBash+1"],"picked":"Setup+1","floor":47},{"not_picked":["Clash+1","jedi:overflow+1"],"picked":"ReplaySolidLightProjector+1","floor":48},{"not_picked":["ForeignInfluence+1","Twin Strike+1"],"picked":"BootSequence","floor":49}],"player_experience":1254602,"relics_obtained":[{"floor":6,"key":"Protect_Vest"},{"floor":9,"key":"War Paint"},{"floor":10,"key":"Pondfish Scales"},{"floor":11,"key":"Ornamental Fan"},{"floor":13,"key":"Bag of Marbles"},{"floor":14,"key":"ReplayFunnel"},{"floor":20,"key":"aspiration:FrozenJewel"},{"floor":24,"key":"Dream Catcher"},{"floor":26,"key":"Regal Pillow"},{"floor":30,"key":"jedi:angrymask"},{"floor":42,"key":"Ice Cream"},{"floor":43,"key":"Orichalcum"},{"floor":45,"key":"Turnip"},{"floor":46,"key":"Shovel"},{"floor":47,"key":"ReplayTheSpireMod:Lightbulb"}],"event_choices":[{"damage_healed":0,"gold_gain":275,"player_choice":"Desecrate","damage_taken":0,"max_hp_gain":0,"max_hp_loss":0,"event_name":"Golden Shrine","floor":2,"gold_loss":0,"cards_obtained":["Regret"]},{"damage_healed":0,"gold_gain":30,"player_choice":"Searched \u00272\u0027 times","damage_taken":0,"max_hp_gain":0,"max_hp_loss":0,"event_name":"Dead Adventurer","floor":14,"gold_loss":0},{"damage_healed":0,"gold_gain":0,"player_choice":"Relic","damage_taken":0,"max_hp_gain":0,"max_hp_loss":0,"event_name":"Wheel of Change","floor":20,"gold_loss":0},{"damage_healed":0,"gold_gain":0,"player_choice":"Embrace Madness","damage_taken":10,"max_hp_gain":0,"max_hp_loss":0,"event_name":"Winding Halls","floor":38,"gold_loss":0,"cards_obtained":["Madness","Madness"]}],"is_beta":false,"boss_relics":[{"not_picked":["Empty Cage","Honey Jar"],"picked":"Kintsugi"},{"not_picked":["aspiration:WatcherSkillbook","energizedSpire:NeverEndingSparkler"],"picked":"jedi:paperlyon"}],"items_purged_floors":[3,22,29],"is_endless":false,"potions_floor_spawned":[1,8,13,19,27,30,31,37,45,46],"ascension_level":0}}