{"host":"nnt34ungdh9fkcmy","time":1612844375,"event":{"mods":["BaseMod","Minty Spire (QoL Compilation)","StSLib","SuperFastMode"],"gold_per_floor":[364,364,380,398,398,433,62,62,62],"floor_reached":8,"language":"ENG","playtime":282,"items_purged":["Strike_B"],"score":67,"play_id":"f5efcfdb-2862-4f08-af88-a9ba8f2b35cc","local_time":"20210208211935","is_ascension_mode":true,"campfire_choices":[],"circlet_count":0,"master_deck":["Strike_B","Strike_B","Defend_B","Defend_B","Defend_B","Defend_B","Zap","Dualcast","Compile Driver","Steam","Conserve Battery","Defragment","Glacier"],"relics":["Cracked Core","Happy Flower","Tiny Chest"],"acts_visited":["Exordium"],"potions_floor_usage":[],"damage_taken":[{"damage":0.0,"enemies":"Small Slimes","floor":1.0,"turns":3.0},{"damage":0.0,"enemies":"2 Louse","floor":3.0,"turns":2.0},{"damage":1.0,"enemies":"Jaw Worm","floor":4.0,"turns":3.0},{"damage":32.0,"enemies":"Lagavulin","floor":6.0,"turns":8.0},{"damage":39,"enemies":"Gremlin Nob","floor":8,"turns":5}],"seed_played":"3282064901110392405","potions_obtained":[],"is_trial":false,"path_per_floor":["M","?","M","M","?","E","$","E"],"character_chosen":"DEFECT","items_purchased":["Defragment","Glacier","Tiny Chest"],"campfire_rested":0,"item_purchase_floors":[7,7,7],"current_hp_per_floor":[68,73,73,72,65,33,33,0,0],"gold":62,"neow_bonus":"TWO_FIFTY_GOLD","is_daily":false,"chose_seed":false,"campfire_upgraded":0,"win_rate":0.0,"timestamp":1612844375,"path_taken":["M","?","M","M","?","E","$","E"],"items_purchased_type":["Card","Card","Relic"],"build_version":"2020-12-22","purchased_purges":1,"victory":false,"max_hp_per_floor":[68,73,73,73,73,73,73,73,73],"card_choices":[{"not_picked":["Rebound","Go for the Eyes"],"picked":"Compile Driver","floor":1.0},{"not_picked":["Go for the Eyes","Melter"],"picked":"Steam","floor":3.0},{"not_picked":["Chill","Rebound","Compile Driver"],"picked":"SKIP","floor":4.0},{"not_picked":["Sweeping Beam","Reboot"],"picked":"Conserve Battery","floor":6.0}],"player_experience":109673,"relics_obtained":[{"floor":6.0,"key":"Happy Flower"}],"event_choices":[{"damage_healed":0.0,"max_hp_gain":5.0,"max_hp_loss":0.0,"gold_gain":0.0,"event_name":"Big Fish","player_choice":"Donut","floor":2.0,"gold_loss":0.0,"damage_taken":0.0},{"cards_removed":["Strike_B"],"damage_healed":0.0,"max_hp_gain":0.0,"max_hp_loss":0.0,"gold_gain":0.0,"event_name":"Golden Wing","player_choice":"Card Removal","floor":5.0,"gold_loss":0.0,"damage_taken":7.0}],"is_beta":false,"boss_relics":[],"items_purged_floors":[7],"is_endless":false,"potions_floor_spawned":[],"killed_by":"Gremlin Nob","ascension_level":4}}