{"host":"pe0tupbojgbreewp","time":1612895807,"event":{"mods":["BaseMod","Colored Map","KinomotoSakuraMod(–Ø”V–{?)","Minty Spire (QoL Compilation)","StSLib"],"gold_per_floor":[113,188,63,63,74,105,31,31,109,124,144,144,144,164,164,259,259,269,269,269,285,285,285,314,314,314,314,314,72,101,111,111,111,111],"floor_reached":33,"language":"JPN","playtime":1309,"items_purged":["ClowCardTheSword"],"score":356,"play_id":"ec182f74-fd45-4028-84f3-1d023123fcef","local_time":"20210210033647","is_ascension_mode":false,"campfire_choices":[{"data":"ClowCardTheEarthy","floor":8,"key":"SMITH"},{"data":"ClowCardTheArrow","floor":15,"key":"SMITH"},{"data":"ClowCardTheLoop","floor":23,"key":"SMITH"},{"data":"ClowCardTheMove","floor":25,"key":"SMITH"},{"data":"ClowCardTheThunder","floor":27,"key":"SMITH"},{"data":"Blind","floor":32,"key":"SMITH"}],"circlet_count":0,"master_deck":["SakuraCardTheShield+","SakuraCardTheStorm+","ClowCardTheSword","ClowCardTheSword","ClowCardTheSword","ClowCardTheShield","ClowCardTheShield","SpellCardSeal","SpellCardRelease","ClowCardTheThunder+1","ClowCardTheEarthy+1","ClowCardTheArrow+1","ClowCardTheChange","ClowCardTheMirror","ClowCardTheMove+1","ClowCardTheShadow","ClowCardTheLoop+1","ClowCardTheLight","Writhe","ClowCardTheErase+1","Blind+1","ClowCardTheBig+1","ClowCardTheSweet+1"],"relics":["KSMOD_SealedBook","KSMOD_StarWand","Akabeko","Singing Bowl","Mercury Hourglass","KSMOD_SwordJade","MutagenicStrength","Letter Opener","Meat on the Bone","KSMOD_RollerSkates","Gambling Chip"],"acts_visited":["Exordium","TheCity"],"potions_floor_usage":[6,6,16,21,24,30,33],"damage_taken":[{"damage":4,"enemies":"2 Louse","floor":1,"turns":4},{"damage":7,"enemies":"Small Slimes","floor":5,"turns":3},{"damage":6,"enemies":"3 Sentries","floor":6,"turns":7},{"damage":0,"enemies":"Jaw Worm","floor":10,"turns":1},{"damage":0,"enemies":"Blue Slaver","floor":11,"turns":3},{"damage":3,"enemies":"2 Fungi Beasts","floor":14,"turns":2},{"damage":0,"enemies":"Slime Boss","floor":16,"turns":5},{"damage":0,"enemies":"Chosen","floor":18,"turns":2},{"damage":0,"enemies":"Shell Parasite","floor":21,"turns":3},{"damage":53,"enemies":"Gremlin Leader","floor":24,"turns":5},{"damage":0,"enemies":"Slavers","floor":30,"turns":1},{"damage":0,"enemies":"Sentry and Sphere","floor":31,"turns":1},{"damage":54,"enemies":"Automaton","floor":33,"turns":6}],"seed_played":"-633973147254279133","potions_obtained":[{"floor":1,"key":"SteroidPotion"},{"floor":5,"key":"Fire Potion"},{"floor":10,"key":"Swift Potion"},{"floor":20,"key":"KSMOD_MagickBottle"},{"floor":20,"key":"FearPotion"},{"floor":20,"key":"Swift Potion"},{"floor":21,"key":"LiquidBronze"},{"floor":30,"key":"FearPotion"}],"is_trial":false,"path_per_floor":["M","?","$","?","M","E","$","R","T","M","M","T","?","M","R","B",null,"M","?","?","M","?","R","E","R","T","R","?","$","E","M","R","B"],"character_chosen":"KINOMOTOSAKURA","items_purchased":["ClowCardTheArrow","ClowCardTheMove","KSMOD_RollerSkates","Blind"],"campfire_rested":0,"item_purchase_floors":[3,7,29,29],"current_hp_per_floor":[66,55,55,55,48,42,42,42,42,44,44,44,44,41,41,41,72,74,74,74,76,76,76,23,23,23,23,9,9,21,33,33,0,0],"gold":111,"neow_bonus":"ONE_RANDOM_RARE_CARD","is_daily":false,"chose_seed":false,"campfire_upgraded":6,"win_rate":0.0,"timestamp":1612895807,"path_taken":["M","?","$","?","M","E","?","R","T","M","M","?","?","M","R","BOSS","M","?","?","?","?","R","E","R","T","R","?","$","E","M","R","BOSS"],"items_purchased_type":["Card","Card","Relic","Card"],"build_version":"2020-12-22","purchased_purges":1,"victory":false,"max_hp_per_floor":[70,70,70,70,70,70,70,70,70,72,72,72,72,72,72,72,72,74,74,74,76,76,76,76,76,76,76,81,81,81,81,81,81,81],"card_choices":[{"not_picked":["ClowCardTheFlower","ClowCardTheLibra"],"picked":"ClowCardTheEarthy","floor":1},{"not_picked":["ClowCardTheCloud","ClowCardTheVoice"],"picked":"ClowCardTheChange","floor":5},{"not_picked":["ClowCardTheReturn","ClowCardTheSand"],"picked":"ClowCardTheMirror","floor":6},{"not_picked":["ClowCardTheFlower","ClowCardTheSilent","ClowCardTheSand"],"picked":"Singing Bowl","floor":10},{"not_picked":["ClowCardTheFly","ClowCardTheRain"],"picked":"ClowCardTheShadow","floor":11},{"not_picked":["ClowCardTheRain","ClowCardTheStorm"],"picked":"ClowCardTheLoop","floor":14},{"not_picked":["ClowCardTheTwin","ClowCardTheDark"],"picked":"ClowCardTheLight","floor":16},{"not_picked":["ClowCardTheCloud","ClowCardTheErase","ClowCardTheWave"],"picked":"Singing Bowl","floor":18},{"not_picked":["ClowCardTheIllusion","ClowCardTheMist","ClowCardTheShot+1"],"picked":"Singing Bowl","floor":21},{"not_picked":["ClowCardTheRain+1","ClowCardTheTime"],"picked":"ClowCardTheErase+1","floor":24},{"not_picked":["ClowCardTheVoice","ClowCardTheErase"],"picked":"ClowCardTheBig+1","floor":30},{"not_picked":["ClowCardTheDream","ClowCardTheMirror"],"picked":"ClowCardTheSweet+1","floor":31}],"player_experience":763570,"relics_obtained":[{"floor":6,"key":"Akabeko"},{"floor":9,"key":"Singing Bowl"},{"floor":12,"key":"Mercury Hourglass"},{"floor":24,"key":"Letter Opener"},{"floor":26,"key":"Meat on the Bone"},{"floor":30,"key":"Gambling Chip"}],"event_choices":[{"damage_healed":0,"gold_gain":75,"player_choice":"Gather Gold","damage_taken":11,"max_hp_gain":0,"max_hp_loss":0,"event_name":"World of Goop","floor":2,"gold_loss":0},{"damage_healed":0,"gold_gain":0,"cards_transformed":["ClowCardTheShield"],"player_choice":"Change","damage_taken":0,"max_hp_gain":0,"max_hp_loss":0,"event_name":"Living Wall","floor":4,"gold_loss":0,"cards_obtained":["ClowCardTheStorm"]},{"damage_healed":0,"gold_gain":0,"player_choice":"Ignored","damage_taken":0,"max_hp_gain":0,"max_hp_loss":0,"event_name":"Liars Game","floor":13,"gold_loss":0},{"damage_healed":0,"gold_gain":0,"player_choice":"Opened","damage_taken":0,"relics_obtained":["KSMOD_SwordJade"],"max_hp_gain":0,"max_hp_loss":0,"event_name":"The Mausoleum","floor":19,"gold_loss":0,"cards_obtained":["Writhe"]},{"damage_healed":0,"gold_gain":0,"player_choice":"Got Potions","damage_taken":0,"max_hp_gain":0,"max_hp_loss":0,"event_name":"Lab","floor":20,"gold_loss":0},{"damage_healed":0,"gold_gain":0,"player_choice":"Inject Mutagens","damage_taken":0,"relics_obtained":["MutagenicStrength"],"max_hp_gain":0,"max_hp_loss":0,"event_name":"Drug Dealer","floor":22,"gold_loss":0},{"damage_healed":0,"gold_gain":0,"player_choice":"Shed Blood","damage_taken":19,"max_hp_gain":5,"max_hp_loss":0,"event_name":"Forgotten Altar","floor":28,"gold_loss":0}],"is_beta":false,"boss_relics":[{"not_picked":["Snecko Eye","Black Star"],"picked":"KSMOD_StarWand"}],"items_purged_floors":[3],"is_endless":false,"potions_floor_spawned":[1,5,10,21,30],"killed_by":"Automaton","ascension_level":0}}