{"host":"neeznpvpgo0qgfkd","time":1612901915,"event":{"mods":["AchievementEnabler","BaseMod","BetterRewards","Colored Map","Colored Powertips","Exacting","Minty Spire (QoL Compilation)","Permanent Neow","Quick Restart","Shop Mod"],"gold_per_floor":[119,50,85,85,85,110,110,135,135,161,126,126,166,205,217,326,338,364,409,696,726,763,807,819,866,878,931,943,955,955],"floor_reached":29,"language":"ENG","playtime":1596,"items_purged":[],"score":559,"play_id":"c2bfc3ee-b216-4881-acf0-f5a264859b6e","local_time":"20210209151835","is_ascension_mode":true,"campfire_choices":[{"floor":7.0,"key":"REST"},{"floor":15.0,"key":"REST"},{"floor":24,"key":"REST"}],"circlet_count":0,"master_deck":["Strike_G","Strike_G+1","Strike_G+1","Strike_G+1","Strike_G","Defend_G","Defend_G","Defend_G+1","Defend_G","Defend_G","Survivor","Neutralize","Infinite Blades+1","Accuracy+1","Blade Dance","A Thousand Cuts+1","Flying Knee","Accuracy+1","Regret","Caltrops+1","Quick Slash","A Thousand Cuts+1","Cloak And Dagger+1","Regret","Noxious Fumes+1","Cloak And Dagger","Dodge and Roll","Infinite Blades+1","Tactician"],"relics":["Ring of the Snake","Calipers","HandDrill","Ninja Scroll","StoneCalendar","Frozen Egg 2","Turnip","CaptainsWheel","Ginger","Mercury Hourglass","Pen Nib","Ornamental Fan","MawBank","Whetstone","Red Mask","Omamori","Happy Flower","Pear","Letter Opener"],"acts_visited":["Exordium","TheCity"],"potions_floor_usage":[22,22,22,22,23,29,29,29],"damage_taken":[{"damage":8.0,"enemies":"Jaw Worm","floor":1.0,"turns":3.0},{"damage":0.0,"enemies":"2 Louse","floor":3.0,"turns":2.0},{"damage":12.0,"enemies":"3 Sentries","floor":6.0,"turns":6.0},{"damage":8.0,"enemies":"Gremlin Nob","floor":8.0,"turns":3.0},{"damage":0.0,"enemies":"Small Slimes","floor":10.0,"turns":1.0},{"damage":11.0,"enemies":"Lagavulin","floor":13.0,"turns":3.0},{"damage":9.0,"enemies":"Blue Slaver","floor":14.0,"turns":2.0},{"damage":6.0,"enemies":"The Guardian","floor":16.0,"turns":5.0},{"damage":3.0,"enemies":"2 Thieves","floor":18.0,"turns":2.0},{"damage":0,"enemies":"3 Byrds","floor":19,"turns":3},{"damage":9,"enemies":"Cultist and Chosen","floor":21,"turns":4},{"damage":3,"enemies":"Masked Bandits","floor":22,"turns":3},{"damage":12,"enemies":"Slavers","floor":23,"turns":4},{"damage":36,"enemies":"Book of Stabbing","floor":25,"turns":5},{"damage":19,"enemies":"Slavers","floor":27,"turns":4},{"damage":16,"enemies":"Gremlin Leader","floor":29,"turns":2}],"seed_played":"2362331664148328107","potions_obtained":[{"floor":3.0,"key":"Fire Potion"},{"floor":19,"key":"EntropicBrew"},{"floor":22,"key":"LiquidMemories"},{"floor":25,"key":"PowerPotion"},{"floor":27,"key":"Fire Potion"}],"is_trial":false,"path_per_floor":["M","$","M","?","?","E","R","E","T","M","?","?","E","M","R","B",null,"M","M","?","M","?","E","R","E","T","E","?","E"],"character_chosen":"THE_SILENT","items_purchased":["HandDrill","Ninja Scroll","Frozen Egg 2","Infinite Blades+1","CaptainsWheel","CunningPotion","PowerPotion","Accuracy+1"],"campfire_rested":3,"item_purchase_floors":[0,0,0,0,0,0,0,2],"current_hp_per_floor":[55,55,55,48,34,32,53,45,45,45,62,62,51,42,63,57,67,64,64,64,55,52,40,61,25,35,16,16,0,0],"gold":955,"neow_bonus":"","is_daily":false,"chose_seed":false,"campfire_upgraded":0,"win_rate":0.0,"timestamp":1612901915,"path_taken":["M","$","M","?","?","E","R","E","T","M","?","?","E","?","R","BOSS","M","M","?","?","?","E","R","E","T","E","?","E"],"items_purchased_type":["Relic","Relic","Relic","Card","Relic","Potion","Potion","Card"],"build_version":"2020-12-22","purchased_purges":0,"victory":false,"max_hp_per_floor":[70,70,70,70,70,70,70,70,70,70,70,70,70,70,70,70,70,70,70,70,70,70,70,70,70,80,80,80,80,80],"card_choices":[{"not_picked":["Expertise","Poisoned Stab","Deflect"],"picked":"SKIP","floor":1.0},{"not_picked":["Blur","Outmaneuver"],"picked":"Blade Dance","floor":3.0},{"not_picked":["Underhanded Strike","Quick Slash","Dagger Spray"],"picked":"SKIP","floor":3.0},{"not_picked":["Bane","Setup"],"picked":"A Thousand Cuts+1","floor":6.0},{"not_picked":["Quick Slash","Bane"],"picked":"Flying Knee","floor":8.0},{"not_picked":["Bane","Slice"],"picked":"Accuracy+1","floor":10.0},{"not_picked":["Malaise","Underhanded Strike"],"picked":"Caltrops+1","floor":13.0},{"not_picked":["Sucker Punch","PiercingWail"],"picked":"Quick Slash","floor":14.0},{"not_picked":["Burst","Night Terror"],"picked":"A Thousand Cuts+1","floor":16.0},{"not_picked":["Terror","Blade Dance+1"],"picked":"Cloak And Dagger+1","floor":18},{"not_picked":["Outmaneuver","Dagger Throw","Sucker Punch"],"picked":"SKIP","floor":19},{"not_picked":["Cloak And Dagger","Infinite Blades+1"],"picked":"Noxious Fumes+1","floor":21},{"not_picked":["Quick Slash+1","Underhanded Strike"],"picked":"Cloak And Dagger","floor":22},{"not_picked":["Bouncing Flask","Expertise"],"picked":"Dodge and Roll","floor":23},{"not_picked":["Terror","Distraction"],"picked":"Infinite Blades+1","floor":25},{"not_picked":["Expertise","Reflex"],"picked":"Tactician","floor":27}],"player_experience":1347900,"relics_obtained":[{"floor":6.0,"key":"Mercury Hourglass"},{"floor":6.0,"key":"Pen Nib"},{"floor":8.0,"key":"Ornamental Fan"},{"floor":13.0,"key":"Whetstone"},{"floor":22,"key":"Red Mask"},{"floor":23,"key":"Omamori"},{"floor":25,"key":"Happy Flower"},{"floor":26,"key":"Pear"},{"floor":27,"key":"Letter Opener"}],"event_choices":[{"damage_healed":0.0,"max_hp_gain":0.0,"max_hp_loss":0.0,"gold_gain":0.0,"event_name":"Scrap Ooze","player_choice":"Success","floor":4.0,"gold_loss":0.0,"damage_taken":7.0,"relics_obtained":["Ginger"]},{"damage_healed":0.0,"max_hp_gain":0.0,"max_hp_loss":0.0,"gold_gain":0.0,"event_name":"Shining Light","player_choice":"Entered Light","floor":5.0,"gold_loss":0.0,"damage_taken":14.0,"cards_upgraded":["Strike_G","Defend_G"]},{"damage_healed":17.0,"max_hp_gain":0.0,"max_hp_loss":0.0,"gold_gain":0.0,"event_name":"The Cleric","player_choice":"Healed","floor":11.0,"gold_loss":35.0,"damage_taken":0.0},{"damage_healed":0.0,"max_hp_gain":0.0,"max_hp_loss":0.0,"gold_gain":0.0,"event_name":"Big Fish","player_choice":"Box","floor":12.0,"gold_loss":0.0,"damage_taken":0.0,"relics_obtained":["MawBank"],"cards_obtained":["Regret"]},{"damage_healed":0,"gold_gain":275,"player_choice":"Desecrate","damage_taken":0,"max_hp_gain":0,"max_hp_loss":0,"event_name":"Golden Shrine","floor":20,"gold_loss":0,"cards_obtained":["Regret"]},{"damage_healed":0,"gold_gain":0,"player_choice":"Fought Bandits","damage_taken":0,"max_hp_gain":0,"max_hp_loss":0,"event_name":"Masked Bandits","floor":22,"gold_loss":0},{"damage_healed":0,"gold_gain":0,"player_choice":"Ignored","damage_taken":0,"max_hp_gain":0,"max_hp_loss":0,"event_name":"Ghosts","floor":28,"gold_loss":0}],"is_beta":false,"boss_relics":[{"not_picked":[]}],"items_purged_floors":[],"is_endless":false,"potions_floor_spawned":[3,8,14,16,19,22,25,27],"killed_by":"Gremlin Leader","ascension_level":8}}