{"host":"epc8efk9vrywpcsw","time":1612869474,"event":{"mods":["BaseMod","Minty Spire (QoL Compilation)","Relic Stats","StSLib"],"gold_per_floor":[118,128,144,155,173,203,353,353,353,353,383,383,394,57,57,57,57],"floor_reached":16,"language":"ENG","playtime":565,"items_purged":[],"score":224,"play_id":"63a2a36b-cc79-4f70-bbe7-f40ddbeed620","local_time":"20210209121754","is_ascension_mode":true,"campfire_choices":[{"data":"Mayhem","floor":8,"key":"SMITH"},{"floor":12,"key":"REST"},{"floor":15,"key":"REST"}],"circlet_count":0,"master_deck":["AscendersBane","Strike_R","Strike_R","Strike_R","Strike_R","Strike_R","Defend_R","Defend_R","Defend_R","Defend_R","Bash","Mayhem+1","Wild Strike","Perfected Strike","Doubt","Double Tap","Wild Strike","Shrug It Off"],"relics":["Burning Blood","The Courier","Blue Candle","Frozen Egg 2","Lantern","Membership Card","Shuriken","Nunchaku"],"acts_visited":["Exordium"],"potions_floor_usage":[5,11,11],"damage_taken":[{"damage":7,"enemies":"Small Slimes","floor":1,"turns":4},{"damage":9,"enemies":"2 Louse","floor":2,"turns":3},{"damage":9,"enemies":"Jaw Worm","floor":3,"turns":3},{"damage":11,"enemies":"Exordium Wildlife","floor":4,"turns":5},{"damage":10,"enemies":"Gremlin Gang","floor":5,"turns":4},{"damage":20,"enemies":"Lagavulin","floor":6,"turns":7},{"damage":26,"enemies":"3 Sentries","floor":11,"turns":5},{"damage":13,"enemies":"Exordium Thugs","floor":13,"turns":4},{"damage":36,"enemies":"The Guardian","floor":16,"turns":8}],"seed_played":"-5655072502736160451","potions_obtained":[{"floor":1,"key":"Explosive Potion"},{"floor":3,"key":"AttackPotion"},{"floor":5,"key":"Fire Potion"}],"is_trial":false,"path_per_floor":["M","M","M","M","M","E","?","R","T","?","E","R","M","$","R","B"],"character_chosen":"IRONCLAD","items_purchased":["Membership Card","Wild Strike","Shuriken","Nunchaku","Shrug It Off"],"campfire_rested":2,"item_purchase_floors":[14,14,14,14,14],"current_hp_per_floor":[67,64,61,56,52,38,38,38,38,27,7,27,20,20,40,4,4],"gold":57,"neow_bonus":"RANDOM_COLORLESS_2","is_daily":false,"chose_seed":false,"campfire_upgraded":1,"win_rate":0.0,"timestamp":1612869474,"path_taken":["M","M","M","M","M","E","?","R","T","?","E","R","M","$","R","BOSS"],"items_purchased_type":["Relic","Card","Relic","Relic","Card"],"build_version":"2020-12-22","purchased_purges":0,"victory":false,"max_hp_per_floor":[68,68,68,68,68,68,68,68,68,68,68,68,68,68,68,68,68],"relic_stats":{"Nunchaku":[1],"counters":[9,43],"Shuriken":[3],"Blue Candle":[3],"obtain_stats":[{"Lantern":11,"Nunchaku":14,"Shuriken":14,"Blue Candle":9,"The Courier":6,"Membership Card":14,"Frozen Egg 2":10,"Burning Blood":0},{"Lantern":7,"Nunchaku":8,"Shuriken":8,"Blue Candle":6,"The Courier":6,"Membership Card":8,"Frozen Egg 2":6,"Burning Blood":0},{"Lantern":31,"Nunchaku":35,"Shuriken":35,"Blue Candle":26,"The Courier":26,"Membership Card":35,"Frozen Egg 2":26,"Burning Blood":0}],"Burning Blood":48},"card_choices":[{"not_picked":["Magnetism","Thinking Ahead"],"picked":"Mayhem","floor":0},{"not_picked":["Havoc","Armaments"],"picked":"Wild Strike","floor":1},{"not_picked":["Fire Breathing","Feel No Pain"],"picked":"Perfected Strike","floor":2},{"not_picked":["Cleave","Sentinel","Thunderclap"],"picked":"SKIP","floor":3},{"not_picked":["Dropkick","Body Slam","Flex"],"picked":"SKIP","floor":4},{"not_picked":["Clash","Reckless Charge","Iron Wave"],"picked":"SKIP","floor":5},{"not_picked":["Cleave","Entrench","Uppercut"],"picked":"SKIP","floor":6},{"not_picked":["Power Through","Seeing Red"],"picked":"Double Tap","floor":11},{"not_picked":["Flex","Dropkick","Iron Wave"],"picked":"SKIP","floor":13}],"player_experience":497024,"relics_obtained":[{"floor":6,"key":"The Courier"},{"floor":9,"key":"Blue Candle"},{"floor":11,"key":"Lantern"}],"event_choices":[{"damage_healed":0,"gold_gain":150,"player_choice":"AGREE","damage_taken":0,"max_hp_gain":0,"max_hp_loss":0,"event_name":"Liars Game","floor":7,"gold_loss":0,"cards_obtained":["Doubt"]},{"damage_healed":0,"gold_gain":0,"player_choice":"Success","damage_taken":11,"relics_obtained":["Frozen Egg 2"],"max_hp_gain":0,"max_hp_loss":0,"event_name":"Scrap Ooze","floor":10,"gold_loss":0}],"is_beta":false,"boss_relics":[],"items_purged_floors":[],"is_endless":false,"potions_floor_spawned":[1,3,5],"killed_by":"The Guardian","ascension_level":20}}