{"host":"qc8p2flj7wsy3zpg","time":1612898105,"event":{"mods":["BaseMod","Highlight Path","Minty Spire (QoL Compilation)","Monster List Patch","Relic Stats","StSLib"],"gold_per_floor":[115,135,135,153,153,180,180,213,213,213,213,237,271,293,305,395,407,431,27,27,27,40,40,40],"floor_reached":23,"language":"ENG","playtime":571,"items_purged":["Strike_R"],"score":398,"play_id":"31a601b5-55aa-4d5f-a590-45643fe24f9a","local_time":"20210209131505","is_ascension_mode":true,"campfire_choices":[{"floor":7.0,"key":"REST"},{"data":"Immolate","floor":10.0,"key":"SMITH"},{"data":"Rupture","floor":15.0,"key":"SMITH"}],"circlet_count":0,"master_deck":["AscendersBane","Strike_R+1","Strike_R+1","Strike_R+1","Strike_R+1","Defend_R+1","Defend_R+1","Defend_R+1","Defend_R+1","Bash+1","Cleave","Pummel","Perfected Strike","Immolate+1","Rupture+1","Heavy Blade","Bloodletting","Limit Break","Thunderclap"],"relics":["Burning Blood","Happy Flower","Ornamental Fan","Matryoshka","Omamori","Sundial","MawBank","Orichalcum","Odd Mushroom","Black Star","Toxic Egg 2"],"acts_visited":["Exordium","TheCity"],"potions_floor_usage":[22,23],"damage_taken":[{"damage":14.0,"enemies":"Jaw Worm","floor":1.0,"turns":4.0},{"damage":4.0,"enemies":"Small Slimes","floor":2.0,"turns":3.0},{"damage":4.0,"enemies":"2 Louse","floor":4.0,"turns":4.0},{"damage":22.0,"enemies":"3 Sentries","floor":6.0,"turns":7.0},{"damage":8.0,"enemies":"Gremlin Nob","floor":8.0,"turns":3.0},{"damage":11.0,"enemies":"Blue Slaver","floor":12.0,"turns":3.0},{"damage":0.0,"enemies":"The Mushroom Lair","floor":13.0,"turns":1.0},{"damage":0.0,"enemies":"Gremlin Gang","floor":14.0,"turns":1.0},{"damage":45.0,"enemies":"Slime Boss","floor":16.0,"turns":8.0},{"damage":34.0,"enemies":"2 Thieves","floor":18.0,"turns":4.0},{"damage":10,"enemies":"Spheric Guardian","floor":22,"turns":4},{"damage":41,"enemies":"Book of Stabbing","floor":23,"turns":3}],"seed_played":"6506161663586087811","potions_obtained":[{"floor":4.0,"key":"Strength Potion"},{"floor":12.0,"key":"GamblersBrew"},{"floor":16.0,"key":"LiquidBronze"}],"is_trial":false,"path_per_floor":["M","M","?","M","?","E","R","E","T","R","T","M","?","M","R","B",null,"M","$","?","?","M","E"],"character_chosen":"IRONCLAD","items_purchased":["Toxic Egg 2","Block Potion"],"campfire_rested":1,"item_purchase_floors":[19,19],"current_hp_per_floor":[60,62,62,64,41,25,47,45,45,45,45,40,46,52,52,13,60,32,32,32,32,28,0,0],"gold":40,"neow_bonus":"RANDOM_COMMON_RELIC","is_daily":false,"chose_seed":false,"campfire_upgraded":2,"win_rate":0.0,"timestamp":1612898105,"path_taken":["M","M","?","M","?","E","R","E","T","R","?","M","?","M","R","BOSS","M","$","?","?","M","E"],"items_purchased_type":["Relic","Potion"],"build_version":"2020-12-22","purchased_purges":1,"victory":false,"max_hp_per_floor":[75,75,75,75,75,75,75,75,75,75,75,75,75,75,75,75,75,75,75,75,75,75,75,75],"relic_stats":{"Happy Flower":[15],"counters":[12,45],"Ornamental Fan":[24],"Sundial":[2],"Black Star":0,"Orichalcum":[42],"MawBank":96,"obtain_stats":[{"Matryoshka":8,"Happy Flower":0,"Ornamental Fan":6,"Sundial":9,"Omamori":9,"Black Star":17,"Orichalcum":11,"Odd Mushroom":13,"Toxic Egg 2":19,"MawBank":11,"Burning Blood":0},{"Matryoshka":5,"Happy Flower":0,"Ornamental Fan":4,"Sundial":5,"Omamori":5,"Black Star":9,"Orichalcum":5,"Odd Mushroom":7,"Toxic Egg 2":10,"MawBank":5,"Burning Blood":0},{"Matryoshka":21,"Happy Flower":0,"Ornamental Fan":18,"Sundial":21,"Omamori":21,"Black Star":34,"Orichalcum":21,"Odd Mushroom":25,"Toxic Egg 2":38,"MawBank":21,"Burning Blood":0}],"Burning Blood":66},"card_choices":[{"not_picked":["Seeing Red","Anger"],"picked":"Cleave","floor":1.0},{"not_picked":["Warcry","Heavy Blade"],"picked":"Pummel","floor":2.0},{"not_picked":["Warcry","Havoc"],"picked":"Perfected Strike","floor":4.0},{"not_picked":["Pummel","Metallicize"],"picked":"Immolate","floor":6.0},{"not_picked":["Whirlwind","Flex"],"picked":"Rupture","floor":12.0},{"not_picked":["Havoc","Wild Strike"],"picked":"Heavy Blade","floor":13.0},{"not_picked":["Pommel Strike","Fiend Fire"],"picked":"Bloodletting","floor":14.0},{"not_picked":["Corruption","Juggernaut"],"picked":"Limit Break","floor":16.0},{"not_picked":["Clothesline","Burning Pact"],"picked":"Thunderclap","floor":18.0}],"player_experience":2355324,"relics_obtained":[{"floor":6.0,"key":"Ornamental Fan"},{"floor":8.0,"key":"Matryoshka"},{"floor":9.0,"key":"Omamori"},{"floor":9.0,"key":"Sundial"},{"floor":11.0,"key":"MawBank"},{"floor":11.0,"key":"Orichalcum"},{"floor":13.0,"key":"Odd Mushroom"}],"event_choices":[{"damage_healed":0.0,"max_hp_gain":0.0,"max_hp_loss":0.0,"gold_gain":0.0,"event_name":"Liars Game","player_choice":"Ignored","floor":3.0,"gold_loss":0.0,"damage_taken":0.0},{"damage_healed":0.0,"max_hp_gain":0.0,"max_hp_loss":0.0,"gold_gain":0.0,"event_name":"Shining Light","player_choice":"Entered Light","floor":5.0,"gold_loss":0.0,"damage_taken":23.0,"cards_upgraded":["Defend_R","Bash"]},{"damage_healed":0.0,"max_hp_gain":0.0,"max_hp_loss":0.0,"gold_gain":0.0,"event_name":"Mushrooms","player_choice":"Fought Mushrooms","floor":13.0,"gold_loss":0.0,"damage_taken":0.0},{"damage_healed":0.0,"max_hp_gain":0.0,"max_hp_loss":0.0,"gold_gain":0.0,"event_name":"Back to Basics","player_choice":"Simplicity","floor":20.0,"gold_loss":0.0,"damage_taken":0.0,"cards_upgraded":["Strike_R","Strike_R","Strike_R","Strike_R","Defend_R","Defend_R","Defend_R"]},{"damage_healed":0,"gold_gain":0,"player_choice":"Got Potions","damage_taken":0,"max_hp_gain":0,"max_hp_loss":0,"event_name":"Lab","floor":21,"gold_loss":0}],"is_beta":false,"boss_relics":[{"not_picked":["Tiny House","Black Blood"],"picked":"Black Star"}],"items_purged_floors":[19],"is_endless":false,"potions_floor_spawned":[4,12,16],"killed_by":"Book of Stabbing","ascension_level":20}}