{"host":"p9t7qd83igtcp2bh","time":1612891662,"event":{"mods":["2.2 Compatiblity","AchievementEnabler","BaseMod","Colored Map","Colored Powertips","Custom Start","DeckTracker","Keyboard Shortcuts","Minty Spire (QoL Compilation)","Permanent Neow","StSLib","SuperFastMode","everything is the same but u backflip on backflip"],"gold_per_floor":[112,112,132,49,49,49,84,84,139,158,158,178,208,219,219,293,293,309,309,324,48,67,67,97,97,97,97,107,139,139,166,166,245,245,255,280,16,32,47,47,72,72,120,120,148,166,41,61,61,61,61,61,61,21,52,52],"floor_reached":57,"language":"KOR","playtime":2495,"items_purged":["Chaos","Zap","Doubt"],"score":3331,"play_id":"6f2eb3ab-28e4-42f1-a4fe-f634a36c80ab","local_time":"20210210022742","is_ascension_mode":true,"campfire_choices":[{"data":"Blizzard","floor":6.0,"key":"SMITH"},{"data":"Rip and Tear","floor":8.0,"key":"SMITH"},{"data":"Ball Lightning","floor":15.0,"key":"SMITH"},{"data":"Go for the Eyes","floor":23.0,"key":"SMITH"},{"data":"Chill","floor":25.0,"key":"SMITH"},{"data":"Coolheaded","floor":32,"key":"SMITH"},{"floor":40,"key":"RECALL"},{"data":"Seek","floor":44,"key":"SMITH"},{"data":"Glacier","floor":49,"key":"SMITH"},{"data":"Skim","floor":53,"key":"SMITH"}],"circlet_count":0,"master_deck":["AscendersBane","Cold Snap","Glacier+1","Rip and Tear+1","Blizzard+1","Force Field","Ball Lightning+1","Self Repair+1","Hologram","Biased Cognition+1","Capacitor+1","Heatsinks+1","Blizzard","Force Field","Streamline","Seek+1","Machine Learning+1","Static Discharge+1","Static Discharge+1","Coolheaded+1","Go for the Eyes+1","Skim+1","Chill+1","Self Repair+1","Creative AI+1","Hologram+1","Turbo+1","Buffer+1","Loop+1"],"relics":["Runic Pyramid","Mummified Hand","Oddly Smooth Stone","Frozen Egg 2","Pandora\u0027s Box","Happy Flower","Kunai","Sundial","TungstenRod","Cursed Key","Mango","ClockworkSouvenir","Regal Pillow","Ancient Tea Set","Ornamental Fan"],"acts_visited":["Exordium","TheCity","TheBeyond","TheEnding"],"potions_floor_usage":[41,56],"damage_taken":[{"damage":1.0,"enemies":"2 Louse","floor":1.0,"turns":3.0},{"damage":0.0,"enemies":"Cultist","floor":3.0,"turns":5.0},{"damage":5.0,"enemies":"3 Sentries","floor":7.0,"turns":8.0},{"damage":0.0,"enemies":"Jaw Worm","floor":10.0,"turns":4.0},{"damage":3.0,"enemies":"2 Fungi Beasts","floor":12.0,"turns":4.0},{"damage":4.0,"enemies":"Lagavulin","floor":13.0,"turns":7.0},{"damage":4.0,"enemies":"3 Louse","floor":14.0,"turns":4.0},{"damage":44.0,"enemies":"Slime Boss","floor":16.0,"turns":11.0},{"damage":12.0,"enemies":"2 Thieves","floor":18.0,"turns":4.0},{"damage":9.0,"enemies":"Shell Parasite","floor":20.0,"turns":5.0},{"damage":24.0,"enemies":"Snake Plant","floor":22.0,"turns":5.0},{"damage":0.0,"enemies":"Book of Stabbing","floor":24.0,"turns":6.0},{"damage":2.0,"enemies":"Sentry and Sphere","floor":28.0,"turns":5.0},{"damage":9.0,"enemies":"Slavers","floor":29.0,"turns":4.0},{"damage":15,"enemies":"Gremlin Leader","floor":31,"turns":6},{"damage":0,"enemies":"Automaton","floor":33,"turns":10},{"damage":0,"enemies":"3 Darklings","floor":35,"turns":4},{"damage":5,"enemies":"Mind Bloom Boss Battle","floor":36,"turns":6},{"damage":6,"enemies":"Orb Walker","floor":38,"turns":3},{"damage":10,"enemies":"Writhing Mass","floor":39,"turns":5},{"damage":24,"enemies":"Reptomancer","floor":41,"turns":6},{"damage":0,"enemies":"Giant Head","floor":45,"turns":6},{"damage":0,"enemies":"Maw","floor":46,"turns":6},{"damage":0,"enemies":"4 Shapes","floor":48,"turns":3},{"damage":0,"enemies":"Time Eater","floor":50,"turns":11},{"damage":0,"enemies":"Awakened One","floor":51,"turns":8},{"damage":0,"enemies":"Shield and Spear","floor":55,"turns":5},{"damage":52,"enemies":"The Heart","floor":56,"turns":8}],"seed_played":"-5045313637993793782","potions_obtained":[{"floor":10.0,"key":"SpeedPotion"},{"floor":14.0,"key":"AttackPotion"},{"floor":16.0,"key":"LiquidMemories"},{"floor":18.0,"key":"LiquidMemories"},{"floor":41,"key":"GamblersBrew"},{"floor":46,"key":"DuplicationPotion"}],"is_trial":false,"path_per_floor":["M","?","M","$","?","R","E","R","T","M","?","M","E","M","R","B",null,"M","?","M","$","M","R","E","R","T","?","M","E","?","E","R","B",null,"M","?","$","M","M","R","E","$","T","R","E","M","$","M","R","B","B",null,"R","$","E","B",null],"character_chosen":"DEFECT","items_purchased":["Blizzard","Static Discharge+1","Coolheaded","Go for the Eyes","ClockworkSouvenir","Loop+1"],"campfire_rested":0,"item_purchase_floors":[4,21,21,21,37,54],"current_hp_per_floor":[63,63,63,63,63,63,58,58,58,58,58,55,51,57,57,23,59,57,57,58,58,44,44,54,54,54,54,62,63,43,48,48,68,74,76,90,90,90,90,90,86,86,86,86,90,90,90,90,90,90,90,90,90,90,90,58],"gold":52,"neow_bonus":"BOSS_RELIC","is_daily":false,"chose_seed":false,"campfire_upgraded":9,"win_rate":0.0,"timestamp":1612891662,"path_taken":["M","?","?","$","?","R","E","R","T","M","?","M","E","M","R","BOSS","M","?","M","$","M","R","E","R","T","?","M","E","?","E","R","BOSS","M","?","$","M","M","R","E","$","T","R","E","M","$","M","R","BOSS","BOSS","R","$","E","BOSS"],"items_purchased_type":["Card","Card","Card","Card","Relic","Card"],"build_version":"2020-12-22","purchased_purges":3,"victory":true,"max_hp_per_floor":[71,71,71,71,71,71,71,71,71,71,71,71,71,71,71,71,71,71,71,71,71,71,71,71,71,71,71,71,71,76,76,76,76,76,76,90,90,90,90,90,90,90,90,90,90,90,90,90,90,90,90,90,90,90,90,90],"card_choices":[{"not_picked":["Gash","Fusion"],"picked":"Cold Snap","floor":1.0},{"not_picked":["Ball Lightning","Cold Snap"],"picked":"Rip and Tear","floor":3.0},{"not_picked":["Stack","Hyperbeam"],"picked":"Force Field","floor":7.0},{"not_picked":["Leap","Steam Power","Conserve Battery"],"picked":"SKIP","floor":10.0},{"not_picked":["Redo","Hello World"],"picked":"Ball Lightning","floor":12.0},{"not_picked":["Rainbow","Turbo"],"picked":"Self Repair+1","floor":13.0},{"not_picked":["Cold Snap","Beam Cell"],"picked":"Hologram","floor":14.0},{"not_picked":["Hyperbeam","All For One"],"picked":"Biased Cognition+1","floor":16.0},{"not_picked":["Rebound","Consume","Sweeping Beam"],"picked":"SKIP","floor":18.0},{"not_picked":["Glacier","Undo"],"picked":"Static Discharge+1","floor":20.0},{"not_picked":["Melter","Stack"],"picked":"Skim","floor":22.0},{"not_picked":["Scrape","Hologram"],"picked":"Chill","floor":24.0},{"not_picked":["Compile Driver+1","Coolheaded","Gash"],"picked":"SKIP","floor":28.0},{"not_picked":["Go for the Eyes","Streamline"],"picked":"Self Repair+1","floor":29.0},{"not_picked":["Ball Lightning+1","Skim+1","Beam Cell"],"picked":"SKIP","floor":31},{"not_picked":["Echo Form+1","Rainbow"],"picked":"Creative AI+1","floor":33},{"not_picked":["Genetic Algorithm","Cold Snap+1"],"picked":"Hologram+1","floor":35},{"not_picked":["Cold Snap","Rip and Tear"],"picked":"Turbo+1","floor":36},{"not_picked":["Leap+1","Sunder","Ball Lightning"],"picked":"SKIP","floor":38},{"not_picked":["Gash","Conserve Battery","Force Field"],"picked":"SKIP","floor":39},{"not_picked":["Ball Lightning","Go for the Eyes","Barrage"],"picked":"SKIP","floor":41},{"not_picked":["Turbo","Skim","Melter"],"picked":"SKIP","floor":45},{"not_picked":["Hologram","Steam Power","Streamline+1"],"picked":"SKIP","floor":46},{"not_picked":["Gash","Steam Power+1"],"picked":"Buffer+1","floor":48},{"not_picked":["Chaos","Stack+1","Redo+1"],"picked":"SKIP","floor":55}],"player_experience":718747,"relics_obtained":[{"floor":7.0,"key":"Mummified Hand"},{"floor":9.0,"key":"Oddly Smooth Stone"},{"floor":13.0,"key":"Frozen Egg 2"},{"floor":24.0,"key":"Happy Flower"},{"floor":26.0,"key":"Kunai"},{"floor":29.0,"key":"Sundial"},{"floor":31,"key":"TungstenRod"},{"floor":36,"key":"Mango"},{"floor":41,"key":"Regal Pillow"},{"floor":45,"key":"Ancient Tea Set"},{"floor":55,"key":"Ornamental Fan"}],"event_choices":[{"damage_healed":0.0,"max_hp_gain":0.0,"max_hp_loss":0.0,"gold_gain":0.0,"cards_transformed":["Strike_B"],"event_name":"Transmorgrifier","player_choice":"Transformed","floor":2.0,"gold_loss":0.0,"damage_taken":0.0,"cards_obtained":["Glacier"]},{"damage_healed":0.0,"max_hp_gain":0.0,"max_hp_loss":0.0,"gold_gain":0.0,"event_name":"The Cleric","player_choice":"Leave","floor":5.0,"gold_loss":0.0,"damage_taken":0.0},{"damage_healed":0.0,"max_hp_gain":0.0,"max_hp_loss":0.0,"gold_gain":0.0,"event_name":"Liars Game","player_choice":"Ignored","floor":11.0,"gold_loss":0.0,"damage_taken":0.0},{"damage_healed":0.0,"max_hp_gain":0.0,"max_hp_loss":0.0,"gold_gain":0.0,"cards_transformed":["Gash","Dualcast"],"event_name":"Drug Dealer","player_choice":"Became Test Subject","floor":19.0,"gold_loss":0.0,"damage_taken":0.0,"cards_obtained":["Seek","Machine Learning"]},{"damage_healed":0.0,"max_hp_gain":0.0,"max_hp_loss":0.0,"gold_gain":0.0,"event_name":"Vampires","player_choice":"Ignored","floor":27.0,"gold_loss":0.0,"damage_taken":0.0},{"damage_healed":0.0,"max_hp_gain":5.0,"max_hp_loss":0.0,"gold_gain":0.0,"event_name":"Forgotten Altar","player_choice":"Shed Blood","floor":30.0,"gold_loss":0.0,"damage_taken":25.0},{"damage_healed":0,"gold_gain":0,"player_choice":"Fight","damage_taken":0,"max_hp_gain":0,"max_hp_loss":0,"event_name":"MindBloom","floor":36,"gold_loss":0}],"is_beta":false,"boss_relics":[{"not_picked":["Tiny House","SlaversCollar"],"picked":"Pandora\u0027s Box"},{"not_picked":["Empty Cage","Nuclear Battery"],"picked":"Cursed Key"}],"items_purged_floors":[21,37,47],"is_endless":false,"potions_floor_spawned":[10,14,16,18,20,28,41,45,46,55],"ascension_level":20}}