{"host":"dv29tre2e7vje47n","time":1612861232,"event":{"mods":["AchievementEnabler","BaseMod","Colored Map","Colored Powertips","DeckTracker","Displayed Cursed Tome","Downfall","Friendly Minions","Googly Eyes","Highlight Path","Infinite Spire","Key Reminder","Minty Spire (QoL Compilation)","Quick Restart","Random Character Button","Rare Cards Sparkle","Relic Sorter","Relic Stats","Replay The Spire","Spire Arcade","Spire Birthday Party","StSLib","SuperFastMode","Unceasing Turn Reminder"],"gold_per_floor":[99,117,117,117,117,117,117,145,145,155,65,79,79,113,124,227,227,227,247,262,279,279,313,313,313,313,339,339,339,339,339],"floor_reached":29,"language":"ENG","playtime":1040,"items_purged":[],"score":335,"play_id":"966dc192-6e5d-4227-bbe7-0195b29b44c3","local_time":"20210209100032","is_ascension_mode":true,"campfire_choices":[{"data":"sneckomod:SnekBite","floor":1,"key":"SMITH"},{"data":"sneckomod:SnakeSap","floor":6,"key":"SMITH"},{"data":"sneckomod:Unknown","floor":6,"key":"SMITH"},{"data":"sneckomod:PureSnecko","floor":13,"key":"SMITH"},{"data":"sneckomod:UnendingSupply","floor":13,"key":"SMITH"},{"data":"sneckomod:UnknownRareAttack","floor":18,"key":"SMITH"},{"data":"sneckomod:Unknown3Cost","floor":18,"key":"SMITH"},{"data":"RitualDagger","floor":28,"key":"SMITH"},{"data":"sneckomod:UnknownClassTHE_BRONZE_AUTOMATON","floor":28,"key":"SMITH"}],"circlet_count":0,"master_deck":["sneckomod:TailWhip+1","sneckomod:SnekBite+1","sneckomod:Unknown+1","sneckomod:Unknown","sneckomod:SnakeSap+1","sneckomod:IronFang","sneckomod:ImprovisedGuard","sneckomod:PureSnecko+1","sneckomod:UnknownRareSkill","sneckomod:UnendingSupply+1","sneckomod:Unknown3Cost+1","sneckomod:UnknownDexterity","sneckomod:UnknownRareAttack+1","sneckomod:UnknownX+1","sneckomod:UnknownStrike","sneckomod:UnknownDraw+1","sneckomod:Unknown1Cost","sneckomod:Unknown3Cost","sneckomod:UnknownExhaust","Writhe","RitualDagger+1","sneckomod:UnknownClassTHE_BRONZE_AUTOMATON+1"],"relics":["sneckomod:SneckoSoul","Replay:Arrowhead","downfall:ShatteredFragment","White Beast Statue","sneckomod:LoadedDie","Calipers","Cursed Key","War Paint","Toy Ornithopter","MutagenicStrength","Frozen Egg 2"],"acts_visited":["Exordium","TheCity"],"potions_floor_usage":[14,27],"damage_taken":[{"damage":4,"enemies":"Cultist","floor":2,"turns":3},{"damage":23,"enemies":"3 Sentries","floor":8,"turns":6},{"damage":1,"enemies":"2 Louse","floor":10,"turns":2},{"damage":0,"enemies":"downfall:FleeingMerchant","floor":11,"turns":4},{"damage":0,"enemies":"Small Slimes","floor":12,"turns":3},{"damage":16,"enemies":"Lagavulin","floor":14,"turns":3},{"damage":0,"enemies":"Red Slaver","floor":15,"turns":3},{"damage":0,"enemies":"SI_SHIV_ARCHETYPE","floor":16,"turns":5},{"damage":7,"enemies":"Shell Parasite","floor":19,"turns":6},{"damage":1,"enemies":"3 Byrds","floor":20,"turns":3},{"damage":0,"enemies":"Centurion and Healer","floor":21,"turns":5},{"damage":48,"enemies":"Gremlin Leader","floor":23,"turns":6},{"damage":21,"enemies":"Book of Stabbing","floor":27,"turns":5},{"damage":12,"enemies":"Shelled Parasite and Fungi","floor":29,"turns":2}],"seed_played":"2683510487177837803","potions_obtained":[{"floor":8,"key":"Venom Potion"},{"floor":10,"key":"Energy Potion"},{"floor":11,"key":"Death Potion"},{"floor":14,"key":"Block Potion"},{"floor":27,"key":"FairyPotion"}],"is_trial":false,"path_per_floor":["R","M","T","?","?","R","T","E","?","M","$","M","R","E","M","B",null,"R","M","M","M","?","E","T","?","?","E","R","M"],"character_chosen":"THE_SNECKO","items_purchased":["sneckomod:UnendingSupply"],"campfire_rested":0,"item_purchase_floors":[11],"current_hp_per_floor":[90,86,86,65,65,65,65,42,42,41,41,41,41,25,25,25,90,90,83,82,82,82,34,34,28,28,12,12,27,27,27],"gold":339,"neow_bonus":"UPGRADE_CARD","is_daily":false,"chose_seed":false,"campfire_upgraded":9,"win_rate":0.0,"timestamp":1612861232,"path_taken":["R","M","?","?","?","R","T","E","?","M","$","?","R","E","M","BOSS","R","M","M","M","?","E","T","?","?","E","R","M"],"items_purchased_type":["Card"],"build_version":"2020-12-22","purchased_purges":0,"victory":false,"max_hp_per_floor":[90,90,90,90,90,90,90,90,90,90,90,90,90,90,90,90,90,90,90,90,90,90,90,90,90,90,90,90,90,90,90],"relic_stats":{"counters":[14,56],"War Paint":["sneckomod:UnknownX","sneckomod:UnknownDraw"],"Cursed Key":1,"obtain_stats":[{"downfall:ShatteredFragment":4,"Calipers":14,"sneckomod:LoadedDie":8,"MutagenicStrength":26,"War Paint":23,"Frozen Egg 2":27,"sneckomod:SneckoSoul":0,"Cursed Key":17,"Replay:Arrowhead":3,"White Beast Statue":7,"Toy Ornithopter":24},{"downfall:ShatteredFragment":1,"Calipers":6,"sneckomod:LoadedDie":2,"MutagenicStrength":12,"War Paint":12,"Frozen Egg 2":13,"sneckomod:SneckoSoul":0,"Cursed Key":8,"Replay:Arrowhead":1,"White Beast Statue":1,"Toy Ornithopter":12},{"downfall:ShatteredFragment":3,"Calipers":21,"sneckomod:LoadedDie":9,"MutagenicStrength":49,"War Paint":49,"Frozen Egg 2":54,"sneckomod:SneckoSoul":0,"Cursed Key":29,"Replay:Arrowhead":3,"White Beast Statue":3,"Toy Ornithopter":49}],"Toy Ornithopter":5},"card_choices":[{"not_picked":["sneckomod:DiceCrush","sneckomod:Unknown1Cost"],"picked":"sneckomod:SnakeSap","floor":2},{"not_picked":["sneckomod:Nope","sneckomod:Memorize"],"picked":"sneckomod:IronFang","floor":8},{"not_picked":["sneckomod:ImprovisedGuard","sneckomod:SnakeSap"],"picked":"sneckomod:PureSnecko","floor":10},{"not_picked":["sneckomod:WideSting","sneckomod:UnknownCommonSkill"],"picked":"sneckomod:UnknownRareSkill","floor":11},{"not_picked":["sneckomod:DiceBlock","sneckomod:UnknownStrike","sneckomod:UnknownBlock"],"picked":"SKIP","floor":12},{"not_picked":["sneckomod:UnknownX","sneckomod:WideSting"],"picked":"sneckomod:Unknown3Cost","floor":14},{"not_picked":["sneckomod:UnknownCommonAttack","sneckomod:UnknownColorless"],"picked":"sneckomod:UnknownDexterity","floor":15},{"not_picked":["sneckomod:SerpentMind","sneckomod:GlitteringGambit"],"picked":"sneckomod:UnknownRareAttack","floor":16},{"not_picked":["sneckomod:UnknownCommonAttack+1","sneckomod:SoulDraw","sneckomod:IronFang+1"],"picked":"SKIP","floor":19},{"not_picked":["sneckomod:UnknownCommonSkill","sneckomod:UnknownWeak","sneckomod:TrashToTreasure"],"picked":"SKIP","floor":20},{"not_picked":["sneckomod:IronFang","sneckomod:UnknownClassTHE_BRONZE_AUTOMATON"],"picked":"sneckomod:UnknownX","floor":21},{"not_picked":["sneckomod:UnendingSupply","sneckomod:Restock","sneckomod:SnekBeam"],"picked":"SKIP","floor":23},{"not_picked":["sneckomod:DangerNoodle","sneckomod:UnknownWeak"],"picked":"sneckomod:UnknownClassTHE_BRONZE_AUTOMATON","floor":27}],"player_experience":138723,"relics_obtained":[{"floor":3,"key":"Replay:Arrowhead"},{"floor":7,"key":"White Beast Statue"},{"floor":8,"key":"sneckomod:LoadedDie"},{"floor":14,"key":"Calipers"},{"floor":23,"key":"War Paint"},{"floor":24,"key":"Toy Ornithopter"},{"floor":27,"key":"Frozen Egg 2"}],"event_choices":[{"damage_healed":0,"gold_gain":0,"player_choice":"Inject Mutagens","damage_taken":0,"relics_obtained":["MutagenicStrength"],"max_hp_gain":0,"max_hp_loss":0,"event_name":"Drug Dealer","floor":26,"gold_loss":0}],"is_beta":false,"boss_relics":[{"not_picked":["bronze:MakeshiftBattery","ReplayTheSpireMod:SealedPack"],"picked":"Cursed Key"}],"items_purged_floors":[],"is_endless":false,"potions_floor_spawned":[8,10,11,12,14,15,16,19,20,21,23,27],"killed_by":"Shelled Parasite and Fungi","ascension_level":1}}