{"host":"kxz5izodaorfb9am","time":1612871358,"event":{"mods":["BaseMod","Downfall","GifTheSpireLib","Minty Spire (QoL Compilation)","Shop Mod","StSLib","The Cursed"],"gold_per_floor":[99,110,110,123,123,4,4,20,5,5,18,32,17,27,46,46,46,46],"floor_reached":16,"language":"ENG","playtime":1288,"items_purged":[],"score":94,"play_id":"e25feba3-342f-46ee-8235-56ac7e005307","local_time":"20210209124918","is_ascension_mode":false,"campfire_choices":[{"floor":1.0,"key":"REST"},{"data":"hexamod:ExtraCrispy","floor":10.0,"key":"SMITH"}],"circlet_count":0,"master_deck":["hexamod:Strike","hexamod:Strike","hexamod:Strike","hexamod:Strike","hexamod:Defend","hexamod:Defend","hexamod:Defend","hexamod:Defend","hexamod:Sear","hexamod:Float","hexamod:Firestarter","hexamod:SoulSteal","hexamod:BurningTouch","hexamod:ExtraCrispy+1","hexamod:Hexaguard","hexamod:PhantomFireball","hexamod:PhantomCloak","hexamod:HeatMetal","hexamod:FlamesFromBeyond"],"relics":["hexamod:SpiritBrand","Dream Catcher","downfall:ShatteredFragment","Shuriken","HornCleat"],"acts_visited":["Exordium"],"potions_floor_usage":[16,16],"damage_taken":[{"damage":1.0,"enemies":"Jaw Worm","floor":2.0,"turns":4.0},{"damage":0.0,"enemies":"Small Slimes","floor":4.0,"turns":3.0},{"damage":0.0,"enemies":"downfall:FleeingMerchant","floor":6.0,"turns":4.0},{"damage":0.0,"enemies":"Cultist","floor":8.0,"turns":3.0},{"damage":0.0,"enemies":"downfall:FleeingMerchant","floor":9.0,"turns":4.0},{"damage":0.0,"enemies":"Lots of Slimes","floor":11.0,"turns":1.0},{"damage":16.0,"enemies":"Gremlin Gang","floor":12.0,"turns":4.0},{"damage":0,"enemies":"downfall:FleeingMerchant","floor":13,"turns":4},{"damage":9,"enemies":"Exordium Wildlife","floor":14,"turns":2},{"damage":0,"enemies":"Large Slime","floor":15,"turns":3},{"damage":16,"enemies":"DF_ARCHETYPE_STREAMLINE","floor":16,"turns":4}],"seed_played":"6807665159566603207","potions_obtained":[{"floor":12.0,"key":"SteroidPotion"},{"floor":14,"key":"DistilledChaos"},{"floor":15,"key":"DistilledChaos"}],"is_trial":false,"path_per_floor":["R","M","?","M","?","$","T","M","$","R","M","M","$","M","M","B"],"character_chosen":"THE_SPIRIT","items_purchased":["hexamod:ExtraCrispy","hexamod:Hexaguard"],"campfire_rested":1,"item_purchase_floors":[6,6],"current_hp_per_floor":[70,69,48,48,36,36,36,36,36,36,36,20,20,11,11,0,0,0],"gold":46,"neow_bonus":"RANDOM_COMMON_RELIC","is_daily":false,"chose_seed":false,"campfire_upgraded":1,"win_rate":0.0,"timestamp":1612871358,"path_taken":["R","M","?","M","?","?","T","?","?","R","?","M","$","?","M","BOSS"],"items_purchased_type":["Card","Card"],"build_version":"2020-12-22","purchased_purges":0,"victory":false,"max_hp_per_floor":[70,70,70,70,70,70,70,70,70,70,70,70,70,70,70,70,70,70],"card_choices":[{"not_picked":["hexamod:HauntingEcho","hexamod:FastForward"],"picked":"hexamod:Firestarter","floor":1.0},{"not_picked":["hexamod:BacktrackSmack","hexamod:NightmareStrike"],"picked":"hexamod:SoulSteal","floor":2.0},{"not_picked":["hexamod:BacktrackSmack","hexamod:SpectersWail","hexamod:SoulSteal"],"picked":"SKIP","floor":4.0},{"not_picked":["hexamod:HeatShield","hexamod:SkipABeat"],"picked":"hexamod:BurningTouch","floor":6.0},{"not_picked":["hexamod:SpectralAdrenaline","hexamod:SpectersWail","hexamod:BacktrackSmack"],"picked":"SKIP","floor":8.0},{"not_picked":["hexamod:BurningTouch","hexamod:NightmareStrike"],"picked":"hexamod:PhantomFireball","floor":9.0},{"not_picked":["hexamod:FastForward","hexamod:FifthSeal"],"picked":"hexamod:PhantomCloak","floor":11.0},{"not_picked":["hexamod:ShieldOfDarkness","hexamod:ExtraCrispy"],"picked":"hexamod:HeatMetal","floor":12.0},{"not_picked":["hexamod:ShieldOfDarkness","hexamod:FastForward","hexamod:AdvancingGuard"],"picked":"SKIP","floor":13},{"not_picked":["hexamod:CatchUp","hexamod:BacktrackSmack"],"picked":"hexamod:FlamesFromBeyond","floor":14},{"not_picked":["hexamod:GhostLash","hexamod:RainOfEmbers","hexamod:NightmareStrike"],"picked":"SKIP","floor":15}],"player_experience":346985,"relics_obtained":[{"floor":7.0,"key":"HornCleat"}],"event_choices":[{"damage_healed":0.0,"max_hp_gain":0.0,"max_hp_loss":0.0,"gold_gain":0.0,"event_name":"Scrap Ooze","player_choice":"Success","floor":5.0,"gold_loss":0.0,"damage_taken":12.0,"relics_obtained":["Shuriken"]}],"is_beta":false,"boss_relics":[],"items_purged_floors":[],"is_endless":false,"potions_floor_spawned":[12,14,15],"killed_by":"DF_ARCHETYPE_STREAMLINE","ascension_level":0}}