{"host":"y3h3n3f7seyagppx","time":1612852024,"event":{"mods":["AlwaysNeverKeys","BaseMod","Better Vampires","Colored Powertips","DeckTracker","Emptier Cage","Minty Spire (QoL Compilation)","Permanent Neow","Quick Restart","Rare Cards Sparkle","Relic Sorter","Relic Stats","StSLib","Transform Curses"],"gold_per_floor":[109,127,97,111,171,171,203,203,276,39,68,83,83,93,93,171,171,184,184,199,212,212,212,245,261,329,329,342,376,402,339,351,441,453,484,510,522,22,47,76,76,76,76,86,86,120,120,133,133,133,133,133,133,8,42,42],"floor_reached":57,"language":"ENG","playtime":8962,"items_purged":["Nirvana","FlurryOfBlows","Evaluate"],"score":3374,"play_id":"10484103-7b1a-417b-981e-57b3265092fc","local_time":"20210209012704","is_ascension_mode":true,"campfire_choices":[{"data":"Eruption","floor":6.0,"key":"SMITH"},{"floor":13.0,"key":"REST"},{"data":"Adaptation","floor":15.0,"key":"SMITH"},{"data":"Vault","floor":23.0,"key":"SMITH"},{"data":"Scrawl","floor":27.0,"key":"SMITH"},{"data":"MentalFortress","floor":32.0,"key":"SMITH"},{"data":"MentalFortress","floor":42.0,"key":"SMITH"},{"floor":45.0,"key":"DIG"},{"floor":47.0,"key":"DIG"},{"floor":49.0,"key":"DIG"},{"floor":53,"key":"DIG"}],"circlet_count":0,"master_deck":["AscendersBane","Eruption+1","Vigilance+1","Adaptation+1","Vault+1","MentalFortress+1","Collect+1","CutThroughFate","CarveReality","Scrawl+1","InnerPeace","DeusExMachina","CrushJoints+1","Secret Technique","MentalFortress+1","Adaptation","Vault+1"],"relics":["Pandora\u0027s Box","Unceasing Top","Matryoshka","Bag of Preparation","Regal Pillow","Runic Pyramid","Strawberry","Bronze Scales","Question Card","MawBank","Sozu","Nunchaku","Pen Nib","Shovel","Bag of Marbles","Happy Flower","Kunai","StoneCalendar","War Paint","Vajra","Calipers","Eternal Feather","Orichalcum"],"acts_visited":["Exordium","TheCity","TheBeyond","TheEnding"],"potions_floor_usage":[],"damage_taken":[{"damage":24.0,"enemies":"Small Slimes","floor":1.0,"turns":4.0},{"damage":0.0,"enemies":"Cultist","floor":2.0,"turns":5.0},{"damage":8.0,"enemies":"Jaw Worm","floor":4.0,"turns":4.0},{"damage":10.0,"enemies":"Gremlin Gang","floor":5.0,"turns":3.0},{"damage":0.0,"enemies":"Lagavulin","floor":7.0,"turns":4.0},{"damage":12.0,"enemies":"3 Sentries","floor":11.0,"turns":6.0},{"damage":1.0,"enemies":"3 Louse","floor":12.0,"turns":3.0},{"damage":3.0,"enemies":"Looter","floor":14.0,"turns":4.0},{"damage":18.0,"enemies":"Hexaghost","floor":16.0,"turns":7.0},{"damage":0.0,"enemies":"Chosen","floor":18.0,"turns":3.0},{"damage":0.0,"enemies":"3 Byrds","floor":20.0,"turns":3.0},{"damage":4.0,"enemies":"Centurion and Healer","floor":21.0,"turns":3.0},{"damage":0.0,"enemies":"Book of Stabbing","floor":24.0,"turns":3.0},{"damage":0.0,"enemies":"3 Cultists","floor":25.0,"turns":3.0},{"damage":0.0,"enemies":"Snake Plant","floor":28.0,"turns":2.0},{"damage":0.0,"enemies":"Slavers","floor":29.0,"turns":2.0},{"damage":0.0,"enemies":"Centurion and Healer","floor":30.0,"turns":3.0},{"damage":0.0,"enemies":"Champ","floor":33.0,"turns":4.0},{"damage":0.0,"enemies":"Orb Walker","floor":35.0,"turns":2.0},{"damage":0.0,"enemies":"3 Shapes","floor":36.0,"turns":2.0},{"damage":0.0,"enemies":"Mind Bloom Boss Battle","floor":39.0,"turns":2.0},{"damage":0.0,"enemies":"Giant Head","floor":40.0,"turns":2.0},{"damage":0.0,"enemies":"Sphere and 2 Shapes","floor":44.0,"turns":2.0},{"damage":0.0,"enemies":"Nemesis","floor":46.0,"turns":2.0},{"damage":0.0,"enemies":"Maw","floor":48.0,"turns":3.0},{"damage":0.0,"enemies":"Awakened One","floor":50.0,"turns":7.0},{"damage":0,"enemies":"Time Eater","floor":51,"turns":4},{"damage":0,"enemies":"Shield and Spear","floor":55,"turns":3},{"damage":0,"enemies":"The Heart","floor":56,"turns":6}],"seed_played":"-2573280000347494863","potions_obtained":[{"floor":1.0,"key":"Fire Potion"},{"floor":3.0,"key":"ColorlessPotion"},{"floor":5.0,"key":"Block Potion"},{"floor":12.0,"key":"ColorlessPotion"},{"floor":24.0,"key":"Explosive Potion"},{"floor":33.0,"key":"DistilledChaos"}],"is_trial":false,"path_per_floor":["M","M","?","M","M","R","E","?","T","$","E","M","R","M","R","B",null,"M","?","M","M","?","R","E","M","T","R","M","E","M","?","R","B",null,"M","M","?","$","?","E","?","R","T","M","R","E","R","M","R","B","B",null,"R","$","E","B",null],"character_chosen":"WATCHER","items_purchased":["Bag of Preparation","MentalFortress","Nunchaku","Pen Nib"],"campfire_rested":1,"item_purchase_floors":[10,38,38,38],"current_hp_per_floor":[37,37,37,29,19,19,19,19,19,19,7,6,41,38,38,20,56,56,56,56,52,66,66,73,73,73,73,73,73,73,73,73,73,75,75,75,75,75,75,75,75,75,75,75,75,75,75,75,75,75,75,75,75,75,75,75],"gold":42,"neow_bonus":"BOSS_RELIC","is_daily":false,"chose_seed":false,"campfire_upgraded":6,"win_rate":0.0,"timestamp":1612852024,"path_taken":["M","M","?","M","?","R","E","?","T","$","E","M","R","M","R","BOSS","M","?","?","M","?","R","E","M","T","R","M","E","M","?","R","BOSS","M","M","?","$","?","E","?","R","T","?","R","E","R","M","R","BOSS","BOSS","R","$","E","BOSS"],"items_purchased_type":["Relic","Card","Relic","Relic"],"build_version":"2020-12-22","purchased_purges":3,"victory":true,"max_hp_per_floor":[68,68,68,68,68,68,68,68,68,68,68,68,68,68,68,68,68,68,68,68,68,68,68,75,75,75,75,75,75,75,75,75,75,75,75,75,75,75,75,75,75,75,75,75,75,75,75,75,75,75,75,75,75,75,75,75],"relic_stats":{"Regal Pillow":15,"Happy Flower":[9],"counters":[29,101],"StoneCalendar":[0],"Eternal Feather":0,"Pen Nib":[21],"Bag of Preparation":[49],"War Paint":["Vigilance","Collect"],"Orichalcum":[6],"Question Card":13,"MawBank":108,"Sozu":6,"Nunchaku":[21],"Shovel":4,"Bronze Scales":[87],"Pandora\u0027s Box":["Adaptation","Vault","Alpha","MentalFortress","Collect","Nirvana","ReachHeaven","Evaluate"],"Kunai":[56],"obtain_stats":[{"Regal Pillow":11,"Calipers":49,"Happy Flower":43,"Vajra":47,"StoneCalendar":45,"Eternal Feather":53,"Pen Nib":38,"Bag of Preparation":10,"War Paint":46,"Orichalcum":55,"Question Card":26,"MawBank":29,"Sozu":34,"Nunchaku":38,"Matryoshka":9,"Shovel":39,"Strawberry":24,"Bronze Scales":26,"Pandora\u0027s Box":0,"Bag of Marbles":40,"Kunai":43,"PureWater":0,"Unceasing Top":7,"Runic Pyramid":17},{"Regal Pillow":6,"Calipers":25,"Happy Flower":22,"Vajra":24,"StoneCalendar":23,"Eternal Feather":27,"Pen Nib":20,"Bag of Preparation":5,"War Paint":24,"Orichalcum":28,"Question Card":14,"MawBank":16,"Sozu":18,"Nunchaku":20,"Matryoshka":5,"Shovel":21,"Strawberry":13,"Bronze Scales":14,"Pandora\u0027s Box":0,"Bag of Marbles":22,"Kunai":22,"PureWater":0,"Unceasing Top":5,"Runic Pyramid":9},{"Regal Pillow":26,"Calipers":81,"Happy Flower":74,"Vajra":78,"StoneCalendar":76,"Eternal Feather":92,"Pen Nib":70,"Bag of Preparation":20,"War Paint":78,"Orichalcum":95,"Question Card":55,"MawBank":59,"Sozu":66,"Nunchaku":70,"Matryoshka":20,"Shovel":72,"Strawberry":52,"Bronze Scales":55,"Pandora\u0027s Box":0,"Bag of Marbles":74,"Kunai":74,"PureWater":0,"Unceasing Top":20,"Runic Pyramid":40}],"Unceasing Top":[0]},"card_choices":[{"not_picked":["Nirvana","WheelKick","BowlingBash"],"picked":"SKIP","floor":1.0},{"not_picked":["Vengeance","JustLucky"],"picked":"CutThroughFate","floor":2.0},{"not_picked":["ClearTheMind","Weave","JustLucky"],"picked":"SKIP","floor":4.0},{"not_picked":["Crescendo","Consecrate","Evaluate"],"picked":"SKIP","floor":5.0},{"not_picked":["Devotion","Prostrate","Collect"],"picked":"SKIP","floor":7.0},{"not_picked":["Devotion","Prostrate","Collect"],"picked":"SKIP","floor":7.0},{"not_picked":["CutThroughFate","MasterReality"],"picked":"CarveReality","floor":11.0},{"not_picked":["BowlingBash","Conclude"],"picked":"FlurryOfBlows","floor":12.0},{"not_picked":["CutThroughFate","ThirdEye","FlyingSleeves"],"picked":"SKIP","floor":14.0},{"not_picked":["CutThroughFate","ThirdEye","FlyingSleeves"],"picked":"SKIP","floor":14.0},{"not_picked":["Establishment","Brilliance"],"picked":"Scrawl","floor":16.0},{"not_picked":["FollowUp","BattleHymn","Pray"],"picked":"SKIP","floor":18.0},{"not_picked":["SashWhip","JustLucky","PathToVictory"],"picked":"SKIP","floor":20.0},{"not_picked":["ThirdEye","Nirvana","BowlingBash"],"picked":"SKIP","floor":21.0},{"not_picked":["SignatureMove","EmptyMind+1","FollowUp"],"picked":"SKIP","floor":24.0},{"not_picked":["SignatureMove","EmptyMind+1","FollowUp"],"picked":"SKIP","floor":24.0},{"not_picked":["Study","Wallop","ClearTheMind"],"picked":"SKIP","floor":25.0},{"not_picked":["TalkToTheHand","WaveOfTheHand","Nirvana+1","SashWhip"],"picked":"SKIP","floor":28.0},{"not_picked":["EmptyBody","Fasting2","FearNoEvil","FlyingSleeves"],"picked":"SKIP","floor":29.0},{"not_picked":["PathToVictory","Ragnarok","Halt","EmptyBody"],"picked":"SKIP","floor":30.0},{"not_picked":["EmptyBody+1","EmptyMind","SandsOfTime+1"],"picked":"CrushJoints+1","floor":35.0},{"not_picked":["EmptyMind","SashWhip+1","ReachHeaven+1","Fasting2"],"picked":"SKIP","floor":36.0},{"not_picked":["Panache","Deep Breath","Transmutation"],"picked":"Secret Technique","floor":37.0},{"not_picked":["BattleHymn","Prostrate","Crescendo"],"picked":"Adaptation","floor":40.0},{"not_picked":["EmptyBody","SashWhip","CrushJoints","InnerPeace+1"],"picked":"SKIP","floor":44.0},{"not_picked":["SashWhip","ReachHeaven","Halt","TalkToTheHand"],"picked":"SKIP","floor":46.0},{"not_picked":["Scrawl","JustLucky+1","FlurryOfBlows","SandsOfTime"],"picked":"SKIP","floor":48.0},{"not_picked":["Scrawl","JustLucky+1","FlurryOfBlows","SandsOfTime"],"picked":"SKIP","floor":48.0},{"not_picked":["Halt","WaveOfTheHand","SandsOfTime+1","ClearTheMind"],"picked":"SKIP","floor":55}],"player_experience":22027176,"relics_obtained":[{"floor":7.0,"key":"Unceasing Top"},{"floor":9.0,"key":"Matryoshka"},{"floor":11.0,"key":"Regal Pillow"},{"floor":24.0,"key":"Strawberry"},{"floor":26.0,"key":"Bronze Scales"},{"floor":26.0,"key":"Question Card"},{"floor":29.0,"key":"MawBank"},{"floor":39.0,"key":"Shovel"},{"floor":40.0,"key":"Bag of Marbles"},{"floor":43.0,"key":"Happy Flower"},{"floor":43.0,"key":"Kunai"},{"floor":45.0,"key":"StoneCalendar"},{"floor":46.0,"key":"War Paint"},{"floor":47.0,"key":"Vajra"},{"floor":49.0,"key":"Calipers"},{"floor":53,"key":"Eternal Feather"},{"floor":55,"key":"Orichalcum"}],"event_choices":[{"damage_healed":0.0,"max_hp_gain":0.0,"max_hp_loss":0.0,"gold_gain":0.0,"event_name":"The Woman in Blue","player_choice":"Bought 2 Potions","floor":3.0,"gold_loss":0.0,"damage_taken":0.0},{"cards_removed":["Alpha"],"damage_healed":0.0,"max_hp_gain":0.0,"max_hp_loss":0.0,"gold_gain":0.0,"event_name":"Living Wall","player_choice":"Forget","floor":8.0,"gold_loss":0.0,"damage_taken":0.0},{"damage_healed":0.0,"max_hp_gain":0.0,"max_hp_loss":0.0,"gold_gain":0.0,"event_name":"Match and Keep!","player_choice":"2 cards matched","floor":19.0,"gold_loss":0.0,"damage_taken":0.0,"cards_obtained":["InnerPeace","DeusExMachina"]},{"damage_healed":14.0,"max_hp_gain":0.0,"max_hp_loss":0.0,"gold_gain":0.0,"event_name":"The Library","player_choice":"Heal","floor":22.0,"gold_loss":0.0,"damage_taken":0.0},{"cards_removed":["ReachHeaven"],"damage_healed":0.0,"max_hp_gain":0.0,"max_hp_loss":0.0,"gold_gain":0.0,"event_name":"Beggar","player_choice":"Gave Gold","floor":31.0,"gold_loss":75.0,"damage_taken":0.0},{"damage_healed":0.0,"max_hp_gain":0.0,"max_hp_loss":0.0,"gold_gain":0.0,"event_name":"SensoryStone","player_choice":"Memory 1","floor":37.0,"gold_loss":0.0,"damage_taken":0.0},{"damage_healed":0.0,"max_hp_gain":0.0,"max_hp_loss":0.0,"gold_gain":0.0,"event_name":"MindBloom","player_choice":"Fight","floor":39.0,"gold_loss":0.0,"damage_taken":0.0},{"damage_healed":0.0,"max_hp_gain":0.0,"max_hp_loss":0.0,"gold_gain":0.0,"event_name":"Duplicator","player_choice":"Copied","floor":41.0,"gold_loss":0.0,"damage_taken":0.0,"cards_obtained":["Vault"]}],"is_beta":false,"boss_relics":[{"not_picked":["Busted Crown","Cursed Key"],"picked":"Runic Pyramid"},{"not_picked":["Calling Bell","Snecko Eye"],"picked":"Sozu"}],"items_purged_floors":[10,38,54],"is_endless":false,"potions_floor_spawned":[1,5,12,24,25,28,29,33,36,39,40,46,48,55],"ascension_level":20}}