{"host":"s24sb66hw4a4sfft","time":1612835620,"event":{"mods":["AchievementEnabler","BaseMod","Colored Map","Colored Powertips","Googly Eyes","Hermit","Hubris","Minty Spire (QoL Compilation)","Quick Restart","Shop Mod","StSLib"],"gold_per_floor":[113,113,123,9,24,24,51,51,51,61,90,12,12,41,41,145,145,156,156,10,20,20,51,1,1],"floor_reached":24,"language":"ENG","playtime":1066,"items_purged":["hermit:Defend_Hermit","hermit:Strike_Hermit"],"score":232,"play_id":"7420908e-2810-4758-aed3-05c919bda467","local_time":"20210208205340","is_ascension_mode":false,"campfire_choices":[{"data":"hermit:Snapshot","floor":6.0,"key":"SMITH"},{"floor":8.0,"key":"RECALL"},{"floor":13.0,"key":"REST"},{"data":"hermit:Glare","floor":15.0,"key":"SMITH"}],"circlet_count":0,"master_deck":["hermit:Strike_Hermit","hermit:Strike_Hermit","hermit:Strike_Hermit","hermit:Defend_Hermit","hermit:Defend_Hermit","hermit:Defend_Hermit","hermit:Snapshot+1","hermit:Covet","hermit:Vantage+1","hermit:TrackingShot","hermit:Shortfuse","hermit:Glare+1","hermit:Desperado","hermit:Shortfuse","hermit:FromBeyond+1","hermit:Combo","hermit:CursedWeapon"],"relics":["hermit:Momento","NeowsBlessing","Orichalcum","hermit:Spyglass","Toxic Egg 2","Bronze Scales","Snecko Eye","hubris:Towel","Membership Card","hubris:Icosahedron","CaptainsWheel"],"acts_visited":["Exordium","TheCity"],"potions_floor_usage":[],"damage_taken":[{"damage":0.0,"enemies":"2 Louse","floor":1.0,"turns":1.0},{"damage":0.0,"enemies":"Jaw Worm","floor":3.0,"turns":1.0},{"damage":0.0,"enemies":"Cultist","floor":5.0,"turns":1.0},{"damage":8.0,"enemies":"Lagavulin","floor":7.0,"turns":6.0},{"damage":0.0,"enemies":"Gremlin Gang","floor":10.0,"turns":4.0},{"damage":19.0,"enemies":"Gremlin Nob","floor":11.0,"turns":5.0},{"damage":23.0,"enemies":"Lagavulin","floor":14.0,"turns":5.0},{"damage":25.0,"enemies":"Slime Boss","floor":16.0,"turns":10.0},{"damage":15.0,"enemies":"3 Byrds","floor":18.0,"turns":4.0},{"damage":19.0,"enemies":"2 Thieves","floor":21.0,"turns":4.0},{"damage":36,"enemies":"Slavers","floor":23,"turns":5}],"seed_played":"6561705193107516660","potions_obtained":[{"floor":7.0,"key":"Block Potion"},{"floor":10.0,"key":"SpeedPotion"},{"floor":11.0,"key":"FearPotion"},{"floor":21.0,"key":"Fire Potion"}],"is_trial":false,"path_per_floor":["M","?","M","$","M","R","E","R","T","M","E","$","R","E","R","B",null,"M","?","$","M","?","E","$"],"character_chosen":"HERMIT","items_purchased":["hermit:Shortfuse","hermit:Shortfuse","Membership Card"],"campfire_rested":1,"item_purchase_floors":[4,12,20],"current_hp_per_floor":[75,75,75,75,75,75,67,67,67,67,48,48,70,47,47,22,75,60,60,60,41,41,5,5,5],"gold":1,"neow_bonus":"THREE_ENEMY_KILL","is_daily":false,"chose_seed":false,"campfire_upgraded":2,"win_rate":0.0,"timestamp":1612835620,"path_taken":["M","?","M","$","M","R","E","R","T","M","E","$","R","E","R","BOSS","M","?","$","M","?","E","?"],"items_purchased_type":["Card","Card","Relic"],"build_version":"2020-12-22","purchased_purges":2,"victory":false,"max_hp_per_floor":[75,75,75,75,75,75,75,75,75,75,75,75,75,75,75,75,75,75,75,75,75,75,75,75,75],"card_choices":[{"not_picked":["hermit:Feint","hermit:Brawl"],"picked":"hermit:Vantage","floor":1.0},{"not_picked":["hermit:Deadeye","hermit:LowProfile"],"picked":"hermit:TrackingShot","floor":3.0},{"not_picked":["hermit:Dive","hermit:Spite","hermit:Gestalt"],"picked":"SKIP","floor":5.0},{"not_picked":["hermit:BodyArmor","hermit:Feint"],"picked":"hermit:Glare","floor":7.0},{"not_picked":["hermit:CalledShot","hermit:FlashPowder","hermit:FullyLoaded"],"picked":"SKIP","floor":10.0},{"not_picked":["hermit:DeadMansHand+1","hermit:Feint+1"],"picked":"hermit:Desperado","floor":11.0},{"not_picked":["hermit:BodyArmor+1","hermit:Adapt","hermit:BlackWind"],"picked":"SKIP","floor":14.0},{"not_picked":["hermit:Adapt","hermit:OverwhelmingPower"],"picked":"hermit:FromBeyond+1","floor":16.0},{"not_picked":["hermit:Headshot","hermit:Desperado","hermit:Manifest+1"],"picked":"SKIP","floor":18.0},{"not_picked":["hermit:HighCaliber","hermit:LoneWolf+1"],"picked":"hermit:Combo","floor":21.0},{"not_picked":["hermit:LoneWolf+1","hermit:Deadeye"],"picked":"hermit:CursedWeapon","floor":23}],"player_experience":592250,"relics_obtained":[{"floor":7.0,"key":"Orichalcum"},{"floor":9.0,"key":"hermit:Spyglass"},{"floor":11.0,"key":"Toxic Egg 2"},{"floor":14.0,"key":"Bronze Scales"},{"floor":23,"key":"CaptainsWheel"}],"event_choices":[],"is_beta":false,"boss_relics":[{"not_picked":["Velvet Choker","Fusion Hammer"],"picked":"Snecko Eye"}],"items_purged_floors":[4,24],"is_endless":false,"potions_floor_spawned":[7,10,11,21],"ascension_level":0}}