{"host":"9rehsd5oi9uaydbk","time":1612899312,"event":{"mods":["BaseMod","Curses Come First","Downfall","Hermit","Hubris","Minty Spire (QoL Compilation)","Reliquary","StSLib","The Disciple","The Jungle","The Necromancer","The Runesmith"],"gold_per_floor":[99,111,131,29,29,41,107,132,164,65,65,240,267,286,296,296,296,296],"floor_reached":16,"language":"ENG","playtime":1012,"items_purged":[],"score":102,"play_id":"4c83f6c6-1cb4-4c2e-861f-14188f835e3c","local_time":"20210209143512","is_ascension_mode":false,"campfire_choices":[{"floor":1,"key":"RECALL"},{"floor":11,"key":"REST"}],"circlet_count":0,"master_deck":["Guardian:Strike_Guardian","Guardian:Strike_Guardian","Guardian:Strike_Guardian","Guardian:Strike_Guardian","Guardian:Defend_Guardian","Guardian:Defend_Guardian","Guardian:Defend_Guardian","Guardian:Defend_Guardian","Guardian:CurlUp","Guardian:TwinSlam","Guardian:Planning","Guardian:SentryBeam","Guardian:VentSteam","Guardian:FloatingOrbs","Guardian:FloatingOrbs","Guardian:Incinerate","Guardian:Recover","Guardian:Gem_Red","Doubt","Guardian:ArmoredProtocol","Guardian:TemporalShield","Guardian:Gem_Cyan"],"relics":["Guardian:ModeShifter","MawBank","hubris:TenFootPole"],"acts_visited":["Exordium"],"potions_floor_usage":[10,10,12,16],"damage_taken":[{"damage":3,"enemies":"2 Louse","floor":2,"turns":3},{"damage":3,"enemies":"Jaw Worm","floor":3,"turns":4},{"damage":5,"enemies":"downfall:FleeingMerchant","floor":4,"turns":4},{"damage":4,"enemies":"Cultist","floor":8,"turns":4},{"damage":21,"enemies":"Exordium Thugs","floor":9,"turns":6},{"damage":10,"enemies":"downfall:FleeingMerchant","floor":10,"turns":4},{"damage":22,"enemies":"3 Sentries","floor":13,"turns":10},{"damage":10,"enemies":"2 Fungi Beasts","floor":14,"turns":4},{"damage":12,"enemies":"Blue Slaver","floor":15,"turns":5},{"damage":4,"enemies":"SI_SHIV_ARCHETYPE","floor":16,"turns":5}],"seed_played":"3019598000910405133","potions_obtained":[{"floor":8,"key":"LiquidBronze"},{"floor":13,"key":"SteroidPotion"},{"floor":14,"key":"sneckomod:MuddlingPotion"},{"floor":15,"key":"Ancient Potion"}],"is_trial":false,"path_per_floor":["R","M","M","$","?","?","T","M","M","$","R","?","E","M","M","B"],"character_chosen":"GUARDIAN","items_purchased":["Guardian:FloatingOrbs","SkillPotion","Fruit Juice"],"campfire_rested":1,"item_purchase_floors":[4,4,10],"current_hp_per_floor":[88,85,82,77,52,52,52,48,27,17,43,48,26,16,4,0,0,0],"gold":296,"neow_bonus":"TEN_PERCENT_HP_BONUS","is_daily":false,"chose_seed":false,"campfire_upgraded":0,"win_rate":0.0,"timestamp":1612899312,"path_taken":["R","M","M","$","?","?","T","?","M","?","R","?","E","M","M","BOSS"],"items_purchased_type":["Card","Potion","Potion"],"build_version":"2020-12-22","purchased_purges":0,"victory":false,"max_hp_per_floor":[88,88,88,88,88,88,88,88,88,88,88,93,93,93,93,93,93,93],"card_choices":[{"not_picked":["Guardian:Gem_Lightblue","Guardian:CrystalBeam"],"picked":"Guardian:Planning","floor":2},{"not_picked":["Guardian:ChargeCore","Guardian:Gem_Lightblue"],"picked":"Guardian:SentryBeam","floor":3},{"not_picked":["Guardian:WalkerClaw","Guardian:MultiBeam"],"picked":"Guardian:VentSteam","floor":4},{"not_picked":["Guardian:BaubleBeam","Guardian:Gem_Lightblue"],"picked":"Guardian:Incinerate","floor":8},{"not_picked":["Guardian:MultiBeam","Guardian:WalkerClaw"],"picked":"Guardian:Recover","floor":9},{"not_picked":["Guardian:Planning","Guardian:CrystalBeam"],"picked":"Guardian:Gem_Red","floor":10},{"not_picked":["Guardian:ShieldSpikes","Guardian:PiercingHide"],"picked":"Guardian:ArmoredProtocol","floor":13},{"not_picked":["Guardian:SpikerProtocol","Guardian:DonusPower"],"picked":"Guardian:TemporalShield","floor":14},{"not_picked":["Guardian:Planning","Guardian:Recover"],"picked":"Guardian:Gem_Cyan","floor":15}],"player_experience":183757,"relics_obtained":[{"floor":13,"key":"hubris:TenFootPole"}],"event_choices":[{"damage_healed":0,"gold_gain":0,"player_choice":"Success","damage_taken":25,"relics_obtained":["MawBank"],"max_hp_gain":0,"max_hp_loss":0,"event_name":"Scrap Ooze","floor":5,"gold_loss":0}],"is_beta":false,"boss_relics":[],"items_purged_floors":[],"is_endless":false,"potions_floor_spawned":[8,13,14,15],"killed_by":"SI_SHIV_ARCHETYPE","ascension_level":0}}