{"host":"rjbqai8ni6dsiu37","time":1612897660,"event":{"mods":["100% Spire Juice","BaseMod","CapriCore","GungeonMod","Marisa£¨Ùöéë¡¡Øª×âÞÞ£©","Minty Spire (QoL Compilation)","Replay The Spire","Shop Mod","StSLib","Td1madao Mod","The Cursed","The Jungle","The Poker Player","WarShipGirlsR/??á´Ò³R mod"],"gold_per_floor":[111,10,10,85,85,85,111,111,136,148,160,172,172,57,57,154,34,34,34],"floor_reached":18,"language":"KOR","playtime":424,"items_purged":[],"score":250,"play_id":"0e9ff635-2ef2-4638-aa3b-8da3a5d10c21","local_time":"20210210040740","is_ascension_mode":true,"campfire_choices":[{"data":"Moonworks:Ambush","floor":6,"key":"SMITH"},{"data":"Moonworks:IndiscriminateFireSupport","floor":13,"key":"SMITH"},{"floor":15,"key":"REST"}],"circlet_count":0,"master_deck":["Moonworks:Strike","Moonworks:Strike","Moonworks:Strike","Moonworks:Strike","Moonworks:Defend","Moonworks:Defend","Moonworks:Defend","Moonworks:Defend","Moonworks:Ambush+1","Moonworks:LongDistanceShot","Moonworks:IndiscriminateFireSupport+1","Moonworks:RocketCannon","Moonworks:NicePresent","Moonworks:SinkOrSwim"],"relics":["Moonworks:BrokenBomb","Moonworks:Homemark","NeowsBlessing","The Courier","Toy Ornithopter","DemoMod:GnawedKey","Ring of Chaos"],"acts_visited":["Exordium","Exordium"],"potions_floor_usage":[16,16],"damage_taken":[{"damage":0,"enemies":"Cultist","floor":1,"turns":1},{"damage":0,"enemies":"2 Louse","floor":2,"turns":1},{"damage":0,"enemies":"Gremlin Nob","floor":7,"turns":1},{"damage":0,"enemies":"Small Slimes","floor":10,"turns":2},{"damage":7,"enemies":"Exordium Wildlife","floor":11,"turns":3},{"damage":23,"enemies":"Exordium Thugs","floor":12,"turns":4},{"damage":30,"enemies":"Hexaghost","floor":16,"turns":7},{"damage":12,"enemies":"theJungle:Flameango_and_Byrd","floor":18,"turns":4}],"seed_played":"-6824705002150932769","potions_obtained":[{"floor":1,"key":"Elixir"},{"floor":11,"key":"DemoMod:BlankPotion"},{"floor":12,"key":"FearPotion"}],"is_trial":false,"path_per_floor":["M","M","$","?","?","R","E","$","T","M","M","M","R","$","R","B",null,"M"],"character_chosen":"THE_STARBREAKER","items_purchased":["DemoMod:GnawedKey"],"campfire_rested":1,"item_purchase_floors":[14],"current_hp_per_floor":[54,54,54,43,43,43,43,43,43,43,36,13,13,13,31,11,48,36,36],"gold":34,"neow_bonus":"THREE_ENEMY_KILL","is_daily":false,"chose_seed":false,"campfire_upgraded":2,"win_rate":0.0,"timestamp":1612897660,"path_taken":["M","?","$","?","?","R","E","?","T","M","M","M","R","$","R","BOSS","M"],"items_purchased_type":["Relic"],"build_version":"2020-12-22","purchased_purges":0,"victory":false,"max_hp_per_floor":[60,60,60,60,60,60,60,60,60,60,60,60,60,60,60,60,60,60,60],"card_choices":[{"not_picked":["Moonworks:LulusLuckyEgg","Moonworks:DevilHand","Moonworks:SakisCookie"],"picked":"SKIP","floor":1},{"not_picked":["Moonworks:BigMagnum","Moonworks:SakisCookie","Moonworks:LulusLuckyEgg"],"picked":"SKIP","floor":2},{"not_picked":["Moonworks:LulusLuckyEgg","Moonworks:LuckyCharm"],"picked":"Moonworks:IndiscriminateFireSupport","floor":7},{"not_picked":["Moonworks:BigMagnum","Moonworks:CompletionReward","Moonworks:ImOnFire"],"picked":"SKIP","floor":10},{"not_picked":["Moonworks:ImOnFire","Moonworks:CastOff"],"picked":"Moonworks:RocketCannon","floor":11},{"not_picked":["Moonworks:ForcedRevival","Moonworks:BigMagnum"],"picked":"Moonworks:NicePresent","floor":12},{"not_picked":["Moonworks:AccelHyper","Moonworks:Blazing"],"picked":"Moonworks:SinkOrSwim","floor":16}],"player_experience":238349,"relics_obtained":[{"floor":7,"key":"The Courier"},{"floor":9,"key":"Toy Ornithopter"}],"event_choices":[{"damage_healed":0,"gold_gain":75,"player_choice":"Gather Gold","damage_taken":11,"max_hp_gain":0,"max_hp_loss":0,"event_name":"World of Goop","floor":4,"gold_loss":0},{"damage_healed":0,"gold_gain":0,"player_choice":"Ignored","damage_taken":0,"max_hp_gain":0,"max_hp_loss":0,"event_name":"Golden Wing","floor":5,"gold_loss":0}],"is_beta":false,"boss_relics":[{"not_picked":["Moonworks:SBBomb","Replay:Wanted Poster"],"picked":"Ring of Chaos"}],"items_purged_floors":[],"is_endless":false,"potions_floor_spawned":[1,11,12],"killed_by":"theJungle:Flameango_and_Byrd","ascension_level":7}}