{"host":"yck2t2q3ro7hf56e","time":1612911405,"event":{"mods":["2.2 Compatiblity","AchievementEnabler","Act Like it!","Aspiration","BaseMod","Better Altar","Better Match","Better Note","Better Sensory Stone","Better Skull","Better Third Choice","Better Vampires","BetterRewards","Block Reminder","Bossed Relics","CCEM2","Challenge The Spire","Colored Powertips","Conspire","Curses Come First","DNKmod","Energized Spire","Friendly Minions","GifTheSpireLib","Glutton Mod","Halation","Hubris","Infinite Spire","Marked Mod","Minty Spire (QoL Compilation)","Permanent Neow","Practice Mode","Quick Restart","Rare Cards Sparkle","RatMod","Relic Sorter","Relic Stats","Reliquary","Replay The Spire","Shade Mod","Shop Mod","Spicy Shops","Spikes Relics","StSLib","Stuff the Spire","Synergy Search","The Blue Laboratory","The Construct","TheSurvivalist","Thieving Mod","Unceasing Turn Reminder","Unknown Chances","everything is the same but u backflip on backflip","??????REMEMod"],"gold_per_floor":[6019,6019,6035,6035,6055,6082,6082,6102,6102,6088,6102,6102,6102,6117,6136,4892,4892,4994,4994,4994],"floor_reached":19,"language":"ENG","playtime":7521,"items_purged":["Strike_R"],"score":271,"play_id":"21f09987-4c83-4f71-beef-ca2f5fb5739b","local_time":"20210209225645","is_ascension_mode":false,"campfire_choices":[{"floor":7,"key":"RECALL"},{"data":"Body Slam","floor":17,"key":"SMITH"}],"circlet_count":0,"master_deck":["Strike_R","Strike_R","Strike_R","Strike_R","Defend_R","Defend_R+1","Defend_R","Defend_R+1","Bash","After Image","hubris:Defend_Merchant","Shade:Defend_Shade","Regret","Body Slam+1","Shrug It Off","Entrench","Shrug It Off","Inflame","Shrug It Off"],"relics":["Burning Blood","REME_ComplimentaryCards","StuffTheSpire:Gunfinga","infinitespire:WardingShard","CrustySpines","Molten Egg 2","infinitespire:Broken Mirror","War Paint","REME_CardOfGreed","Toolbox","CCEMRelics:ExpiredCReal"],"acts_visited":["Exordium","TheCity"],"potions_floor_usage":[18,18],"damage_taken":[{"damage":0,"enemies":"2 Louse","floor":1,"turns":3},{"damage":1,"enemies":"Small Slimes","floor":3,"turns":5},{"damage":2,"enemies":"Cultist","floor":5,"turns":4},{"damage":30,"enemies":"Gremlin Nob","floor":6,"turns":5},{"damage":8,"enemies":"Gremlin Gang","floor":8,"turns":7},{"damage":12,"enemies":"Exordium Thugs","floor":10,"turns":4},{"damage":7,"enemies":"Blue Slaver","floor":11,"turns":4},{"damage":1,"enemies":"Red Slaver","floor":14,"turns":3},{"damage":5,"enemies":"Gremlin Gang","floor":15,"turns":7},{"damage":0,"enemies":"Hexaghost","floor":18,"turns":8}],"seed_played":"-1817477084153390481","potions_obtained":[{"floor":5,"key":"ElixirPotion"}],"is_trial":false,"path_per_floor":["M","?","M","?","M","E","R","M","T","M","M","PTL","PTL","M","M","$","R","B",null],"character_chosen":"IRONCLAD","items_purchased":["Inflame","CrustySpines","Molten Egg 2","infinitespire:Broken Mirror","War Paint","REME_CardOfGreed","Toolbox","Shrug It Off","Block Potion"],"campfire_rested":0,"item_purchase_floors":[16,16,16,16,16,16,16,16,16],"current_hp_per_floor":[100,100,100,110,110,86,86,84,84,78,77,77,77,82,83,83,83,89,110,110],"gold":4994,"neow_bonus":"RANDOM_COLORLESS_2","is_daily":false,"chose_seed":false,"campfire_upgraded":1,"win_rate":0.0,"timestamp":1612911405,"path_taken":["M","?","M","?","?","E","R","?","T","M","M","PTL","PTL","M","M","$","R","BOSS"],"items_purchased_type":["Card","Relic","Relic","Relic","Relic","Relic","Relic","Card","Potion"],"build_version":"2020-12-22","purchased_purges":1,"victory":false,"max_hp_per_floor":[100,100,100,110,110,110,110,110,110,110,110,110,110,110,110,110,110,110,110,110],"relic_stats":{"counters":[10,50],"War Paint":["Defend_R","Defend_R"],"obtain_stats":[{"StuffTheSpire:Gunfinga":2,"CCEMRelics:ExpiredCReal":19,"infinitespire:WardingShard":6,"infinitespire:Broken Mirror":16,"Toolbox":16,"Molten Egg 2":16,"REME_CardOfGreed":16,"War Paint":16,"Burning Blood":0,"CrustySpines":16,"REME_ComplimentaryCards":0},{"StuffTheSpire:Gunfinga":1,"CCEMRelics:ExpiredCReal":10,"infinitespire:WardingShard":4,"infinitespire:Broken Mirror":9,"Toolbox":9,"Molten Egg 2":9,"REME_CardOfGreed":9,"War Paint":9,"Burning Blood":0,"CrustySpines":9,"REME_ComplimentaryCards":0},{"StuffTheSpire:Gunfinga":3,"CCEMRelics:ExpiredCReal":50,"infinitespire:WardingShard":17,"infinitespire:Broken Mirror":42,"Toolbox":42,"Molten Egg 2":42,"REME_CardOfGreed":42,"War Paint":42,"Burning Blood":0,"CrustySpines":42,"REME_ComplimentaryCards":0}],"Burning Blood":45},"card_choices":[{"not_picked":["Secret Weapon","Secret Technique"],"picked":"Reforge","floor":0},{"not_picked":["Sword Boomerang","Twin Strike","Hemokinesis"],"picked":"SKIP","floor":1},{"not_picked":["True Grit","Abandon","Clash"],"picked":"SKIP","floor":3},{"not_picked":["Twin Strike","Run Through","Burning Pact"],"picked":"SKIP","floor":5},{"not_picked":["rat:Decimate","StuffTheSpire:Slingshot","Cleave"],"picked":"SKIP","floor":6},{"not_picked":["StuffTheSpire:Resist","Armaments"],"picked":"Body Slam","floor":8},{"not_picked":["Replay:Undeath\u0027s Touch","Massacre"],"picked":"Shrug It Off","floor":10},{"not_picked":["Sword Boomerang","Abandon"],"picked":"Entrench","floor":11},{"not_picked":["StuffTheSpire:Incineration","Havoc"],"picked":"Shrug It Off","floor":14},{"not_picked":["conspire:HitWhereItHurts","Perfected Strike","hubris:ReadiedAction"],"picked":"SKIP","floor":15}],"player_experience":250068,"relics_obtained":[{"floor":6,"key":"infinitespire:WardingShard"}],"event_choices":[{"damage_healed":0,"gold_gain":0,"player_choice":"Box","damage_taken":0,"relics_obtained":["StuffTheSpire:Gunfinga"],"max_hp_gain":0,"max_hp_loss":0,"event_name":"Big Fish","floor":2,"gold_loss":0,"cards_obtained":["Regret"]},{"cards_removed":["Reforge"],"damage_healed":0,"gold_gain":0,"player_choice":"Offered Rare","damage_taken":0,"max_hp_gain":10,"max_hp_loss":0,"event_name":"Bonfire Elementals","floor":4,"gold_loss":0}],"is_beta":false,"boss_relics":[{"not_picked":["aspiration:SecretTechniqueScroll","halation:PlatinumPhoenix"],"picked":"CCEMRelics:ExpiredCReal"}],"items_purged_floors":[16],"is_endless":false,"potions_floor_spawned":[3,5,8,11,18],"ascension_level":0}}