{"host":"bw00wb7p5bw58om7","time":1612910798,"event":{"mods":["100% Spire Juice","Act Like it!","BaseMod","Better Third Choice","CapriCore","Chen","Downfall","Gensokyo","Hermit","KinomotoSakuraMod(????)","Koishi","KomeijiMod","Mari Mod (Legacy)","Mari\u0027s V1 Patch","Marisa????????","Minty Spire (QoL Compilation)","Onozuka Komachi Mod","Permanent Neow","Prisma Mod","Railgun Mod","Reimu??????","Remilia_Scarlet Moed?????·?????3.3.5","Remilia??????","Replay The Spire","Spicy Shops","StSLib","The Administrix","The Alterego","The Death Knight","The Immortal","The Mystic","The Senshi","The Servant 0.9.4","TheSwordswoman","TheVelvet","WarShipGirlsR/????R mod","Yakumo Yukari mod","Youmu??????","Yuyuko"],"gold_per_floor":[115,125,125,125,141,172,172,182,182,197,217,217,217],"floor_reached":12,"language":"ENG","playtime":1498,"items_purged":[],"score":86,"play_id":"cd6a1c43-1e71-4f01-84cd-d9a58339a2b6","local_time":"20210209224638","is_ascension_mode":true,"campfire_choices":[{"data":"theSenshi:MoonlightKnight","floor":7,"key":"SMITH"}],"circlet_count":0,"master_deck":["theSenshi:SailorKick","theSenshi:SailorKick","theSenshi:SailorKick","theSenshi:SailorKick","theSenshi:SailorBlock","theSenshi:SailorBlock","theSenshi:SailorBlock","theSenshi:SailorBlock","theSenshi:RoseThrow","theSenshi:MoonPrismPowerMakeUp","theSenshi:SailorMarsAssists","theSenshi:MoonlightKnight+1","theSenshi:UranusStrength","theSenshi:TuxedoSmokingBomber","theSenshi:SailorStarFighterAssists","theSenshi:SailorJupiterAssists","theSenshi:MercurysCunning"],"relics":["theSenshi:TransformationBroochRelic","Calipers","CrazyTorch:ReiMu","Bottled Flame","theSenshi:EternalTiareRelic"],"acts_visited":["Gensokyo:Gensokyo"],"potions_floor_usage":[],"damage_taken":[{"damage":0,"enemies":"Gensokyo:3_Fairies","floor":1,"turns":4},{"damage":1,"enemies":"Gensokyo:2_Kodama","floor":2,"turns":4},{"damage":0,"enemies":"Gensokyo:Python","floor":5,"turns":4},{"damage":41,"enemies":"Gensokyo:Cirno","floor":6,"turns":8},{"damage":7,"enemies":"Gensokyo:Gryphon_and_Rabbit","floor":8,"turns":5},{"damage":2,"enemies":"Gensokyo:3_Kodama","floor":10,"turns":2},{"damage":11,"enemies":"Gensokyo:Python_and_Kodama","floor":11,"turns":4},{"damage":9,"enemies":"Gensokyo:Mamizou","floor":12,"turns":6}],"seed_played":"5375198483661665888","potions_obtained":[{"floor":1,"key":"SteroidPotion"},{"floor":8,"key":"sneckomod:MuddlingPotion"},{"floor":11,"key":"BlessingOfTheForge"}],"is_trial":false,"path_per_floor":["M","M","?","T","M","E","R","M","T","M","M","E"],"character_chosen":"THE_SENSHI","items_purchased":[],"campfire_rested":0,"item_purchase_floors":[],"current_hp_per_floor":[68,67,73,73,73,32,32,25,25,23,12,3,3],"gold":217,"neow_bonus":"ONE_RARE_RELIC","is_daily":false,"chose_seed":false,"campfire_upgraded":1,"win_rate":0.0,"timestamp":1612910798,"path_taken":["M","M","?","?","M","E","R","M","T","M","?","E"],"items_purchased_type":[],"build_version":"2020-12-22","purchased_purges":0,"victory":false,"max_hp_per_floor":[68,68,74,74,74,74,74,74,74,74,74,74,74],"card_choices":[{"not_picked":["theSenshi:MoonPrincessHalation","theSenshi:SailorMercuryAssists"],"picked":"theSenshi:SailorMarsAssists","floor":1},{"not_picked":["theSenshi:MoonPower","theSenshi:SailorChibiMoonAssists"],"picked":"theSenshi:MoonlightKnight","floor":2},{"not_picked":["theSenshi:SailorJupiterAssists","theSenshi:SailorMarsAssists"],"picked":"theSenshi:UranusStrength","floor":5},{"not_picked":["theSenshi:MoonPunch","theSenshi:MoonCrisisMakeUp"],"picked":"theSenshi:TuxedoSmokingBomber","floor":6},{"not_picked":["theSenshi:MoonKick","theSenshi:MoonCosmicPowerMakeUp"],"picked":"theSenshi:SailorStarFighterAssists","floor":8},{"not_picked":["theSenshi:LunaWiseMentor","theSenshi:UranusStrength"],"picked":"theSenshi:SailorJupiterAssists","floor":10},{"not_picked":["theSenshi:MoonTiaraMagic","theSenshi:MoonSpiralHeartAttack"],"picked":"theSenshi:MercurysCunning","floor":11}],"player_experience":339767,"relics_obtained":[{"floor":4,"key":"CrazyTorch:ReiMu"},{"floor":6,"key":"Bottled Flame"},{"floor":9,"key":"theSenshi:EternalTiareRelic"}],"event_choices":[],"is_beta":false,"boss_relics":[],"items_purged_floors":[],"is_endless":false,"potions_floor_spawned":[1,8,11],"killed_by":"Gensokyo:Mamizou","ascension_level":1}}