{"host":"q8mjpf3krl0t4p3x","time":1612909969,"event":{"mods":["BaseMod","Colored Map","Colored Powertips","Googly Eyes","Minty Spire (QoL Compilation)","Quick Restart","StSLib","everything is the same but u backflip on backflip","slay the spire mod where everything is the same but ironclad has a cowboy hat"],"gold_per_floor":[10,10,10,85,105,105,130,130,153,185,199,199,216,234,234,234,234],"floor_reached":16,"language":"ENG","playtime":444,"items_purged":[],"score":187,"play_id":"bdd4a9fe-2a45-44c8-9676-2f369b6ebf6d","local_time":"20210209143249","is_ascension_mode":true,"campfire_choices":[{"data":"Reckless Charge","floor":6,"key":"SMITH"},{"data":"Infernal Blade","floor":8,"key":"SMITH"},{"data":"Double Tap","floor":15,"key":"SMITH"}],"circlet_count":0,"master_deck":["AscendersBane","Strike_R","Strike_R","Strike_R","Strike_R","Strike_R","Defend_R","Defend_R","Defend_R","Defend_R","Bash","Reckless Charge+1","Infernal Blade+1","Double Tap+1","Wild Strike+1","True Grit","Anger"],"relics":["Burning Blood","Gambling Chip","Happy Flower","Charon\u0027s Ashes"],"acts_visited":["Exordium"],"potions_floor_usage":[10,16,16],"damage_taken":[{"damage":1,"enemies":"Cultist","floor":1,"turns":4},{"damage":6,"enemies":"2 Louse","floor":5,"turns":3},{"damage":24,"enemies":"Gremlin Nob","floor":7,"turns":4},{"damage":15,"enemies":"3 Sentries","floor":10,"turns":5},{"damage":0,"enemies":"Small Slimes","floor":11,"turns":1},{"damage":12,"enemies":"Exordium Wildlife","floor":13,"turns":2},{"damage":0,"enemies":"Looter","floor":14,"turns":1},{"damage":57,"enemies":"The Guardian","floor":16,"turns":10}],"seed_played":"-8392845418106155378","potions_obtained":[{"floor":7,"key":"BlessingOfTheForge"},{"floor":10,"key":"Strength Potion"},{"floor":11,"key":"PowerPotion"}],"is_trial":false,"path_per_floor":["M","?","?","?","M","R","E","R","T","E","M","?","M","M","R","B"],"character_chosen":"IRONCLAD","items_purchased":[],"campfire_rested":0,"item_purchase_floors":[],"current_hp_per_floor":[87,87,87,76,76,76,58,58,58,49,55,55,49,55,55,0,0],"gold":234,"neow_bonus":"TWENTY_PERCENT_HP_BONUS","is_daily":false,"chose_seed":false,"campfire_upgraded":3,"win_rate":0.0,"timestamp":1612909969,"path_taken":["M","?","?","?","M","R","E","R","T","E","?","?","M","?","R","BOSS"],"items_purchased_type":[],"build_version":"2020-12-22","purchased_purges":0,"victory":false,"max_hp_per_floor":[89,89,89,89,89,89,89,89,89,89,89,89,89,89,89,89,89],"card_choices":[{"not_picked":["Armaments","Sentinel"],"picked":"Reckless Charge","floor":1},{"not_picked":["Warcry","Searing Blow","Intimidate"],"picked":"SKIP","floor":5},{"not_picked":["Bloodletting","Body Slam"],"picked":"Infernal Blade","floor":7},{"not_picked":["Power Through","Thunderclap"],"picked":"Double Tap","floor":10},{"not_picked":["Havoc","Combust"],"picked":"Wild Strike","floor":11},{"not_picked":["Sword Boomerang","Pommel Strike"],"picked":"True Grit","floor":13},{"not_picked":["True Grit","Iron Wave"],"picked":"Anger","floor":14}],"player_experience":346114,"relics_obtained":[{"floor":7,"key":"Gambling Chip"},{"floor":9,"key":"Happy Flower"},{"floor":10,"key":"Charon\u0027s Ashes"}],"event_choices":[{"damage_healed":0,"gold_gain":0,"player_choice":"Ignored","damage_taken":0,"max_hp_gain":0,"max_hp_loss":0,"event_name":"Golden Idol","floor":2,"gold_loss":0},{"damage_healed":0,"gold_gain":0,"player_choice":"Ignored","damage_taken":0,"max_hp_gain":0,"max_hp_loss":0,"event_name":"Liars Game","floor":3,"gold_loss":0},{"damage_healed":0,"gold_gain":75,"player_choice":"Gather Gold","damage_taken":11,"max_hp_gain":0,"max_hp_loss":0,"event_name":"World of Goop","floor":4,"gold_loss":0},{"damage_healed":0,"gold_gain":0,"player_choice":"Forge","damage_taken":0,"max_hp_gain":0,"max_hp_loss":0,"event_name":"Accursed Blacksmith","floor":12,"gold_loss":0,"cards_upgraded":["Wild Strike"]}],"is_beta":false,"boss_relics":[],"items_purged_floors":[],"is_endless":false,"potions_floor_spawned":[7,10,11,13,14],"killed_by":"The Guardian","ascension_level":14}}