{"host":"ul3z8ex5o8l5j7mh","time":1612901195,"event":{"mods":["AchievementEnabler","BaseMod","Bestiary","Colored Map","Colored Powertips","DeckTracker","Keyboard Shortcuts","Minty Spire (QoL Compilation)","Relic Sorter","Relic Stats","SuperFastMode"],"gold_per_floor":[111,126,144,158,158,178,178,178],"floor_reached":7,"language":"ENG","playtime":511,"items_purged":[],"score":47,"play_id":"3a775a09-5c1e-4907-a5d0-0d3f0a055a2b","local_time":"20210209210635","is_ascension_mode":true,"campfire_choices":[],"circlet_count":0,"master_deck":["Strike_B","Strike_B","Strike_B","Strike_B","Defend_B","Defend_B","Defend_B","Defend_B","Zap","Dualcast+1","Redo+1","Heatsinks","Coolheaded","Stack","Loop"],"relics":["Cracked Core"],"acts_visited":["Exordium"],"potions_floor_usage":[4,6,7],"damage_taken":[{"damage":6,"enemies":"Jaw Worm","floor":1,"turns":2},{"damage":1,"enemies":"Cultist","floor":2,"turns":3},{"damage":2,"enemies":"2 Louse","floor":3,"turns":2},{"damage":7,"enemies":"Large Slime","floor":4,"turns":3},{"damage":1,"enemies":"Exordium Wildlife","floor":6,"turns":2},{"damage":74,"enemies":"Gremlin Nob","floor":7,"turns":5}],"seed_played":"3233600848423950166","potions_obtained":[{"floor":2,"key":"EssenceOfDarkness"},{"floor":3,"key":"ColorlessPotion"},{"floor":4,"key":"Weak Potion"}],"is_trial":false,"path_per_floor":["M","M","M","M","?","M","E"],"character_chosen":"DEFECT","items_purchased":[],"campfire_rested":0,"item_purchase_floors":[],"current_hp_per_floor":[69,68,66,59,59,58,0,0],"gold":178,"neow_bonus":"UPGRADE_CARD","is_daily":false,"chose_seed":false,"campfire_upgraded":0,"win_rate":0.0,"timestamp":1612901195,"path_taken":["M","M","M","M","?","M","E"],"items_purchased_type":[],"build_version":"2020-12-22","purchased_purges":0,"victory":false,"max_hp_per_floor":[75,75,75,75,75,75,75,75],"relic_stats":{"counters":[6,17],"obtain_stats":[{"Cracked Core":0},{"Cracked Core":0},{"Cracked Core":0}]},"card_choices":[{"not_picked":["Leap","Rip and Tear"],"picked":"Redo","floor":1},{"not_picked":["Reinforced Body","Double Energy"],"picked":"Heatsinks","floor":2},{"not_picked":["Turbo","Steam Power"],"picked":"Coolheaded","floor":3},{"not_picked":["Turbo","Rebound"],"picked":"Stack","floor":4},{"not_picked":["Cold Snap","White Noise"],"picked":"Loop","floor":6}],"player_experience":340570,"relics_obtained":[],"event_choices":[{"damage_healed":0,"gold_gain":0,"player_choice":"Grow","damage_taken":0,"max_hp_gain":0,"max_hp_loss":0,"event_name":"Living Wall","floor":5,"gold_loss":0,"cards_upgraded":["Redo"]}],"is_beta":false,"boss_relics":[],"items_purged_floors":[],"is_endless":false,"potions_floor_spawned":[2,3,4],"killed_by":"Gremlin Nob","ascension_level":1}}