{"host":"gjbmv0wqve0qfw94","time":1612880018,"event":{"mods":["BaseMod","Colored Map","Colored Powertips","DeckTracker","Googly Eyes","Minty Spire (QoL Compilation)","StSLib"],"gold_per_floor":[110,130,130,145,145,145,163,196,196,196,208,208,208,226,226,226,226],"floor_reached":16,"language":"ENG","playtime":324,"items_purged":[],"score":204,"play_id":"5bb0670e-d6b6-49e8-ae26-4c0174401af1","local_time":"20210209151338","is_ascension_mode":true,"campfire_choices":[{"floor":6,"key":"REST"},{"floor":10,"key":"REST"},{"floor":13,"key":"REST"},{"floor":15,"key":"REST"}],"circlet_count":0,"master_deck":["AscendersBane","Strike_B","Strike_B","Strike_B+1","Strike_B","Defend_B","Defend_B","Defend_B","Defend_B","Zap","Dualcast","Rebound+1","Sweeping Beam","Cold Snap","Decay","Meteor Strike","Hello World","Hologram"],"relics":["Fusion Hammer","Centennial Puzzle","Mummified Hand"],"acts_visited":["Exordium"],"potions_floor_usage":[],"damage_taken":[{"damage":1,"enemies":"Cultist","floor":1,"turns":4},{"damage":7,"enemies":"Jaw Worm","floor":2,"turns":2},{"damage":10,"enemies":"2 Louse","floor":4,"turns":3},{"damage":6,"enemies":"Red Slaver","floor":7,"turns":3},{"damage":26,"enemies":"Gremlin Nob","floor":8,"turns":4},{"damage":17,"enemies":"Large Slime","floor":11,"turns":6},{"damage":16,"enemies":"3 Louse","floor":14,"turns":4},{"damage":0,"enemies":"Slime Boss","floor":16,"turns":1}],"seed_played":"-5735382092476089999","potions_obtained":[{"floor":7,"key":"LiquidBronze"},{"floor":8,"key":"Ancient Potion"}],"is_trial":false,"path_per_floor":["M","M","?","M","?","R","M","E","T","R","M","?","R","M","R","B"],"character_chosen":"DEFECT","items_purchased":[],"campfire_rested":4,"item_purchase_floors":[],"current_hp_per_floor":[63,56,35,25,25,46,40,14,14,35,18,23,45,29,51,51,51],"gold":226,"neow_bonus":"BOSS_RELIC","is_daily":false,"chose_seed":false,"campfire_upgraded":0,"win_rate":0.0,"timestamp":1612880018,"path_taken":["M","?","?","M","?","R","M","E","T","R","?","?","R","M","R","BOSS"],"items_purchased_type":[],"build_version":"2020-12-22","purchased_purges":0,"victory":false,"max_hp_per_floor":[71,71,71,71,71,71,71,71,71,71,71,76,76,76,76,76,76],"card_choices":[{"not_picked":["Steam","Barrage"],"picked":"Rebound","floor":1},{"not_picked":["Streamline","Redo"],"picked":"Sweeping Beam","floor":2},{"not_picked":["Capacitor","Beam Cell"],"picked":"Cold Snap","floor":4},{"not_picked":["Beam Cell","BootSequence","Lockon"],"picked":"SKIP","floor":7},{"not_picked":["Stack","Leap"],"picked":"Meteor Strike","floor":8},{"not_picked":["Beam Cell","Turbo"],"picked":"Hello World","floor":11},{"not_picked":["Sweeping Beam","Beam Cell"],"picked":"Hologram","floor":14}],"player_experience":1220690,"relics_obtained":[{"floor":8,"key":"Centennial Puzzle"},{"floor":9,"key":"Mummified Hand"}],"event_choices":[{"damage_healed":0,"gold_gain":0,"player_choice":"Entered Light","damage_taken":21,"max_hp_gain":0,"max_hp_loss":0,"event_name":"Shining Light","floor":3,"gold_loss":0,"cards_upgraded":["Strike_B","Rebound"]},{"damage_healed":0,"gold_gain":0,"player_choice":"Cursed","damage_taken":0,"max_hp_gain":0,"max_hp_loss":0,"event_name":"Wheel of Change","floor":5,"gold_loss":0,"cards_obtained":["Decay"]},{"damage_healed":0,"gold_gain":0,"player_choice":"Donut","damage_taken":0,"max_hp_gain":5,"max_hp_loss":0,"event_name":"Big Fish","floor":12,"gold_loss":0}],"is_beta":false,"boss_relics":[],"items_purged_floors":[],"is_endless":false,"potions_floor_spawned":[7,8],"killed_by":"Slime Boss","ascension_level":20}}