{"host":"g907ck67u7c3hrs6","time":1612907358,"event":{"mods":["BaseMod","Colored Map","DeckTracker","Highlight Path","Keyboard Shortcuts","Minty Spire (QoL Compilation)","Permanent Neow","Say the Spire","SuperFastMode"],"gold_per_floor":[118,131,143,161,177,202,202,227,227,227,227,227,227,262,262,367,367,351,371,127,144,163,163,163,198,198,198,198,215,228,153,153,248,248,248],"floor_reached":34,"language":"KOR","playtime":1122,"items_purged":[],"score":392,"play_id":"7934eaae-19b0-4b0d-b386-f94023c3a973","local_time":"20210210064918","daily_mods":["Heirloom","Flight"],"is_ascension_mode":false,"campfire_choices":[{"data":"Burst","floor":10,"key":"SMITH"},{"data":"Tactician","floor":11,"key":"SMITH"},{"data":"Reflex","floor":12,"key":"SMITH"},{"data":"Eviscerate","floor":13,"key":"SMITH"},{"data":"Accuracy","floor":15,"key":"SMITH"},{"data":"Malaise","floor":23,"key":"SMITH"},{"data":"Calculated Gamble","floor":24,"key":"SMITH"},{"data":"Cloak And Dagger","floor":27,"key":"SMITH"},{"data":"Blade Dance","floor":32,"key":"SMITH"}],"circlet_count":0,"master_deck":["Strike_G","Strike_G","Strike_G","Strike_G","Defend_G","Defend_G","Defend_G","Defend_G+1","Defend_G","Survivor","Neutralize","Skewer","Cloak And Dagger+1","Eviscerate+1","Backstab","Blade Dance+1","Dodge and Roll","Dagger Throw","Burst+1","Tactician+1","Distraction","Reflex+1","Accuracy+1","Malaise+1","Expertise","Calculated Gamble+1","All Out Attack","Blade Dance+1","Accuracy+1","Blade Dance+1","Venomology","Dodge and Roll+1","Tools of the Trade"],"relics":["Ring of the Snake","Prayer Wheel","Kunai","Omamori","Happy Flower","War Paint","StrikeDummy","HoveringKite","Gremlin Horn","Tiny Chest","Pen Nib","Coffee Dripper"],"acts_visited":["Exordium","TheCity","TheBeyond"],"potions_floor_usage":[6,16,29,33],"damage_taken":[{"damage":0.0,"enemies":"Jaw Worm","floor":1.0,"turns":5.0},{"damage":1.0,"enemies":"Cultist","floor":2.0,"turns":3.0},{"damage":0.0,"enemies":"2 Louse","floor":3.0,"turns":2.0},{"damage":1.0,"enemies":"Exordium Wildlife","floor":4.0,"turns":3.0},{"damage":0.0,"enemies":"2 Fungi Beasts","floor":5.0,"turns":3.0},{"damage":18,"enemies":"Lagavulin","floor":6,"turns":3},{"damage":20,"enemies":"Gremlin Nob","floor":8,"turns":4},{"damage":8,"enemies":"3 Sentries","floor":14,"turns":5},{"damage":6,"enemies":"Slime Boss","floor":16,"turns":5},{"damage":8,"enemies":"2 Thieves","floor":18,"turns":4},{"damage":2,"enemies":"3 Byrds","floor":19,"turns":5},{"damage":6,"enemies":"Cultist and Chosen","floor":21,"turns":5},{"damage":10,"enemies":"Snake Plant","floor":22,"turns":6},{"damage":11,"enemies":"Gremlin Leader","floor":25,"turns":6},{"damage":0,"enemies":"Centurion and Healer","floor":29,"turns":4},{"damage":0,"enemies":"Cultist and Chosen","floor":30,"turns":3},{"damage":6,"enemies":"Champ","floor":33,"turns":8}],"seed_played":"13690210038381470","potions_obtained":[{"floor":4.0,"key":"FearPotion"},{"floor":5.0,"key":"Dexterity Potion"},{"floor":6,"key":"CunningPotion"},{"floor":14,"key":"FearPotion"},{"floor":19,"key":"Poison Potion"},{"floor":29,"key":"SteroidPotion"},{"floor":30,"key":"Energy Potion"}],"is_trial":true,"path_per_floor":["M","M","M","M","M","E","?","E","T","R","R","R","R","E","R","B",null,"M","M","$","M","M","R","R","E","T","R","?","M","M","?","R","B",null],"character_chosen":"THE_SILENT","items_purchased":["Gremlin Horn"],"campfire_rested":0,"item_purchase_floors":[20],"current_hp_per_floor":[70,69,69,68,68,50,50,30,30,30,30,30,30,22,22,16,70,62,60,60,54,44,44,44,33,33,33,33,33,33,33,33,27,70,70],"gold":248,"neow_bonus":"","is_daily":false,"chose_seed":false,"campfire_upgraded":9,"win_rate":0.0,"timestamp":1612907358,"path_taken":["M","M","M","M","M","E","?","E","T","R","R","R","R","E","R","BOSS","M","M","$","M","M","R","R","E","T","R","?","?","M","?","R","BOSS"],"items_purchased_type":["Relic"],"build_version":"2020-12-22","purchased_purges":0,"victory":false,"max_hp_per_floor":[70,70,70,70,70,70,70,70,70,70,70,70,70,70,70,70,70,70,70,70,70,70,70,70,70,70,70,70,70,70,70,70,70,70,70],"card_choices":[{"not_picked":["PiercingWail","Poisoned Stab"],"picked":"Skewer","floor":1.0},{"not_picked":["Expertise","Backflip"],"picked":"Cloak And Dagger","floor":1.0},{"not_picked":["Slice","Predator"],"picked":"Eviscerate","floor":2.0},{"not_picked":["Skewer","Slice"],"picked":"Backstab","floor":2.0},{"not_picked":["Outmaneuver","Deadly Poison"],"picked":"Blade Dance","floor":3.0},{"not_picked":["Underhanded Strike","Outmaneuver","Slice"],"picked":"SKIP","floor":3.0},{"not_picked":["Prepared","Quick Slash"],"picked":"Dodge and Roll","floor":4.0},{"not_picked":["Finisher","Deflect"],"picked":"Dagger Throw","floor":4.0},{"not_picked":["Prepared","Finisher"],"picked":"Burst","floor":5.0},{"not_picked":["Infinite Blades","Sucker Punch"],"picked":"Tactician","floor":5.0},{"not_picked":["PiercingWail","Flying Knee"],"picked":"Distraction","floor":6},{"not_picked":["Calculated Gamble","Choke"],"picked":"Reflex","floor":8},{"not_picked":["Bane","Well Laid Plans"],"picked":"Accuracy","floor":14},{"not_picked":["Doppelganger","Night Terror"],"picked":"Malaise","floor":16},{"not_picked":["Poisoned Stab","Flying Knee+1"],"picked":"Expertise","floor":18},{"not_picked":["Deflect","Noxious Fumes","Quick Slash"],"picked":"SKIP","floor":18},{"not_picked":["Deflect","Prepared"],"picked":"Calculated Gamble","floor":19},{"not_picked":["Caltrops+1","Underhanded Strike"],"picked":"All Out Attack","floor":19},{"not_picked":["Catalyst","Outmaneuver"],"picked":"Blade Dance+1","floor":21},{"not_picked":["Poisoned Stab","Heel Hook","Setup"],"picked":"SKIP","floor":21},{"not_picked":["Corpse Explosion","Prepared","All Out Attack+1"],"picked":"SKIP","floor":22},{"not_picked":["Quick Slash","Setup+1","Noxious Fumes"],"picked":"SKIP","floor":22},{"not_picked":["Bane","Setup","Poisoned Stab+1"],"picked":"SKIP","floor":25},{"not_picked":["Underhanded Strike","Cloak And Dagger"],"picked":"Blade Dance","floor":29},{"not_picked":["Bane","Sucker Punch","Flying Knee"],"picked":"SKIP","floor":29},{"not_picked":["Expertise","All Out Attack"],"picked":"Venomology","floor":30},{"not_picked":["Deflect","Poisoned Stab"],"picked":"Dodge and Roll+1","floor":30},{"not_picked":["Doppelganger","Unload"],"picked":"Tools of the Trade","floor":33}],"player_experience":272995,"relics_obtained":[{"floor":6,"key":"Kunai"},{"floor":8,"key":"Happy Flower"},{"floor":9,"key":"War Paint"},{"floor":14,"key":"StrikeDummy"},{"floor":25,"key":"Tiny Chest"},{"floor":26,"key":"Pen Nib"}],"event_choices":[{"damage_healed":0,"gold_gain":0,"player_choice":"Gave Potion","damage_taken":0,"relics_obtained":["Omamori"],"max_hp_gain":0,"max_hp_loss":0,"event_name":"WeMeetAgain","floor":7,"gold_loss":0},{"damage_healed":0,"gold_gain":0,"player_choice":"Copied","damage_taken":0,"max_hp_gain":0,"max_hp_loss":0,"event_name":"Duplicator","floor":28,"gold_loss":0,"cards_obtained":["Accuracy"]},{"cards_removed":["Strike_G"],"damage_healed":0,"gold_gain":0,"player_choice":"Gave Gold","damage_taken":0,"max_hp_gain":0,"max_hp_loss":0,"event_name":"Beggar","floor":31,"gold_loss":75}],"is_beta":false,"boss_relics":[{"not_picked":["Velvet Choker","Sozu"],"picked":"HoveringKite"},{"not_picked":["Astrolabe","Runic Pyramid"],"picked":"Coffee Dripper"}],"items_purged_floors":[],"is_endless":false,"potions_floor_spawned":[4,5,6,14,19,29,30],"ascension_level":0}}