{"host":"vit9b6u76k1y61sh","time":1612855834,"event":{"mods":["BaseMod","Block Reminder","Colored Powertips","Highlight Path","Minty Spire (QoL Compilation)","Rare Cards Sparkle","Relic Sorter","Relic Stats","StSLib"],"gold_per_floor":[13,13,32,46,46,73,90,110,110,125,155,155,174,174,174,272,272,292,311,311,311],"floor_reached":20,"language":"ENG","playtime":1163,"items_purged":[],"score":289,"play_id":"18472f8a-1fd3-47fc-afc4-69fc02b6fc96","local_time":"20210209023034","is_ascension_mode":true,"campfire_choices":[{"data":"Accuracy","floor":12,"key":"SMITH"},{"data":"Apotheosis","floor":15,"key":"SMITH"}],"circlet_count":0,"master_deck":["Strike_G","Strike_G","Defend_G","Defend_G","Defend_G","Defend_G","Survivor","Neutralize","Apotheosis+1","Outmaneuver","Blade Dance","Prepared","Outmaneuver+1","Accuracy+1","Malaise+1","Finisher","Quick Slash","Dagger Spray","Doppelganger+1","Terror+1","Outmaneuver+1"],"relics":["Ring of the Snake","Toxic Egg 2","Mercury Hourglass","Empty Cage"],"acts_visited":["Exordium","TheCity"],"potions_floor_usage":[8,10,18,20],"damage_taken":[{"damage":0,"enemies":"Cultist","floor":1,"turns":5},{"damage":9,"enemies":"Jaw Worm","floor":3,"turns":5},{"damage":0,"enemies":"2 Louse","floor":4,"turns":2},{"damage":0,"enemies":"Lagavulin","floor":6,"turns":9},{"damage":11,"enemies":"Lots of Slimes","floor":7,"turns":7},{"damage":15,"enemies":"3 Louse","floor":8,"turns":2},{"damage":2,"enemies":"Red Slaver","floor":10,"turns":4},{"damage":10,"enemies":"3 Sentries","floor":11,"turns":10},{"damage":9,"enemies":"2 Fungi Beasts","floor":13,"turns":2},{"damage":0,"enemies":"Slime Boss","floor":16,"turns":5},{"damage":27,"enemies":"2 Thieves","floor":18,"turns":4},{"damage":3,"enemies":"Spheric Guardian","floor":19,"turns":3},{"damage":0,"enemies":"Shelled Parasite and Fungi","floor":20,"turns":1}],"seed_played":"1813899315693634139","potions_obtained":[{"floor":1,"key":"DuplicationPotion"},{"floor":7,"key":"Explosive Potion"},{"floor":8,"key":"Block Potion"},{"floor":13,"key":"Ancient Potion"},{"floor":16,"key":"DistilledChaos"},{"floor":18,"key":"FearPotion"}],"is_trial":false,"path_per_floor":["M","$","M","M","?","E","M","M","T","M","E","R","M","?","R","B",null,"M","M","M"],"character_chosen":"THE_SILENT","items_purchased":[],"campfire_rested":0,"item_purchase_floors":[],"current_hp_per_floor":[70,70,61,61,61,61,50,35,35,33,23,23,14,14,14,14,70,43,40,40,40],"gold":311,"neow_bonus":"RANDOM_COLORLESS_2","is_daily":false,"chose_seed":false,"campfire_upgraded":2,"win_rate":0.0,"timestamp":1612855834,"path_taken":["M","?","?","M","?","E","M","?","T","M","E","R","?","?","R","BOSS","M","?","?"],"items_purchased_type":[],"build_version":"2020-12-22","purchased_purges":0,"victory":false,"max_hp_per_floor":[70,70,70,70,70,70,70,70,70,70,70,70,70,70,70,70,70,70,70,70,70],"relic_stats":{"counters":[13,59],"obtain_stats":[{"Toxic Egg 2":6,"Empty Cage":17,"Ring of the Snake":0,"Mercury Hourglass":11},{"Toxic Egg 2":4,"Empty Cage":10,"Ring of the Snake":0,"Mercury Hourglass":8},{"Toxic Egg 2":21,"Empty Cage":51,"Ring of the Snake":0,"Mercury Hourglass":44}],"Ring of the Snake":[26],"Mercury Hourglass":[54]},"card_choices":[{"not_picked":["The Bomb","Secret Technique"],"picked":"Apotheosis","floor":0},{"not_picked":["Acrobatics","Prepared"],"picked":"Outmaneuver","floor":1},{"not_picked":["Eviscerate","Escape Plan"],"picked":"Blade Dance","floor":3},{"not_picked":["Sucker Punch","Poisoned Stab"],"picked":"Prepared","floor":4},{"not_picked":["Masterful Stab","Underhanded Strike"],"picked":"Outmaneuver+1","floor":6},{"not_picked":["Catalyst+1","All Out Attack"],"picked":"Accuracy","floor":7},{"not_picked":["Reflex+1","Endless Agony"],"picked":"Malaise+1","floor":8},{"not_picked":["Cloak And Dagger+1","Sucker Punch"],"picked":"Finisher","floor":10},{"not_picked":["Dagger Spray","Die Die Die"],"picked":"Quick Slash","floor":11},{"not_picked":["Reflex+1","Sucker Punch","Prepared+1"],"picked":"SKIP","floor":13},{"not_picked":["Glass Knife","Bullet Time+1"],"picked":"Doppelganger+1","floor":16},{"not_picked":["Acrobatics+1","Dash"],"picked":"Terror+1","floor":18},{"not_picked":["Deadly Poison+1","Backstab"],"picked":"Outmaneuver+1","floor":19}],"player_experience":156358,"relics_obtained":[{"floor":6,"key":"Toxic Egg 2"},{"floor":11,"key":"Mercury Hourglass"}],"event_choices":[{"cards_removed":["Strike_G"],"damage_healed":0,"gold_gain":0,"player_choice":"Offered Basic","damage_taken":0,"max_hp_gain":0,"max_hp_loss":0,"event_name":"Bonfire Elementals","floor":5,"gold_loss":0},{"damage_healed":0,"gold_gain":0,"cards_transformed":["Strike_G"],"player_choice":"Transformed","damage_taken":0,"max_hp_gain":0,"max_hp_loss":0,"event_name":"Transmorgrifier","floor":14,"gold_loss":0,"cards_obtained":["Dagger Spray"]}],"is_beta":false,"boss_relics":[{"not_picked":["Fusion Hammer","Pandora\u0027s Box"],"picked":"Empty Cage"}],"items_purged_floors":[],"is_endless":false,"potions_floor_spawned":[1,7,8,13,16,18],"killed_by":"Shelled Parasite and Fungi","ascension_level":2}}