{"host":"8fnghcq8tvbg6z9e","time":1612871403,"event":{"mods":["BaseMod","Minty Spire (QoL Compilation)","Quick Restart","StSLib"],"gold_per_floor":[111,122,140,315,265,265,265,292,292,292,27,46,63,25,25,126,126,144,163,183,183,183,183,213,231,311,326,326,326,338,85,85,184,184,195,240,77,90,140,140,140,151,151,178,196,196,196,208,208,208,208,208,32,57,57],"floor_reached":56,"language":"ZHS","playtime":1896,"items_purged":["Strike_R","Strike_R","Strike_R","Defend_R"],"score":1172,"play_id":"dca13301-0e33-4253-b54d-e42224ffd083","local_time":"20210209195003","is_ascension_mode":false,"campfire_choices":[{"data":"Fire Breathing","floor":6.0,"key":"SMITH"},{"data":"Wild Strike","floor":10.0,"key":"SMITH"},{"floor":15.0,"key":"RECALL"},{"data":"Power Through","floor":23.0,"key":"SMITH"},{"data":"Power Through","floor":28.0,"key":"SMITH"},{"data":"Fire Breathing","floor":32.0,"key":"SMITH"},{"floor":40.0,"key":"REST"},{"floor":49,"key":"REST"},{"data":"Power Through","floor":52,"key":"SMITH"}],"circlet_count":0,"master_deck":["Strike_R","Strike_R","Defend_R","Defend_R+1","Defend_R+1","Bash","Fire Breathing+1","Wild Strike+1","Reckless Charge","Spot Weakness","Shrug It Off","Power Through+1","Fire Breathing+1","Power Through+1","Pommel Strike+1","Wild Strike+1","Offering+1","Wild Strike","Power Through+1","Writhe"],"relics":["Burning Blood","NeowsBlessing","Paper Frog","War Paint","Membership Card","SacredBark","Boot","Matryoshka","Kunai","Strawberry","Runic Cube","Calipers","Ice Cream","Blood Vial","TungstenRod","Thread and Needle"],"acts_visited":["Exordium","TheCity","TheBeyond","TheEnding"],"potions_floor_usage":[42,44,50,50,50,55,55,55],"damage_taken":[{"damage":0.0,"enemies":"Cultist","floor":1.0,"turns":1.0},{"damage":0.0,"enemies":"Small Slimes","floor":2.0,"turns":1.0},{"damage":0.0,"enemies":"2 Louse","floor":3.0,"turns":1.0},{"damage":36.0,"enemies":"Gremlin Nob","floor":8.0,"turns":5.0},{"damage":3.0,"enemies":"Gremlin Gang","floor":12.0,"turns":3.0},{"damage":0.0,"enemies":"3 Louse","floor":13.0,"turns":3.0},{"damage":35.0,"enemies":"The Guardian","floor":16.0,"turns":13.0},{"damage":4.0,"enemies":"3 Byrds","floor":18.0,"turns":4.0},{"damage":10.0,"enemies":"2 Thieves","floor":19.0,"turns":5.0},{"damage":2.0,"enemies":"Snecko","floor":20.0,"turns":4.0},{"damage":10.0,"enemies":"Gremlin Leader","floor":24.0,"turns":6.0},{"damage":19.0,"enemies":"Cultist and Chosen","floor":25.0,"turns":5.0},{"damage":18.0,"enemies":"Centurion and Healer","floor":27.0,"turns":5.0},{"damage":4.0,"enemies":"Snecko","floor":30.0,"turns":6.0},{"damage":66.0,"enemies":"Champ","floor":33.0,"turns":10.0},{"damage":13.0,"enemies":"Orb Walker","floor":35.0,"turns":4.0},{"damage":69.0,"enemies":"2 Orb Walkers","floor":36.0,"turns":6.0},{"damage":6.0,"enemies":"3 Darklings","floor":38.0,"turns":6.0},{"damage":22.0,"enemies":"Mind Bloom Boss Battle","floor":39.0,"turns":6.0},{"damage":8,"enemies":"4 Shapes","floor":42,"turns":4},{"damage":50,"enemies":"Nemesis","floor":44,"turns":7},{"damage":14,"enemies":"Jaw Worm Horde","floor":45,"turns":3},{"damage":12,"enemies":"Spire Growth","floor":48,"turns":4},{"damage":61,"enemies":"Time Eater","floor":50,"turns":9},{"damage":26,"enemies":"Shield and Spear","floor":54,"turns":5},{"damage":73,"enemies":"The Heart","floor":55,"turns":8}],"seed_played":"-2110935117606893756","potions_obtained":[{"floor":3.0,"key":"FearPotion"},{"floor":12.0,"key":"SteroidPotion"},{"floor":13.0,"key":"SneckoOil"},{"floor":19.0,"key":"Explosive Potion"},{"floor":30.0,"key":"Swift Potion"},{"floor":33.0,"key":"SpeedPotion"},{"floor":36.0,"key":"Weak Potion"},{"floor":42,"key":"GamblersBrew"},{"floor":44,"key":"LiquidBronze"},{"floor":45,"key":"ColorlessPotion"}],"is_trial":false,"path_per_floor":["M","M","M","?","?","R","?","E","T","R","$","M","M","$","R","B",null,"M","M","M","?","?","R","E","M","T","M","R","?","M","$","R","B",null,"M","?","$","M","?","R","?","M","T","E","M","?","?","M","R","B",null,"R","$","E","B",null],"character_chosen":"IRONCLAD","items_purchased":["Membership Card","Spot Weakness","EntropicBrew","Power Through","Offering","Strawberry","FairyPotion","Power Through","Regen Potion","Energy Potion","LiquidBronze","PowerPotion","LiquidMemories"],"campfire_rested":2,"item_purchase_floors":[11,11,11,14,31,31,31,37,37,37,53,53,53],"current_hp_per_floor":[80,80,80,80,80,80,80,50,50,50,50,53,59,59,59,30,80,80,76,80,65,85,85,81,68,68,56,56,56,58,65,65,61,92,85,22,22,56,40,67,90,88,88,46,40,40,40,36,63,10,92,92,92,72,7],"gold":57,"neow_bonus":"THREE_ENEMY_KILL","is_daily":false,"chose_seed":false,"campfire_upgraded":6,"win_rate":0.0,"timestamp":1612871403,"path_taken":["M","?","M","?","?","R","?","E","T","R","$","M","M","$","R","BOSS","M","?","M","?","?","R","E","M","T","M","R","?","M","$","R","BOSS","M","?","$","M","?","R","?","M","T","E","M","?","?","?","R","BOSS","R","$","E","BOSS"],"items_purchased_type":["Relic","Card","Potion","Card","Card","Relic","Potion","Card","Potion","Potion","Potion","Potion","Potion"],"build_version":"2020-12-22","purchased_purges":4,"victory":true,"max_hp_per_floor":[80,80,80,80,80,80,80,80,80,80,80,80,80,80,80,80,80,80,80,80,85,85,85,85,85,85,85,85,85,85,92,92,92,92,92,92,92,92,92,92,92,92,92,92,92,92,92,92,92,92,92,92,92,92,92],"card_choices":[{"not_picked":["Clash","Havoc"],"picked":"Fire Breathing","floor":1.0},{"not_picked":["Clash","Sword Boomerang","Cleave"],"picked":"SKIP","floor":2.0},{"not_picked":["Cleave","Thunderclap"],"picked":"Wild Strike","floor":3.0},{"not_picked":["Shockwave","Limit Break"],"picked":"Reckless Charge","floor":8.0},{"not_picked":["Anger","Combust"],"picked":"Shrug It Off","floor":12.0},{"not_picked":["Sever Soul","Entrench","Clash"],"picked":"SKIP","floor":13.0},{"not_picked":["Thunderclap","Dual Wield","Twin Strike"],"picked":"SKIP","floor":18.0},{"not_picked":["Thunderclap","Bloodletting","Havoc"],"picked":"SKIP","floor":19.0},{"not_picked":["Sever Soul+1","Shrug It Off+1"],"picked":"Fire Breathing","floor":20.0},{"not_picked":["Blood for Blood+1","Perfected Strike+1"],"picked":"Power Through","floor":24.0},{"not_picked":["Spot Weakness+1","Flame Barrier","Anger"],"picked":"SKIP","floor":25.0},{"not_picked":["Sword Boomerang","Armaments"],"picked":"Pommel Strike+1","floor":27.0},{"not_picked":["Perfected Strike","Shrug It Off"],"picked":"Wild Strike+1","floor":30.0},{"not_picked":["Rupture+1","Flex"],"picked":"Wild Strike","floor":35.0},{"not_picked":["Armaments","Cleave+1","Feel No Pain+1"],"picked":"SKIP","floor":38.0},{"not_picked":["Havoc","Hemokinesis","Perfected Strike"],"picked":"SKIP","floor":42},{"not_picked":["Hemokinesis","Seeing Red+1","Perfected Strike+1"],"picked":"SKIP","floor":44},{"not_picked":["Clash+1","Armaments","Heavy Blade"],"picked":"SKIP","floor":45},{"not_picked":["Intimidate","Pummel+1","Sword Boomerang+1"],"picked":"SKIP","floor":48},{"not_picked":["Body Slam+1","Fiend Fire","Rupture+1"],"picked":"SKIP","floor":54}],"player_experience":146854,"relics_obtained":[{"floor":8.0,"key":"Paper Frog"},{"floor":9.0,"key":"War Paint"},{"floor":24.0,"key":"Boot"},{"floor":26.0,"key":"Matryoshka"},{"floor":36.0,"key":"Calipers"},{"floor":39.0,"key":"Ice Cream"},{"floor":43,"key":"Blood Vial"},{"floor":44,"key":"TungstenRod"},{"floor":54,"key":"Thread and Needle"}],"event_choices":[{"damage_healed":0.0,"max_hp_gain":0.0,"max_hp_loss":0.0,"gold_gain":175.0,"event_name":"Liars Game","player_choice":"AGREE","floor":4.0,"gold_loss":0.0,"damage_taken":0.0,"cards_obtained":["Doubt"]},{"cards_removed":["Doubt"],"damage_healed":0.0,"max_hp_gain":0.0,"max_hp_loss":0.0,"gold_gain":0.0,"event_name":"The Cleric","player_choice":"Card Removal","floor":5.0,"gold_loss":50.0,"damage_taken":0.0},{"damage_healed":0.0,"max_hp_gain":0.0,"max_hp_loss":0.0,"gold_gain":0.0,"event_name":"NoteForYourself","player_choice":"Ignored","floor":7.0,"gold_loss":0.0,"damage_taken":0.0},{"damage_healed":0.0,"max_hp_gain":5.0,"max_hp_loss":0.0,"gold_gain":0.0,"event_name":"Forgotten Altar","player_choice":"Shed Blood","floor":21.0,"gold_loss":0.0,"damage_taken":20.0},{"damage_healed":28.0,"max_hp_gain":0.0,"max_hp_loss":0.0,"gold_gain":0.0,"event_name":"The Library","player_choice":"Heal","floor":22.0,"gold_loss":0.0,"damage_taken":0.0},{"damage_healed":0.0,"max_hp_gain":0.0,"max_hp_loss":0.0,"gold_gain":0.0,"event_name":"The Mausoleum","player_choice":"Opened","floor":29.0,"gold_loss":0.0,"damage_taken":0.0,"relics_obtained":["Kunai"]},{"damage_healed":0.0,"max_hp_gain":0.0,"max_hp_loss":0.0,"gold_gain":0.0,"event_name":"Mysterious Sphere","player_choice":"Fight","floor":36.0,"gold_loss":0.0,"damage_taken":0.0},{"damage_healed":0.0,"max_hp_gain":0.0,"max_hp_loss":0.0,"gold_gain":0.0,"event_name":"MindBloom","player_choice":"Fight","floor":39.0,"gold_loss":0.0,"damage_taken":0.0},{"damage_healed":23.0,"max_hp_gain":0.0,"max_hp_loss":0.0,"gold_gain":0.0,"event_name":"Winding Halls","player_choice":"Writhe","floor":41.0,"gold_loss":0.0,"damage_taken":0.0,"cards_obtained":["Writhe"]},{"damage_healed":0,"gold_gain":0,"player_choice":"Ignored","damage_taken":0,"max_hp_gain":0,"max_hp_loss":0,"event_name":"The Moai Head","floor":46,"gold_loss":0},{"damage_healed":0,"gold_gain":0,"player_choice":"Forge","damage_taken":0,"max_hp_gain":0,"max_hp_loss":0,"event_name":"Accursed Blacksmith","floor":47,"gold_loss":0,"cards_upgraded":["Offering"]}],"is_beta":false,"boss_relics":[{"not_picked":["Coffee Dripper","Pandora\u0027s Box"],"picked":"SacredBark"},{"not_picked":["Calling Bell","Cursed Key"],"picked":"Runic Cube"}],"items_purged_floors":[11,31,37,53],"is_endless":false,"potions_floor_spawned":[3,12,13,19,30,33,36,42,44,45],"ascension_level":0}}