{"host":"7c48c022du196gjj","time":1612861124,"event":{"mods":["BaseMod","Better Third Choice","Colored Map","Hubris","Minty Spire (QoL Compilation)","Monster B Gone","Quick Restart","Reliquary","Replay The Spire","Say the Spire","Smile Girya","Spicy Shops","StSLib"],"gold_per_floor":[117,135,135,100,100,129,14,29,74,87,87,116,116,116,116,190,190,209,3,3,14,29,29,29,29],"floor_reached":24,"language":"ENG","playtime":899,"items_purged":[],"score":424,"play_id":"e47a330a-05bd-4e5a-aeba-2e6195bdfef5","local_time":"20210209025844","is_ascension_mode":true,"campfire_choices":[{"data":"Endless Agony","floor":11,"key":"SMITH"},{"data":"Deadly Poison","floor":13,"key":"SMITH"},{"floor":15,"key":"DIG"},{"floor":23,"key":"REST"}],"circlet_count":0,"master_deck":["AscendersBane","Strike_G","Strike_G+1","Defend_G+1","Defend_G+1","Defend_G+1","Defend_G+1","Defend_G+1","Survivor","Neutralize","Hidden Blade","Endless Agony+1","Footwork","Terror","Catalyst","Catalyst","Deadly Poison+1","After Image","Sneak Up+1","Sneak Up+1","After Image+1","Hidden Blade","Apotheosis","Dagger Spray","Prepared"],"relics":["Ring of the Snake","NeowsBlessing","hubris:SlimyHat","Snake Skull","Akabeko","reliquary:RoseTintedGlasses","Potion Belt","Replay:Bottled Eggs","Astrolabe"],"acts_visited":["Exordium","TheCity"],"potions_floor_usage":[24],"damage_taken":[{"damage":0,"enemies":"Jaw Worm","floor":1,"turns":1},{"damage":0,"enemies":"Small Slimes","floor":2,"turns":1},{"damage":0,"enemies":"3 Sentries","floor":6,"turns":1},{"damage":2,"enemies":"2 Louse","floor":8,"turns":3},{"damage":11,"enemies":"Red Slaver","floor":10,"turns":4},{"damage":3,"enemies":"Lagavulin","floor":12,"turns":7},{"damage":26,"enemies":"The Guardian","floor":16,"turns":8},{"damage":10,"enemies":"Shell Parasite","floor":18,"turns":5},{"damage":17,"enemies":"Spheric Guardian","floor":21,"turns":5},{"damage":19,"enemies":"Snake Plant","floor":22,"turns":3},{"damage":27,"enemies":"3 Cultists","floor":24,"turns":6}],"seed_played":"3090868712526617055","potions_obtained":[{"floor":6,"key":"Fire Potion"},{"floor":8,"key":"SteroidPotion"},{"floor":16,"key":"Energy Potion"},{"floor":21,"key":"LifebloodPotion"},{"floor":22,"key":"Flashbang"}],"is_trial":false,"path_per_floor":["M","M","?","?","?","E","$","M","T","M","R","E","R","T","R_BF","B",null,"M","$","?","M","M","R","M"],"character_chosen":"THE_SILENT","items_purchased":["Footwork","Terror","Apotheosis"],"campfire_rested":1,"item_purchase_floors":[7,7,19],"current_hp_per_floor":[59,59,39,55,55,55,55,53,53,42,42,39,39,39,39,13,53,43,43,43,26,7,26,0,0],"gold":29,"neow_bonus":"THREE_ENEMY_KILL","is_daily":false,"chose_seed":false,"campfire_upgraded":2,"win_rate":0.0,"timestamp":1612861124,"path_taken":["M","M","?","?","?","E","$","?","T","M","R","E","R","?","R_BF","BOSS","M","$","?","?","M","R","?"],"items_purchased_type":["Card","Card","Card"],"build_version":"2020-12-22","purchased_purges":0,"victory":false,"max_hp_per_floor":[66,66,66,66,66,66,66,66,66,66,66,66,66,66,66,66,66,66,66,66,66,66,66,66,66],"card_choices":[{"not_picked":["Distraction","Slice"],"picked":"Hidden Blade","floor":1},{"not_picked":["PiercingWail","Infinite Blades"],"picked":"Blade Dance","floor":2},{"not_picked":["Acrobatics","Slice"],"picked":"Endless Agony","floor":6},{"not_picked":["Toxin Wave","Dagger Throw"],"picked":"Catalyst","floor":8},{"not_picked":["Terror","Flying Knee"],"picked":"Catalyst","floor":10},{"not_picked":["Bane","hubris:SlightOfHand"],"picked":"Deadly Poison","floor":12},{"not_picked":["Bullet Time","ReplayTheSpireMod:From All Sides"],"picked":"After Image","floor":16},{"not_picked":["All Out Attack","Flechettes+1"],"picked":"Hidden Blade","floor":18},{"not_picked":["Dodge and Roll","Sucker Punch"],"picked":"Dagger Spray","floor":21},{"not_picked":["PiercingWail","Choke"],"picked":"Prepared","floor":22}],"player_experience":875672,"relics_obtained":[{"floor":6,"key":"Snake Skull"},{"floor":9,"key":"Akabeko"},{"floor":12,"key":"reliquary:RoseTintedGlasses"},{"floor":14,"key":"Potion Belt"},{"floor":15,"key":"Replay:Bottled Eggs"}],"event_choices":[{"damage_healed":59,"gold_gain":0,"player_choice":"Upgrade","damage_taken":20,"max_hp_gain":0,"max_hp_loss":66,"event_name":"betterThird:BetterShining","floor":3,"gold_loss":0,"cards_upgraded":["Defend_G","Strike_G"]},{"damage_healed":16,"gold_gain":0,"player_choice":"Healed","damage_taken":0,"max_hp_gain":0,"max_hp_loss":0,"event_name":"The Cleric","floor":4,"gold_loss":35},{"cards_removed":["Blade Dance"],"damage_healed":0,"gold_gain":0,"player_choice":"Gave Card","damage_taken":0,"relics_obtained":["hubris:SlimyHat"],"max_hp_gain":0,"max_hp_loss":0,"event_name":"WeMeetAgain","floor":5,"gold_loss":0},{"damage_healed":0,"gold_gain":0,"player_choice":"0 cards matched","damage_taken":0,"max_hp_gain":0,"max_hp_loss":0,"event_name":"Match and Keep!","floor":20,"gold_loss":0,"cards_obtained":[]}],"is_beta":false,"boss_relics":[{"not_picked":["Runic Pyramid","Replay:Bronze Core"],"picked":"Astrolabe"}],"items_purged_floors":[],"is_endless":false,"potions_floor_spawned":[6,8,16,21,22],"killed_by":"3 Cultists","ascension_level":17}}