{"host":"a1eatafr7pisesky","time":1612851691,"event":{"mods":["AchievementEnabler","BaseMod","Colored Map","Keyboard Shortcuts","Minty Spire (QoL Compilation)","Say the Spire","StSLib","SuperFastMode","everything is the same but u backflip on backflip"],"gold_per_floor":[116,41,58,58,58,88,100,49,72,101,26,39,69,80,80,158,158,171,261,275,285,95,95,111,111,111,17,31,58,18,31,31,31,31],"floor_reached":33,"language":"KOR","playtime":932,"items_purged":["Strike_R","Strike_R","Strike_R"],"score":562,"play_id":"dd179a1a-399f-48af-94e7-2d3f3b5d4fcf","local_time":"20210209152131","is_ascension_mode":true,"campfire_choices":[{"floor":15.0,"key":"REST"},{"floor":23.0,"key":"REST"},{"data":"Barricade","floor":25.0,"key":"SMITH"},{"floor":32.0,"key":"REST"}],"circlet_count":0,"master_deck":["AscendersBane","Strike_R+1","Defend_R+1","Defend_R","Defend_R","Defend_R","Bash","Armaments","Flex","Barricade+1","Burning Pact","Shrug It Off","Battle Trance","Carnage","Wild Strike","Body Slam","Corruption","Fire Breathing","Armaments+1","Shrug It Off","Evolve","Cleave","Flame Barrier","Warcry","Disarm","Second Wind","Entrench+1"],"relics":["Burning Blood","NeowsBlessing","PreservedInsect","Torii","Smiling Mask","MealTicket","Charon\u0027s Ashes","SacredBark","Potion Belt","Anchor"],"acts_visited":["Exordium","TheCity"],"potions_floor_usage":[],"damage_taken":[{"damage":0.0,"enemies":"2 Louse","floor":1.0,"turns":1.0},{"damage":0.0,"enemies":"Jaw Worm","floor":3.0,"turns":1.0},{"damage":0.0,"enemies":"3 Sentries","floor":6.0,"turns":2.0},{"damage":0.0,"enemies":"Cultist","floor":7.0,"turns":2.0},{"damage":27.0,"enemies":"Lagavulin","floor":10.0,"turns":6.0},{"damage":19.0,"enemies":"Exordium Thugs","floor":12.0,"turns":6.0},{"damage":8.0,"enemies":"Gremlin Nob","floor":13.0,"turns":3.0},{"damage":21.0,"enemies":"Red Slaver","floor":14.0,"turns":5.0},{"damage":17.0,"enemies":"Slime Boss","floor":16.0,"turns":13.0},{"damage":43.0,"enemies":"Spheric Guardian","floor":18.0,"turns":6.0},{"damage":0.0,"enemies":"Shell Parasite","floor":20.0,"turns":3.0},{"damage":8.0,"enemies":"Chosen and Byrds","floor":21.0,"turns":4.0},{"damage":13.0,"enemies":"3 Cultists","floor":24.0,"turns":5.0},{"damage":18.0,"enemies":"Centurion and Healer","floor":28.0,"turns":7.0},{"damage":19.0,"enemies":"Gremlin Leader","floor":29.0,"turns":5.0},{"damage":23.0,"enemies":"Snecko","floor":31.0,"turns":6.0},{"damage":55,"enemies":"Collector","floor":33,"turns":9}],"seed_played":"2286265654812395831","potions_obtained":[{"floor":3.0,"key":"BloodPotion"},{"floor":7.0,"key":"ColorlessPotion"},{"floor":10.0,"key":"FearPotion"},{"floor":13.0,"key":"EssenceOfSteel"},{"floor":18.0,"key":"Fire Potion"},{"floor":20.0,"key":"DuplicationPotion"}],"is_trial":false,"path_per_floor":["M","$","M","?","?","E","M","$","T","E","?","M","E","M","R","B",null,"M","?","M","M","$","R","M","R","T","$","M","E","$","M","R","B"],"character_chosen":"IRONCLAD","items_purchased":["Shrug It Off","Shrug It Off","Evolve","Flame Barrier","Second Wind"],"campfire_rested":3,"item_purchase_floors":[8,22,22,27,30],"current_hp_per_floor":[74,74,75,52,41,47,53,53,53,32,32,19,17,17,39,28,63,26,8,14,12,27,49,42,42,42,57,45,32,47,30,52,0,0],"gold":31,"neow_bonus":"THREE_ENEMY_KILL","is_daily":false,"chose_seed":false,"campfire_upgraded":1,"win_rate":0.0,"timestamp":1612851691,"path_taken":["M","$","M","?","?","E","M","$","T","E","?","M","E","M","R","BOSS","M","?","M","M","?","R","M","R","T","$","?","E","?","M","R","BOSS"],"items_purchased_type":["Card","Card","Card","Card","Card"],"build_version":"2020-12-22","purchased_purges":3,"victory":false,"max_hp_per_floor":[75,75,75,75,75,75,75,75,75,75,75,75,75,75,75,75,75,75,75,75,75,75,75,75,75,75,75,75,75,75,75,75,75,75],"card_choices":[{"not_picked":["Evolve","Iron Wave"],"picked":"Armaments","floor":1.0},{"not_picked":["Shrug It Off","Heavy Blade"],"picked":"Flex","floor":3.0},{"not_picked":["Searing Blow","Dual Wield"],"picked":"Barricade","floor":6.0},{"not_picked":["True Grit","Inflame"],"picked":"Burning Pact","floor":7.0},{"not_picked":["Headbutt","Sword Boomerang"],"picked":"Battle Trance","floor":10.0},{"not_picked":["Intimidate","Twin Strike"],"picked":"Carnage","floor":12.0},{"not_picked":["Anger","Warcry"],"picked":"Wild Strike","floor":13.0},{"not_picked":["Thunderclap","Heavy Blade"],"picked":"Body Slam","floor":14.0},{"not_picked":["Limit Break","Bludgeon"],"picked":"Corruption","floor":16.0},{"not_picked":["Thunderclap","Perfected Strike"],"picked":"Fire Breathing","floor":18.0},{"not_picked":["Anger","Twin Strike","Clash+1"],"picked":"SKIP","floor":20.0},{"not_picked":["Twin Strike","Shrug It Off"],"picked":"Armaments+1","floor":21.0},{"not_picked":["Flex","Rupture"],"picked":"Cleave","floor":24.0},{"not_picked":["Clash","Pommel Strike"],"picked":"Warcry","floor":28.0},{"not_picked":["Evolve","Exhume"],"picked":"Disarm","floor":29.0},{"not_picked":["Rampage","Clash"],"picked":"Entrench+1","floor":31.0}],"player_experience":425994,"relics_obtained":[{"floor":6.0,"key":"Torii"},{"floor":9.0,"key":"Smiling Mask"},{"floor":10.0,"key":"MealTicket"},{"floor":13.0,"key":"Charon\u0027s Ashes"},{"floor":26.0,"key":"Potion Belt"},{"floor":29.0,"key":"Anchor"}],"event_choices":[{"damage_healed":0.0,"max_hp_gain":0.0,"max_hp_loss":0.0,"gold_gain":0.0,"event_name":"Shining Light","player_choice":"Entered Light","floor":4.0,"gold_loss":0.0,"damage_taken":23.0,"cards_upgraded":["Strike_R","Defend_R"]},{"damage_healed":0.0,"max_hp_gain":0.0,"max_hp_loss":0.0,"gold_gain":0.0,"event_name":"Scrap Ooze","player_choice":"Success","floor":5.0,"gold_loss":0.0,"damage_taken":11.0,"relics_obtained":["PreservedInsect"]},{"cards_removed":["Strike_R"],"damage_healed":0.0,"max_hp_gain":0.0,"max_hp_loss":0.0,"gold_gain":0.0,"event_name":"The Cleric","player_choice":"Card Removal","floor":11.0,"gold_loss":75.0,"damage_taken":0.0},{"damage_healed":0.0,"max_hp_gain":0.0,"max_hp_loss":0.0,"gold_gain":90.0,"event_name":"Knowing Skull","player_choice":"POTION GOLD ","floor":19.0,"potions_obtained":["SneckoOil"],"gold_loss":0.0,"damage_taken":18.0,"cards_obtained":[]}],"is_beta":false,"boss_relics":[{"not_picked":["Runic Dome","Empty Cage"],"picked":"SacredBark"}],"items_purged_floors":[2,22,27],"is_endless":false,"potions_floor_spawned":[3,7,10,13,18,20],"killed_by":"Collector","ascension_level":16}}