{"host":"9qgbal69wq5palas","time":1612865830,"event":{"mods":["2.2 Compatiblity","Abigail Mod","AchievementEnabler","Act Like it!","Aspiration","Astrologer","Bartender","BaseMod","Better Altar","Better Note","Better Skull","Better Third Choice","Colored Powertips","Hallownest","Hermit","Highlight Path","Hubris","Infinite Spire","Jorbs\u0027s Wanderer Trilogy","Koishi","Lobotomy","Minty Spire (QoL Compilation)","Potionbrewer","Quick Restart","Random Character Button","Replay The Spire","Shade Mod","Shop Mod","Spicy Shops","StSLib","The Animator","The Bug Knight","The Cursed","The Disciple","The Exalted","The Hierophant","The Necromancer","The Servant 0.9.4","Wandering Minibosses"],"gold_per_floor":[117,132,57,77,91,126,126,145,145,145,179,179,212,227,227,304,304,317,32,43,63,63,97,97,108,108,108,108,137,137,153,153,229,229,241,258,277,277,289,318,331,16,16,16,16,32,32,62,62,62,62,62,62,362,388,388],"floor_reached":57,"language":"ENG","playtime":4540,"items_purged":["TheCursedMod:Strike_TheCursed","TheCursedMod:Defend_TheCursed"],"score":2619,"play_id":"802dc99c-b8aa-4d20-be97-3746dd39522a","local_time":"20210209111710","is_ascension_mode":true,"campfire_choices":[{"data":"TheCursedMod:CursedAmulet","floor":7.0,"key":"SMITH"},{"floor":15.0,"key":"DIG"},{"floor":30.0,"key":"REST"},{"data":"infinitespire:SevenWalls","floor":32.0,"key":"SMITH"},{"floor":44.0,"key":"REST"},{"floor":49,"key":"RECALL"},{"data":"infinitespire:NeuralNetwork","floor":53,"key":"SMITH"}],"circlet_count":0,"master_deck":["AscendersBane","TheCursedMod:Strike_TheCursed+1","TheCursedMod:Defend_TheCursed","TheCursedMod:Defend_TheCursed","TheCursedMod:Defend_TheCursed","TheCursedMod:CursedWand","TheCursedMod:CleanUpWorkshop","TheCursedMod:Dregs","Writhe","TheCursedMod:CircleOfCorruption","TheCursedMod:CursedShiv","TheCursedMod:CursedAmulet+1","TheCursedMod:CircleOfCorruption","TheCursedMod:WearCloak+1","TheCursedMod:WearCloak","TheCursedMod:SpitefulStrike","Injury","TheCursedMod:Torture+1","Pot Of Greed+1","Pot Of Greed+1","TheCursedMod:CircleOfAbyss+1","TheCursedMod:FleshFromBone+1","Pot Of Greed+1","TheCursedMod:StunningStrike","Dramatic Entrance","TheCursedMod:SmokeScreen+1","TheCursedMod:Torture+1","TheCursedMod:Wield","TheCursedMod:SpitefulPray+1","TheCursedMod:TacticalStrike","TheCursedMod:SaltUponWound+1","Delirium","Writhe","infinitespire:SevenWalls+1","TheCursedMod:ReleasedStrength+1","Pot Of Greed+1","TheCursedMod:TacticalStrike","TheCursedMod:VitalStrike","TheCursedMod:FleshFromBone+1","TheCursedMod:Torture+1","TheCursedMod:UltimatePain+1","TheCursedMod:WearCloak+1","TheCursedMod:Torture+1","TheCursedMod:SaltUponWound+1","ReplayTheSpireMod:Scrap Shanks","ReplayTheSpireMod:Scrap Shanks","TheCursedMod:CircleOfCorruption+1","Pot Of Greed+1","infinitespire:NeuralNetwork+1","TheCursedMod:VoidForm","TheCursedMod:CircleOfAbyss+1","TheCursedMod:SpitefulPlan","Deadly Poison+1","TheCursedMod:CursedMace","Backflip+1","Sneak Up+1","TheCursedMod:HellsGateOpen","After Image","TheCursedMod:StunningStrike"],"relics":["TheCursedMod:BlackMagic101","potionbrewer:DrinkingBird","Shovel","Toxic Egg 2","Replay:Rubber Ducky","Grinning Jar","hubris:TerracottaHorce","BargainBundle","aspiration:RitualStick","TheCursedMod:DemonicMark","Nloth\u0027s Gift","hubris:TenFootPole","Replay:Grab Bag","hubris:VirtuousBlindfold","Painkiller Herb","aspiration:SilentSkillbook","Torii","TheCursedMod:SoulVessel","potionbrewer:RamsHorn","Peace Pipe","TheCursedMod:BlackMagicAdvanced","Blue Doll","Bromod:ArcaneMomentum","hubris:NiceRug","Protect_Vest","hubris:Reverence","Toolbox","Garlic","Chameleon Ring","potionbrewer:BoosterPack","Mercury Hourglass"],"acts_visited":["Exordium","TheCity","TheBeyond","TheEnding"],"potions_floor_usage":[50,54,55,56,56,56],"damage_taken":[{"damage":4.0,"enemies":"2 Louse","floor":1.0,"turns":3.0},{"damage":0.0,"enemies":"Small Slimes","floor":2.0,"turns":3.0},{"damage":1.0,"enemies":"Jaw Worm","floor":4.0,"turns":4.0},{"damage":4.0,"enemies":"3 Louse","floor":5.0,"turns":3.0},{"damage":15.0,"enemies":"3 Sentries","floor":6.0,"turns":8.0},{"damage":10.0,"enemies":"Large Slime","floor":8.0,"turns":7.0},{"damage":0.0,"enemies":"Gremlin Nob","floor":11.0,"turns":3.0},{"damage":15.0,"enemies":"3 Sentries","floor":13.0,"turns":12.0},{"damage":0.0,"enemies":"2 Fungi Beasts","floor":14.0,"turns":3.0},{"damage":0.0,"enemies":"Slime Boss","floor":16.0,"turns":6.0},{"damage":0.0,"enemies":"2 Thieves","floor":18.0,"turns":5.0},{"damage":0.0,"enemies":"Spheric Guardian","floor":20.0,"turns":3.0},{"damage":0.0,"enemies":"Snake Plant","floor":21.0,"turns":4.0},{"damage":33.0,"enemies":"Gremlin Leader","floor":23.0,"turns":10.0},{"damage":6.0,"enemies":"3 Cultists","floor":25.0,"turns":5.0},{"damage":0.0,"enemies":"Replay:Snechameleon","floor":29.0,"turns":5.0},{"damage":9.0,"enemies":"Snecko","floor":31.0,"turns":4.0},{"damage":14.0,"enemies":"Champ","floor":33.0,"turns":8.0},{"damage":12.0,"enemies":"Orb Walker","floor":35.0,"turns":3.0},{"damage":48.0,"enemies":"3 Darklings","floor":36.0,"turns":5.0},{"damage":0.0,"enemies":"Jaw Worm Horde","floor":37.0,"turns":5.0},{"damage":27.0,"enemies":"4 Shapes","floor":39.0,"turns":6.0},{"damage":8.0,"enemies":"Giant Head","floor":40.0,"turns":7.0},{"damage":1.0,"enemies":"Maw","floor":41.0,"turns":5.0},{"damage":0.0,"enemies":"Writhing Mass","floor":46.0,"turns":3.0},{"damage":1,"enemies":"Nemesis","floor":48,"turns":4},{"damage":37,"enemies":"infinitespire:MassOfShapes","floor":50,"turns":8},{"damage":0,"enemies":"hubris:Merchant","floor":54,"turns":5},{"damage":0,"enemies":"Shield and Spear","floor":55,"turns":6},{"damage":33,"enemies":"The Heart","floor":56,"turns":7}],"seed_played":"6965258084593024548","potions_obtained":[{"floor":4.0,"key":"PowerPotion"},{"floor":5.0,"key":"Strength Potion"},{"floor":8.0,"key":"Reflective Coating"},{"floor":14.0,"key":"Reflective Coating"},{"floor":18.0,"key":"potionbrewer:BoundlessPotion"},{"floor":33.0,"key":"PowerPotion"},{"floor":41.0,"key":"PowerPotion"},{"floor":46.0,"key":"potionbrewer:BarricadePotion"},{"floor":54,"key":"PowerPotion"}],"is_trial":false,"path_per_floor":["M","M","$","M","M","E","R","M","T","?","E","?","E","M","R","B",null,"M","$","M","M","?","E","?","M","T","?","?","E","R","M","R","B",null,"?","?","?","?","?","E","?","T","T","T","AVR","?","?","E","T","B",null,null,"T","T","E","B",null],"character_chosen":"THE_CURSED","items_purchased":["TheCursedMod:CursedAmulet","BargainBundle","TheCursedMod:StunningStrike","Dramatic Entrance","TheCursedMod:SmokeScreen+1","TheCursedMod:Torture+1","TheCursedMod:Wield","TheCursedMod:CircleOfCorruption+1","potionbrewer:RamsHorn"],"campfire_rested":2,"item_purchase_floors":[3,19,19,19,19,19,19,42,42],"current_hp_per_floor":[74,74,74,73,69,54,54,44,44,27,27,27,12,12,12,12,67,67,67,67,67,46,13,13,7,7,7,7,7,32,23,23,9,66,60,18,24,30,9,7,16,22,28,59,65,73,79,85,85,54,60,80,85,85,85,58],"gold":388,"neow_bonus":"TWENTY_PERCENT_HP_BONUS","is_daily":false,"chose_seed":false,"campfire_upgraded":3,"win_rate":0.0,"timestamp":1612865830,"path_taken":["M","M","$","M","M","E","R","M","T","?","E","?","E","M","R","BOSS","M","$","M","M","?","E","?","M","T","?","?","E","R","?","R","BOSS","?","?","?","?","?","E","?","?","T","T","AVR","?","?","E","T","BOSS","T","T","E","BOSS"],"items_purchased_type":["Card","Relic","Card","Card","Card","Card","Card","Card","Relic"],"build_version":"2020-12-22","purchased_purges":2,"victory":true,"max_hp_per_floor":[85,85,85,85,85,85,85,85,85,85,85,85,85,85,85,85,85,85,85,85,85,85,85,85,85,85,85,85,85,85,85,85,85,85,85,85,85,85,85,85,85,85,85,85,85,85,85,85,85,85,85,85,85,85,85,85],"card_choices":[{"not_picked":["TheCursedMod:HellsGateOpen","TheCursedMod:Wield"],"picked":"TheCursedMod:CircleOfCorruption","floor":1.0},{"not_picked":["TheCursedMod:CursedMace","TheCursedMod:CircleOfFocus"],"picked":"TheCursedMod:CursedShiv","floor":2.0},{"not_picked":["TheCursedMod:RavingStaff","TheCursedMod:CursedShiv"],"picked":"TheCursedMod:CircleOfCorruption","floor":4.0},{"not_picked":["TheCursedMod:Obscuration","TheCursedMod:Wield"],"picked":"TheCursedMod:WearCloak","floor":5.0},{"not_picked":["TheCursedMod:StingEye","TheCursedMod:CursedStaff"],"picked":"TheCursedMod:WearCloak","floor":6.0},{"not_picked":["TheCursedMod:CursedAmulet","TheCursedMod:SmokeScreen","TheCursedMod:SpreadPlague"],"picked":"SKIP","floor":8.0},{"not_picked":["TheCursedMod:CursedShiv","TheCursedMod:RavingStaff"],"picked":"TheCursedMod:SpitefulStrike","floor":11.0},{"not_picked":["TheCursedMod:CursedAmulet+1","TheCursedMod:CursedMace","TheCursedMod:CircleOfFlame+1"],"picked":"SKIP","floor":13.0},{"not_picked":["TheCursedMod:CursedBoomerang","TheCursedMod:BlessingInDisguise+1"],"picked":"TheCursedMod:Torture+1","floor":14.0},{"not_picked":["TheCursedMod:DemonSword","TheCursedMod:DarkBarrier+1"],"picked":"TheCursedMod:CircleOfAbyss+1","floor":16.0},{"not_picked":["TheCursedMod:SoulCrush+1","TheCursedMod:Stigma+1"],"picked":"TheCursedMod:FleshFromBone+1","floor":18.0},{"not_picked":["TheCursedMod:TroublousMinions+1","TheCursedMod:EmpowerCircles"],"picked":"TheCursedMod:SpitefulPray+1","floor":20.0},{"not_picked":["TheCursedMod:CursedArmor+1","TheCursedMod:Stretching+1"],"picked":"TheCursedMod:TacticalStrike","floor":21.0},{"not_picked":["TheCursedMod:CursedMace","TheCursedMod:CircleOfFlame+1"],"picked":"TheCursedMod:SaltUponWound+1","floor":23.0},{"not_picked":["infinitespire:Execution","infinitespire:Gouge"],"picked":"infinitespire:SevenWalls","floor":24.0},{"not_picked":["TheCursedMod:ReleasedKnowledge+1","TheCursedMod:Wield"],"picked":"TheCursedMod:ReleasedStrength+1","floor":25.0},{"not_picked":["TheCursedMod:SoulCrush","TheCursedMod:CursedMace+1"],"picked":"TheCursedMod:FleshFromBone+1","floor":29.0},{"not_picked":["TheCursedMod:SoulCrush","TheCursedMod:SpreadPlague+1"],"picked":"TheCursedMod:Torture+1","floor":31.0},{"not_picked":["TheCursedMod:StunningStrike","TheCursedMod:DarkBarrier+1"],"picked":"TheCursedMod:UltimatePain+1","floor":33.0},{"not_picked":["TheCursedMod:SmokeScreen+1","Expertise+1","TheCursedMod:HellsGateOpen"],"picked":"TheCursedMod:WearCloak+1","floor":35.0},{"not_picked":["TheCursedMod:VitalStrike","ReplayTheSpireMod:Necrosis+1","TheCursedMod:CursedRelics"],"picked":"TheCursedMod:Torture+1","floor":36.0},{"not_picked":["Underhanded Strike+1","PiercingWail+1","Flying Knee"],"picked":"TheCursedMod:SaltUponWound+1","floor":37.0},{"not_picked":["Noxious Fumes","TheCursedMod:CursedMace","TheCursedMod:Obscuration+1"],"picked":"TheCursedMod:ReleasedKnowledge+1","floor":39.0},{"not_picked":["ReplayTheSpireMod:Shiv Toss+1","TheCursedMod:ReleasedKnowledge+1","Burst+1"],"picked":"ReplayTheSpireMod:Scrap Shanks","floor":40.0},{"not_picked":["hubris:Counter","TheCursedMod:RapidMovement+1","Masterful Stab"],"picked":"ReplayTheSpireMod:Scrap Shanks","floor":41.0},{"not_picked":["TheCursedMod:SurpriseAttack","TheCursedMod:CursedAmulet+1","Replay:Poison Smokescreen+1"],"picked":"TheCursedMod:VoidForm","floor":46.0},{"not_picked":["TheCursedMod:WearCloak+1","TheCursedMod:Evocation+1","TheCursedMod:CircleOfFlame+1"],"picked":"TheCursedMod:SpitefulPlan","floor":48},{"not_picked":["Sucker Punch"],"picked":"SKIP","floor":54},{"not_picked":["TheCursedMod:TacticalStrike"],"picked":"SKIP","floor":54},{"not_picked":["TheCursedMod:FleshFromBone+1"],"picked":"SKIP","floor":54},{"not_picked":["Deadly Poison+1"],"picked":"SKIP","floor":54},{"not_picked":["TheCursedMod:EmpowerCircles"],"picked":"SKIP","floor":54},{"not_picked":["Replay:Sssssssssshield+1"],"picked":"SKIP","floor":54},{"not_picked":["Crow Ritual"],"picked":"SKIP","floor":54},{"not_picked":["TheCursedMod:FleshFromBone+1","Leg Sweep+1","TheCursedMod:DemonicPact"],"picked":"TheCursedMod:StunningStrike","floor":55}],"player_experience":2739095,"relics_obtained":[{"floor":6.0,"key":"potionbrewer:DrinkingBird"},{"floor":11.0,"key":"Shovel"},{"floor":13.0,"key":"Replay:Rubber Ducky"},{"floor":15.0,"key":"Grinning Jar"},{"floor":23.0,"key":"Replay:Bottled Flurry"},{"floor":26.0,"key":"TheCursedMod:DemonicMark"},{"floor":29.0,"key":"hubris:TenFootPole"},{"floor":40.0,"key":"TheCursedMod:SoulVessel"},{"floor":43.0,"key":"Peace Pipe"},{"floor":48,"key":"Bromod:ArcaneMomentum"},{"floor":54,"key":"Protect_Vest"},{"floor":54,"key":"hubris:Reverence"},{"floor":54,"key":"Toolbox"},{"floor":54,"key":"Garlic"},{"floor":54,"key":"Chameleon Ring"},{"floor":54,"key":"potionbrewer:BoosterPack"},{"floor":55,"key":"Mercury Hourglass"}],"event_choices":[{"damage_healed":44.0,"max_hp_gain":0.0,"max_hp_loss":85.0,"gold_gain":0.0,"event_name":"betterThird:BetterShining","player_choice":"Upgrade","floor":10.0,"gold_loss":0.0,"damage_taken":17.0,"cards_upgraded":["TheCursedMod:Strike_TheCursed","TheCursedMod:WearCloak"]},{"damage_healed":0.0,"max_hp_gain":0.0,"max_hp_loss":0.0,"gold_gain":0.0,"cards_transformed":["TheCursedMod:Strike_TheCursed","TheCursedMod:Strike_TheCursed"],"event_name":"Drug Dealer","player_choice":"Became Test Subject","floor":27.0,"gold_loss":0.0,"damage_taken":0.0,"cards_obtained":["TheCursedMod:TacticalStrike","TheCursedMod:VitalStrike"]},{"damage_healed":0.0,"max_hp_gain":0.0,"max_hp_loss":0.0,"gold_gain":0.0,"event_name":"N\u0027loth","player_choice":"Traded Relic","floor":28.0,"relics_lost":["Replay:Bottled Flurry"],"gold_loss":0.0,"damage_taken":0.0,"relics_obtained":["Nloth\u0027s Gift"]},{"damage_healed":0.0,"max_hp_gain":0.0,"max_hp_loss":0.0,"gold_gain":0.0,"event_name":"WeMeetAgain","player_choice":"Gave Potion","floor":38.0,"gold_loss":0.0,"damage_taken":0.0,"relics_obtained":["Torii"]},{"damage_healed":0.0,"max_hp_gain":0.0,"max_hp_loss":0.0,"gold_gain":0.0,"cards_transformed":["TheCursedMod:ReleasedKnowledge"],"event_name":"Transmorgrifier","player_choice":"Transformed","floor":47.0,"gold_loss":0.0,"damage_taken":0.0,"cards_obtained":["TheCursedMod:CircleOfAbyss"]}],"is_beta":false,"boss_relics":[{"not_picked":["hubris:GrandSneckoEye","Velvet Choker"],"picked":"hubris:TerracottaHorce"},{"not_picked":["Replay:Bronze Core","aspiration:RitualDagger"],"picked":"Replay:Grab Bag"},{"not_picked":["hubris:RunicObelisk","Runic Dome"],"picked":"hubris:VirtuousBlindfold"},{"not_picked":["Replay:Wanted Poster","Sozu"],"picked":"Painkiller Herb"},{"not_picked":["hubris:HollowSoul","Pandora\u0027s Box"],"picked":"aspiration:SilentSkillbook"}],"items_purged_floors":[19,45],"is_endless":false,"potions_floor_spawned":[4,5,8,14,16,18,21,25,33,37,41,46,48,55],"ascension_level":19}}