{"host":"pvf7uj918he10jir","time":1612847186,"event":{"mods":["AchievementEnabler","BaseMod","Colored Map","Colored Powertips","Highlight Path","Minty Spire (QoL Compilation)","Relic Stats","Slay the Relics Exporter","everything is the same but u backflip on backflip"],"gold_per_floor":[110,128,146,146,166,166,198,210,249,274,286,312,341,311,323,335,335],"floor_reached":16,"language":"ENG","playtime":665,"items_purged":[],"score":130,"play_id":"69859e7b-b157-4346-a939-c0ceefa70bec","local_time":"20210209000626","is_ascension_mode":true,"campfire_choices":[{"data":"Tempest","floor":6,"key":"SMITH"},{"data":"Double Energy","floor":11,"key":"SMITH"},{"data":"Defragment","floor":15,"key":"SMITH"}],"circlet_count":0,"master_deck":["Strike_B","Strike_B","Strike_B","Defend_B","Defend_B","Defend_B","Defend_B","Zap","Dualcast","Tempest+1","BootSequence","Stack","Defragment+1","Doom and Gloom","Double Energy+1"],"relics":["Coffee Dripper","DataDisk","MawBank","Akabeko"],"acts_visited":["Exordium"],"potions_floor_usage":[16,16,16],"damage_taken":[{"damage":0,"enemies":"Cultist","floor":1,"turns":3},{"damage":2,"enemies":"Jaw Worm","floor":2,"turns":3},{"damage":0,"enemies":"Small Slimes","floor":3,"turns":3},{"damage":11,"enemies":"Exordium Thugs","floor":5,"turns":4},{"damage":15,"enemies":"Lagavulin","floor":7,"turns":5},{"damage":2,"enemies":"Looter","floor":10,"turns":3},{"damage":4,"enemies":"Red Slaver","floor":12,"turns":3},{"damage":0,"enemies":"3 Louse","floor":13,"turns":1},{"damage":9,"enemies":"Hexaghost","floor":16,"turns":4}],"seed_played":"3095124842560442327","potions_obtained":[{"floor":1,"key":"Weak Potion"},{"floor":3,"key":"PowerPotion"},{"floor":7,"key":"ColorlessPotion"},{"floor":13,"key":"DuplicationPotion"}],"is_trial":false,"path_per_floor":["M","M","M","?","M","R","E","?","T","M","R","M","M","?","R","B"],"character_chosen":"DEFECT","items_purchased":[],"campfire_rested":0,"item_purchase_floors":[],"current_hp_per_floor":[75,73,73,40,29,29,14,14,14,12,12,8,8,8,8,0,0],"gold":335,"neow_bonus":"BOSS_RELIC","is_daily":false,"chose_seed":false,"campfire_upgraded":3,"win_rate":0.0,"timestamp":1612847186,"path_taken":["M","M","?","?","M","R","E","?","T","M","R","?","M","?","R","BOSS"],"items_purchased_type":[],"build_version":"2020-12-22","purchased_purges":0,"victory":false,"max_hp_per_floor":[75,75,75,75,75,75,75,75,75,75,75,75,75,75,75,75,75],"relic_stats":{"counters":[9,29],"MawBank":108,"obtain_stats":[{"DataDisk":4,"Coffee Dripper":0,"Cracked Core":0,"MawBank":7,"Akabeko":9},{"DataDisk":3,"Coffee Dripper":0,"Cracked Core":0,"MawBank":5,"Akabeko":5},{"DataDisk":9,"Coffee Dripper":0,"Cracked Core":0,"MawBank":18,"Akabeko":18}]},"card_choices":[{"not_picked":["Fusion","Coolheaded"],"picked":"Tempest","floor":1},{"not_picked":["Rebound","Gash"],"picked":"BootSequence","floor":2},{"not_picked":["Capacitor","Sunder"],"picked":"Stack","floor":3},{"not_picked":["Melter","Stack","Go for the Eyes"],"picked":"SKIP","floor":5},{"not_picked":["Turbo","Streamline"],"picked":"Defragment","floor":7},{"not_picked":["Hello World","Barrage"],"picked":"Double Energy","floor":10},{"not_picked":["Rebound","Doom and Gloom","Melter"],"picked":"SKIP","floor":12},{"not_picked":["Aggregate","Cold Snap","Static Discharge"],"picked":"SKIP","floor":13}],"player_experience":172229,"relics_obtained":[{"floor":7,"key":"MawBank"},{"floor":9,"key":"Akabeko"}],"event_choices":[{"damage_healed":0,"gold_gain":0,"player_choice":"Success","damage_taken":33,"relics_obtained":["DataDisk"],"max_hp_gain":0,"max_hp_loss":0,"event_name":"Scrap Ooze","floor":4,"gold_loss":0},{"damage_healed":0,"gold_gain":0,"cards_transformed":["Strike_B"],"player_choice":"Transformed","damage_taken":0,"max_hp_gain":0,"max_hp_loss":0,"event_name":"Transmorgrifier","floor":8,"gold_loss":0,"cards_obtained":["Doom and Gloom"]},{"damage_healed":0,"gold_gain":0,"player_choice":"Left Gold","damage_taken":0,"max_hp_gain":0,"max_hp_loss":0,"event_name":"World of Goop","floor":14,"gold_loss":42}],"is_beta":false,"boss_relics":[],"items_purged_floors":[],"is_endless":false,"potions_floor_spawned":[1,3,7,13],"killed_by":"Hexaghost","ascension_level":5}}