{"host":"1zjc08c6hob33401","time":1612885403,"event":{"mods":["AchievementEnabler","Act Like it!","Aspiration","BaseMod","Downfall","Elementarium","Energized Spire","Evolution","Friendly Minions","Gensokyo","GifTheSpireLib","Hubris","Infinite Spire","Jedi Mod","Menagerie","Minty Spire (QoL Compilation)","Pale of the Ancients","Quick Restart","Reliquary","Replay The Spire","Retaliation","Shop Mod","Spicy Shops","Spire Arcade","StS++","StSLib","Stuff the Spire","The Blue Laboratory","Wandering Minibosses","??????REMEMod"],"gold_per_floor":[119,119,135,152,35,35,61,61,61,89,126,63,163,175,175,212,162,170,180,9,22,22,22,37,37,37,50,7,7,7,16,16,16,16,53,53,66,66,66,74,74,74],"floor_reached":41,"language":"RUS","playtime":2686,"items_purged":["Defend_B","Shame"],"score":799,"play_id":"7372df40-bd0d-4e09-ad53-d9f426492606","local_time":"20210209174323","is_ascension_mode":true,"campfire_choices":[{"data":"StuffTheSpire:ForEach","floor":6.0,"key":"SMITH"},{"data":"StuffTheSpire:ForEach","floor":8.0,"key":"SMITH"},{"data":"Ball Lightning","floor":15.0,"key":"SMITH"},{"floor":23.0,"key":"REST"},{"floor":34.0,"key":"REST"}],"circlet_count":0,"master_deck":["AscendersBane","Rebound","Sweeping Beam","jedi:BurstLightning","Ball Lightning+1","Conserve Battery","jedi:BurstFrost","Defend_B+1","Zap","Dualcast","StuffTheSpire:ForEach+1","StuffTheSpire:ForEach+1","Cold Snap","Steam","Glacier","Conserve Battery","Chill","ReplayTheSpireMod:Calculation Training","Ball Lightning","ReplayRNGCard","Strike_B+1","Cold Snap","Steam+1","StSpp:Channeliser+1","StuffTheSpire:Vigor","Recycle+1","Ball Lightning","StSpp:Channeliser+1","Machine Learning","hubris:PowerSurge","Creative AI","Stack","Tempest+1"],"relics":["Cracked Core","EVO:Axolotl","REME_ComplimentaryCards","Menagerie:HuntersKnife","jedi:bottledfury","StuffTheSpire:EmeraldSignet","Bottled Flame","Menagerie:Aurumvore","energizedSpire:HugeHouse","Replay:Multitool","Ornamental Fan","Simple Rune","StuffTheSpire:Wildfire","Elementarium:ElementariumTrophy","StSpp:Magatama","hubris:Icosahedron"],"acts_visited":["Menagerie:Menagerie","Elementarium:Elementarium","TheBeyond"],"potions_floor_usage":[41,41],"damage_taken":[{"damage":1.0,"enemies":"Menagerie:2_RABBITS","floor":1.0,"turns":3.0},{"damage":2.0,"enemies":"Menagerie:MonstrousExperiment","floor":3.0,"turns":2.0},{"damage":8.0,"enemies":"Menagerie:WhisperingWraith","floor":4.0,"turns":3.0},{"damage":12.0,"enemies":"Menagerie:MaskedSummoner","floor":7.0,"turns":8.0},{"damage":3.0,"enemies":"Menagerie:VoidReaper","floor":10.0,"turns":6.0},{"damage":1.0,"enemies":"Menagerie:DREAD_MOTH_AND_GRAFTED_WORMS","floor":11.0,"turns":3.0},{"damage":1.0,"enemies":"Menagerie:MENAGERIE_WILDLIFE","floor":14.0,"turns":2.0},{"damage":7.0,"enemies":"Menagerie:Chimera","floor":16.0,"turns":6.0},{"damage":0.0,"enemies":"Elementarium:VoidCorruption","floor":18.0,"turns":3.0},{"damage":0.0,"enemies":"Elementarium:MUD_AND_TAR_GOLEMS","floor":19.0,"turns":3.0},{"damage":30.0,"enemies":"Elementarium:CYCLONE_AND_ORB_OF_FIRE","floor":21.0,"turns":5.0},{"damage":9.0,"enemies":"Elementarium:FIRE_NOBILITY","floor":24.0,"turns":8.0},{"damage":20.0,"enemies":"Elementarium:WarGolem","floor":27.0,"turns":3.0},{"damage":8.0,"enemies":"Elementarium:STONE_GOLEMS","floor":28.0,"turns":7.0},{"damage":0.0,"enemies":"Elementarium:CYCLONE_AND_LIVING_STORMCLOUD","floor":31.0,"turns":5.0},{"damage":17.0,"enemies":"Elementarium:PHOENIXES","floor":35.0,"turns":11.0},{"damage":31.0,"enemies":"3 Shapes","floor":37.0,"turns":4.0},{"damage":11.0,"enemies":"3 Darklings","floor":40.0,"turns":6.0},{"damage":15,"enemies":"Maw","floor":41,"turns":6}],"seed_played":"-4167471632114959400","potions_obtained":[{"floor":4.0,"key":"blueLaboratory:NullPotion"},{"floor":14.0,"key":"champ:CounterPotion"},{"floor":16.0,"key":"blueLaboratory:CoolantVial"},{"floor":19.0,"key":"DDmod:CleansePotion"},{"floor":21.0,"key":"Energy Potion"},{"floor":24.0,"key":"Fire Potion"},{"floor":27.0,"key":"blueLaboratory:SystemWipe"},{"floor":31.0,"key":"blueLaboratory:BottleOfRum"},{"floor":37.0,"key":"blueLaboratory:LouseDecoction"},{"floor":40.0,"key":"hexamod:SoulburnPotion"}],"is_trial":false,"path_per_floor":["M","?","M","M","$","R","E","R","T","E","M","?","?","M","R","B",null,"M","M","$","M","?","R","E","AVR","T","E","M","PTL","PTL","M","$","?","R","B",null,"M","?","?","M","M"],"character_chosen":"DEFECT","items_purchased":["Glacier","jedi:laserpointer"],"campfire_rested":2,"item_purchase_floors":[5,20],"current_hp_per_floor":[63,63,61,53,53,53,41,41,41,38,43,43,43,44,44,37,54,54,54,54,24,24,41,32,32,32,12,4,4,4,4,4,4,21,6,46,15,15,15,4,0,0],"gold":74,"neow_bonus":"ONE_RANDOM_RARE_CARD","is_daily":false,"chose_seed":false,"campfire_upgraded":3,"win_rate":0.0,"timestamp":1612885403,"path_taken":["M","?","M","?","$","R","E","R","T","E","M","?","?","?","R","BOSS","M","M","$","M","?","R","E","AVR","T","E","M","PTL","PTL","M","$","?","R","BOSS","M","?","?","?","M"],"items_purchased_type":["Card","Relic"],"build_version":"2020-12-22","purchased_purges":2,"victory":false,"max_hp_per_floor":[71,64,64,64,64,64,64,64,64,64,64,64,64,64,64,64,59,59,59,59,59,59,59,59,59,59,59,59,59,59,59,59,59,59,59,59,59,59,59,59,59,59],"card_choices":[{"not_picked":["jedi:BurstFrost","ReplayGash"],"picked":"Cold Snap","floor":1.0},{"not_picked":["Hologram","Rebound"],"picked":"Melter","floor":3.0},{"not_picked":["BasicCrystalCard","hubris:Ukulele"],"picked":"Steam","floor":4.0},{"not_picked":["Gash","StuffTheSpire:Rend"],"picked":"Conserve Battery","floor":7.0},{"not_picked":["ReplayTheSpireMod:GoodbyeWorld","Fusion"],"picked":"Chill","floor":10.0},{"not_picked":["BasicCrystalCard","Sweeping Beam"],"picked":"ReplayTheSpireMod:Calculation Training","floor":11.0},{"not_picked":["Time Bomb","Barrage"],"picked":"Ball Lightning","floor":14.0},{"not_picked":["Meteor Strike","StuffTheSpire:LaunchingStrike"],"picked":"ReplayRNGCard","floor":16.0},{"not_picked":["Barrage","Stack"],"picked":"Steam+1","floor":18.0},{"not_picked":["Steam","jedi:blockon"],"picked":"Echo Form","floor":19.0},{"not_picked":["Barrage","jedi:sharpshooter"],"picked":"StSpp:Channeliser+1","floor":21.0},{"not_picked":["StuffTheSpire:Brawn","StuffTheSpire:Rapture"],"picked":"StuffTheSpire:Vigor","floor":22.0},{"not_picked":["Steam","Consume"],"picked":"Recycle+1","floor":24.0},{"not_picked":["Beam Cell","jedi:blockon"],"picked":"Ball Lightning","floor":27.0},{"not_picked":["Sunder","StuffTheSpire:LoadUp"],"picked":"StSpp:Channeliser+1","floor":28.0},{"not_picked":["jedi:BurstLightning","Chill"],"picked":"Machine Learning","floor":31.0},{"not_picked":["jedi:BurstDark","Amplify"],"picked":"Creative AI","floor":35.0},{"not_picked":["REME_SelfUpgrade","Streamline"],"picked":"Stack","floor":37.0},{"not_picked":["Cold Snap","StuffTheSpire:NuclearReactor"],"picked":"Tempest+1","floor":40.0}],"player_experience":735814,"relics_obtained":[{"floor":7.0,"key":"jedi:bottledfury"},{"floor":9.0,"key":"StuffTheSpire:EmeraldSignet"},{"floor":10.0,"key":"Bottled Flame"},{"floor":24.0,"key":"Replay:Multitool"},{"floor":26.0,"key":"Simple Rune"},{"floor":27.0,"key":"StuffTheSpire:Wildfire"}],"event_choices":[{"damage_healed":0.0,"max_hp_gain":0.0,"max_hp_loss":7.0,"gold_gain":0.0,"event_name":"Menagerie:BigGameHunter","player_choice":"Take","floor":2.0,"gold_loss":0.0,"damage_taken":0.0,"relics_obtained":["Menagerie:HuntersKnife"]},{"damage_healed":0.0,"max_hp_gain":0.0,"max_hp_loss":0.0,"gold_gain":0.0,"event_name":"Menagerie:ScentOfGold","player_choice":"Pacify","floor":12.0,"gold_loss":0.0,"damage_taken":0.0,"relics_obtained":["Menagerie:Aurumvore"]},{"damage_healed":0.0,"max_hp_gain":0.0,"max_hp_loss":0.0,"gold_gain":200.0,"event_name":"Menagerie:SpiderNest","player_choice":"Raid","floor":13.0,"gold_loss":0.0,"damage_taken":0.0,"cards_obtained":["Shame"]},{"damage_healed":0.0,"max_hp_gain":0.0,"max_hp_loss":0.0,"gold_gain":0.0,"event_name":"Elementarium:LostScrolls","player_choice":"Read","floor":33.0,"gold_loss":0.0,"damage_taken":0.0,"cards_obtained":["hubris:PowerSurge"]},{"cards_removed":["Echo Form"],"damage_healed":0.0,"max_hp_gain":0.0,"max_hp_loss":0.0,"gold_gain":0.0,"event_name":"Falling","player_choice":"Removed Power","floor":38.0,"gold_loss":0.0,"damage_taken":0.0}],"is_beta":false,"boss_relics":[{"not_picked":["hubris:ScarierMask","Philosopher\u0027s Stone"],"picked":"energizedSpire:HugeHouse"},{"not_picked":["StSpp:FireArrow","FrozenCore"],"picked":"StSpp:Magatama"}],"items_purged_floors":[5,25],"is_endless":false,"potions_floor_spawned":[4,14,16,19,21,24,27,31,37,40],"killed_by":"Maw","ascension_level":19}}