{"host":"b7j598ve05halrwk","time":1612836513,"event":{"mods":["2.2 Compatiblity","BaseMod","Block Reminder","DeckTracker","Minty Spire (QoL Compilation)","Relic Stats","Slay the Relics Exporter","StSLib","ojb\u0027s Better Paths Mod","ojb\u0027s Info Mod"],"gold_per_floor":[110,110,128,128,13,43,43,73,73,85,119,133,150,169,169,247,247,263,163,163,179,199,234,248,277,347,347,359,359,390,440,440,517,517,534,1533,1533,829,848,876,876,876,947,960,960,979,994,1026,1026,1026,1026,1026],"floor_reached":51,"language":"ENG","playtime":4083,"items_purged":["Pain","Regret","Normality"],"score":1774,"play_id":"20327757-5fa6-44f9-8e23-6b6fea6eed5f","local_time":"20210208210833","is_ascension_mode":true,"campfire_choices":[{"data":"Sweeping Beam","floor":7.0,"key":"SMITH"},{"data":"Electrodynamics","floor":15,"key":"SMITH"},{"data":"Fission","floor":32,"key":"SMITH"},{"data":"Loop","floor":41,"key":"SMITH"},{"data":"Biased Cognition","floor":45,"key":"SMITH"},{"floor":49,"key":"RECALL"}],"circlet_count":0,"master_deck":["AscendersBane","Strike_B+1","Strike_B+1","Defend_B+1","Defend_B+1","Defend_B+1","Defend_B+1","Zap","Dualcast","Sweeping Beam+1","Glacier","Hello World","Coolheaded","Electrodynamics+1","Barrage","Ball Lightning","Turbo","Aggregate","Tempest","Multi-Cast","Leap","Loop+1","Amplify","Defragment+1","Lockon+1","BootSequence","Coolheaded","Fission+1","Cold Snap","Turbo+1","All For One","Glacier","Static Discharge","Hologram+1","Go for the Eyes+1","Biased Cognition+1","Compile Driver","Undo","Creative AI"],"relics":["Cracked Core","NeowsBlessing","Gambling Chip","WarpedTongs","Du-Vu Doll","Thread and Needle","Bottled Lightning","CaptainsWheel","Coffee Dripper","Mango","Bag of Marbles","HornCleat","PreservedInsect","DataDisk","SlaversCollar","Sling","Akabeko","MealTicket","Question Card","Regal Pillow"],"acts_visited":["Exordium","TheCity","TheBeyond"],"potions_floor_usage":[16,23,23,25,30,33,47,47,51],"damage_taken":[{"damage":0.0,"enemies":"2 Louse","floor":1.0,"turns":1.0},{"damage":0.0,"enemies":"Cultist","floor":3.0,"turns":1.0},{"damage":3.0,"enemies":"Lagavulin","floor":6.0,"turns":3.0},{"damage":11.0,"enemies":"Gremlin Nob","floor":8.0,"turns":3.0},{"damage":0.0,"enemies":"Jaw Worm","floor":10.0,"turns":2.0},{"damage":9,"enemies":"Lagavulin","floor":11,"turns":6},{"damage":0,"enemies":"2 Fungi Beasts","floor":12,"turns":2},{"damage":0,"enemies":"3 Louse","floor":13,"turns":2},{"damage":0,"enemies":"Looter","floor":14,"turns":1},{"damage":4,"enemies":"Slime Boss","floor":16,"turns":6},{"damage":4,"enemies":"Shell Parasite","floor":18,"turns":6},{"damage":0,"enemies":"Spheric Guardian","floor":21,"turns":3},{"damage":2,"enemies":"Centurion and Healer","floor":22,"turns":3},{"damage":27,"enemies":"Book of Stabbing","floor":23,"turns":4},{"damage":9,"enemies":"Chosen and Byrds","floor":24,"turns":6},{"damage":23,"enemies":"Gremlin Leader","floor":25,"turns":5},{"damage":4,"enemies":"Sentry and Sphere","floor":28,"turns":4},{"damage":0,"enemies":"Slavers","floor":30,"turns":5},{"damage":2,"enemies":"Automaton","floor":33,"turns":6},{"damage":9,"enemies":"3 Darklings","floor":35,"turns":4},{"damage":2,"enemies":"3 Shapes","floor":39,"turns":3},{"damage":14,"enemies":"Reptomancer","floor":40,"turns":5},{"damage":0,"enemies":"Jaw Worm Horde","floor":44,"turns":4},{"damage":0,"enemies":"Writhing Mass","floor":46,"turns":4},{"damage":0,"enemies":"Transient","floor":47,"turns":6},{"damage":0,"enemies":"Giant Head","floor":48,"turns":5},{"damage":18,"enemies":"Donu and Deca","floor":50,"turns":10},{"damage":30,"enemies":"Awakened One","floor":51,"turns":15}],"seed_played":"4600168396483328663","potions_obtained":[{"floor":3.0,"key":"Energy Potion"},{"floor":6.0,"key":"SkillPotion"},{"floor":8.0,"key":"SneckoOil"},{"floor":13,"key":"DistilledChaos"},{"floor":16,"key":"LiquidBronze"},{"floor":24,"key":"EssenceOfSteel"},{"floor":25,"key":"SpeedPotion"},{"floor":28,"key":"DuplicationPotion"},{"floor":30,"key":"Regen Potion"},{"floor":39,"key":"Energy Potion"},{"floor":44,"key":"DistilledChaos"},{"floor":48,"key":"Dexterity Potion"}],"is_trial":false,"path_per_floor":["M","?","M","?","$","E","R","E","T","M","E","M","M","M","R","B",null,"M","$","?","M","M","E","M","E","T","?","M","?","E","?","R","B",null,"M","?","?","$","M","E","R","?","T","M","R","M","M","E","R","B","B"],"character_chosen":"DEFECT","items_purchased":["Hello World","Sling","Akabeko","MealTicket","Static Discharge"],"campfire_rested":0,"item_purchase_floors":[5,38,38,38,38],"current_hp_per_floor":[64,64,64,64,64,61,61,50,50,50,41,41,41,41,41,37,63,59,59,59,59,57,44,35,12,12,12,8,8,8,8,8,21,69,60,60,60,60,58,44,44,44,44,44,44,44,44,44,44,26,0,0],"gold":1026,"neow_bonus":"THREE_ENEMY_KILL","is_daily":false,"chose_seed":false,"campfire_upgraded":5,"win_rate":0.0,"timestamp":1612836513,"path_taken":["M","?","M","?","$","E","R","E","T","M","E","?","M","M","R","BOSS","M","$","?","M","M","E","M","E","T","?","M","?","E","?","R","BOSS","M","?","?","$","M","E","R","?","T","M","R","?","M","E","R","BOSS","BOSS"],"items_purchased_type":["Card","Relic","Relic","Relic","Card"],"build_version":"2020-12-22","purchased_purges":3,"victory":false,"max_hp_per_floor":[71,71,71,71,71,71,71,71,71,71,71,71,71,71,71,71,71,71,71,71,71,71,85,85,85,85,85,85,85,85,85,85,85,85,85,85,85,85,85,85,85,85,85,85,85,85,85,85,85,85,85,85],"relic_stats":{"Regal Pillow":0,"counters":[28,125],"Gambling Chip":[77],"MealTicket":0,"PreservedInsect":265,"Question Card":4,"obtain_stats":[{"Regal Pillow":48,"NeowsBlessing":0,"Thread and Needle":8,"Mango":23,"PreservedInsect":29,"Sling":38,"Question Card":40,"Akabeko":38,"WarpedTongs":4,"Du-Vu Doll":6,"SlaversCollar":34,"CaptainsWheel":11,"DataDisk":30,"HornCleat":26,"Gambling Chip":2,"MealTicket":38,"Coffee Dripper":17,"Bag of Marbles":25,"Bottled Lightning":9,"Cracked Core":0},{"Regal Pillow":26,"NeowsBlessing":0,"Thread and Needle":4,"Mango":14,"PreservedInsect":17,"Sling":20,"Question Card":22,"Akabeko":20,"WarpedTongs":2,"Du-Vu Doll":3,"SlaversCollar":19,"CaptainsWheel":6,"DataDisk":18,"HornCleat":16,"Gambling Chip":1,"MealTicket":20,"Coffee Dripper":10,"Bag of Marbles":16,"Bottled Lightning":4,"Cracked Core":0},{"Regal Pillow":100,"NeowsBlessing":0,"Thread and Needle":8,"Mango":43,"PreservedInsect":58,"Sling":73,"Question Card":81,"Akabeko":73,"WarpedTongs":2,"Du-Vu Doll":5,"SlaversCollar":69,"CaptainsWheel":16,"DataDisk":63,"HornCleat":54,"Gambling Chip":1,"MealTicket":73,"Coffee Dripper":27,"Bag of Marbles":54,"Bottled Lightning":8,"Cracked Core":0}],"WarpedTongs":[122]},"card_choices":[{"not_picked":["Compile Driver","Turbo"],"picked":"Sweeping Beam","floor":1.0},{"not_picked":["Stack","Turbo"],"picked":"Glacier","floor":3.0},{"not_picked":["Blizzard","Amplify"],"picked":"Coolheaded","floor":6.0},{"not_picked":["Rip and Tear","Loop"],"picked":"Electrodynamics","floor":8.0},{"not_picked":["Gash","Compile Driver"],"picked":"Barrage","floor":10.0},{"not_picked":["Coolheaded","Leap"],"picked":"Ball Lightning","floor":11},{"not_picked":["Steam","Coolheaded"],"picked":"Turbo","floor":12},{"not_picked":["Melter","Conserve Battery"],"picked":"Aggregate","floor":13},{"not_picked":["Redo","Reprogram"],"picked":"Tempest","floor":14},{"not_picked":["Creative AI","Amplify"],"picked":"Multi-Cast","floor":16},{"not_picked":["Streamline","Blizzard"],"picked":"Leap","floor":18},{"not_picked":["Gash","Streamline"],"picked":"Defragment+1","floor":21},{"not_picked":["Gash+1","Hologram"],"picked":"Lockon+1","floor":22},{"not_picked":["Streamline","Stack"],"picked":"BootSequence","floor":23},{"not_picked":["Rip and Tear","Go for the Eyes"],"picked":"Coolheaded","floor":24},{"not_picked":["Genetic Algorithm","Rainbow"],"picked":"Fission","floor":25},{"not_picked":["Redo","Leap"],"picked":"Cold Snap","floor":28},{"not_picked":["Steam","Fusion"],"picked":"Turbo+1","floor":30},{"not_picked":["Creative AI","Hyperbeam"],"picked":"All For One","floor":33},{"not_picked":["Compile Driver","Leap"],"picked":"Glacier","floor":35},{"not_picked":["Turbo+1","Double Energy+1"],"picked":"Hologram+1","floor":39},{"not_picked":["Turbo","Conserve Battery+1"],"picked":"Go for the Eyes+1","floor":40},{"not_picked":["Turbo+1","Ball Lightning","Lockon"],"picked":"Biased Cognition","floor":44},{"not_picked":["Ball Lightning+1","Beam Cell","Static Discharge"],"picked":"Compile Driver","floor":46},{"not_picked":["Ball Lightning+1","Turbo+1","Beam Cell+1"],"picked":"Undo","floor":47},{"not_picked":["Beam Cell","Steam","Stack+1"],"picked":"Creative AI","floor":48}],"player_experience":1124285,"relics_obtained":[{"floor":6.0,"key":"Du-Vu Doll"},{"floor":8.0,"key":"Thread and Needle"},{"floor":9.0,"key":"Bottled Lightning"},{"floor":11,"key":"CaptainsWheel"},{"floor":23,"key":"Mango"},{"floor":25,"key":"Bag of Marbles"},{"floor":26,"key":"HornCleat"},{"floor":30,"key":"DataDisk"},{"floor":40,"key":"Question Card"},{"floor":48,"key":"Regal Pillow"}],"event_choices":[{"damage_healed":0.0,"max_hp_gain":0.0,"max_hp_loss":0.0,"gold_gain":0.0,"event_name":"Big Fish","player_choice":"Box","floor":2.0,"gold_loss":0.0,"damage_taken":0.0,"relics_obtained":["Gambling Chip"],"cards_obtained":["Regret"]},{"damage_healed":0.0,"max_hp_gain":0.0,"max_hp_loss":0.0,"gold_gain":0.0,"event_name":"Accursed Blacksmith","player_choice":"Rummage","floor":4.0,"gold_loss":0.0,"damage_taken":0.0,"relics_obtained":["WarpedTongs"],"cards_obtained":["Pain"]},{"damage_healed":0,"gold_gain":0,"cards_transformed":["Strike_B","Strike_B"],"player_choice":"Became Test Subject","damage_taken":0,"max_hp_gain":0,"max_hp_loss":0,"event_name":"Drug Dealer","floor":20,"gold_loss":0,"cards_obtained":["Loop","Amplify"]},{"damage_healed":0,"gold_gain":0,"player_choice":"Simplicity","damage_taken":0,"max_hp_gain":0,"max_hp_loss":0,"event_name":"Back to Basics","floor":27,"gold_loss":0,"cards_upgraded":["Strike_B","Strike_B","Defend_B","Defend_B","Defend_B","Defend_B"]},{"damage_healed":0,"gold_gain":0,"player_choice":"Opened","damage_taken":0,"relics_obtained":["PreservedInsect"],"max_hp_gain":0,"max_hp_loss":0,"event_name":"The Mausoleum","floor":29,"gold_loss":0,"cards_obtained":["Writhe"]},{"damage_healed":0,"gold_gain":50,"player_choice":"Stole From Cult","damage_taken":0,"max_hp_gain":0,"max_hp_loss":0,"event_name":"Nest","floor":31,"gold_loss":0},{"damage_healed":0,"gold_gain":999,"player_choice":"Gold","damage_taken":0,"max_hp_gain":0,"max_hp_loss":0,"event_name":"MindBloom","floor":36,"gold_loss":0,"cards_obtained":["Normality","Normality"]},{"damage_healed":0,"gold_gain":0,"player_choice":"Ignored","damage_taken":0,"max_hp_gain":0,"max_hp_loss":0,"event_name":"Mysterious Sphere","floor":37,"gold_loss":0},{"cards_removed":["Normality","Writhe"],"damage_healed":0,"gold_gain":0,"player_choice":"Removed Curses","damage_taken":0,"max_hp_gain":0,"max_hp_loss":0,"event_name":"Fountain of Cleansing","floor":42,"gold_loss":0}],"is_beta":false,"boss_relics":[{"not_picked":["Ectoplasm","Tiny House"],"picked":"Coffee Dripper"},{"not_picked":["Cursed Key","FrozenCore"],"picked":"SlaversCollar"}],"items_purged_floors":[5,19,38],"is_endless":false,"potions_floor_spawned":[3,6,8,13,14,16,18,24,25,28,30,39,44,46,48],"killed_by":"Awakened One","ascension_level":20}}