{"host":"c5j8t0wyh2hvx9ju","time":1612872951,"event":{"mods":["Act Like it!","Astrologer","BaseMod","BetterRewards","Gensokyo","Minty Spire (QoL Compilation)","Prisma Mod","StSLib"],"gold_per_floor":[111,111,111,123,48,74,74,74,97,111,111,121,155,12,12,116,116,129,51,66,84,84,84],"floor_reached":22,"language":"JPN","playtime":1180,"items_purged":["Injury"],"score":469,"play_id":"349dddde-3be3-4a79-83b3-377107b10471","local_time":"20210209211551","is_ascension_mode":true,"campfire_choices":[{"data":"Eruption","floor":8,"key":"SMITH"},{"data":"Tantrum","floor":11,"key":"SMITH"},{"data":"Adaptation","floor":15,"key":"SMITH"}],"circlet_count":0,"master_deck":["Strike_P","Strike_P","Strike_P","Strike_P","Defend_P","Defend_P","Defend_P","Defend_P","Eruption+1","FearNoEvil+1","Sanctity","FlurryOfBlows+1","Tantrum+1","FlurryOfBlows","FlurryOfBlows","ClearTheMind+1","Adaptation+1","Devotion","SandsOfTime","EmptyBody+1","EmptyMind+1"],"relics":["PureWater","Gensokyo:Justice","Toy Ornithopter","Whetstone","Toxic Egg 2","Pen Nib","FossilizedHelix","Happy Flower","Philosopher\u0027s Stone"],"acts_visited":["Gensokyo:Gensokyo","Gensokyo:Gensokyoer"],"potions_floor_usage":[6,13,13],"damage_taken":[{"damage":3,"enemies":"Gensokyo:Gryphon","floor":1,"turns":4},{"damage":0,"enemies":"Gensokyo:3_Fairies","floor":4,"turns":3},{"damage":0,"enemies":"Gensokyo:Mamizou","floor":6,"turns":5},{"damage":0,"enemies":"Gensokyo:Python","floor":10,"turns":2},{"damage":4,"enemies":"Gensokyo:VengefulSpirit","floor":12,"turns":3},{"damage":0,"enemies":"Gensokyo:Aya","floor":13,"turns":2},{"damage":0,"enemies":"Gensokyo:Reimu","floor":16,"turns":4},{"damage":44,"enemies":"Gensokyo:3_Dogs","floor":18,"turns":5},{"damage":16,"enemies":"Gensokyo:AngelMirror","floor":20,"turns":2},{"damage":0,"enemies":"Gensokyo:Slime_Group","floor":21,"turns":2},{"damage":24,"enemies":"Gensokyo:Wraith","floor":22,"turns":2}],"seed_played":"3048504397708797948","potions_obtained":[{"floor":1,"key":"SpeedPotion"},{"floor":6,"key":"Fruit Juice"},{"floor":10,"key":"Strength Potion"},{"floor":20,"key":"Strength Potion"},{"floor":21,"key":"Ancient Potion"}],"is_trial":false,"path_per_floor":["M","?","?","M","$","E","?","R","T","M","R","M","E","$","R","B",null,"M","$","M","M","M"],"character_chosen":"WATCHER","items_purchased":["FearNoEvil","Sanctity","FlurryOfBlows","DistilledChaos","Happy Flower","SandsOfTime"],"campfire_rested":0,"item_purchase_floors":[0,0,0,0,14,19],"current_hp_per_floor":[56,56,56,56,56,66,51,51,51,51,51,47,57,57,57,57,77,33,33,17,17,0,0],"gold":84,"neow_bonus":"","is_daily":false,"chose_seed":false,"campfire_upgraded":3,"win_rate":0.0,"timestamp":1612872951,"path_taken":["M","?","?","?","?","E","?","R","T","M","R","M","E","$","R","BOSS","M","?","M","?","M"],"items_purchased_type":["Card","Card","Card","Potion","Relic","Card"],"build_version":"2020-12-22","purchased_purges":1,"victory":false,"max_hp_per_floor":[72,72,72,72,72,77,77,77,77,77,77,77,77,77,77,77,77,77,77,77,77,77,77],"card_choices":[{"not_picked":["BattleHymn","FlyingSleeves"],"picked":"Tantrum","floor":1},{"not_picked":["Fasting2","Weave"],"picked":"FlurryOfBlows","floor":4},{"not_picked":["JustLucky","DeusExMachina"],"picked":"FlurryOfBlows","floor":6},{"not_picked":["PathToVictory+1","FollowUp","JustLucky"],"picked":"SKIP","floor":10},{"not_picked":["PathToVictory+1","LikeWater"],"picked":"ClearTheMind+1","floor":12},{"not_picked":["Worship+1","MentalFortress"],"picked":"Adaptation","floor":13},{"not_picked":["Establishment","Blasphemy+1"],"picked":"Devotion","floor":16},{"not_picked":["FlyingSleeves","CrushJoints+1","BattleHymn"],"picked":"SKIP","floor":18},{"not_picked":["JustLucky+1","EmptyFist"],"picked":"EmptyBody+1","floor":20},{"not_picked":["Indignation+1","EmptyBody+1"],"picked":"EmptyMind+1","floor":21}],"player_experience":875329,"relics_obtained":[{"floor":6,"key":"Whetstone"},{"floor":9,"key":"Pen Nib"},{"floor":13,"key":"FossilizedHelix"}],"event_choices":[],"is_beta":false,"boss_relics":[{"not_picked":["Black Star","Snecko Eye"],"picked":"Philosopher\u0027s Stone"}],"items_purged_floors":[5],"is_endless":false,"potions_floor_spawned":[1,6,10,20,21],"killed_by":"Gensokyo:Wraith","ascension_level":4}}