{"host":"xo0glkmxta74xh34","time":1612893305,"event":{"mods":["BaseMod","Downfall","Minty Spire (QoL Compilation)","Replay The Spire","StSLib"],"gold_per_floor":[99,110,110,130,143,143,143,143,143,171,197,235,235,263,289,402,402,402,420,452,452,20,50,77,77,107,143,186,186,200,203,239,368,368,368,413,413,1412,694,727,727,776,814,844,870,902,902,186,218,238],"floor_reached":51,"language":"ENG","playtime":3621,"items_purged":["Slimebound:MassRepurpose+1","Normality","Normality"],"score":780,"play_id":"cd83711b-f0b1-4080-be69-a347801461fd","local_time":"20210209115505","daily_mods":["Chimera","Diverse","DeadlyEvents"],"is_ascension_mode":true,"campfire_choices":[{"data":"Zap","floor":1,"key":"SMITH"},{"data":"sneckomod:SlitherStrike","floor":6,"key":"SMITH"},{"data":"Conserve Battery","floor":9,"key":"SMITH"},{"data":"bronze:DelayedSlice","floor":13,"key":"SMITH"},{"data":"bronze:WhirlingStrike","floor":18,"key":"SMITH"},{"data":"Replay:SS_forest_2","floor":25,"key":"SMITH"},{"floor":29,"key":"REST"},{"data":"champ:StrikeOfGenius","floor":35,"key":"SMITH"},{"floor":47,"key":"REST"}],"circlet_count":0,"master_deck":["Bash+1","Survivor+1","Zap+1","Strike_G+1","Strike_B+1","Defend_R+1","Defend_G+1","Conserve Battery+1","sneckomod:SlitherStrike+1","bronze:WhirlingStrike+1","bronze:Optimize+1","bronze:DelayedSlice+1","Consecrate+1","hexamod:SixthSeal","Shockwave+1","hexamod:RecurringNightmare+1","bronze:CutThrough+1","bronze:Constructor+1","bronze:Branch+1","hexamod:Toasty+1","hexamod:Toasty+1","Replay:SS_forest_2+1","bronze:InfiniteBeams+1","Guardian:BronzeOrb+1","Guardian:StasisField+1","champ:StrikeOfGenius+1","Clumsy","ReplayTheSpireMod:Splinters","downfall:Haunted","expansioncontent:AwakenDeath+1","Disarm+1","bronze:ItsAFeature+1","sneckomod:Transmogrify+1","Storm+1","expansioncontent:DashGenerateEvil+1","expansioncontent:InvincibleStrength+1","Guardian:PrimingBeam+1"],"relics":["m_GuardianBlood","Replay:Bandana","InkBottle","Astrolabe","Guide Book","ReplayFunnel","Replay:Ancient Bell","ReplayTheSpireMod:Lightbulb","Durian","Guardian:BottledAnomaly","Bottled Tornado","Pantograph","Torii","Slimebound:StickyStick","Divine Protection","bronze:DonusWashers","War Paint","bronze:DecasWashers"],"acts_visited":["Exordium","TheCity","TheBeyond"],"potions_floor_usage":[12,15,16,16,27,28,33,42,44,48,50,50],"damage_taken":[{"damage":0,"enemies":"Jaw Worm","floor":2,"turns":3},{"damage":6,"enemies":"2 Louse","floor":4,"turns":3},{"damage":0,"enemies":"Cultist","floor":5,"turns":4},{"damage":0,"enemies":"3 Louse","floor":10,"turns":3},{"damage":8,"enemies":"2 Fungi Beasts","floor":11,"turns":3},{"damage":5,"enemies":"Lots of Slimes","floor":12,"turns":2},{"damage":0,"enemies":"Large Slime","floor":14,"turns":2},{"damage":14,"enemies":"Gremlin Gang","floor":15,"turns":2},{"damage":55,"enemies":"WA_ARCHETYPE_RETAIN","floor":16,"turns":12},{"damage":22,"enemies":"Chosen","floor":19,"turns":5},{"damage":9,"enemies":"Shell Parasite","floor":20,"turns":5},{"damage":0,"enemies":"downfall:FleeingMerchant","floor":22,"turns":4},{"damage":14,"enemies":"Cultist and Chosen","floor":23,"turns":6},{"damage":17,"enemies":"Centurion and Healer","floor":26,"turns":5},{"damage":17,"enemies":"Shelled Parasite and Fungi","floor":27,"turns":4},{"damage":24,"enemies":"Book of Stabbing","floor":28,"turns":6},{"damage":3,"enemies":"Snake Plant","floor":30,"turns":4},{"damage":0,"enemies":"downfall:FleeingMerchant","floor":31,"turns":4},{"damage":3,"enemies":"3 Cultists","floor":32,"turns":4},{"damage":34,"enemies":"DF_ARCHETYPE_CLAW","floor":33,"turns":8},{"damage":5,"enemies":"3 Darklings","floor":36,"turns":4},{"damage":5,"enemies":"downfall:FleeingMerchant","floor":39,"turns":4},{"damage":2,"enemies":"Orb Walker","floor":40,"turns":3},{"damage":27,"enemies":"Jaw Worm Horde","floor":42,"turns":4},{"damage":25,"enemies":"Sphere and 2 Shapes","floor":43,"turns":5},{"damage":2,"enemies":"Spire Growth","floor":44,"turns":5},{"damage":2,"enemies":"4 Shapes","floor":45,"turns":7},{"damage":4,"enemies":"Transient","floor":46,"turns":5},{"damage":4,"enemies":"downfall:FleeingMerchant","floor":48,"turns":4},{"damage":10,"enemies":"Spire Growth","floor":49,"turns":4},{"damage":0,"enemies":"SI_POISON_ARCHETYPE","floor":50,"turns":8}],"seed_played":"6124067744343024548","potions_obtained":[{"floor":2,"key":"Dexterity Potion"},{"floor":11,"key":"Adrenaline Potion"},{"floor":12,"key":"Weak Potion"},{"floor":15,"key":"Adrenaline Potion"},{"floor":20,"key":"Dexterity Potion"},{"floor":23,"key":"AttackPotion"},{"floor":26,"key":"Fire Potion"},{"floor":32,"key":"FearPotion"},{"floor":33,"key":"Reflective Coating"},{"floor":36,"key":"AttackPotion"},{"floor":40,"key":"hexamod:SoulburnPotion"},{"floor":43,"key":"SkillPotion"},{"floor":46,"key":"Dexterity Potion"}],"is_trial":true,"path_per_floor":["R","M","?","M","M","R","T","?","R","M","M","M","R","M","M","B",null,"R","M","M","?","$","M","T","R","M","M","E","R","M","$","M","B",null,"R","M","?","?","$","M","T","M","M","M","M","M","R","$","M","B",null],"character_chosen":"GUARDIAN","items_purchased":["hexamod:Toasty","Replay:SS_forest_2","Guide Book","Slimebound:StickyStick","Ginger","Guardian:BottledAnomaly","bronze:ItsAFeature","Divine Protection","bronze:DonusWashers","Storm","expansioncontent:DashGenerateEvil","expansioncontent:InvincibleStrength","War Paint","Adrenaline Potion"],"campfire_rested":2,"item_purchase_floors":[22,22,22,39,39,39,39,48,48,48,48,48,48,48],"current_hp_per_floor":[80,80,80,80,80,80,80,68,68,74,72,73,73,79,71,22,80,80,64,61,80,80,72,72,72,61,50,32,56,59,65,68,40,85,85,85,85,85,85,85,85,66,53,59,63,65,85,85,81,85],"gold":238,"neow_bonus":"","is_daily":false,"chose_seed":false,"campfire_upgraded":7,"win_rate":0.0,"timestamp":1612893305,"path_taken":["R","M","?","M","M","R","T","?","R","M","?","M","R","M","M","BOSS","R","M","M","?","?","M","T","R","M","M","?","R","M","$","M","BOSS","R","M","?","?","$","M","T","M","M","M","M","M","R","$","M","BOSS"],"items_purchased_type":["Card","Card","Relic","Relic","Relic","Relic","Card","Relic","Relic","Card","Card","Card","Relic","Potion"],"build_version":"2020-12-22","purchased_purges":3,"victory":true,"max_hp_per_floor":[80,80,80,80,80,80,80,80,80,80,80,80,80,80,80,80,80,80,80,80,80,80,80,80,80,80,80,80,80,80,80,80,80,85,85,85,85,85,85,85,85,85,85,85,85,85,85,85,85,85],"card_choices":[{"not_picked":["Rage","Guardian:TimeCapacitor","Cloak And Dagger"],"picked":"SKIP","floor":2},{"not_picked":["champ:Duel","Fusion"],"picked":"Conserve Battery","floor":4},{"not_picked":["champ:PreemptiveStrike","sneckomod:UnknownClassTHE_CHAMP_GRAY"],"picked":"sneckomod:SlitherStrike","floor":5},{"not_picked":["Sever Soul","Calculated Gamble"],"picked":"bronze:WhirlingStrike","floor":10},{"not_picked":["Defragment","Havoc"],"picked":"bronze:Optimize","floor":11},{"not_picked":["champ:Parry","hexamod:HauntingEcho"],"picked":"bronze:DelayedSlice","floor":12},{"not_picked":["Acrobatics","champ:SkillfulDodge","champ:Lariat"],"picked":"SKIP","floor":14},{"not_picked":["Blur","Halt"],"picked":"Consecrate","floor":15},{"not_picked":["LessonLearned","Guardian:BaubleBeam"],"picked":"hexamod:SixthSeal","floor":16},{"not_picked":["Slimebound:MegaLick","FlurryOfBlows"],"picked":"bronze:CutThrough","floor":19},{"not_picked":["Guardian:TemporalShield+1","champ:StanceDance"],"picked":"bronze:Constructor","floor":20},{"not_picked":["hexamod:GhostLash","Beam Cell"],"picked":"bronze:Branch","floor":22},{"not_picked":["Poisoned Stab","hexamod:SoulSteal"],"picked":"bronze:InfiniteBeams+1","floor":23},{"not_picked":["Guardian:Incinerate","Guardian:WalkerClaw","sneckomod:Unknown2Cost"],"picked":"SKIP","floor":26},{"not_picked":["Guardian:Gem_Crimson","sneckomod:UnknownRareAttack"],"picked":"Guardian:BronzeOrb","floor":27},{"not_picked":["Guardian:Gem_Fragmented","Slimebound:RainOfGoop"],"picked":"Guardian:StasisField","floor":28},{"not_picked":["Fasting2","bronze:BugBarrage","hexamod:InspiringFlames"],"picked":"SKIP","floor":30},{"not_picked":["Leap","bronze:Branch","sneckomod:QuickMove"],"picked":"SKIP","floor":31},{"not_picked":["bronze:BitShift","Power Through","bronze:Deprecate"],"picked":"SKIP","floor":32},{"not_picked":["Feed","Amplify"],"picked":"champ:StrikeOfGenius","floor":33},{"not_picked":["Replay:Hysterical Blindness","Amnesia"],"picked":"Clumsy","floor":34},{"not_picked":["Doubt","ReplayTheSpireMod:Restless Dread"],"picked":"ReplayTheSpireMod:Splinters","floor":34},{"not_picked":["Regret","downfall:Malfunctioning"],"picked":"downfall:Haunted","floor":34},{"not_picked":["champ:PreciseThrust","hexamod:BurningTouch","Warcry"],"picked":"SKIP","floor":36},{"not_picked":["expansioncontent:InvincibleStrength","expansioncontent:HyperBeam"],"picked":"expansioncontent:AwakenDeath","floor":37},{"not_picked":["champ:FalseCounter","Replay:Battleflow+1"],"picked":"Disarm","floor":39},{"not_picked":["sneckomod:SerpentIdol+1","bronze:CutThrough+1"],"picked":"sneckomod:Transmogrify","floor":40},{"not_picked":["bronze:ChosenStrike+1","sneckomod:UnknownStrength","champ:CalledShot"],"picked":"SKIP","floor":42},{"not_picked":["champ:ShieldSigil","Poisoned Stab","Time Bomb"],"picked":"SKIP","floor":43},{"not_picked":["hexamod:Hexaguard","Slimebound:SplitBruiser","Multi-Cast"],"picked":"SKIP","floor":44},{"not_picked":["bronze:Overheat","sneckomod:UnknownStrength+1","champ:Haymaker"],"picked":"SKIP","floor":45},{"not_picked":["sneckomod:UnknownCommonSkill","sneckomod:IronFang","Poisoned Stab"],"picked":"SKIP","floor":46},{"not_picked":["Brilliance","hexamod:InspiringFlames","Replay:ManipulateFuture+1"],"picked":"SKIP","floor":48},{"not_picked":["Slimebound:SlimeBarrage","bronze:Backtrace"],"picked":"Guardian:PrimingBeam+1","floor":49}],"player_experience":439700,"relics_obtained":[{"floor":7,"key":"Replay:Bandana"},{"floor":24,"key":"ReplayFunnel"},{"floor":28,"key":"Garlic"},{"floor":41,"key":"Bottled Tornado"},{"floor":43,"key":"Torii"},{"floor":44,"key":"Pantograph"},{"floor":45,"key":"Torii"},{"floor":45,"key":"Golden Egg"},{"floor":46,"key":"Torii"},{"floor":48,"key":"Slimebound:StickyStick"},{"floor":49,"key":"bronze:DecasWashers"}],"event_choices":[{"damage_healed":0,"gold_gain":0,"player_choice":"Success","damage_taken":12,"relics_obtained":["InkBottle"],"max_hp_gain":0,"max_hp_loss":0,"event_name":"Scrap Ooze","floor":8,"gold_loss":0},{"damage_healed":26,"gold_gain":0,"player_choice":"Heal","damage_taken":0,"max_hp_gain":0,"max_hp_loss":0,"event_name":"The Library","floor":21,"gold_loss":0}],"is_beta":false,"boss_relics":[{"not_picked":["Kintsugi","Replay:Bronze Core"],"picked":"Astrolabe"},{"not_picked":["SlaversCollar","bronze:MakeshiftBattery"],"picked":"Replay:Ancient Bell"},{"not_picked":["Akabeko","Vajra"],"picked":"ReplayTheSpireMod:Lightbulb"},{"not_picked":["Replay:Ringing Soul","Replay:Bottled Snecko"],"picked":"Snack Pack"},{"not_picked":["Ice Cream","Prayer Wheel"],"picked":"Durian"}],"items_purged_floors":[22,39,48],"is_endless":false,"potions_floor_spawned":[2,11,12,15,20,23,26,32,33,36,40,43,46,49],"ascension_level":1}}