{"host":"pe0tupbojgbreewp","time":1612894479,"event":{"mods":["BaseMod","Colored Map","KinomotoSakuraMod(–Ø”V–{?)","Minty Spire (QoL Compilation)","StSLib"],"gold_per_floor":[117,42,53,53,71,71,91,103,154,166,194,94,94,104,104,203,203,223,223,138,138,13,13,25,36,62,75,75,23,23,42,42,145,145,163,93,93,109,120,120,120,133,133,161,161,177,213,0,0,0],"floor_reached":51,"language":"JPN","playtime":2919,"items_purged":["ClowCardTheSword","ClowCardTheShield","ClowCardTheSword"],"score":704,"play_id":"fb26d9e0-de73-43b5-9c2e-6fffd8975635","local_time":"20210210031439","is_ascension_mode":false,"campfire_choices":[{"data":"ClowCardTheShot","floor":6,"key":"SMITH"},{"data":"SpellCardSeal","floor":13,"key":"SMITH"},{"data":"ClowCardTheShield","floor":15,"key":"SMITH"},{"data":"Ghostly","floor":23,"key":"SMITH"},{"data":"Ghostly","floor":32,"key":"SMITH"},{"data":"ClowCardTheVoice","floor":40,"key":"SMITH"},{"floor":45,"key":"REST"},{"data":"ClowCardTheBig","floor":49,"key":"SMITH"}],"circlet_count":0,"master_deck":["SakuraCardTheArrow+","SakuraCardTheShield+","SakuraCardTheStorm+","ClowCardTheSword","ClowCardTheSword","ClowCardTheShield+1","ClowCardTheShield","SpellCardSeal+1","SpellCardRelease","ClowCardTheSleep","ClowCardTheShadow","ClowCardTheShot+1","ClowCardTheBubbles","ClowCardTheLight","ClowCardTheWood","ClowCardThePower","ClowCardTheThunder","ClowCardTheShot+1","Ghostly+1","Ghostly+1","Ghostly","Ghostly","Ghostly","ClowCardTheWatery","ClowCardTheMist","ClowCardTheVoice","ClowCardTheMaze","ClowCardTheDash","ClowCardTheFlower","ClowCardTheVoice+1","Madness","Madness","ClowCardTheVoice","ClowCardTheSweet","SakuraCardTheHope+","ClowCardTheBig+1"],"relics":["KSMOD_SealedBook","KSMOD_SealedWand","NeowsBlessing","KSMOD_RollerSkates","White Beast Statue","KSMOD_DarknessWand","Nunchaku","Bag of Preparation","Oddly Smooth Stone","Philosopher\u0027s Stone","Centennial Puzzle","MealTicket","Singing Bowl","Bottled Flame","Red Mask"],"acts_visited":["Exordium","TheCity","TheBeyond"],"potions_floor_usage":[11,18,27,31,33,39,44,50,50],"damage_taken":[{"damage":0,"enemies":"Jaw Worm","floor":1,"turns":1},{"damage":0,"enemies":"Small Slimes","floor":3,"turns":1},{"damage":0,"enemies":"2 Louse","floor":5,"turns":1},{"damage":2,"enemies":"Blue Slaver","floor":7,"turns":4},{"damage":5,"enemies":"Exordium Thugs","floor":8,"turns":4},{"damage":12,"enemies":"Looter","floor":10,"turns":4},{"damage":5,"enemies":"3 Sentries","floor":11,"turns":7},{"damage":3,"enemies":"Lots of Slimes","floor":14,"turns":3},{"damage":40,"enemies":"Hexaghost","floor":16,"turns":11},{"damage":0,"enemies":"3 Byrds","floor":18,"turns":2},{"damage":6,"enemies":"Shell Parasite","floor":24,"turns":4},{"damage":2,"enemies":"Chosen and Byrds","floor":25,"turns":6},{"damage":0,"enemies":"3 Cultists","floor":27,"turns":4},{"damage":0,"enemies":"Centurion and Healer","floor":31,"turns":5},{"damage":26,"enemies":"Collector","floor":33,"turns":9},{"damage":2,"enemies":"3 Darklings","floor":35,"turns":8},{"damage":18,"enemies":"3 Shapes","floor":38,"turns":3},{"damage":1,"enemies":"Sphere and 2 Shapes","floor":39,"turns":4},{"damage":0,"enemies":"3 Darklings","floor":42,"turns":4},{"damage":29,"enemies":"Nemesis","floor":44,"turns":8},{"damage":0,"enemies":"Maw","floor":46,"turns":7},{"damage":0,"enemies":"KSMOD_TheNothingMonster","floor":47,"turns":4},{"damage":7,"enemies":"Donu and Deca","floor":50,"turns":7}],"seed_played":"-1532235986797093003","potions_obtained":[{"floor":3,"key":"Block Potion"},{"floor":7,"key":"AttackPotion"},{"floor":14,"key":"Explosive Potion"},{"floor":16,"key":"FairyPotion"},{"floor":18,"key":"Fire Potion"},{"floor":24,"key":"CultistPotion"},{"floor":27,"key":"ColorlessPotion"},{"floor":31,"key":"Strength Potion"},{"floor":33,"key":"FairyPotion"},{"floor":35,"key":"Fire Potion"},{"floor":39,"key":"ColorlessPotion"},{"floor":42,"key":"Regen Potion"},{"floor":44,"key":"Swift Potion"},{"floor":46,"key":"Fire Potion"}],"is_trial":false,"path_per_floor":["M","$","M","?","M","R","M","M","T","M","E","$","R","M","R","B",null,"M","?","?","T","$","R","M","M","T","M","?","$","?","M","R","B",null,"M","$","T","M","M","R","?","M","T","E","R","M","?","?","R","B",null],"character_chosen":"KINOMOTOSAKURA","items_purchased":["ClowCardTheVoice","ClowCardTheDash"],"campfire_rested":1,"item_purchase_floors":[29,36],"current_hp_per_floor":[70,70,70,75,75,75,73,68,68,56,51,51,51,48,48,8,75,75,37,37,37,37,37,31,29,29,29,29,29,29,29,29,3,37,35,35,35,17,16,16,11,11,11,9,20,22,27,27,27,25],"gold":0,"neow_bonus":"THREE_ENEMY_KILL","is_daily":false,"chose_seed":false,"campfire_upgraded":7,"win_rate":0.0,"timestamp":1612894479,"path_taken":["M","$","M","?","M","R","M","M","T","M","E","$","R","M","R","BOSS","M","?","?","?","?","R","M","M","T","?","?","$","?","M","R","BOSS","M","$","?","M","M","R","?","M","T","E","R","M","?","?","R","BOSS"],"items_purchased_type":["Card","Card"],"build_version":"2020-12-22","purchased_purges":3,"victory":true,"max_hp_per_floor":[70,70,70,75,75,75,75,75,75,75,75,75,75,75,75,75,75,75,37,37,37,37,37,37,37,37,37,37,37,37,37,37,37,37,37,37,37,37,37,37,37,37,37,37,37,39,39,39,39,39],"card_choices":[{"not_picked":["ClowCardTheSand","ClowCardTheGlow"],"picked":"ClowCardTheSleep","floor":1},{"not_picked":["ClowCardTheGlow","ClowCardThePower"],"picked":"ClowCardTheShadow","floor":3},{"not_picked":["ClowCardThePower","ClowCardTheMist"],"picked":"ClowCardTheShot","floor":5},{"not_picked":["ClowCardTheMirror","ClowCardTheDream"],"picked":"ClowCardTheBubbles","floor":7},{"not_picked":["ClowCardTheMirror","ClowCardTheSand"],"picked":"ClowCardTheLight","floor":8},{"not_picked":["ClowCardTheSong","ClowCardTheDream"],"picked":"ClowCardTheWood","floor":10},{"not_picked":["ClowCardTheIllusion","ClowCardTheJump"],"picked":"ClowCardTheStorm","floor":11},{"not_picked":["ClowCardTheWindy","ClowCardTheDream"],"picked":"ClowCardThePower","floor":14},{"not_picked":["ClowCardTheDark","ClowCardTheFight"],"picked":"ClowCardTheThunder","floor":16},{"not_picked":["ClowCardTheMaze","ClowCardTheShadow"],"picked":"ClowCardTheShot+1","floor":18},{"not_picked":["ClowCardTheWave","ClowCardTheLibra"],"picked":"ClowCardTheWatery","floor":24},{"not_picked":["ClowCardTheIllusion","ClowCardTheSnow"],"picked":"ClowCardTheArrow","floor":25},{"not_picked":["ClowCardTheSilent","ClowCardTheGlow"],"picked":"ClowCardTheMist","floor":27},{"not_picked":["ClowCardTheLittle+1","ClowCardTheCloud+1"],"picked":"ClowCardTheMaze","floor":31},{"not_picked":["ClowCardTheThunder","ClowCardTheDark"],"picked":"ClowCardTheCreate","floor":33},{"not_picked":["ClowCardTheBubbles+1","ClowCardTheSand","ClowCardTheLibra"],"picked":"SKIP","floor":35},{"not_picked":["ClowCardTheStorm","ClowCardTheWatery+1"],"picked":"ClowCardTheFlower","floor":38},{"not_picked":["ClowCardTheMirror","ClowCardThePower+1"],"picked":"ClowCardTheVoice","floor":39},{"not_picked":["ClowCardTheSilent","ClowCardTheMaze"],"picked":"ClowCardTheVoice","floor":42},{"not_picked":["ClowCardTheFlower","ClowCardTheBubbles+1"],"picked":"ClowCardTheSweet","floor":44},{"not_picked":["ClowCardTheFloat","ClowCardTheMaze+1","ClowCardTheDash"],"picked":"Singing Bowl","floor":46},{"not_picked":["ClowCardTheArrow","ClowCardTheLock"],"picked":"ClowCardTheBig","floor":47}],"player_experience":760651,"relics_obtained":[{"floor":9,"key":"KSMOD_RollerSkates"},{"floor":11,"key":"White Beast Statue"},{"floor":21,"key":"Bag of Preparation"},{"floor":26,"key":"Oddly Smooth Stone"},{"floor":35,"key":"Centennial Puzzle"},{"floor":37,"key":"MealTicket"},{"floor":43,"key":"Singing Bowl"},{"floor":44,"key":"Bottled Flame"}],"event_choices":[{"damage_healed":0,"gold_gain":0,"player_choice":"Donut","damage_taken":0,"max_hp_gain":5,"max_hp_loss":0,"event_name":"Big Fish","floor":4,"gold_loss":0},{"damage_healed":0,"gold_gain":0,"player_choice":"Became a Ghost","damage_taken":0,"max_hp_gain":0,"max_hp_loss":38,"event_name":"Ghosts","floor":19,"gold_loss":0,"cards_obtained":["Ghostly","Ghostly","Ghostly","Ghostly","Ghostly"]},{"damage_healed":0,"gold_gain":0,"player_choice":"Obtained Relic","damage_taken":0,"relics_obtained":["Nunchaku"],"max_hp_gain":0,"max_hp_loss":0,"event_name":"Addict","floor":20,"gold_loss":85},{"damage_healed":0,"gold_gain":0,"player_choice":"Got Potions","damage_taken":0,"max_hp_gain":0,"max_hp_loss":0,"event_name":"Lab","floor":30,"gold_loss":0},{"damage_healed":0,"gold_gain":0,"player_choice":"Embrace Madness","damage_taken":5,"max_hp_gain":0,"max_hp_loss":0,"event_name":"Winding Halls","floor":41,"gold_loss":0,"cards_obtained":["Madness","Madness"]},{"damage_healed":0,"gold_gain":0,"player_choice":"Paid","damage_taken":0,"relics_obtained":["Red Mask"],"max_hp_gain":0,"max_hp_loss":0,"event_name":"Tomb of Lord Red Mask","floor":48,"gold_loss":213}],"is_beta":false,"boss_relics":[{"not_picked":["Cursed Key","KSMOD_StarWand"],"picked":"KSMOD_DarknessWand"},{"not_picked":["Calling Bell","Astrolabe"],"picked":"Philosopher\u0027s Stone"}],"items_purged_floors":[2,12,22],"is_endless":false,"potions_floor_spawned":[3,7,14,16,18,24,25,27,31,33,35,38,39,42,44,46,47],"ascension_level":0}}