{"host":"6xsbn6ynqlzwllfm","time":1612898926,"event":{"mods":["2.2 Compatiblity","BaseMod","Bestiary","Colored Map","Colored Powertips","Curses Come First","Highlight Path","Keyboard Shortcuts","Minty Spire (QoL Compilation)","Relic Stats","Slay the Relics Exporter","StSLib","SuperFastMode"],"gold_per_floor":[113,113,113,131,143,177,177,191,191,207,207,237,237,237,237,237,237],"floor_reached":16,"language":"ENG","playtime":383,"items_purged":[],"score":220,"play_id":"4ee9a9fd-9832-40ea-bac8-6c20d15bfd8d","local_time":"20210209142846","is_ascension_mode":true,"campfire_choices":[{"data":"Anger","floor":7,"key":"SMITH"},{"data":"Pommel Strike","floor":11,"key":"SMITH"},{"data":"Blood for Blood","floor":13,"key":"SMITH"},{"data":"Sever Soul","floor":15,"key":"SMITH"}],"circlet_count":0,"master_deck":["AscendersBane","Strike_R","Strike_R","Strike_R","Strike_R","Defend_R","Defend_R","Defend_R","Defend_R","Bash+1","Anger+1","Blood for Blood+1","Sever Soul+1","Pommel Strike+1","Headbutt"],"relics":["Burning Blood","NeowsBlessing","Mercury Hourglass","Paper Frog","Gremlin Horn","NlothsMask"],"acts_visited":["Exordium"],"potions_floor_usage":[6,12,16],"damage_taken":[{"damage":0,"enemies":"Cultist","floor":1,"turns":1},{"damage":1,"enemies":"2 Louse","floor":4,"turns":2},{"damage":0,"enemies":"Small Slimes","floor":5,"turns":1},{"damage":35,"enemies":"3 Sentries","floor":6,"turns":10},{"damage":20,"enemies":"Gremlin Gang","floor":8,"turns":3},{"damage":7,"enemies":"2 Fungi Beasts","floor":10,"turns":2},{"damage":15,"enemies":"Lagavulin","floor":12,"turns":3},{"damage":27,"enemies":"Slime Boss","floor":16,"turns":5}],"seed_played":"3714114902386266221","potions_obtained":[{"floor":1,"key":"Dexterity Potion"},{"floor":8,"key":"DistilledChaos"},{"floor":10,"key":"LiquidMemories"}],"is_trial":false,"path_per_floor":["M","?","?","M","M","E","R","M","T","M","R","E","R","?","R","B"],"character_chosen":"IRONCLAD","items_purchased":[],"campfire_rested":0,"item_purchase_floors":[],"current_hp_per_floor":[74,74,74,75,75,46,46,32,32,31,31,22,22,22,22,0,0],"gold":237,"neow_bonus":"THREE_ENEMY_KILL","is_daily":false,"chose_seed":false,"campfire_upgraded":4,"win_rate":0.0,"timestamp":1612898926,"path_taken":["M","?","?","M","?","E","R","M","T","M","R","E","R","?","R","BOSS"],"items_purchased_type":[],"build_version":"2020-12-22","purchased_purges":0,"victory":false,"max_hp_per_floor":[75,75,75,75,75,75,75,75,75,75,75,75,75,75,75,75,75],"relic_stats":{"Gremlin Horn":[1,1],"counters":[8,27],"obtain_stats":[{"NeowsBlessing":0,"Gremlin Horn":12,"Burning Blood":0,"Mercury Hourglass":6,"Paper Frog":9,"NlothsMask":14},{"NeowsBlessing":0,"Gremlin Horn":7,"Burning Blood":0,"Mercury Hourglass":4,"Paper Frog":5,"NlothsMask":7},{"NeowsBlessing":0,"Gremlin Horn":22,"Burning Blood":0,"Mercury Hourglass":14,"Paper Frog":17,"NlothsMask":22}],"Burning Blood":32,"Mercury Hourglass":[66]},"card_choices":[{"not_picked":["Thunderclap","Evolve"],"picked":"Anger","floor":1},{"not_picked":["Warcry","Rupture"],"picked":"Sever Soul","floor":4},{"not_picked":["Flex","Power Through"],"picked":"Pommel Strike","floor":5},{"not_picked":["Carnage","Exhume"],"picked":"Headbutt","floor":6}],"player_experience":1418760,"relics_obtained":[{"floor":6,"key":"Mercury Hourglass"},{"floor":9,"key":"Paper Frog"},{"floor":12,"key":"Gremlin Horn"}],"event_choices":[{"damage_healed":0,"gold_gain":0,"cards_transformed":["Strike_R"],"player_choice":"Change","damage_taken":0,"max_hp_gain":0,"max_hp_loss":0,"event_name":"Living Wall","floor":2,"gold_loss":0,"cards_obtained":["Blood for Blood"]},{"damage_healed":0,"gold_gain":0,"player_choice":"Upgraded","damage_taken":0,"max_hp_gain":0,"max_hp_loss":0,"event_name":"Upgrade Shrine","floor":3,"gold_loss":0,"cards_upgraded":["Bash"]},{"damage_healed":0,"gold_gain":0,"player_choice":"Trade","damage_taken":0,"relics_obtained":["NlothsMask"],"max_hp_gain":0,"max_hp_loss":0,"event_name":"FaceTrader","floor":14,"gold_loss":0}],"is_beta":false,"boss_relics":[],"items_purged_floors":[],"is_endless":false,"potions_floor_spawned":[1,8,10],"killed_by":"Slime Boss","ascension_level":20}}