{"host":"fdq5pmhluajjrf8d","time":1612910938,"event":{"mods":["BaseMod","Minty Spire (QoL Compilation)"],"gold_per_floor":[368,378,528,547,512,512,524,524,524,524,555,568,587,604,604,604,604],"floor_reached":16,"language":"ENG","playtime":481,"items_purged":[],"score":208,"play_id":"ea2f8050-d753-4d2f-ada1-47442de1ad14","local_time":"20210209174858","is_ascension_mode":true,"campfire_choices":[{"data":"Zap","floor":6,"key":"SMITH"},{"data":"Streamline","floor":10,"key":"SMITH"},{"floor":15,"key":"REST"}],"circlet_count":0,"master_deck":["AscendersBane","Strike_B","Strike_B","Strike_B","Strike_B","Defend_B","Defend_B","Defend_B","Defend_B","Zap+1","Dualcast","Sweeping Beam","Doubt","Streamline+1","Auto Shields","Coolheaded","Glacier"],"relics":["Cracked Core","TungstenRod","Symbiotic Virus","Ancient Tea Set"],"acts_visited":["Exordium"],"potions_floor_usage":[4,7,11,13,16],"damage_taken":[{"damage":4,"enemies":"2 Louse","floor":1,"turns":3},{"damage":7,"enemies":"Small Slimes","floor":2,"turns":3},{"damage":0,"enemies":"Jaw Worm","floor":4,"turns":1},{"damage":1,"enemies":"Looter","floor":7,"turns":2},{"damage":30,"enemies":"Gremlin Nob","floor":11,"turns":4},{"damage":0,"enemies":"Large Slime","floor":12,"turns":3},{"damage":11,"enemies":"Exordium Wildlife","floor":13,"turns":4},{"damage":0,"enemies":"3 Louse","floor":14,"turns":4},{"damage":28,"enemies":"Slime Boss","floor":16,"turns":7}],"seed_played":"-820434034386722817","potions_obtained":[{"floor":1,"key":"Ancient Potion"},{"floor":2,"key":"Fire Potion"},{"floor":4,"key":"DistilledChaos"},{"floor":7,"key":"EssenceOfSteel"},{"floor":14,"key":"SteroidPotion"}],"is_trial":false,"path_per_floor":["M","M","?","M","?","R","M","?","T","R","E","M","M","M","R","B"],"character_chosen":"DEFECT","items_purchased":[],"campfire_rested":1,"item_purchase_floors":[],"current_hp_per_floor":[42,35,35,35,52,52,51,46,46,46,16,16,5,5,26,0,0],"gold":604,"neow_bonus":"TWO_FIFTY_GOLD","is_daily":false,"chose_seed":false,"campfire_upgraded":2,"win_rate":0.0,"timestamp":1612910938,"path_taken":["M","M","?","M","?","R","M","?","T","R","E","M","M","M","R","BOSS"],"items_purchased_type":[],"build_version":"2020-12-22","purchased_purges":0,"victory":false,"max_hp_per_floor":[71,71,71,71,71,71,71,71,71,71,71,71,71,71,71,71,71],"card_choices":[{"not_picked":["Lockon","Skim"],"picked":"Sweeping Beam","floor":1},{"not_picked":["Hologram","Lockon","Steam Power"],"picked":"SKIP","floor":2},{"not_picked":["Heatsinks","Conserve Battery"],"picked":"Streamline","floor":4},{"not_picked":["Barrage","Hologram","Turbo"],"picked":"SKIP","floor":7},{"not_picked":["Hologram","Rip and Tear"],"picked":"Auto Shields","floor":11},{"not_picked":["Barrage","Sweeping Beam"],"picked":"Coolheaded","floor":12},{"not_picked":["Barrage","Recycle","Scrape"],"picked":"SKIP","floor":13},{"not_picked":["Static Discharge","Beam Cell"],"picked":"Glacier","floor":14}],"player_experience":1977903,"relics_obtained":[{"floor":9,"key":"Symbiotic Virus"},{"floor":11,"key":"Ancient Tea Set"}],"event_choices":[{"damage_healed":0,"gold_gain":150,"player_choice":"AGREE","damage_taken":0,"max_hp_gain":0,"max_hp_loss":0,"event_name":"Liars Game","floor":3,"gold_loss":0,"cards_obtained":["Doubt"]},{"damage_healed":17,"gold_gain":0,"player_choice":"Healed","damage_taken":0,"max_hp_gain":0,"max_hp_loss":0,"event_name":"The Cleric","floor":5,"gold_loss":35},{"damage_healed":0,"gold_gain":0,"player_choice":"Success","damage_taken":5,"relics_obtained":["TungstenRod"],"max_hp_gain":0,"max_hp_loss":0,"event_name":"Scrap Ooze","floor":8,"gold_loss":0}],"is_beta":false,"boss_relics":[],"items_purged_floors":[],"is_endless":false,"potions_floor_spawned":[1,2,4,7,14],"killed_by":"Slime Boss","ascension_level":20}}