{"host":"d61fcf2p3sjwe6yo","time":1612888148,"event":{"mods":["BaseMod","Colored Map","Koishi","Marisa????????","Minty Spire (QoL Compilation)","StSLib","SuperFastMode","The Servant 0.9.4"],"gold_per_floor":[117,117,167,191,209,209,224,224,224,224,224],"floor_reached":10,"language":"ENG","playtime":421,"items_purged":[],"score":116,"play_id":"3db3f5a6-8874-4799-ac9e-974b29f02c19","local_time":"20210209192908","is_ascension_mode":true,"campfire_choices":[{"data":"Koishi:HauntingSlash","floor":6,"key":"SMITH"},{"data":"Koishi:PhantomStrike","floor":8,"key":"SMITH"}],"circlet_count":0,"master_deck":["AscendersBane","Koishi:BasicStrike","Koishi:BasicStrike","Koishi:BasicStrike","Koishi:BasicStrike","Koishi:BasicDefend","Koishi:BasicDefend","Koishi:BasicDefend","Koishi:BasicDefend","Koishi:Provoke","Koishi:HauntingSlash+1","Koishi:Vanish","Koishi:PhantomStrike+1","Koishi:FleetingPhantom","Koishi:PhantomBarrier"],"relics":["Koishi:ImaginaryFriend","Golden Idol","Molten Egg 2"],"acts_visited":["Exordium"],"potions_floor_usage":[10,10],"damage_taken":[{"damage":2,"enemies":"Jaw Worm","floor":1,"turns":5},{"damage":4,"enemies":"Small Slimes","floor":4,"turns":5},{"damage":6,"enemies":"Cultist","floor":5,"turns":5},{"damage":8,"enemies":"2 Fungi Beasts","floor":7,"turns":8},{"damage":11,"enemies":"Gremlin Nob","floor":10,"turns":6}],"seed_played":"-1374154488122478005","potions_obtained":[{"floor":1,"key":"Energy Potion"},{"floor":7,"key":"Swift Potion"}],"is_trial":false,"path_per_floor":["M","?","?","M","M","R","M","R","T","E"],"character_chosen":"KOISHI","items_purchased":[],"campfire_rested":0,"item_purchase_floors":[],"current_hp_per_floor":[46,23,23,21,17,17,13,13,13,2,2],"gold":224,"neow_bonus":"TWENTY_PERCENT_HP_BONUS","is_daily":false,"chose_seed":false,"campfire_upgraded":2,"win_rate":0.0,"timestamp":1612888148,"path_taken":["M","?","?","M","?","R","M","R","T","E"],"items_purchased_type":[],"build_version":"2020-12-22","purchased_purges":0,"victory":false,"max_hp_per_floor":[67,67,67,67,67,67,67,67,67,67,67],"card_choices":[{"not_picked":["Koishi:ReflexRadar","Koishi:CatchAndRose"],"picked":"Koishi:Vanish","floor":1},{"not_picked":["Koishi:TremblingHands","Koishi:UnansweredLove"],"picked":"Koishi:PhantomStrike","floor":4},{"not_picked":["Koishi:SubterraneanRose","Koishi:UnconsciousUprising"],"picked":"Koishi:FleetingPhantom","floor":5},{"not_picked":["Koishi:HeartfeltFancy","Koishi:TraumaticStroke"],"picked":"Koishi:PhantomBarrier","floor":7}],"player_experience":321635,"relics_obtained":[{"floor":9,"key":"Molten Egg 2"}],"event_choices":[{"damage_healed":0,"gold_gain":0,"player_choice":"Take Damage","damage_taken":23,"relics_obtained":["Golden Idol"],"max_hp_gain":0,"max_hp_loss":0,"event_name":"Golden Idol","floor":2,"gold_loss":0},{"damage_healed":0,"gold_gain":50,"player_choice":"Pray","damage_taken":0,"max_hp_gain":0,"max_hp_loss":0,"event_name":"Golden Shrine","floor":3,"gold_loss":0}],"is_beta":false,"boss_relics":[],"items_purged_floors":[],"is_endless":false,"potions_floor_spawned":[1,7],"killed_by":"Gremlin Nob","ascension_level":20}}