{"host":"fxrgx7wt2cpkbhka","time":1612855893,"event":{"mods":["AchievementEnabler","BaseMod","Colored Powertips","Dark Map","Minty Spire (QoL Compilation)","Permanent Neow","Quick Restart","Slay-I","StSLib","Waifu the Spire"],"gold_per_floor":[113,113,67,86,102,119,144,144,144,204,204,216,216,230,230,230,230],"floor_reached":16,"language":"ENG","playtime":389,"items_purged":[],"score":179,"play_id":"9314c966-4e44-4ad8-a339-b1ca34f58779","local_time":"20210208233133","is_ascension_mode":true,"campfire_choices":[{"data":"Flame Barrier","floor":8,"key":"SMITH"},{"data":"Iron Wave","floor":15,"key":"SMITH"}],"circlet_count":0,"master_deck":["AscendersBane","Strike_R","Strike_R","Strike_R","Strike_R","Strike_R","Defend_R","Defend_R","Defend_R","Defend_R","Bash+1","Inflame+1","Flame Barrier+1","Iron Wave+1","Clash","Immolate"],"relics":["Burning Blood","Nunchaku","Gremlin Horn"],"acts_visited":["Exordium"],"potions_floor_usage":[7],"damage_taken":[{"damage":4,"enemies":"Small Slimes","floor":1,"turns":5},{"damage":6,"enemies":"Cultist","floor":4,"turns":3},{"damage":2,"enemies":"2 Louse","floor":5,"turns":3},{"damage":7,"enemies":"Looter","floor":6,"turns":4},{"damage":35,"enemies":"Gremlin Nob","floor":7,"turns":5},{"damage":0,"enemies":"Exordium Wildlife","floor":12,"turns":5},{"damage":13,"enemies":"Blue Slaver","floor":14,"turns":2},{"damage":51,"enemies":"Hexaghost","floor":16,"turns":9}],"seed_played":"7763440364257391334","potions_obtained":[{"floor":6,"key":"BlessingOfTheForge"},{"floor":7,"key":"Fruit Juice"},{"floor":14,"key":"SteroidPotion"}],"is_trial":false,"path_per_floor":["M","?","$","M","M","M","E","R","T","?","$","M","?","M","R","B"],"character_chosen":"IRONCLAD","items_purchased":["Iron Wave"],"campfire_rested":0,"item_purchase_floors":[3],"current_hp_per_floor":[70,70,70,70,74,73,49,49,49,49,49,55,55,48,48,0,0],"gold":230,"neow_bonus":"UPGRADE_CARD","is_daily":false,"chose_seed":false,"campfire_upgraded":2,"win_rate":0.0,"timestamp":1612855893,"path_taken":["M","?","$","?","M","?","E","R","T","?","$","M","?","M","R","BOSS"],"items_purchased_type":["Card"],"build_version":"2020-12-22","purchased_purges":0,"victory":false,"max_hp_per_floor":[75,75,75,75,75,75,80,80,80,80,80,80,80,80,80,80,80],"card_choices":[{"not_picked":["Thunderclap","Dual Wield"],"picked":"Inflame","floor":1},{"not_picked":["True Grit","Wild Strike","Heavy Blade"],"picked":"SKIP","floor":4},{"not_picked":["Perfected Strike","Body Slam","Warcry"],"picked":"SKIP","floor":5},{"not_picked":["Dark Embrace","Reckless Charge","Pommel Strike"],"picked":"SKIP","floor":6},{"not_picked":["Heavy Blade","Uppercut"],"picked":"Clash","floor":7},{"not_picked":["Clothesline","Second Wind","Infernal Blade"],"picked":"SKIP","floor":12},{"not_picked":["Armaments","Clothesline"],"picked":"Immolate","floor":14}],"player_experience":758643,"relics_obtained":[{"floor":7,"key":"Nunchaku"},{"floor":9,"key":"Gremlin Horn"}],"event_choices":[{"damage_healed":0,"gold_gain":0,"player_choice":"1 cards matched","damage_taken":0,"max_hp_gain":0,"max_hp_loss":0,"event_name":"Match and Keep!","floor":2,"gold_loss":0,"cards_obtained":["Flame Barrier"]},{"damage_healed":0,"gold_gain":60,"player_choice":"Gained Gold","damage_taken":0,"max_hp_gain":0,"max_hp_loss":0,"event_name":"Golden Wing","floor":10,"gold_loss":0},{"damage_healed":0,"gold_gain":0,"player_choice":"Grow","damage_taken":0,"max_hp_gain":0,"max_hp_loss":0,"event_name":"Living Wall","floor":13,"gold_loss":0,"cards_upgraded":["Inflame"]}],"is_beta":false,"boss_relics":[],"items_purged_floors":[],"is_endless":false,"potions_floor_spawned":[6,7,14],"killed_by":"Hexaghost","ascension_level":15}}