{"host":"dvz52zoduqbx9zr0","time":1612886537,"event":{"mods":["AchievementEnabler","Always Whale","Aspiration","BaseMod","BetterRewards","Colored Map","Conspire","Custom Start","Downfall","Halation","Hubris","Jedi Mod","Minty Spire (QoL Compilation)","Relic Sorter","Replay The Spire","Shop Mod","StSLib","SuperFastMode"],"gold_per_floor":[99,117,131,281,191,291,291,306,321,321,336,368,368,378,397,492,492,492,505,522,522,522,533,533,533,533,533,533],"floor_reached":26,"language":"ENG","playtime":1538,"items_purged":["downfall:Icky"],"score":210,"play_id":"59163b67-8949-44a3-9433-0feeaa4efdb3","local_time":"20210210020217","is_ascension_mode":false,"campfire_choices":[{"data":"Guardian:CurlUp","floor":1,"key":"SMITH"},{"data":"Guardian:ShieldSpikes","floor":10,"key":"SMITH"},{"floor":13,"key":"REST"},{"data":"Guardian:StasisField","floor":18,"key":"SMITH"},{"data":"Guardian:Harden","floor":25,"key":"SMITH"}],"circlet_count":0,"master_deck":["Guardian:Strike_Guardian","Guardian:Strike_Guardian","Guardian:Strike_Guardian","Guardian:Strike_Guardian","Guardian:Defend_Guardian","Guardian:Defend_Guardian","Guardian:Defend_Guardian","Guardian:Defend_Guardian","Guardian:CurlUp+1","Guardian:TwinSlam","Guardian:SpikerProtocol","Guardian:RollAttack","Guardian:GuardianWhirl","Guardian:ShieldSpikes+1","Guardian:StasisField+1","Writhe","Guardian:Harden+1"],"relics":["Guardian:ModeShifter","hubris:PeanutButter","Mercury Hourglass","Busted Crown","Regal Pillow","jedi:matchstick"],"acts_visited":["Exordium","TheCity"],"potions_floor_usage":[14,16,26],"damage_taken":[{"damage":2,"enemies":"Small Slimes","floor":2,"turns":5},{"damage":11,"enemies":"2 Louse","floor":3,"turns":3},{"damage":0,"enemies":"downfall:FleeingMerchant","floor":5,"turns":4},{"damage":0,"enemies":"Cultist","floor":8,"turns":4},{"damage":5,"enemies":"Red Slaver","floor":9,"turns":4},{"damage":3,"enemies":"Blue Slaver","floor":11,"turns":5},{"damage":15,"enemies":"Gremlin Nob","floor":12,"turns":6},{"damage":5,"enemies":"Lots of Slimes","floor":14,"turns":3},{"damage":0,"enemies":"Large Slime","floor":15,"turns":6},{"damage":59,"enemies":"DF_ARCHETYPE_STREAMLINE","floor":16,"turns":14},{"damage":2,"enemies":"3 Byrds","floor":19,"turns":5},{"damage":2,"enemies":"Spheric Guardian","floor":20,"turns":4},{"damage":0,"enemies":"3 Cultists","floor":23,"turns":6},{"damage":80,"enemies":"downfall:FaceTrader","floor":26,"turns":23}],"seed_played":"7122515606826813460","potions_obtained":[{"floor":2,"key":"SpeedPotion"},{"floor":8,"key":"Dexterity Potion"},{"floor":11,"key":"ColorlessPotion"},{"floor":14,"key":"Dexterity Potion"},{"floor":15,"key":"Fire Potion"},{"floor":20,"key":"jedi:StrikingPotion"},{"floor":22,"key":"downfall:CursedFountainPotion"}],"is_trial":false,"path_per_floor":["R","M","M","?","$","?","T","M","M","R","M","E","R","M","M","B",null,"R","M","M","?","?","M","T","R","?"],"character_chosen":"GUARDIAN","items_purchased":[],"campfire_rested":1,"item_purchase_floors":[],"current_hp_per_floor":[80,78,67,67,67,67,67,67,62,62,59,44,68,63,63,4,80,80,78,76,76,76,76,76,76,0,0,0],"gold":533,"neow_bonus":"THREE_CARDS","is_daily":false,"chose_seed":false,"campfire_upgraded":4,"win_rate":0.0,"timestamp":1612886537,"path_taken":["R","M","M","?","$","?","T","M","M","R","?","E","R","M","M","BOSS","R","M","M","?","?","?","T","R","?"],"items_purchased_type":[],"build_version":"2020-12-22","purchased_purges":1,"victory":false,"max_hp_per_floor":[80,80,80,80,80,80,80,80,80,80,80,80,80,80,80,80,80,80,80,80,80,80,80,80,80,80,80,80],"card_choices":[{"not_picked":["Guardian:TimeBomb","Guardian:Suspension"],"picked":"Guardian:SpikerProtocol","floor":0},{"not_picked":["Guardian:Repulse","Guardian:VentSteam"],"picked":"Guardian:RollAttack","floor":2},{"not_picked":["Guardian:Suspension","Guardian:Gem_Cyan"],"picked":"Guardian:Gem_Green","floor":3},{"not_picked":["Guardian:Planning","Guardian:PrismaticBeam"],"picked":"Guardian:GuardianWhirl","floor":5},{"not_picked":["Guardian:Gem_Red","Guardian:Clone"],"picked":"Guardian:Gem_Lightblue","floor":8},{"not_picked":["Guardian:PrismaticBeam","Guardian:PiercingHide"],"picked":"Guardian:ShieldSpikes","floor":9},{"not_picked":["Guardian:Repulse","Guardian:MultiBeam","Guardian:WalkerClaw"],"picked":"SKIP","floor":11},{"not_picked":["Guardian:CrystalBeam","Guardian:Gem_Red","Guardian:DonusPower"],"picked":"SKIP","floor":12},{"not_picked":["Guardian:TemporalShield","Guardian:Planning"],"picked":"Guardian:Gem_Green","floor":14},{"not_picked":["Guardian:TimeCapacitor","Guardian:TimeBomb","Guardian:TemporalShield"],"picked":"SKIP","floor":15},{"not_picked":["Guardian:ConstructionForm","Guardian:StasisStrike"],"picked":"Guardian:StasisField","floor":16},{"not_picked":["Guardian:ShieldSpikes"],"picked":"SKIP","floor":19},{"not_picked":["Guardian:Incinerate"],"picked":"SKIP","floor":20},{"not_picked":[],"picked":"Guardian:Harden","floor":23}],"player_experience":222722,"relics_obtained":[{"floor":7,"key":"hubris:PeanutButter"},{"floor":12,"key":"Mercury Hourglass"},{"floor":24,"key":"jedi:matchstick"}],"event_choices":[],"is_beta":false,"boss_relics":[{"not_picked":["aspiration:RunicSpoon","jedi:paperlyon"],"picked":"Busted Crown"}],"items_purged_floors":[5],"is_endless":false,"potions_floor_spawned":[2,8,11,14,15,20],"killed_by":"downfall:FaceTrader","ascension_level":0}}