{"host":"sxnl403xm2xmiyj1","time":1612880548,"event":{"mods":["AchievementEnabler","BaseMod","Colored Map","Keyboard Shortcuts","Minty Spire (QoL Compilation)","Quick Restart","StSLib","SuperFastMode"],"gold_per_floor":[114,126,137,151,165,198,198,212,236,236,251,286,286,317,317,391,391,404,404,421,3,20,20,20,38,38,55,55,83,99,129,129,201,201,212,223,38,0,17,17,48,48,48,59,91,109,137,137,137,137,137,137,35,63,63,63],"floor_reached":55,"language":"KOR","playtime":2349,"items_purged":[],"score":1727,"play_id":"7a1ad92d-c106-4029-a11a-7fdcff582144","local_time":"20210209232228","is_ascension_mode":true,"campfire_choices":[{"data":"Bludgeon","floor":7.0,"key":"SMITH"},{"data":"Metallicize","floor":10.0,"key":"SMITH"},{"data":"Disarm","floor":13.0,"key":"SMITH"},{"data":"Dark Embrace","floor":15.0,"key":"SMITH"},{"data":"Feed","floor":23.0,"key":"SMITH"},{"data":"Rampage","floor":32.0,"key":"SMITH"},{"data":"Corruption","floor":40.0,"key":"SMITH"},{"data":"Dark Embrace","floor":42.0,"key":"SMITH"},{"floor":49.0,"key":"RECALL"},{"data":"Evolve","floor":52,"key":"SMITH"}],"circlet_count":0,"master_deck":["AscendersBane","Defend_R","Defend_R","Defend_R","Thunderclap","Headbutt","Dropkick","Metallicize+1","Disarm+1","Intimidate","Shrug It Off","Shockwave","Pommel Strike","Dark Embrace+1","Feed+1","Warcry","True Grit","Flash of Steel","Intimidate","True Grit","Rampage+1","Havoc","Bite","Bite","Bite","Bite","Bite","Corruption+1","Disarm","Impervious","Dark Embrace+1","Evolve+1","Entrench+1","Iron Wave+1","Evolve+1","Headbutt","Dropkick","Master of Strategy","True Grit","Intimidate","Parasite","Shrug It Off","Havoc","Disarm+1","Fire Breathing","Purity","Master of Strategy","Bandage Up","Fire Breathing","Warcry","Evolve"],"relics":["Burning Blood","Bronze Scales","Bag of Marbles","MealTicket","Oddly Smooth Stone","Black Star","TheAbacus","Kunai","Meat on the Bone","Nunchaku","Self Forming Clay","Centennial Puzzle","Astrolabe","Red Mask","Toy Ornithopter","Art of War","Letter Opener","StrikeDummy","Potion Belt","Unceasing Top","Orichalcum","Charon\u0027s Ashes"],"acts_visited":["Exordium","TheCity","TheBeyond","TheEnding"],"potions_floor_usage":[50,50,50,55],"damage_taken":[{"damage":4.0,"enemies":"Small Slimes","floor":1.0,"turns":2.0},{"damage":7.0,"enemies":"2 Louse","floor":2.0,"turns":3.0},{"damage":12.0,"enemies":"Jaw Worm","floor":3.0,"turns":2.0},{"damage":14.0,"enemies":"3 Louse","floor":4.0,"turns":3.0},{"damage":0.0,"enemies":"2 Fungi Beasts","floor":5.0,"turns":2.0},{"damage":20.0,"enemies":"Lagavulin","floor":6.0,"turns":6.0},{"damage":5.0,"enemies":"Blue Slaver","floor":8.0,"turns":3.0},{"damage":15.0,"enemies":"3 Louse","floor":11.0,"turns":2.0},{"damage":29.0,"enemies":"Gremlin Nob","floor":12.0,"turns":4.0},{"damage":10.0,"enemies":"3 Sentries","floor":14.0,"turns":9.0},{"damage":10.0,"enemies":"Hexaghost","floor":16.0,"turns":8.0},{"damage":20.0,"enemies":"Chosen","floor":18.0,"turns":8.0},{"damage":20.0,"enemies":"Shell Parasite","floor":20.0,"turns":4.0},{"damage":6.0,"enemies":"Snake Plant","floor":22.0,"turns":7.0},{"damage":48.0,"enemies":"Shelled Parasite and Fungi","floor":25.0,"turns":8.0},{"damage":23.0,"enemies":"Sentry and Sphere","floor":27.0,"turns":8.0},{"damage":39.0,"enemies":"Slavers","floor":29.0,"turns":7.0},{"damage":6.0,"enemies":"Centurion and Healer","floor":30.0,"turns":8.0},{"damage":77.0,"enemies":"Gremlin Leader","floor":31.0,"turns":13.0},{"damage":39.0,"enemies":"Champ","floor":33.0,"turns":14.0},{"damage":21.0,"enemies":"3 Darklings","floor":35.0,"turns":8.0},{"damage":61.0,"enemies":"3 Shapes","floor":36.0,"turns":10.0},{"damage":52.0,"enemies":"Jaw Worm Horde","floor":39.0,"turns":7.0},{"damage":20.0,"enemies":"Reptomancer","floor":41.0,"turns":12.0},{"damage":9.0,"enemies":"Writhing Mass","floor":44.0,"turns":9.0},{"damage":28.0,"enemies":"Nemesis","floor":45.0,"turns":9.0},{"damage":31.0,"enemies":"3 Darklings","floor":46.0,"turns":5.0},{"damage":52.0,"enemies":"Reptomancer","floor":47.0,"turns":11.0},{"damage":62,"enemies":"Awakened One","floor":50,"turns":18},{"damage":78,"enemies":"Shield and Spear","floor":54,"turns":11},{"damage":116,"enemies":"The Heart","floor":55,"turns":8}],"seed_played":"7781597923973114718","potions_obtained":[{"floor":1.0,"key":"Dexterity Potion"},{"floor":2.0,"key":"BlessingOfTheForge"},{"floor":5.0,"key":"Fire Potion"},{"floor":11.0,"key":"Fruit Juice"},{"floor":12.0,"key":"Fire Potion"},{"floor":20.0,"key":"Strength Potion"},{"floor":22.0,"key":"Explosive Potion"},{"floor":27.0,"key":"Dexterity Potion"},{"floor":33.0,"key":"Block Potion"},{"floor":35.0,"key":"Fire Potion"},{"floor":44.0,"key":"HeartOfIron"},{"floor":46.0,"key":"HeartOfIron"},{"floor":47.0,"key":"BlessingOfTheForge"},{"floor":54,"key":"Strength Potion"}],"is_trial":false,"path_per_floor":["M","M","M","M","M","E","R","M","T","R","M","E","R","E","R","B",null,"M","?","M","$","M","R","?","M","T","M","?","E","M","E","R","B",null,"M","M","$","?","M","R","E","R","T","M","E","M","E","?","R","B",null,"R","$","E","B"],"character_chosen":"IRONCLAD","items_purchased":["Flash of Steel","Intimidate","TheAbacus","True Grit","Rampage","Master of Strategy","Fire Breathing","Warcry"],"campfire_rested":0,"item_purchase_floors":[21,21,21,21,21,37,53,53],"current_hp_per_floor":[74,73,67,59,65,51,51,52,52,52,48,25,25,21,21,17,68,57,57,48,63,65,65,65,37,37,40,40,17,51,28,28,45,86,89,60,75,75,51,51,75,75,75,86,84,75,63,53,53,63,108,108,123,77,0,0],"gold":63,"neow_bonus":"ONE_RANDOM_RARE_CARD","is_daily":false,"chose_seed":false,"campfire_upgraded":9,"win_rate":0.0,"timestamp":1612880548,"path_taken":["M","M","M","M","M","E","R","M","T","R","M","E","R","E","R","BOSS","M","?","M","$","M","R","?","?","T","M","?","E","M","E","R","BOSS","M","M","$","?","M","R","E","R","T","M","E","M","E","?","R","BOSS","R","$","E","BOSS"],"items_purchased_type":["Card","Card","Relic","Card","Card","Card","Card","Card"],"build_version":"2020-12-22","purchased_purges":0,"victory":false,"max_hp_per_floor":[80,80,80,80,80,80,80,80,80,80,85,85,85,85,85,85,85,88,88,91,91,91,91,91,91,91,95,95,95,99,99,99,99,99,103,107,107,107,111,111,115,115,115,115,119,119,123,123,123,123,123,123,123,123,123,123],"card_choices":[{"not_picked":["Infernal Blade","Evolve"],"picked":"Thunderclap","floor":1.0},{"not_picked":["Perfected Strike","Intimidate"],"picked":"Headbutt","floor":2.0},{"not_picked":["Anger","Clash"],"picked":"Dropkick","floor":3.0},{"not_picked":["Heavy Blade","Blood for Blood"],"picked":"Metallicize","floor":4.0},{"not_picked":["Perfected Strike","Warcry"],"picked":"Disarm","floor":5.0},{"not_picked":["Clothesline","Power Through"],"picked":"Intimidate","floor":6.0},{"not_picked":["Heavy Blade","Pommel Strike"],"picked":"Shrug It Off","floor":8.0},{"not_picked":["Iron Wave","Havoc"],"picked":"Shockwave","floor":11.0},{"not_picked":["Rupture","Sword Boomerang"],"picked":"Pommel Strike","floor":12.0},{"not_picked":["Headbutt","Bludgeon"],"picked":"Dark Embrace","floor":14.0},{"not_picked":["Exhume","Bludgeon"],"picked":"Feed","floor":16.0},{"not_picked":["Armaments","Power Through"],"picked":"Warcry","floor":18.0},{"not_picked":["Havoc","Thunderclap"],"picked":"True Grit","floor":20.0},{"not_picked":["Heavy Blade","Shrug It Off"],"picked":"Havoc","floor":22.0},{"not_picked":["Iron Wave","Twin Strike","Flex"],"picked":"SKIP","floor":25.0},{"not_picked":["Twin Strike","Rampage"],"picked":"Corruption","floor":27.0},{"not_picked":["Body Slam","Havoc"],"picked":"Impervious","floor":29.0},{"not_picked":["Pommel Strike","Intimidate"],"picked":"Dark Embrace","floor":30.0},{"not_picked":["Rage","Armaments"],"picked":"Evolve","floor":31.0},{"not_picked":["Hemokinesis","Twin Strike"],"picked":"Headbutt","floor":35.0},{"not_picked":["Whirlwind","Reckless Charge"],"picked":"Dropkick","floor":36.0},{"not_picked":["Sword Boomerang","Second Wind"],"picked":"True Grit","floor":39.0},{"not_picked":["Thunderclap","Pommel Strike"],"picked":"Intimidate","floor":41.0},{"not_picked":["Searing Blow","Twin Strike"],"picked":"Shrug It Off","floor":44.0},{"not_picked":["Headbutt+1","Thunderclap"],"picked":"Havoc","floor":45.0},{"not_picked":["Cleave","Uppercut"],"picked":"Disarm+1","floor":46.0},{"not_picked":["Body Slam+1","Inflame+1"],"picked":"Fire Breathing","floor":47.0},{"not_picked":["Bandage Up","Secret Weapon"],"picked":"Purity","floor":48.0},{"not_picked":["Forethought","Thinking Ahead"],"picked":"Master of Strategy","floor":48.0},{"not_picked":["Jack Of All Trades","PanicButton"],"picked":"Bandage Up","floor":48.0},{"not_picked":["Shrug It Off","Dark Embrace"],"picked":"Evolve","floor":54}],"player_experience":206971,"relics_obtained":[{"floor":6.0,"key":"Bronze Scales"},{"floor":9.0,"key":"Bag of Marbles"},{"floor":12.0,"key":"MealTicket"},{"floor":14.0,"key":"Oddly Smooth Stone"},{"floor":26.0,"key":"Kunai"},{"floor":29.0,"key":"Meat on the Bone"},{"floor":29.0,"key":"Nunchaku"},{"floor":31.0,"key":"Self Forming Clay"},{"floor":31.0,"key":"Centennial Puzzle"},{"floor":41.0,"key":"Toy Ornithopter"},{"floor":41.0,"key":"Art of War"},{"floor":45.0,"key":"Letter Opener"},{"floor":45.0,"key":"StrikeDummy"},{"floor":47.0,"key":"Potion Belt"},{"floor":47.0,"key":"Unceasing Top"},{"floor":54,"key":"Orichalcum"},{"floor":54,"key":"Charon\u0027s Ashes"}],"event_choices":[{"damage_healed":0.0,"max_hp_gain":0.0,"max_hp_loss":0.0,"gold_gain":0.0,"event_name":"The Mausoleum","player_choice":"Opened","floor":19.0,"gold_loss":0.0,"damage_taken":0.0,"relics_obtained":["Blood Vial"]},{"damage_healed":0.0,"max_hp_gain":0.0,"max_hp_loss":0.0,"gold_gain":0.0,"event_name":"Vampires","player_choice":"Became a vampire (Vial)","floor":24.0,"relics_lost":["Blood Vial"],"gold_loss":0.0,"damage_taken":0.0,"cards_obtained":["Bite","Bite","Bite","Bite","Bite"]},{"damage_healed":0.0,"max_hp_gain":0.0,"max_hp_loss":0.0,"gold_gain":0.0,"event_name":"The Library","player_choice":"Read","floor":28.0,"gold_loss":0.0,"damage_taken":0.0,"cards_obtained":["Disarm"]},{"damage_healed":0.0,"max_hp_gain":0.0,"max_hp_loss":0.0,"gold_gain":0.0,"event_name":"Tomb of Lord Red Mask","player_choice":"Paid","floor":38.0,"gold_loss":38.0,"damage_taken":0.0,"relics_obtained":["Red Mask"]},{"damage_healed":0.0,"max_hp_gain":0.0,"max_hp_loss":0.0,"gold_gain":0.0,"event_name":"SensoryStone","player_choice":"Memory 3","floor":48.0,"gold_loss":0.0,"damage_taken":10.0}],"is_beta":false,"boss_relics":[{"not_picked":["Black Blood","Snecko Eye"],"picked":"Black Star"},{"not_picked":["Velvet Choker","Runic Dome"],"picked":"Astrolabe"}],"items_purged_floors":[],"is_endless":false,"potions_floor_spawned":[1,2,5,11,12,20,22,27,33,35,44,46,47,54],"killed_by":"The Heart","ascension_level":13}}