{"host":"7cp3z5w0tcrrm8ys","time":1612857256,"event":{"mods":["AchievementEnabler","BaseMod","DeckTracker","Minty Spire (QoL Compilation)","StSLib","SuperFastMode"],"gold_per_floor":[113,127,127,138,63,63,91,91,91,91,108,119,145,164,164,164,164],"floor_reached":16,"language":"KOR","playtime":356,"items_purged":["Strike_R"],"score":274,"play_id":"e5b1e429-06c9-4061-9b1f-6d0ae8cdb763","local_time":"20210209165416","is_ascension_mode":true,"campfire_choices":[{"data":"Headbutt","floor":6,"key":"SMITH"},{"data":"Clash","floor":8,"key":"SMITH"},{"data":"Disarm","floor":15,"key":"SMITH"}],"circlet_count":0,"master_deck":["AscendersBane","Strike_R","Strike_R","Strike_R","Strike_R","Defend_R","Defend_R","Defend_R","Bash+1","Headbutt+1","Cleave+1","Clash+1","Uppercut","Disarm+1","True Grit"],"relics":["Burning Blood","InkBottle","Frozen Egg 2","Peace Pipe"],"acts_visited":["Exordium"],"potions_floor_usage":[7,16],"damage_taken":[{"damage":7,"enemies":"Small Slimes","floor":1,"turns":4},{"damage":0,"enemies":"Cultist","floor":2,"turns":3},{"damage":2,"enemies":"2 Louse","floor":4,"turns":3},{"damage":20,"enemies":"3 Sentries","floor":7,"turns":7},{"damage":7,"enemies":"2 Fungi Beasts","floor":11,"turns":3},{"damage":0,"enemies":"Red Slaver","floor":12,"turns":1},{"damage":0,"enemies":"Gremlin Nob","floor":13,"turns":2},{"damage":0,"enemies":"Exordium Thugs","floor":14,"turns":4},{"damage":76,"enemies":"Hexaghost","floor":16,"turns":14}],"seed_played":"2401827066454435241","potions_obtained":[{"floor":2,"key":"Block Potion"},{"floor":12,"key":"Dexterity Potion"}],"is_trial":false,"path_per_floor":["M","M","?","M","$","R","E","R","T","?","M","M","E","M","R","B"],"character_chosen":"IRONCLAD","items_purchased":[],"campfire_rested":0,"item_purchase_floors":[],"current_hp_per_floor":[67,73,73,75,75,75,61,61,61,61,60,66,72,75,75,0,0],"gold":164,"neow_bonus":"UPGRADE_CARD","is_daily":false,"chose_seed":false,"campfire_upgraded":3,"win_rate":0.0,"timestamp":1612857256,"path_taken":["M","M","?","M","$","R","E","R","T","?","M","?","E","M","R","BOSS"],"items_purchased_type":[],"build_version":"2020-12-22","purchased_purges":1,"victory":false,"max_hp_per_floor":[75,75,75,75,75,75,75,75,75,75,75,75,75,75,75,75,75],"card_choices":[{"not_picked":["Thunderclap","Twin Strike"],"picked":"Headbutt","floor":1},{"not_picked":["Searing Blow","Armaments"],"picked":"Cleave","floor":2},{"not_picked":["Combust","Body Slam","Headbutt"],"picked":"SKIP","floor":4},{"not_picked":["Sentinel","Berserk"],"picked":"Clash","floor":7},{"not_picked":["Pommel Strike","Twin Strike"],"picked":"Uppercut","floor":11},{"not_picked":["Anger","Intimidate"],"picked":"Disarm","floor":12},{"not_picked":["Headbutt","Pommel Strike","Body Slam"],"picked":"SKIP","floor":13},{"not_picked":["Warcry","Shrug It Off"],"picked":"True Grit","floor":14}],"player_experience":810330,"relics_obtained":[{"floor":7,"key":"InkBottle"},{"floor":9,"key":"Frozen Egg 2"},{"floor":13,"key":"Peace Pipe"}],"event_choices":[{"damage_healed":0,"gold_gain":0,"player_choice":"Grow","damage_taken":0,"max_hp_gain":0,"max_hp_loss":0,"event_name":"Living Wall","floor":3,"gold_loss":0,"cards_upgraded":["Cleave"]},{"cards_removed":["Defend_R"],"damage_healed":0,"gold_gain":0,"player_choice":"Purged","damage_taken":0,"max_hp_gain":0,"max_hp_loss":0,"event_name":"Purifier","floor":10,"gold_loss":0}],"is_beta":false,"boss_relics":[],"items_purged_floors":[5],"is_endless":false,"potions_floor_spawned":[2,12],"killed_by":"Hexaghost","ascension_level":20}}