{"host":"z7aqijtw6ph01z7j","time":1612859334,"event":{"mods":["AchievementEnabler","BaseMod","BetterRewards","Card Forge","Colored Map","Energized Spire","Hermit","Koishi","KomeijiMod","Marisa£¨Ùöéë¡¡Øª×âÞÞ£©","Minty Spire (QoL Compilation)","Reimu£¨ÚÏ???£©","Remilia£¨?Ú·×é?£©","Replay The Spire","StSLib","SuperFastMode","Td1madao Mod","The Cursed","The Hierophant","The Mystic","The Necromancer","The Runesmith","The Servant 0.9.4","TheSwordswoman"],"gold_per_floor":[118,118,134,148,162,191,210,235,235,235,270,270,280,314,314,418,418,432,432,372,372,372,372,400,400,400,425,439,135,135,151,206,305,305,321,332,279,279,279],"floor_reached":38,"language":"KOR","playtime":1943,"items_purged":[],"score":619,"play_id":"3442d71f-42e9-4537-a50f-90473c391ff9","local_time":"20210209172854","is_ascension_mode":true,"campfire_choices":[{"floor":10,"key":"REST"},{"floor":12,"key":"REST"},{"floor":15,"key":"RECALL"},{"floor":23,"key":"REST"}],"circlet_count":0,"master_deck":["Defend_R","Defend_R","Defend_R","Defend_R","Bash+1","Headbutt+1","ReplayTheSpireMod:Muscle Training+1","Pommel Strike+1","Ghostly Armor+1","Headbutt+1","Clash+1","Rampage+1","Dropkick+1","Thunderclap+1","Flame Barrier+1","Offering+1","Infernal Blade+1","Brutality","Seeing Red","Rage","ReplayTheSpireMod:Private Reserves","Preparedness","Flex+1"],"relics":["Burning Blood","Hammer of Thor","Seething Fire","Anvil of the Gods","energizedSpire:TabascoSauce","Pear","Toy Ornithopter","Replay:Towering Pillar of Hats","Incense Burner","Fusion Hammer","Singing Bowl","Smiling Mask","Pondfish Scales","Nloth\u0027s Gift","Onion Ring","Unceasing Top","MutagenicStrength","Mark of Pain","Boot"],"acts_visited":["Exordium","TheCity","TheBeyond"],"potions_floor_usage":[3,14,24,27,28,35,36,36],"damage_taken":[{"damage":4,"enemies":"Small Slimes","floor":1,"turns":3},{"damage":0,"enemies":"Cultist","floor":3,"turns":3},{"damage":12,"enemies":"Jaw Worm","floor":4,"turns":2},{"damage":6,"enemies":"2 Fungi Beasts","floor":5,"turns":4},{"damage":14,"enemies":"Gremlin Nob","floor":6,"turns":3},{"damage":7,"enemies":"Looter","floor":7,"turns":2},{"damage":16,"enemies":"3 Sentries","floor":8,"turns":7},{"damage":12,"enemies":"Lagavulin","floor":11,"turns":6},{"damage":4,"enemies":"3 Louse","floor":13,"turns":3},{"damage":16,"enemies":"3 Sentries","floor":14,"turns":6},{"damage":16,"enemies":"Slime Boss","floor":16,"turns":5},{"damage":0,"enemies":"Spheric Guardian","floor":18,"turns":3},{"damage":20,"enemies":"Replay:Snechameleon","floor":24,"turns":4},{"damage":8,"enemies":"Book of Stabbing","floor":27,"turns":4},{"damage":6,"enemies":"Chosen","floor":28,"turns":2},{"damage":8,"enemies":"3 Cultists","floor":31,"turns":3},{"damage":29,"enemies":"Collector","floor":33,"turns":7},{"damage":33,"enemies":"3 Shapes","floor":35,"turns":4},{"damage":17,"enemies":"Orb Walker","floor":36,"turns":3},{"damage":53,"enemies":"Transient","floor":38,"turns":3}],"seed_played":"-2978998240253688516","potions_obtained":[{"floor":1,"key":"RedTea"},{"floor":6,"key":"Doom Potion"},{"floor":8,"key":"SpeedPotion"},{"floor":11,"key":"LiquidBronze"},{"floor":14,"key":"FearPotion"},{"floor":24,"key":"Fire Potion"},{"floor":31,"key":"Swift Potion"},{"floor":33,"key":"Swift Potion"},{"floor":35,"key":"Swift Potion"},{"floor":36,"key":"Weak Potion"}],"is_trial":false,"path_per_floor":["M","?","M","M","M","E","M","E","T","R","E","R","M","E","R","B",null,"M","?","?","?","?","R","E","?","T","E","M","$","?","M","R_BF","B",null,"M","M","?","M"],"character_chosen":"IRONCLAD","items_purchased":["Unceasing Top"],"campfire_rested":3,"item_purchase_floors":[29],"current_hp_per_floor":[71,71,74,65,62,56,52,39,39,64,55,80,79,68,68,55,78,81,81,81,81,81,85,68,68,68,66,66,66,66,62,62,36,75,48,38,38,0,0],"gold":279,"neow_bonus":"CURSED_BOSS_RELIC","is_daily":false,"chose_seed":false,"campfire_upgraded":0,"win_rate":0.0,"timestamp":1612859334,"path_taken":["M","?","?","M","M","E","M","E","T","R","E","R","M","E","R","BOSS","M","?","?","?","?","R","E","?","T","E","?","$","?","M","R_BF","BOSS","M","M","?","M"],"items_purchased_type":["Relic"],"build_version":"2020-12-22","purchased_purges":0,"victory":false,"max_hp_per_floor":[80,80,80,80,80,85,85,85,85,85,85,85,85,85,85,85,85,85,85,85,85,85,85,85,85,85,86,87,87,87,88,88,88,88,89,89,89,89,89],"card_choices":[{"not_picked":["Shrug It Off","Havoc"],"picked":"Headbutt","floor":1},{"not_picked":["True Grit","Flex"],"picked":"ReplayTheSpireMod:Muscle Training","floor":3},{"not_picked":["Clothesline","Evolve"],"picked":"Pommel Strike","floor":4},{"not_picked":["Clash","Wild Strike"],"picked":"Ghostly Armor","floor":5},{"not_picked":["Evolve","ReplayTheSpireMod:Corrosion Curse"],"picked":"Headbutt","floor":6},{"not_picked":["Run Through","Corruption"],"picked":"Clash","floor":7},{"not_picked":["True Grit","Twin Strike"],"picked":"Rampage","floor":8},{"not_picked":["Body Slam","Dropkick","Iron Wave"],"picked":"SKIP","floor":11},{"not_picked":["Body Slam","Iron Wave"],"picked":"Dropkick","floor":11},{"not_picked":["Seeing Red","True Grit"],"picked":"Thunderclap","floor":13},{"not_picked":["Run Through","Replay:Undeath\u0027s Touch"],"picked":"Flame Barrier","floor":14},{"not_picked":["Barricade","Berserk"],"picked":"Offering","floor":16},{"not_picked":["Cleave","Wild Strike","Replay:Undeath\u0027s Touch"],"picked":"SKIP","floor":18},{"not_picked":["Clothesline","Anger"],"picked":"Infernal Blade+1","floor":24},{"not_picked":["Havoc","Bloodletting+1","Demonic Infusion"],"picked":"Singing Bowl","floor":27},{"not_picked":["Ghostly Armor","Pommel Strike","Uppercut"],"picked":"Singing Bowl","floor":28},{"not_picked":["Havoc","Evolve","Run Through"],"picked":"Singing Bowl","floor":31},{"not_picked":["Demonic Infusion","Limit Break"],"picked":"Brutality","floor":33},{"not_picked":["Clothesline+1","Twin Strike","Flame Barrier+1"],"picked":"Singing Bowl","floor":35},{"not_picked":["Havoc","Run Through"],"picked":"Flex+1","floor":36}],"player_experience":361831,"relics_obtained":[{"floor":6,"key":"Pear"},{"floor":8,"key":"Toy Ornithopter"},{"floor":9,"key":"Replay:Towering Pillar of Hats"},{"floor":11,"key":"Replay:Bottled Eggs"},{"floor":14,"key":"Incense Burner"},{"floor":24,"key":"Pondfish Scales"},{"floor":27,"key":"Onion Ring"}],"event_choices":[{"cards_removed":["Strike_R"],"damage_healed":0,"gold_gain":0,"player_choice":"Offered Basic","damage_taken":0,"max_hp_gain":0,"max_hp_loss":0,"event_name":"Bonfire Elementals","floor":2,"gold_loss":0},{"damage_healed":0,"gold_gain":0,"player_choice":"Stole Relic","damage_taken":0,"relics_obtained":["Smiling Mask"],"max_hp_gain":0,"max_hp_loss":0,"event_name":"Addict","floor":21,"gold_loss":0,"cards_obtained":["Shame"]},{"damage_healed":0,"gold_gain":0,"player_choice":"Traded Relic","damage_taken":0,"relics_obtained":["Nloth\u0027s Gift"],"max_hp_gain":0,"max_hp_loss":0,"event_name":"N\u0027loth","floor":25,"relics_lost":["Replay:Bottled Eggs"],"gold_loss":0},{"damage_healed":0,"gold_gain":0,"player_choice":"Inject Mutagens","damage_taken":0,"relics_obtained":["MutagenicStrength"],"max_hp_gain":0,"max_hp_loss":0,"event_name":"Drug Dealer","floor":30,"gold_loss":0},{"damage_healed":0,"gold_gain":0,"player_choice":"Paid Gold","damage_taken":0,"relics_obtained":["Boot"],"max_hp_gain":0,"max_hp_loss":0,"event_name":"WeMeetAgain","floor":37,"gold_loss":53}],"is_beta":false,"boss_relics":[{"not_picked":["RedLine:ReiMu","Runic Cube"],"picked":"Fusion Hammer"},{"not_picked":["energizedSpire:StickyHand","energizedSpire:NeverEndingSparkler"],"picked":"Mark of Pain"}],"items_purged_floors":[],"is_endless":false,"potions_floor_spawned":[1,6,8,11,14,18,24,31,33,35,36],"killed_by":"Transient","ascension_level":8}}