{"host":"v3qphhcqhwfpabne","time":1612847526,"event":{"mods":["100% Spire Juice","2.2 Compatiblity","AchievementEnabler","BaseMod","CapriCore","DeckTracker","KinomotoSakuraMod(ÙÊñýÜâ?)","Koishi","Marisa£¨Ùöéë¡¡Øª×âÞÞ£©","Minty Spire (QoL Compilation)","Permanent Neow","Prisma Mod","StSLib","Td1madao Mod","The Bug Knight","The Cursed","The Immortal","The Runesmith","WarShipGirlsR/??á´Ò³R mod"],"gold_per_floor":[113,133,156,81,100,100,113,131,201,30,49,18,35,50,50,50,50],"floor_reached":16,"language":"KOR","playtime":691,"items_purged":["Strike_R","Strike_R"],"score":106,"play_id":"b2339d78-93ad-4147-869f-1993ad2a64c1","local_time":"20210209141206","is_ascension_mode":true,"campfire_choices":[{"data":"Bandage Up","floor":6,"key":"SMITH"},{"data":"True Grit","floor":15,"key":"SMITH"}],"circlet_count":0,"master_deck":["Strike_R","Strike_R","Strike_R","Defend_R","Defend_R","Defend_R","Defend_R","Bash","Bandage Up+1","Power Through","Reckless Charge","Wild Strike","Bloodletting","True Grit+1","Wild Strike","Shrug It Off","Shrug It Off","Warcry","Burning Pact"],"relics":["Burning Blood","Bag of Preparation","Kunai"],"acts_visited":["Exordium"],"potions_floor_usage":[16,16,16],"damage_taken":[{"damage":1,"enemies":"Cultist","floor":1,"turns":4},{"damage":0,"enemies":"2 Louse","floor":2,"turns":3},{"damage":0,"enemies":"Small Slimes","floor":5,"turns":3},{"damage":22,"enemies":"Gremlin Gang","floor":7,"turns":7},{"damage":8,"enemies":"Blue Slaver","floor":8,"turns":4},{"damage":27,"enemies":"Large Slime","floor":11,"turns":9},{"damage":36,"enemies":"Exordium Thugs","floor":13,"turns":7},{"damage":5,"enemies":"Looter","floor":14,"turns":2},{"damage":32,"enemies":"Hexaghost","floor":16,"turns":16}],"seed_played":"-9166304456090320043","potions_obtained":[{"floor":1,"key":"Dexterity Potion"},{"floor":5,"key":"BlessingOfTheForge"},{"floor":11,"key":"ElixirPotion"},{"floor":13,"key":"ColorlessPotion"}],"is_trial":false,"path_per_floor":["M","M","T","$","M","R","M","M","T","$","M","?","M","M","R","B"],"character_chosen":"IRONCLAD","items_purchased":["Wild Strike","Shrug It Off"],"campfire_rested":0,"item_purchase_floors":[10,10],"current_hp_per_floor":[80,80,80,80,80,80,70,74,74,74,59,59,35,36,36,10,10],"gold":50,"neow_bonus":"RANDOM_COLORLESS","is_daily":false,"chose_seed":false,"campfire_upgraded":2,"win_rate":0.0,"timestamp":1612847526,"path_taken":["M","M","?","$","M","R","M","?","T","$","M","?","M","M","R","BOSS"],"items_purchased_type":["Card","Card"],"build_version":"2020-12-22","purchased_purges":2,"victory":false,"max_hp_per_floor":[80,80,80,80,80,80,80,80,80,80,80,80,80,80,80,80,80],"card_choices":[{"not_picked":["Impatience","Discovery"],"picked":"Bandage Up","floor":0},{"not_picked":["True Grit","Rage"],"picked":"Power Through","floor":1},{"not_picked":["Combust","Iron Wave"],"picked":"Reckless Charge","floor":2},{"not_picked":["Clothesline","Burning Pact"],"picked":"Wild Strike","floor":5},{"not_picked":["Iron Wave","Searing Blow"],"picked":"Bloodletting","floor":7},{"not_picked":["Uppercut","Cleave"],"picked":"True Grit","floor":8},{"not_picked":["Headbutt","Sword Boomerang"],"picked":"Shrug It Off","floor":11},{"not_picked":["Sword Boomerang","Thunderclap"],"picked":"Warcry","floor":13},{"not_picked":["Seeing Red","Rage"],"picked":"Burning Pact","floor":14}],"player_experience":132449,"relics_obtained":[{"floor":3,"key":"Bag of Preparation"},{"floor":9,"key":"Kunai"}],"event_choices":[{"damage_healed":0,"gold_gain":0,"player_choice":"Left Gold","damage_taken":0,"max_hp_gain":0,"max_hp_loss":0,"event_name":"World of Goop","floor":12,"gold_loss":31}],"is_beta":false,"boss_relics":[],"items_purged_floors":[4,10],"is_endless":false,"potions_floor_spawned":[1,5,11,13],"killed_by":"Hexaghost","ascension_level":2}}