{"host":"j9610sde00vfp93k","time":1612878842,"event":{"mods":["AchievementEnabler","BaseMod","Minty Spire (QoL Compilation)","Permanent Neow","Rare Cards Sparkle","Spire Arcade","StSLib","SuperFastMode","The Death Knight"],"gold_per_floor":[214,20,20,20,20,59,59,59,59,78,111,111,134,152,152,152,152],"floor_reached":16,"language":"ENG","playtime":746,"items_purged":[],"score":106,"play_id":"588880a9-99ec-483f-8e5d-893797ff4ee1","local_time":"20210209215402","is_ascension_mode":false,"campfire_choices":[{"data":"DeathKnight:Runesurge","floor":7,"key":"SMITH"},{"floor":12,"key":"REST"},{"data":"DeathKnight:ThirstingStrike","floor":15,"key":"SMITH"}],"circlet_count":0,"master_deck":["DeathKnight:Strike_DeathKnight","DeathKnight:Strike_DeathKnight","DeathKnight:Strike_DeathKnight","DeathKnight:Strike_DeathKnight","DeathKnight:Strike_DeathKnight","DeathKnight:Defend_DeathKnight","DeathKnight:Defend_DeathKnight+1","DeathKnight:Defend_DeathKnight","DeathKnight:Defend_DeathKnight+1","DeathKnight:Defend_DeathKnight","DeathKnight:RuneTap","DeathKnight:RuneStrike","DeathKnight:ThirstingStrike+1","DeathKnight:HowlingBlast","DeathKnight:Runesurge+1","Normality","DeathKnight:IceboundArmor","DeathKnight:Runeguard","DeathKnight:ChainsOfIce"],"relics":["DeathKnight:BrokenRuneblade","Membership Card","Golden Idol","Regal Pillow","MealTicket","Nunchaku","Juzu Bracelet"],"acts_visited":["Exordium"],"potions_floor_usage":[11],"damage_taken":[{"damage":0,"enemies":"Small Slimes","floor":1,"turns":5},{"damage":31,"enemies":"3 Sentries","floor":6,"turns":7},{"damage":3,"enemies":"Jaw Worm","floor":10,"turns":3},{"damage":19,"enemies":"Gremlin Nob","floor":11,"turns":5},{"damage":0,"enemies":"2 Louse","floor":14,"turns":1},{"damage":43,"enemies":"Hexaghost","floor":16,"turns":14}],"seed_played":"2758771554978576179","potions_obtained":[{"floor":10,"key":"PowerPotion"},{"floor":11,"key":"Weak Potion"}],"is_trial":false,"path_per_floor":["M","$","?","?","$","E","R","?","T","M","E","R","T","M","R","B"],"character_chosen":"DEATH_KNIGHT","items_purchased":["Membership Card","DeathKnight:HowlingBlast"],"campfire_rested":1,"item_purchase_floors":[2,2],"current_hp_per_floor":[75,75,69,55,55,24,24,24,24,21,2,37,37,37,37,0,0],"gold":152,"neow_bonus":"HUNDRED_GOLD","is_daily":false,"chose_seed":false,"campfire_upgraded":2,"win_rate":0.0,"timestamp":1612878842,"path_taken":["M","$","?","?","?","E","R","?","T","M","E","R","?","M","R","BOSS"],"items_purchased_type":["Relic","Card"],"build_version":"2020-12-22","purchased_purges":0,"victory":false,"max_hp_per_floor":[75,75,69,69,69,69,69,69,69,69,69,69,69,69,69,69,69],"card_choices":[{"not_picked":["DeathKnight:RaiseAlly","DeathKnight:RuneShock"],"picked":"DeathKnight:ThirstingStrike","floor":1},{"not_picked":["DeathKnight:MindFreeze","DeathKnight:DeathCoil"],"picked":"DeathKnight:Runesurge","floor":6},{"not_picked":["DeathKnight:RaiseAlly","DeathKnight:BladedArmor"],"picked":"DeathKnight:IceboundArmor","floor":10},{"not_picked":["DeathKnight:DeathAndDecay","DeathKnight:ThirstingStrike"],"picked":"DeathKnight:Runeguard","floor":11},{"not_picked":["DeathKnight:HornOfWinter","DeathKnight:Parry"],"picked":"DeathKnight:ChainsOfIce","floor":14}],"player_experience":214306,"relics_obtained":[{"floor":6,"key":"Regal Pillow"},{"floor":9,"key":"MealTicket"},{"floor":11,"key":"Nunchaku"},{"floor":13,"key":"Juzu Bracelet"}],"event_choices":[{"damage_healed":0,"gold_gain":0,"player_choice":"Lose Max HP","damage_taken":0,"relics_obtained":["Golden Idol"],"max_hp_gain":0,"max_hp_loss":6,"event_name":"Golden Idol","floor":3,"gold_loss":0},{"damage_healed":0,"gold_gain":0,"player_choice":"Entered Light","damage_taken":14,"max_hp_gain":0,"max_hp_loss":0,"event_name":"Shining Light","floor":4,"gold_loss":0,"cards_upgraded":["DeathKnight:Defend_DeathKnight","DeathKnight:Defend_DeathKnight"]}],"is_beta":false,"boss_relics":[],"items_purged_floors":[],"is_endless":false,"potions_floor_spawned":[10,11],"killed_by":"Hexaghost","ascension_level":0}}