{"host":"sav7uxregyirlf69","time":1612853530,"event":{"mods":["AchievementEnabler","BaseMod","Colored Map","DeckTracker","Keyboard Shortcuts","Minty Spire (QoL Compilation)","READ ME - Guardian Mod","StSLib","SuperFastMode"],"gold_per_floor":[119,194,194,275,69,69,98,98,125,125,35,54,67,100,100,174,174,193,208,208,208,208,208],"floor_reached":22,"language":"KOR","playtime":285,"items_purged":[],"score":480,"play_id":"51ad1df4-fa71-431f-92f2-d864b59d02e7","local_time":"20210209155210","is_ascension_mode":true,"campfire_choices":[{"data":"Apotheosis","floor":6,"key":"SMITH"},{"data":"Neutralize","floor":8,"key":"SMITH"},{"data":"Finisher","floor":15,"key":"SMITH"}],"circlet_count":0,"master_deck":["AscendersBane","Strike_G","Strike_G","Strike_G","Strike_G","Strike_G","Defend_G","Defend_G","Defend_G","Defend_G","Defend_G","Survivor+1","Neutralize+1","Apotheosis+1","Backflip+1","Noxious Fumes","Footwork","Cloak And Dagger","Finisher+1","Crippling Poison","After Image"],"relics":["Ring of the Snake","NeowsBlessing","Ninja Scroll","Lantern","Happy Flower","Boot","War Paint","SlaversCollar"],"acts_visited":["Exordium","TheCity"],"potions_floor_usage":[],"damage_taken":[{"damage":0,"enemies":"Small Slimes","floor":1,"turns":1},{"damage":0,"enemies":"3 Sentries","floor":7,"turns":1},{"damage":0,"enemies":"Jaw Worm","floor":12,"turns":1},{"damage":0,"enemies":"Cultist","floor":13,"turns":2},{"damage":0,"enemies":"Gremlin Nob","floor":14,"turns":4},{"damage":4,"enemies":"Hexaghost","floor":16,"turns":9},{"damage":8,"enemies":"Shell Parasite","floor":18,"turns":8},{"damage":0,"enemies":"2 Thieves","floor":19,"turns":4},{"damage":46,"enemies":"3 Cultists","floor":22,"turns":6}],"seed_played":"-4434250519188693928","potions_obtained":[{"floor":7,"key":"DuplicationPotion"},{"floor":12,"key":"Weak Potion"},{"floor":16,"key":"LiquidBronze"}],"is_trial":false,"path_per_floor":["M","?","?","T","$","R","E","R","T","?","$","M","M","E","R","B",null,"M","M","?","?","M"],"character_chosen":"THE_SILENT","items_purchased":["Apotheosis","Noxious Fumes"],"campfire_rested":0,"item_purchase_floors":[5,11],"current_hp_per_floor":[59,48,48,48,48,48,48,48,48,30,30,30,30,30,30,26,56,48,48,30,30,0,0],"gold":208,"neow_bonus":"THREE_ENEMY_KILL","is_daily":false,"chose_seed":false,"campfire_upgraded":3,"win_rate":0.0,"timestamp":1612853530,"path_taken":["M","?","?","?","$","R","E","R","T","?","$","?","M","E","R","BOSS","M","?","?","?","M"],"items_purchased_type":["Card","Card"],"build_version":"2020-12-22","purchased_purges":0,"victory":false,"max_hp_per_floor":[66,66,66,66,66,66,66,66,66,66,66,66,66,66,66,66,66,66,66,71,71,71,71],"card_choices":[{"not_picked":["Underhanded Strike","Choke","Slice"],"picked":"SKIP","floor":1},{"not_picked":["Caltrops","Dagger Spray"],"picked":"Backflip","floor":7},{"not_picked":["Dagger Spray","Poisoned Stab"],"picked":"Footwork","floor":12},{"not_picked":["Dodge and Roll","Backflip"],"picked":"Cloak And Dagger","floor":13},{"not_picked":["Dash","Bullet Time"],"picked":"Finisher","floor":14},{"not_picked":["Deflect","Backstab"],"picked":"Crippling Poison","floor":18},{"not_picked":["Sucker Punch+1","Underhanded Strike"],"picked":"After Image","floor":19}],"player_experience":1537481,"relics_obtained":[{"floor":4,"key":"Ninja Scroll"},{"floor":7,"key":"Lantern"},{"floor":9,"key":"Happy Flower"},{"floor":14,"key":"War Paint"}],"event_choices":[{"damage_healed":0,"gold_gain":75,"player_choice":"Gather Gold","damage_taken":11,"max_hp_gain":0,"max_hp_loss":0,"event_name":"World of Goop","floor":2,"gold_loss":0},{"damage_healed":0,"gold_gain":0,"player_choice":"Ignored","damage_taken":0,"max_hp_gain":0,"max_hp_loss":0,"event_name":"Liars Game","floor":3,"gold_loss":0},{"damage_healed":0,"gold_gain":0,"player_choice":"Success","damage_taken":18,"relics_obtained":["Boot"],"max_hp_gain":0,"max_hp_loss":0,"event_name":"Scrap Ooze","floor":10,"gold_loss":0},{"damage_healed":0,"gold_gain":0,"player_choice":"Shed Blood","damage_taken":23,"max_hp_gain":5,"max_hp_loss":0,"event_name":"Forgotten Altar","floor":20,"gold_loss":0},{"damage_healed":0,"gold_gain":0,"player_choice":"Ignored","damage_taken":0,"max_hp_gain":0,"max_hp_loss":0,"event_name":"Cursed Tome","floor":21,"gold_loss":0}],"is_beta":false,"boss_relics":[{"not_picked":["Ectoplasm","Cursed Key"],"picked":"SlaversCollar"}],"items_purged_floors":[],"is_endless":false,"potions_floor_spawned":[7,12,16,18],"killed_by":"3 Cultists","ascension_level":20}}