{"host":"newqdrzxfhh2im9e","time":1612896872,"event":{"mods":["AchievementEnabler","BaseMod","Block Reminder","Colored Map","Minty Spire (QoL Compilation)","Rare Cards Sparkle","Shop Mod","StSLib"],"gold_per_floor":[114,114,6,181,181,206,221,241,241,275,296,296,314,339,339,469,532,551,551,7,7,107,107,148,164,164,164,195,195,195,195],"floor_reached":30,"language":"ENG","playtime":796,"items_purged":[],"score":270,"play_id":"f5b0a4f7-470e-4a13-bbcf-5a66a6a1b243","local_time":"20210209105432","is_ascension_mode":false,"campfire_choices":[{"floor":15.0,"key":"REST"},{"floor":23,"key":"RECALL"},{"floor":27,"key":"REST"}],"circlet_count":0,"master_deck":["Strike_R+1","Strike_R","Strike_R","Strike_R+1","Strike_R","Defend_R","Defend_R","Defend_R","Defend_R","Bash","Flame Barrier","Rampage","Metallicize","Rampage","Berserk","Shockwave+1","Blood for Blood","Battle Trance","Bludgeon","Heavy Blade","Panacea","Cleave","Cleave+1","Ghostly Armor"],"relics":["Burning Blood","NeowsBlessing","Golden Idol","Shuriken","Letter Opener","Tiny House","Ginger","ClockworkSouvenir","Nunchaku","Happy Flower"],"acts_visited":["Exordium","TheCity"],"potions_floor_usage":[18,18,29,30],"damage_taken":[{"damage":0.0,"enemies":"Jaw Worm","floor":1.0,"turns":1.0},{"damage":0.0,"enemies":"2 Louse","floor":6.0,"turns":1.0},{"damage":0.0,"enemies":"Small Slimes","floor":7.0,"turns":1.0},{"damage":10.0,"enemies":"3 Louse","floor":8.0,"turns":4.0},{"damage":23.0,"enemies":"Lagavulin","floor":10.0,"turns":9.0},{"damage":6.0,"enemies":"Blue Slaver","floor":11.0,"turns":6.0},{"damage":10.0,"enemies":"Looter","floor":13.0,"turns":4.0},{"damage":2.0,"enemies":"Exordium Wildlife","floor":14.0,"turns":4.0},{"damage":23.0,"enemies":"Hexaghost","floor":16.0,"turns":7.0},{"damage":32,"enemies":"2 Thieves","floor":18,"turns":4},{"damage":30,"enemies":"Slavers","floor":24,"turns":6},{"damage":5,"enemies":"Chosen","floor":25,"turns":4},{"damage":50,"enemies":"Book of Stabbing","floor":28,"turns":7},{"damage":0,"enemies":"Centurion and Healer","floor":29,"turns":1},{"damage":31,"enemies":"Gremlin Leader","floor":30,"turns":2}],"seed_played":"4036313295114511971","potions_obtained":[{"floor":10.0,"key":"Swift Potion"},{"floor":11.0,"key":"ElixirPotion"},{"floor":14.0,"key":"AttackPotion"},{"floor":16.0,"key":"CultistPotion"},{"floor":18,"key":"SmokeBomb"},{"floor":28,"key":"Fire Potion"}],"is_trial":false,"path_per_floor":["M","?","$","?","?","M","M","M","T","E","M","?","M","M","R","B",null,"M","?","$","?","?","R","E","M","T","R","E","M","E"],"character_chosen":"IRONCLAD","items_purchased":["Rampage","Metallicize","Ginger","ClockworkSouvenir","Panacea"],"campfire_rested":2,"item_purchase_floors":[3,3,20,20,20],"current_hp_per_floor":[80,64,64,64,44,50,56,52,52,35,35,35,31,35,59,42,85,59,59,59,59,59,59,35,36,36,61,17,23,0,0],"gold":195,"neow_bonus":"THREE_ENEMY_KILL","is_daily":false,"chose_seed":false,"campfire_upgraded":0,"win_rate":0.0,"timestamp":1612896872,"path_taken":["M","?","$","?","?","M","M","M","T","E","M","?","?","M","R","BOSS","M","?","$","?","?","R","E","M","T","R","E","M","E"],"items_purchased_type":["Card","Card","Relic","Relic","Card"],"build_version":"2020-12-22","purchased_purges":0,"victory":false,"max_hp_per_floor":[80,80,80,80,80,80,80,80,80,80,80,80,80,80,80,80,85,85,85,85,85,85,85,85,85,85,85,85,85,85,85],"card_choices":[{"not_picked":["Flex","Cleave"],"picked":"Flame Barrier","floor":1.0},{"not_picked":["Twin Strike","Flex"],"picked":"Rampage","floor":6.0},{"not_picked":["Burning Pact","Shrug It Off"],"picked":"Berserk","floor":7.0},{"not_picked":["Wild Strike","Perfected Strike","Headbutt"],"picked":"SKIP","floor":8.0},{"not_picked":["Brutality","Body Slam"],"picked":"Shockwave","floor":10.0},{"not_picked":["Twin Strike","Clothesline"],"picked":"Blood for Blood","floor":11.0},{"not_picked":["Shockwave","Thunderclap"],"picked":"Battle Trance","floor":13.0},{"not_picked":["Searing Blow","Rupture","Pommel Strike"],"picked":"SKIP","floor":14.0},{"not_picked":["Impervious","Brutality"],"picked":"Bludgeon","floor":16.0},{"not_picked":["Perfected Strike","Flame Barrier"],"picked":"Heavy Blade","floor":17.0},{"not_picked":["Twin Strike","Burning Pact","Feel No Pain"],"picked":"SKIP","floor":18},{"not_picked":["Rupture","Heavy Blade"],"picked":"Cleave","floor":24},{"not_picked":["Pommel Strike","Warcry+1"],"picked":"Cleave+1","floor":25},{"not_picked":["Shockwave","Shrug It Off"],"picked":"Ghostly Armor","floor":28}],"player_experience":765685,"relics_obtained":[{"floor":9.0,"key":"Shuriken"},{"floor":10.0,"key":"Letter Opener"},{"floor":24,"key":"Nunchaku"},{"floor":28,"key":"Happy Flower"}],"event_choices":[{"damage_healed":0.0,"max_hp_gain":0.0,"max_hp_loss":0.0,"gold_gain":0.0,"event_name":"Shining Light","player_choice":"Entered Light","floor":2.0,"gold_loss":0.0,"damage_taken":16.0,"cards_upgraded":["Strike_R","Strike_R"]},{"damage_healed":0.0,"max_hp_gain":0.0,"max_hp_loss":0.0,"gold_gain":175.0,"event_name":"Liars Game","player_choice":"AGREE","floor":4.0,"gold_loss":0.0,"damage_taken":0.0,"cards_obtained":["Doubt"]},{"damage_healed":0.0,"max_hp_gain":0.0,"max_hp_loss":0.0,"gold_gain":0.0,"event_name":"Golden Idol","player_choice":"Take Damage","floor":5.0,"gold_loss":0.0,"damage_taken":20.0,"relics_obtained":["Golden Idol"]},{"cards_removed":["Doubt"],"damage_healed":0.0,"max_hp_gain":0.0,"max_hp_loss":0.0,"gold_gain":0.0,"event_name":"Living Wall","player_choice":"Forget","floor":12.0,"gold_loss":0.0,"damage_taken":0.0},{"damage_healed":0,"gold_gain":0,"player_choice":"Ignored","damage_taken":0,"max_hp_gain":0,"max_hp_loss":0,"event_name":"Vampires","floor":19,"gold_loss":0},{"damage_healed":0,"gold_gain":100,"player_choice":"Pray","damage_taken":0,"max_hp_gain":0,"max_hp_loss":0,"event_name":"Golden Shrine","floor":22,"gold_loss":0}],"is_beta":false,"boss_relics":[{"not_picked":["Coffee Dripper","Pandora\u0027s Box"],"picked":"Tiny House"}],"items_purged_floors":[],"is_endless":false,"potions_floor_spawned":[10,11,14,16,18,28,29],"killed_by":"Gremlin Leader","ascension_level":0}}