{"host":"ljaiy5ygc2blx6r2","time":1612882845,"event":{"mods":["BaseMod","Challenge The Spire","Colored Powertips","Conspire","Highlight Path","HornydragonMod","Koishi","Marisa（F雨　魔理沙）","Minty Spire (QoL Compilation)","Reimu（博丽灵梦）","Remilia（蕾米莉亚）","Replay The Spire","RumiaBox-露米娅的神秘盒子","SOS（斯巴达之子）","StSLib","TestMod","The Animator","The Bug Knight","The Cursed","The Disciple","The Gatherer","The Hierophant","The Necromancer","The Runesmith","The Senshi","UnlockEverythingMod","Yuri Mod","Yuyuko","[IsaacMod]以撒尖塔","【功能Mod】聪明的最终Boss","篝火指南"],"gold_per_floor":[116,116,116,133,153,179,179,208,208,208,236,191,226,626,326,421,421,433,433,433,433,358,371,331,366,366,400,412,443,467,479,508,520,532,652,664,698,710,722,753,802,814,779,253,292,339,351,383,15,31,31,38,38],"floor_reached":52,"language":"ZHS","playtime":1996,"items_purged":["TheCursedMod:RavingStaff"],"score":886,"play_id":"5a1d8917-c448-4d54-9aa3-9ec2a2167094","local_time":"20210209230045","is_ascension_mode":true,"campfire_choices":[{"floor":7.0,"key":"REST"},{"data":"TheCursedMod:ManaCirculation","floor":10.0,"key":"SMITH"},{"data":"TheCursedMod:NeowsMight","floor":26.0,"key":"SMITH"},{"data":"TheCursedMod:OutForBlood","floor":31.0,"key":"SMITH"},{"data":"TheCursedMod:CircleOfBlood","floor":34.0,"key":"SMITH"},{"data":"TheCursedMod:HellsGateOpen","floor":42.0,"key":"SMITH"},{"data":"1","floor":47.0,"key":"LIFT"},{"floor":51.0,"key":"REST"}],"circlet_count":0,"master_deck":["TheCursedMod:CursedWand+1","TheCursedMod:CleanUpWorkshop","TheCursedMod:Dregs","TheCursedMod:CircleOfAbyss+1","TheCursedMod:CursedStaff+1","TheCursedMod:ManaCirculation+1","TheCursedMod:DemonSword","TheCursedMod:WearCloak+1","TheCursedMod:SmokeScreen","TheCursedMod:LuckyCharm+1","TheCursedMod:NeowsMight+1","TheCursedMod:SpitefulPray+1","TheCursedMod:RapidMovement+1","ZunPunch:ReiMu+1","TheCursedMod:SpitefulStrike+1","TheCursedMod:CircleOfBlood+1","TheCursedMod:SpreadPlague","TheCursedMod:FleshFromBone","TheCursedMod:CursedBoomerang+1","Lust_TH","TheCursedMod:OutForBlood","TheCursedMod:CursedSpellbook","TheCursedMod:Grudge","TheCursedMod:OutForBlood","TheCursedMod:EmpowerCircles","TheCursedMod:Torture","TheCursedMod:CursedArmor","TheCursedMod:SmokeScreen","TheCursedMod:Obscuration","TheCursedMod:HellsGateOpen+1","TheCursedMod:AbyssShockwave","TheCursedMod:ShockAndAwe","TheCursedMod:CursedMace+1","testmod-Collector","testmod-WeaknessCounterattack","testmod-BackupPower","TheCursedMod:SurpriseAttack+1","TheCursedMod:DoubleShield+1","TheCursedMod:CircleOfCorruption+1","TheCursedMod:ManaCirculation","TheCursedMod:CircleOfFlame","TheCursedMod:Stigma+1","TheCursedMod:WearCloak","TheCursedMod:SoulCrush","Madness","TheCursedMod:CircleOfFlame+1"],"relics":["TheCursedMod:BlackMagic101","HushsDoor","testmod-ChristmasGift","D6","NeowsBlessing","Baka","Pen Nib","ChaoDraw","InkBottle","Mummified Hand","DeadEye","testmod-Déjàvu","ReplayTheSpireMod:CursedCoin","Strawberry","Art of War","conspire:DecoderRing","testmod-DeterminationOfClimber","War Paint","MawBank","GodSword5","Pandora\u0027s Box","testmod-IndustrialRevolution","Calipers","Gremlin Food","GodSword1","testmod-AssaultLearning","Replay:Mystery Machine","Girya"],"acts_visited":["Exordium","TheCity","TheBeyond"],"potions_floor_usage":[52,52],"damage_taken":[{"damage":0.0,"enemies":"Jaw Worm","floor":1.0,"turns":1.0},{"damage":0.0,"enemies":"Cultist","floor":4.0,"turns":1.0},{"damage":0.0,"enemies":"Small Slimes","floor":5.0,"turns":2.0},{"damage":0.0,"enemies":"3 Sentries","floor":6.0,"turns":2.0},{"damage":0.0,"enemies":"Gremlin Nob","floor":8.0,"turns":3.0},{"damage":8.0,"enemies":"3 Sentries","floor":11.0,"turns":3.0},{"damage":7.0,"enemies":"Lagavulin","floor":13.0,"turns":5.0},{"damage":10.0,"enemies":"The Guardian","floor":16.0,"turns":10.0},{"damage":0.0,"enemies":"Chosen","floor":18.0,"turns":2.0},{"damage":5.0,"enemies":"2 Thieves","floor":23.0,"turns":2.0},{"damage":11.0,"enemies":"Book of Stabbing","floor":25.0,"turns":3.0},{"damage":13.0,"enemies":"Slavers","floor":27.0,"turns":3.0},{"damage":0.0,"enemies":"Cultist and Chosen","floor":29.0,"turns":3.0},{"damage":7.0,"enemies":"Shelled Parasite and Fungi","floor":30.0,"turns":4.0},{"damage":5.0,"enemies":"Chosen and Byrds","floor":32.0,"turns":2.0},{"damage":0.0,"enemies":"Champ","floor":35.0,"turns":4.0},{"damage":0.0,"enemies":"3 Shapes","floor":37.0,"turns":2.0},{"damage":0.0,"enemies":"Orb Walker","floor":40.0,"turns":2.0},{"damage":0.0,"enemies":"conspire:MimicChest","floor":41.0,"turns":3.0},{"damage":0.0,"enemies":"Reptomancer","floor":43.0,"turns":2.0},{"damage":0.0,"enemies":"Giant Head","floor":46.0,"turns":1.0},{"damage":0.0,"enemies":"Maw","floor":48.0,"turns":2.0},{"damage":24.0,"enemies":"Writhing Mass","floor":50.0,"turns":3.0},{"damage":75,"enemies":"conspire:OrnateMirror","floor":52,"turns":4}],"seed_played":"318392358729369496","potions_obtained":[{"floor":4.0,"key":"ColorlessPotion"},{"floor":25.0,"key":"ColorlessPotion"},{"floor":27.0,"key":"testmod-TestPotion"},{"floor":46.0,"key":"GrandPatriotsElixir:ReiMu"},{"floor":48.0,"key":"Fire Potion"}],"is_trial":false,"path_per_floor":["M","?","?","M","M","E","R","E","T","R","E","$","E","?","R","B",null,"M","?","PTL","PTL","?","M","?","E","R","E","T","M","M","R","M","?","R","B",null,"M","?","?","M","?","R","E","R","T","E","R","M","$","M","R","B"],"character_chosen":"THE_CURSED","items_purchased":["ReplayTheSpireMod:CursedCoin","TheCursedMod:WearCloak+1","Strawberry","TheCursedMod:LuckyCharm","conspire:DecoderRing","TheCursedMod:NeowsMight","TheCursedMod:HellsGateOpen","TheCursedMod:AbyssShockwave","TheCursedMod:ShockAndAwe","GodSword1","testmod-AssaultLearning","TheCursedMod:ManaCirculation","TheCursedMod:WearCloak","Doom Potion","TheCursedMod:SoulCrush","Madness"],"campfire_rested":2,"item_purchase_floors":[12,12,12,15,15,17,36,36,36,44,44,44,49,49,49,49],"current_hp_per_floor":[75,60,45,45,45,46,68,70,70,70,68,75,72,72,72,80,78,78,78,78,78,78,74,74,74,74,67,67,78,72,72,70,70,70,78,69,69,69,59,69,69,69,69,69,69,69,69,69,69,46,69,0,0],"gold":38,"neow_bonus":"THREE_ENEMY_KILL","is_daily":false,"chose_seed":false,"campfire_upgraded":5,"win_rate":0.0,"timestamp":1612882845,"path_taken":["M","?","?","?","M","E","R","E","T","R","E","$","E","?","R","BOSS","M","?","PTL","PTL","?","M","?","E","R","E","T","M","?","R","M","?","R","BOSS","M","?","?","M","?","R","E","R","T","E","R","M","$","?","R","BOSS"],"items_purchased_type":["Relic","Card","Relic","Card","Relic","Card","Card","Card","Card","Relic","Relic","Card","Card","Potion","Card","Card"],"build_version":"2020-12-22","purchased_purges":1,"victory":false,"max_hp_per_floor":[75,75,75,75,75,75,75,75,75,75,75,82,82,82,82,82,78,78,78,78,78,78,78,78,78,78,78,78,78,78,78,78,78,78,78,69,69,69,69,69,69,69,69,69,69,69,69,69,69,69,69,69,69],"card_choices":[{"not_picked":[],"picked":"ChaosCard","floor":0.0},{"not_picked":["TheCursedMod:TacticalStrike","TheCursedMod:DoubleShield"],"picked":"TheCursedMod:CircleOfAbyss","floor":1.0},{"not_picked":["TheCursedMod:CursedMace","TheCursedMod:ReleasedKnowledge"],"picked":"Bomb","floor":4.0},{"not_picked":["TheCursedMod:CursedAmulet","TheCursedMod:FleshFromBone"],"picked":"TheCursedMod:CursedStaff","floor":5.0},{"not_picked":["TheCursedMod:CircleOfWindfury","TheCursedMod:CursedMace"],"picked":"TheCursedMod:ManaCirculation","floor":6.0},{"not_picked":["TheCursedMod:CircleOfCorruption","TheCursedMod:PrepareRite"],"picked":"Bomb","floor":8.0},{"not_picked":["Bomb","TheCursedMod:Torture"],"picked":"TheCursedMod:DemonSword","floor":11.0},{"not_picked":["TheCursedMod:CircleOfCorruption","TheCursedMod:CursedStaff"],"picked":"TheCursedMod:SmokeScreen","floor":13.0},{"not_picked":["TheCursedMod:VoidForm","TheCursedMod:DemonSword"],"picked":"TheCursedMod:StunningStrike","floor":16.0},{"not_picked":["TheCursedMod:WearCloak","TheCursedMod:CursedBlade"],"picked":"TheCursedMod:SpitefulPray+1","floor":18.0},{"not_picked":["TheCursedMod:CircleOfBlood","TheCursedMod:Mangle"],"picked":"TheCursedMod:RapidMovement+1","floor":23.0},{"not_picked":["TheCursedMod:SmokeScreen","TheCursedMod:CursedMace+1"],"picked":"TheCursedMod:SpitefulStrike+1","floor":25.0},{"not_picked":["TheCursedMod:CircleOfAmplification","TheCursedMod:Obscuration"],"picked":"TheCursedMod:CircleOfBlood","floor":27.0},{"not_picked":["TheCursedMod:PrepareRite+1","TheCursedMod:Obscuration+1"],"picked":"TheCursedMod:FleshFromBone","floor":29.0},{"not_picked":["TheCursedMod:Grudge","TheCursedMod:BloodBarrier"],"picked":"TheCursedMod:OutForBlood","floor":30.0},{"not_picked":["TheCursedMod:SurpriseAttack","TheCursedMod:BlessingInDisguise+1"],"picked":"TheCursedMod:CursedBoomerang","floor":32.0},{"not_picked":["TheCursedMod:DemonicPact","TheCursedMod:Neurasthenia"],"picked":"TheCursedMod:OutForBlood","floor":35.0},{"not_picked":["TheCursedMod:ReleasedKnowledge","TheCursedMod:Obscuration"],"picked":"TheCursedMod:CursedMace+1","floor":37.0},{"not_picked":["testmod-ConditionedReflex","testmod-Bloodthirsty"],"picked":"testmod-Collector","floor":39.0},{"not_picked":["HandOfGreed","Replay:Sssssssssstrike"],"picked":"testmod-WeaknessCounterattack","floor":39.0},{"not_picked":["The Bomb","Discovery"],"picked":"testmod-BackupPower","floor":39.0},{"not_picked":["TheCursedMod:BlessingInDisguise+1","TheCursedMod:Stretching"],"picked":"TheCursedMod:SurpriseAttack+1","floor":40.0},{"not_picked":["TheCursedMod:Stretching","TheCursedMod:FleshFromBone"],"picked":"TheCursedMod:DoubleShield+1","floor":41.0},{"not_picked":["TheCursedMod:SpitefulPray","TheCursedMod:Mangle"],"picked":"TheCursedMod:CircleOfCorruption+1","floor":43.0},{"not_picked":["TheCursedMod:CursedShiv","TheCursedMod:CircleOfCorruption+1"],"picked":"TheCursedMod:CircleOfFlame","floor":46.0},{"not_picked":["TheCursedMod:FuryStrike+1","TheCursedMod:TacticalStrike"],"picked":"TheCursedMod:Stigma+1","floor":48.0},{"not_picked":["TheCursedMod:SurpriseAttack","TheCursedMod:CursedSpellbook"],"picked":"TheCursedMod:CircleOfFlame+1","floor":50.0}],"player_experience":202658,"relics_obtained":[{"floor":1.0,"key":"Baka"},{"floor":6.0,"key":"ChaoDraw"},{"floor":8.0,"key":"InkBottle"},{"floor":8.0,"key":"Mummified Hand"},{"floor":9.0,"key":"DeadEye"},{"floor":11.0,"key":"testmod-Déjàvu"},{"floor":13.0,"key":"Art of War"},{"floor":25.0,"key":"War Paint"},{"floor":27.0,"key":"MawBank"},{"floor":28.0,"key":"GodSword5"},{"floor":41.0,"key":"testmod-IndustrialRevolution"},{"floor":43.0,"key":"Calipers"},{"floor":43.0,"key":"Gremlin Food"},{"floor":45.0,"key":"Replay:Mystery Machine"},{"floor":46.0,"key":"Girya"}],"event_choices":[{"damage_healed":0.0,"max_hp_gain":0.0,"max_hp_loss":0.0,"gold_gain":0.0,"event_name":"Shining Light","player_choice":"Entered Light","floor":3.0,"gold_loss":0.0,"damage_taken":15.0,"cards_upgraded":["TheCursedMod:Strike_TheCursed","TheCursedMod:CursedWand"]},{"damage_healed":0.0,"max_hp_gain":0.0,"max_hp_loss":0.0,"gold_gain":400.0,"event_name":"恩洛斯的盘子","player_choice":"Sell","floor":14.0,"relics_lost":["testmod-TestBox"],"gold_loss":0.0,"damage_taken":0.0},{"damage_healed":0.0,"max_hp_gain":0.0,"max_hp_loss":0.0,"gold_gain":0.0,"event_name":"Ghosts","player_choice":"Ignored","floor":19.0,"gold_loss":0.0,"damage_taken":0.0},{"cards_removed":["Languid"],"damage_healed":0.0,"max_hp_gain":0.0,"max_hp_loss":0.0,"gold_gain":0.0,"event_name":"Beggar","player_choice":"Gave Gold","floor":22.0,"gold_loss":75.0,"damage_taken":0.0},{"damage_healed":0.0,"max_hp_gain":0.0,"max_hp_loss":0.0,"gold_gain":0.0,"event_name":"ZunEvent","player_choice":"交出神酒","floor":24.0,"relics_lost":["ZunR:ReiMu"],"gold_loss":0.0,"damage_taken":0.0,"cards_obtained":["ZunPunch:ReiMu"]},{"cards_removed":["TheCursedMod:LuckyCharm"],"damage_healed":0.0,"max_hp_gain":0.0,"max_hp_loss":0.0,"gold_gain":0.0,"event_name":"Falling","player_choice":"Removed Power","floor":38.0,"gold_loss":0.0,"damage_taken":0.0},{"damage_healed":0.0,"max_hp_gain":0.0,"max_hp_loss":0.0,"gold_gain":0.0,"event_name":"SensoryStone","player_choice":"Memory 3","floor":39.0,"gold_loss":0.0,"damage_taken":10.0}],"is_beta":false,"boss_relics":[{"not_picked":["Tiny House","Ring of Chaos"],"picked":"testmod-DeterminationOfClimber"},{"not_picked":[]},{"not_picked":["ChewingGum","AddBug"],"picked":"Pandora\u0027s Box"},{"not_picked":[]}],"items_purged_floors":[49],"is_endless":false,"potions_floor_spawned":[4,6,13,25,27,30,35,46,48,50],"killed_by":"conspire:OrnateMirror","ascension_level":1}}