{"host":"o3b7ow6d1xe49css","time":1612855674,"event":{"mods":["Act Like it!","Aspiration","BaseMod","Bestiary","Better Altar","Better Match","Better Note","Better Sensory Stone","Better Skull","Better Third Choice","Colored Powertips","Conspire","Energized Spire","Force Act Four","GifTheSpireLib","Halation","Hermit","Hubris","Infinite Spire","Lobotomy","Minty Spire (QoL Compilation)","Quick Restart","Rare Cards Sparkle","Relic Filter Mod","Reliquary","Replay The Spire","Spicy Shops","Spikes Relics","Spire Arcade","StSLib","Stuff the Spire","The Blue Laboratory","Wandering Minibosses"],"gold_per_floor":[112,122,142,155,165,199,225,257,257,257,257,288,317,317,317,418,418,431,38,51,51,51,82,82,115,166,179,179,210,225,225,225,325,325,338,349,362,23,153,153,183,211,211,211,236,236,270,304,387,485,485,485,76,110,110],"floor_reached":56,"language":"ENG","playtime":2155,"items_purged":["Regret","Strike_R","OSAHOGD"],"score":1849,"play_id":"323eb3f8-9368-49d3-8365-26da30e1d131","local_time":"20210208222754","daily_mods":["Heirloom","Flight"],"is_ascension_mode":true,"campfire_choices":[{"data":"BarbarianYell","floor":10,"key":"SMITH"},{"data":"Bash","floor":11,"key":"SMITH"},{"data":"ReplayTheSpireMod:Stacked","floor":15,"key":"SMITH"},{"data":"Limit Break","floor":24,"key":"SMITH"},{"data":"Feed","floor":28,"key":"SMITH"},{"floor":32,"key":"REST"},{"floor":40,"key":"RECALL"},{"data":"Whirlwind","floor":46,"key":"SMITH"},{"data":"Sword Boomerang","floor":52,"key":"SMITH"}],"circlet_count":0,"master_deck":["Defend_R","Defend_R","Defend_R","Defend_R","Bash+1","BarbarianYell+1","Sword Boomerang+1","Mercenary","Twin Strike","UniverseFragment","Burning Pact","Limit Break+1","Whirlwind+1","Feed+1","Battle Trance+1","Reaper+1","Heavy Blade+1","infinitespire:Fortify+1","hubris:StunningStrike+1","StuffTheSpire:TitanForm+1","hubris:DuctTapeCard","True Grit+1","Pommel Strike+1","Exhume+1","Flame Barrier+1","True Grit+1","True Grit+1"],"relics":["Burning Blood","Ring of Chaos","infinitespire:CursedDice","CogitoBucket","GolemAmulet","reliquary:TridentHead","SuspiciousGoo","hubris:Zylophone","RetroEgg","hubris:MysteriousPyramids","halation:EternalFortune","StuffTheSpire:Kangaroo","ReplayTheSpireMod:CursedCoin","Toxic Egg 2","Strawberry","Golden Egg","MealTicket","Onion Ring","aspiration:DSix","Abe\u0027s Treasure","wanderingMiniBosses:Blackblade","Medical Kit","reliquary:Firecrackers","hubris:DuctTape","StuffTheSpire:HeavyRock","Thread and Needle","halation:BottledLove","ReplayTheSpireMod:Shallot","hubris:Reverence","energizedSpire:OgreHead","Ring of Chaos","Garlic"],"acts_visited":["Exordium","TheCity","TheBeyond","Exordium","TheEnding"],"potions_floor_usage":[4,18,23,25,27,29,29,35,36,41,48,48,55,55,55],"damage_taken":[{"damage":10,"enemies":"2 Louse","floor":1,"turns":4},{"damage":8,"enemies":"Small Slimes","floor":2,"turns":3},{"damage":19,"enemies":"Jaw Worm","floor":3,"turns":5},{"damage":1,"enemies":"Looter","floor":4,"turns":2},{"damage":2,"enemies":"3 Louse","floor":5,"turns":3},{"damage":2,"enemies":"Lagavulin","floor":6,"turns":4},{"damage":34,"enemies":"Gremlin Nob","floor":7,"turns":4},{"damage":16,"enemies":"Lagavulin","floor":8,"turns":6},{"damage":0,"enemies":"Gremlin Nob","floor":12,"turns":2},{"damage":0,"enemies":"Lagavulin","floor":13,"turns":4},{"damage":18,"enemies":"The Guardian","floor":16,"turns":8},{"damage":17,"enemies":"2 Thieves","floor":18,"turns":7},{"damage":6,"enemies":"Spheric Guardian","floor":20,"turns":3},{"damage":0,"enemies":"Nightmare","floor":23,"turns":3},{"damage":45,"enemies":"Book of Stabbing","floor":25,"turns":5},{"damage":33,"enemies":"Centurion and Healer","floor":27,"turns":3},{"damage":57,"enemies":"Slavers","floor":29,"turns":5},{"damage":32,"enemies":"Snecko","floor":30,"turns":2},{"damage":0,"enemies":"Automaton","floor":33,"turns":4},{"damage":4,"enemies":"3 Darklings","floor":35,"turns":2},{"damage":0,"enemies":"3 Shapes","floor":36,"turns":1},{"damage":32,"enemies":"Spire Growth","floor":37,"turns":5},{"damage":7,"enemies":"R_Hoarder","floor":41,"turns":3},{"damage":2,"enemies":"Nemesis","floor":42,"turns":3},{"damage":4,"enemies":"R_Hoarder","floor":45,"turns":4},{"damage":0,"enemies":"Reptomancer","floor":47,"turns":3},{"damage":2,"enemies":"Nightmare","floor":48,"turns":3},{"damage":19,"enemies":"Replay:Hell Engine","floor":50,"turns":3},{"damage":4,"enemies":"Shield and Spear","floor":54,"turns":5},{"damage":38,"enemies":"The Heart","floor":55,"turns":6}],"seed_played":"-4103104275279567678","potions_obtained":[{"floor":2,"key":"blueLaboratory:FruitPunch"},{"floor":7,"key":"blueLaboratory:FruitPreserves"},{"floor":8,"key":"blueLaboratory:NullPotion"},{"floor":12,"key":"FearPotion"},{"floor":16,"key":"blueLaboratory:FrostheartPotion"},{"floor":23,"key":"blueLaboratory:SavagePotion"},{"floor":27,"key":"Regen Potion"},{"floor":30,"key":"Toxic Potion"},{"floor":33,"key":"Fire Potion"},{"floor":37,"key":"EssenceOfSteel"},{"floor":41,"key":"BloodPotion"},{"floor":47,"key":"blueLaboratory:BottleOfRum"},{"floor":50,"key":"Ancient Potion"}],"is_trial":true,"path_per_floor":["M","M","M","M","M","E","E","E","T","R","R","E","E","?","R","B",null,"M","$","M","?","?","NM","R","E","T","M","R","E","M","AVR","R","B",null,"M","M","M","$","?","R","E","E","T","AVR","E","R","E","NM","R","B",null,"R","$","E","B",null],"character_chosen":"IRONCLAD","items_purchased":["Feed","ReplayTheSpireMod:CursedCoin","Toxic Egg 2","blueLaboratory:FrostheartPotion","StuffTheSpire:TitanForm","Medical Kit","FearPotion","Weak Potion","LifebloodPotion","Flame Barrier+1","True Grit+1"],"campfire_rested":1,"item_purchase_floors":[19,19,19,19,38,38,38,53,53,53,53],"current_hp_per_floor":[76,74,61,68,72,76,48,38,38,38,38,44,50,53,53,41,74,63,63,63,63,63,76,76,37,37,53,53,18,40,40,68,74,90,96,109,87,102,102,102,101,105,105,105,107,107,113,116,116,103,115,115,116,116,116],"gold":110,"neow_bonus":"","is_daily":false,"chose_seed":false,"campfire_upgraded":7,"win_rate":0.0,"timestamp":1612855674,"path_taken":["M","M","M","M","M","E","E","E","T","R","R","E","E","?","R","BOSS","M","$","M","?","?","NM","R","E","T","?","R","E","M","AVR","R","BOSS","M","M","M","$","?","R","E","E","T","AVR","E","R","E","NM","R","BOSS","R","$","E","BOSS"],"items_purchased_type":["Card","Relic","Relic","Potion","Card","Relic","Potion","Potion","Potion","Card","Card"],"build_version":"2020-12-22","purchased_purges":3,"victory":true,"max_hp_per_floor":[80,80,80,82,82,82,82,82,82,82,82,82,82,85,85,85,85,85,85,85,85,85,92,92,92,92,95,95,95,95,95,95,95,95,99,109,113,113,113,113,113,113,113,113,113,113,113,116,116,116,116,116,116,116,116],"card_choices":[{"not_picked":["True Grit","Intimidate"],"picked":"BarbarianYell","floor":1},{"not_picked":["HeroicMonk","FairyFestival","WallGazer"],"picked":"Singing Bowl","floor":1},{"not_picked":["Run Through","ReplayTheSpireMod:Strike From Hell"],"picked":"Carnage","floor":2},{"not_picked":["Rudolta","MHz","ShyLook"],"picked":"Singing Bowl","floor":2},{"not_picked":["ReplayTheSpireMod:Limb From Limb","Inflame"],"picked":"Sword Boomerang","floor":3},{"not_picked":["LittlePrince","BodiesMountain"],"picked":"Mercenary","floor":3},{"not_picked":["LongBird","Alriune","PunishingBird"],"picked":"Singing Bowl","floor":4},{"not_picked":["ReplayTheSpireMod:Strike From Hell","Anger"],"picked":"Twin Strike","floor":4},{"not_picked":["MeatLantern","LongBird","SpiderBud"],"picked":"Singing Bowl","floor":5},{"not_picked":["Warcry","Sword Boomerang","Dark Embrace"],"picked":"SKIP","floor":5},{"not_picked":["CrumblingArmor","Scarecrow","ShyLook"],"picked":"Singing Bowl","floor":6},{"not_picked":["Searing Blow","Anger","ReplayTheSpireMod:LeadingStrike"],"picked":"SKIP","floor":6},{"not_picked":["Infernal Blade","ReplayTheSpireMod:LeadingStrike"],"picked":"ReplayTheSpireMod:Stacked","floor":7},{"not_picked":["HeroicMonk","MHz","WallGazer"],"picked":"Singing Bowl","floor":7},{"not_picked":["UniverseFragment","OldLady","Porccubus"],"picked":"Singing Bowl","floor":8},{"not_picked":["Iron Wave","Flex","Hemogenesis"],"picked":"SKIP","floor":8},{"not_picked":["QueenOfHatred","DespairKnight","CrumblingArmor"],"picked":"Singing Bowl","floor":12},{"not_picked":["Carnage","Reckless Charge","Headbutt"],"picked":"SKIP","floor":12},{"not_picked":["Perfected Strike","Searing Blow"],"picked":"Burning Pact","floor":13},{"not_picked":["Impervious","Fiend Fire"],"picked":"Limit Break","floor":16},{"not_picked":["Bloodbath","CherryBlossoms","BlackArmy"],"picked":"Singing Bowl","floor":18},{"not_picked":["StuffTheSpire:Incineration","Dark Embrace"],"picked":"Whirlwind","floor":18},{"not_picked":["ReplayTheSpireMod:Limb From Limb+1","Armaments+1","Body Slam"],"picked":"SKIP","floor":20},{"not_picked":["StuffTheSpire:Incineration","StuffTheSpire:Pyroclast","Massacre"],"picked":"SKIP","floor":23},{"not_picked":["Clash","Defy Death+1"],"picked":"Battle Trance+1","floor":25},{"not_picked":["Twin Strike","Intimidate+1","BarbarianYell+1"],"picked":"SKIP","floor":27},{"not_picked":["Warcry+1","Entrench+1"],"picked":"Reaper","floor":29},{"not_picked":["Warcry+1","Headbutt+1"],"picked":"Heavy Blade+1","floor":30},{"not_picked":["Demon Form","Limit Break+1"],"picked":"hubris:StunningStrike","floor":33},{"not_picked":["Flex+1","Thunderclap+1","Armaments+1"],"picked":"SKIP","floor":35},{"not_picked":["Sentinel+1","ReplayTheSpireMod:Corrosion Curse+1","Replay:Undeath\u0027s Touch"],"picked":"SKIP","floor":36},{"not_picked":["PunishingBird","Scarecrow","MHz"],"picked":"Singing Bowl","floor":36},{"not_picked":["PunishingBird","Porccubus"],"picked":"OSAHOGD","floor":36},{"not_picked":["Sentinel+1","ReplayTheSpireMod:Corrosion Curse+1","Replay:Undeath\u0027s Touch"],"picked":"SKIP","floor":36},{"not_picked":["wanderingMiniBosses:FinaleOfPromise"],"picked":"SKIP","floor":37},{"not_picked":["Shockwave+1","Iron Wave","Clothesline"],"picked":"SKIP","floor":37},{"not_picked":["Heavy Blade","Twin Strike+1"],"picked":"True Grit+1","floor":41},{"not_picked":["Disarm+1","Hemogenesis"],"picked":"Pommel Strike+1","floor":42},{"not_picked":["Clothesline","Twin Strike+1","StuffTheSpire:RockThrow+1"],"picked":"SKIP","floor":45},{"not_picked":["Ghostly Armor+1","StuffTheSpire:BloodClot+1","Disarm+1"],"picked":"SKIP","floor":47},{"not_picked":["Bludgeon","Shrug It Off+1","Perfected Strike"],"picked":"SKIP","floor":48},{"not_picked":["Replay:Many Hands+1","Immolate"],"picked":"Exhume+1","floor":50},{"not_picked":["Searing Blow+1","Hemokinesis+1","Flame Barrier+1"],"picked":"SKIP","floor":54},{"not_picked":["Searing Blow+1","Hemokinesis+1","Flame Barrier+1"],"picked":"SKIP","floor":54}],"player_experience":1339672,"relics_obtained":[{"floor":6,"key":"GolemAmulet"},{"floor":7,"key":"reliquary:TridentHead"},{"floor":8,"key":"SuspiciousGoo"},{"floor":9,"key":"hubris:Zylophone"},{"floor":12,"key":"RetroEgg"},{"floor":13,"key":"hubris:MysteriousPyramids"},{"floor":23,"key":"Strawberry"},{"floor":25,"key":"Golden Egg"},{"floor":26,"key":"MealTicket"},{"floor":29,"key":"Onion Ring"},{"floor":36,"key":"halation:EternalFortune"},{"floor":37,"key":"wanderingMiniBosses:Blackblade"},{"floor":39,"key":"reliquary:Firecrackers"},{"floor":41,"key":"hubris:DuctTape"},{"floor":42,"key":"StuffTheSpire:HeavyRock"},{"floor":45,"key":"halation:BottledLove"},{"floor":47,"key":"ReplayTheSpireMod:Shallot"},{"floor":48,"key":"halation:EternalFortune"},{"floor":48,"key":"hubris:Reverence"},{"floor":54,"key":"Garlic"}],"event_choices":[{"damage_healed":0,"gold_gain":0,"player_choice":"Ignored","damage_taken":0,"max_hp_gain":0,"max_hp_loss":0,"event_name":"betterNote:BetterNote","floor":21,"gold_loss":0,"cards_obtained":["Strike_R"]},{"cards_removed":["Strike_R"],"damage_healed":0,"gold_gain":0,"player_choice":"Purged","damage_taken":0,"max_hp_gain":0,"max_hp_loss":0,"event_name":"Purifier","floor":22,"gold_loss":0}],"is_beta":false,"boss_relics":[{"not_picked":["Runic Dome","Sozu"],"picked":"StuffTheSpire:Kangaroo"},{"not_picked":["infinitespire:Cupcake","conspire:RunicOctahedron"],"picked":"Abe\u0027s Treasure"},{"not_picked":["energizedSpire:HugeHouse","hubris:BlackHole"],"picked":"energizedSpire:OgreHead"}],"items_purged_floors":[19,31,44],"is_endless":true,"potions_floor_spawned":[2,7,8,12,16,20,23,27,30,33,37,41,47,50],"ascension_level":5}}