{"host":"n23juj4d9qam5hh1","time":1612832756,"event":{"mods":["BaseMod","Better Note","BetterRewards","Bossed Relics","Curses Come First","Displayed Cursed Tome","Infinite Spire","Minty Spire (QoL Compilation)","Relic Stats","StSLib","Thieving Mod"],"gold_per_floor":[118,96,113,132,232,232,244,244,244,259,275,294,294,312,312,410,410,430,449,449,469,469,469],"floor_reached":22,"language":"ENG","playtime":910,"items_purged":[],"score":218,"play_id":"6c9b1814-697f-4b95-bb5a-7bf1bd29dded","local_time":"20210208200556","is_ascension_mode":true,"campfire_choices":[{"data":"Dualcast","floor":6,"key":"SMITH"},{"data":"Zap","floor":8,"key":"SMITH"},{"floor":13,"key":"REST"},{"floor":15,"key":"REST"}],"circlet_count":0,"master_deck":["Strike_B","Strike_B","Strike_B","Strike_B","Defend_B","Defend_B","Defend_B","Defend_B","Zap+1","Dualcast+1","Good Instincts","Darkness","Sweeping Beam","Undo","Cold Snap","FTL","Redo","Ball Lightning","Biased Cognition","BootSequence","Turbo","Double Energy+1"],"relics":["Cracked Core","Happy Flower","Inserter"],"acts_visited":["Exordium","TheCity"],"potions_floor_usage":[16,19],"damage_taken":[{"damage":1,"enemies":"Jaw Worm","floor":1,"turns":4},{"damage":1,"enemies":"Cultist","floor":3,"turns":4},{"damage":16,"enemies":"infinitespire:Voidling","floor":4,"turns":5},{"damage":1,"enemies":"2 Fungi Beasts","floor":7,"turns":3},{"damage":12,"enemies":"Exordium Wildlife","floor":10,"turns":6},{"damage":1,"enemies":"Blue Slaver","floor":11,"turns":3},{"damage":13,"enemies":"Gremlin Gang","floor":12,"turns":4},{"damage":1,"enemies":"Large Slime","floor":14,"turns":5},{"damage":3,"enemies":"The Guardian","floor":16,"turns":10},{"damage":19,"enemies":"Chosen","floor":18,"turns":6},{"damage":5,"enemies":"Shell Parasite","floor":19,"turns":6},{"damage":19,"enemies":"Cultist and Chosen","floor":21,"turns":6},{"damage":34,"enemies":"Snecko","floor":22,"turns":6}],"seed_played":"-5931313372859931743","potions_obtained":[{"floor":1,"key":"SteroidPotion"},{"floor":7,"key":"FocusPotion"},{"floor":11,"key":"FearPotion"},{"floor":16,"key":"SteroidPotion"},{"floor":18,"key":"Weak Potion"},{"floor":19,"key":"BlessingOfTheForge"}],"is_trial":false,"path_per_floor":["M","$","M","M","?","R","M","R","T","M","M","M","R","M","R","B",null,"M","M","?","M","M"],"character_chosen":"DEFECT","items_purchased":["Sweeping Beam"],"campfire_rested":2,"item_purchase_floors":[2],"current_hp_per_floor":[74,74,73,57,57,57,56,56,56,44,43,30,52,51,73,70,75,56,51,51,32,0,0],"gold":469,"neow_bonus":"RANDOM_COLORLESS","is_daily":false,"chose_seed":false,"campfire_upgraded":2,"win_rate":0.0,"timestamp":1612832756,"path_taken":["M","$","M","M","?","R","M","R","T","M","?","M","R","M","R","BOSS","M","?","?","M","M"],"items_purchased_type":["Card"],"build_version":"2020-12-22","purchased_purges":0,"victory":false,"max_hp_per_floor":[75,75,75,75,75,75,75,75,75,75,75,75,75,75,75,75,75,75,75,75,75,75,75],"relic_stats":{"Inserter":[12],"Happy Flower":[17],"counters":[13,68],"obtain_stats":[{"Inserter":17,"Happy Flower":9,"Cracked Core":0},{"Inserter":9,"Happy Flower":4,"Cracked Core":0},{"Inserter":44,"Happy Flower":16,"Cracked Core":0}]},"card_choices":[{"not_picked":["Finesse","Impatience"],"picked":"Good Instincts","floor":0},{"not_picked":["Hologram","Reinforced Body"],"picked":"Darkness","floor":1},{"not_picked":["Rip and Tear","Stack","Gash"],"picked":"SKIP","floor":3},{"not_picked":["Barrage","Reprogram"],"picked":"Undo","floor":4},{"not_picked":["Steam","Force Field"],"picked":"Cold Snap","floor":7},{"not_picked":["Aggregate","Stack","Barrage"],"picked":"SKIP","floor":10},{"not_picked":["Reinforced Body","Fusion"],"picked":"FTL","floor":11},{"not_picked":["Rebound","Fission"],"picked":"Redo","floor":12},{"not_picked":["Scrape","Compile Driver"],"picked":"Ball Lightning","floor":14},{"not_picked":["All For One","Meteor Strike"],"picked":"Biased Cognition","floor":16},{"not_picked":["Go for the Eyes+1","FTL"],"picked":"BootSequence","floor":18},{"not_picked":["Streamline","Ball Lightning"],"picked":"Turbo","floor":19},{"not_picked":["Rebound","Tempest+1"],"picked":"Double Energy+1","floor":21}],"player_experience":290733,"relics_obtained":[{"floor":9,"key":"Happy Flower"}],"event_choices":[{"damage_healed":0,"gold_gain":100,"player_choice":"Pray","damage_taken":0,"max_hp_gain":0,"max_hp_loss":0,"event_name":"Golden Shrine","floor":5,"gold_loss":0},{"damage_healed":0,"gold_gain":0,"player_choice":"Ignored","damage_taken":0,"max_hp_gain":0,"max_hp_loss":0,"event_name":"The Mausoleum","floor":20,"gold_loss":0}],"is_beta":false,"boss_relics":[{"not_picked":["Astrolabe","Black Star"],"picked":"Inserter"}],"items_purged_floors":[],"is_endless":false,"potions_floor_spawned":[1,7,11,16,18,19],"killed_by":"Snecko","ascension_level":4}}