{"host":"at0t1xvvdwuey7rt","time":1612837260,"event":{"mods":["BaseMod","Downfall","Minty Spire (QoL Compilation)","StSLib"],"gold_per_floor":[118,128,128,138,62,92,107,107,107,107,119,148,148,167,167,270,270,280,294,306,83,15,15,26,38,38,38,58,69,69,69],"floor_reached":30,"language":"ENG","playtime":2021,"items_purged":[],"score":296,"play_id":"1bcc0899-f53f-4c01-b1af-4de92487f72f","local_time":"20210208202100","is_ascension_mode":false,"campfire_choices":[{"floor":8,"key":"REST"},{"data":"Devotion","floor":10,"key":"SMITH"},{"floor":15,"key":"REST"},{"floor":23,"key":"REST"},{"floor":27,"key":"REST"}],"circlet_count":0,"master_deck":["Strike_P","Strike_P","Strike_P","Strike_P","Defend_P","Defend_P","Defend_P","Eruption","Vigilance","EmptyBody","BowlingBash","Collect","CarveReality","Devotion+1","EmptyFist","ReachHeaven","ThirdEye","Scrawl","WindmillStrike","ConjureBlade","LikeWater+1","PathToVictory","Perseverance","BattleHymn","Consecrate","WheelKick+1","BowlingBash","Blasphemy"],"relics":["PureWater","Bird Faced Urn","Pantograph","Du-Vu Doll","Lizard Tail","Orichalcum","Sundial","Calipers"],"acts_visited":["Exordium","TheCity"],"potions_floor_usage":[2,6,6,6,7,18,24,25,29],"damage_taken":[{"damage":0,"enemies":"2 Louse","floor":1,"turns":3},{"damage":3,"enemies":"Cultist","floor":2,"turns":4},{"damage":0,"enemies":"Small Slimes","floor":4,"turns":2},{"damage":23,"enemies":"Lagavulin","floor":6,"turns":6},{"damage":0,"enemies":"Gremlin Gang","floor":7,"turns":3},{"damage":6,"enemies":"Lots of Slimes","floor":11,"turns":5},{"damage":36,"enemies":"Gremlin Nob","floor":12,"turns":5},{"damage":12,"enemies":"Blue Slaver","floor":14,"turns":5},{"damage":0,"enemies":"Slime Boss","floor":16,"turns":5},{"damage":10,"enemies":"Spheric Guardian","floor":18,"turns":3},{"damage":13,"enemies":"Chosen","floor":19,"turns":6},{"damage":6,"enemies":"Snecko","floor":20,"turns":6},{"damage":49,"enemies":"Sentry and Sphere","floor":24,"turns":4},{"damage":40,"enemies":"Snake Plant","floor":25,"turns":3},{"damage":36,"enemies":"Chosen and Byrds","floor":28,"turns":6},{"damage":5,"enemies":"Centurion and Healer","floor":29,"turns":3},{"damage":10,"enemies":"Snecko","floor":30,"turns":4}],"seed_played":"5198789335687614666","potions_obtained":[{"floor":2,"key":"EntropicBrew"},{"floor":4,"key":"champ:CounterPotion"},{"floor":6,"key":"DuplicationPotion"},{"floor":16,"key":"hexamod:SoulburnPotion"},{"floor":18,"key":"SteroidPotion"},{"floor":20,"key":"PowerPotion"},{"floor":28,"key":"DuplicationPotion"}],"is_trial":false,"path_per_floor":["M","M","?","M","$","E","M","R","T","R","M","E","?","M","R","B",null,"M","M","M","$","?","R","M","M","T","R","M","M","M"],"character_chosen":"WATCHER","items_purchased":["CarveReality","BattleHymn","Orichalcum"],"campfire_rested":4,"item_purchase_floors":[5,21,21],"current_hp_per_floor":[65,62,62,62,62,44,44,63,63,63,59,25,25,15,34,59,65,55,46,42,42,42,61,16,18,18,37,5,6,0,0],"gold":69,"neow_bonus":"ONE_RARE_RELIC","is_daily":false,"chose_seed":false,"campfire_upgraded":1,"win_rate":0.0,"timestamp":1612837260,"path_taken":["M","M","?","M","$","E","M","R","T","R","?","E","?","?","R","BOSS","M","M","?","$","?","R","M","M","T","R","?","M","M"],"items_purchased_type":["Card","Card","Relic"],"build_version":"2020-12-22","purchased_purges":0,"victory":false,"max_hp_per_floor":[65,65,65,65,65,65,65,65,65,65,65,65,65,65,65,65,65,65,65,65,65,65,65,65,65,65,65,65,65,65,65],"card_choices":[{"not_picked":["FollowUp","JustLucky"],"picked":"EmptyBody","floor":1},{"not_picked":["ReachHeaven","ClearTheMind"],"picked":"BowlingBash","floor":2},{"not_picked":["FollowUp","Perseverance"],"picked":"Collect","floor":4},{"not_picked":["ForeignInfluence","Protect"],"picked":"Devotion","floor":6},{"not_picked":["EmptyMind","EmptyBody"],"picked":"EmptyFist","floor":7},{"not_picked":["Weave","Fasting2"],"picked":"ReachHeaven","floor":11},{"not_picked":["SashWhip","FlurryOfBlows"],"picked":"ThirdEye","floor":12},{"not_picked":["CutThroughFate","InnerPeace"],"picked":"WindmillStrike","floor":14},{"not_picked":["Vault","SpiritShield"],"picked":"ConjureBlade","floor":16},{"not_picked":["Conclude","Evaluate"],"picked":"LikeWater+1","floor":18},{"not_picked":["Study","FlurryOfBlows"],"picked":"PathToVictory","floor":19},{"not_picked":["EmptyFist","TalkToTheHand"],"picked":"Perseverance","floor":20},{"not_picked":["SashWhip+1","Evaluate+1"],"picked":"Consecrate","floor":24},{"not_picked":["Prostrate","JustLucky"],"picked":"WheelKick+1","floor":25},{"not_picked":["Weave","FlurryOfBlows"],"picked":"BowlingBash","floor":28},{"not_picked":["CutThroughFate","PathToVictory"],"picked":"Blasphemy","floor":29}],"player_experience":136977,"relics_obtained":[{"floor":6,"key":"Pantograph"},{"floor":9,"key":"Du-Vu Doll"},{"floor":12,"key":"Lizard Tail"},{"floor":26,"key":"Calipers"}],"event_choices":[{"damage_healed":0,"gold_gain":0,"player_choice":"Bought 0 Potions","damage_taken":0,"max_hp_gain":0,"max_hp_loss":0,"event_name":"The Woman in Blue","floor":3,"gold_loss":0},{"damage_healed":0,"gold_gain":0,"cards_transformed":["Defend_P"],"player_choice":"Transformed","damage_taken":0,"max_hp_gain":0,"max_hp_loss":0,"event_name":"Transmorgrifier","floor":13,"gold_loss":0,"cards_obtained":["Scrawl"]},{"damage_healed":0,"gold_gain":0,"player_choice":"Paid Gold","damage_taken":0,"relics_obtained":["Sundial"],"max_hp_gain":0,"max_hp_loss":0,"event_name":"WeMeetAgain","floor":22,"gold_loss":68}],"is_beta":false,"boss_relics":[{"not_picked":["Busted Crown","bronze:MakeshiftBattery","Snecko Eye"]}],"items_purged_floors":[],"is_endless":false,"potions_floor_spawned":[2,4,6,16,18,20,28],"killed_by":"Snecko","ascension_level":0}}