{"host":"dnvpprmy3abbf89m","time":1612833542,"event":{"mods":["BaseMod","Colored Map","Minty Spire (QoL Compilation)","StSLib"],"gold_per_floor":[112,112,112,287,287,287,212,212,212,212,231,242,242,254,254,358,358,378,378,378,439,489,489,554,554,578,628,663,674,295,260,260,363,363,374,424,436,536,586,586,618,618,618,649,719,719,135,148,148,148],"floor_reached":51,"language":"ENG","playtime":8930,"items_purged":["Doubt","Strike_G","Tactician"],"score":1101,"play_id":"73d69f66-1d4e-4d1a-9626-074e950b8ddf","local_time":"20210209021902","is_ascension_mode":true,"campfire_choices":[{"floor":6.0,"key":"REST"},{"data":"Glass Knife","floor":8.0,"key":"SMITH"},{"data":"Deadly Poison","floor":10.0,"key":"SMITH"},{"data":"Neutralize","floor":13.0,"key":"SMITH"},{"data":"Survivor","floor":15.0,"key":"SMITH"},{"floor":23.0,"key":"REST"},{"floor":25.0,"key":"REST"},{"floor":32.0,"key":"DIG"},{"floor":40.0,"key":"DIG"},{"floor":42.0,"key":"REST"},{"floor":46.0,"key":"REST"},{"floor":49.0,"key":"DIG"}],"circlet_count":0,"master_deck":["AscendersBane","Defend_G","Defend_G","Defend_G","Defend_G","Defend_G","Survivor+1","Neutralize+1","Glass Knife+1","Deadly Poison+1","Acrobatics","Envenom","Endless Agony+1","Sucker Punch+1","Bouncing Flask+1","Setup","Backflip","PiercingWail","Footwork+1","Noxious Fumes+1","Catalyst","Night Terror","Deadly Poison+1","Discovery","Corpse Explosion","Crippling Poison","Distraction+1"],"relics":["Ring of the Snake","Tingsha","Strawberry","Pantograph","Astrolabe","SsserpentHead","Bronze Scales","Orichalcum","Shovel","Matryoshka","Blood Vial","Dream Catcher","Fusion Hammer","Lizard Tail","MealTicket","Omamori","Meat on the Bone","White Beast Statue","Incense Burner","Bottled Lightning","Anchor","Centennial Puzzle"],"acts_visited":["Exordium","TheCity","TheBeyond"],"potions_floor_usage":[50,50],"damage_taken":[{"damage":0.0,"enemies":"Cultist","floor":1.0,"turns":3.0},{"damage":0.0,"enemies":"2 Louse","floor":11.0,"turns":2.0},{"damage":1.0,"enemies":"Jaw Worm","floor":12.0,"turns":2.0},{"damage":0.0,"enemies":"Looter","floor":14.0,"turns":2.0},{"damage":25.0,"enemies":"Hexaghost","floor":16.0,"turns":10.0},{"damage":1.0,"enemies":"Chosen","floor":18.0,"turns":4.0},{"damage":22.0,"enemies":"Spheric Guardian","floor":21.0,"turns":4.0},{"damage":15.0,"enemies":"Shelled Parasite and Fungi","floor":24.0,"turns":5.0},{"damage":36.0,"enemies":"Slavers","floor":28.0,"turns":7.0},{"damage":6.0,"enemies":"Cultist and Chosen","floor":29.0,"turns":7.0},{"damage":41.0,"enemies":"Champ","floor":33.0,"turns":9.0},{"damage":12.0,"enemies":"Orb Walker","floor":35.0,"turns":3.0},{"damage":16.0,"enemies":"3 Shapes","floor":37.0,"turns":4.0},{"damage":14.0,"enemies":"Mind Bloom Boss Battle","floor":38.0,"turns":4.0},{"damage":59.0,"enemies":"Reptomancer","floor":41.0,"turns":8.0},{"damage":25.0,"enemies":"Nemesis","floor":44.0,"turns":8.0},{"damage":20.0,"enemies":"3 Darklings","floor":45.0,"turns":4.0},{"damage":40.0,"enemies":"Transient","floor":48.0,"turns":5.0},{"damage":76,"enemies":"Donu and Deca","floor":50,"turns":9}],"seed_played":"6766506412795465623","potions_obtained":[{"floor":11.0,"key":"Poison Potion"},{"floor":12.0,"key":"EssenceOfSteel"},{"floor":16.0,"key":"Strength Potion"},{"floor":21.0,"key":"SpeedPotion"},{"floor":29.0,"key":"Fruit Juice"},{"floor":33.0,"key":"Regen Potion"},{"floor":38.0,"key":"SkillPotion"},{"floor":41.0,"key":"Block Potion"},{"floor":44.0,"key":"Fruit Juice"},{"floor":45.0,"key":"FearPotion"},{"floor":48.0,"key":"EssenceOfSteel"}],"is_trial":false,"path_per_floor":["M","?","?","?","T","R","$","R","T","R","M","M","R","M","R","B",null,"M","?","?","M","?","R","M","R","T","?","E","M","$","?","R","B",null,"M","?","M","?","?","R","E","R","T","E","M","R","$","M","R","B",null],"character_chosen":"THE_SILENT","items_purchased":["Catalyst","Matryoshka","Crippling Poison","Bottled Lightning","Anchor"],"campfire_rested":5,"item_purchase_floors":[30,30,47,47,47],"current_hp_per_floor":[45,38,26,26,33,56,56,56,56,56,56,55,55,55,55,52,71,70,56,56,34,34,58,43,67,67,67,31,30,30,30,30,16,69,59,59,45,72,72,72,15,41,41,35,29,56,71,45,45,58],"gold":148,"neow_bonus":"THREE_RARE_CARDS","is_daily":false,"chose_seed":false,"campfire_upgraded":4,"win_rate":0.0,"timestamp":1612833542,"path_taken":["M","?","?","?","?","R","$","R","T","R","M","M","R","M","R","BOSS","M","?","?","?","?","R","?","R","T","?","E","M","?","?","R","BOSS","M","?","M","?","?","R","E","R","T","E","?","R","$","M","R","BOSS"],"items_purchased_type":["Card","Relic","Card","Relic","Relic"],"build_version":"2020-12-22","purchased_purges":3,"victory":true,"max_hp_per_floor":[70,70,70,70,77,77,77,77,77,77,77,77,77,77,77,77,77,77,82,82,82,82,82,82,82,82,82,82,87,87,87,87,87,87,87,87,87,87,87,87,87,87,87,92,92,92,92,92,92,92],"card_choices":[{"not_picked":["Phantasmal Killer","Die Die Die"],"picked":"Glass Knife","floor":0.0},{"not_picked":["Prepared","Underhanded Strike"],"picked":"Deadly Poison","floor":1.0},{"not_picked":["Sucker Punch","Deflect"],"picked":"Tactician","floor":11.0},{"not_picked":["Skewer","Quick Slash"],"picked":"Acrobatics","floor":12.0},{"not_picked":["Flying Knee","Escape Plan","Slice"],"picked":"SKIP","floor":14.0},{"not_picked":["Adrenaline","Grand Finale"],"picked":"Envenom","floor":16.0},{"not_picked":["Dagger Throw+1","Caltrops"],"picked":"Setup","floor":18.0},{"not_picked":["Heel Hook+1","Infinite Blades"],"picked":"Backflip","floor":21.0},{"not_picked":["Deadly Poison","Distraction"],"picked":"PiercingWail","floor":24.0},{"not_picked":["Setup","Quick Slash"],"picked":"Footwork+1","floor":28.0},{"not_picked":["Underhanded Strike","Deadly Poison"],"picked":"Noxious Fumes+1","floor":29.0},{"not_picked":["Adrenaline","After Image"],"picked":"Night Terror","floor":33.0},{"not_picked":["Dagger Throw+1","Catalyst"],"picked":"Deadly Poison+1","floor":35.0},{"not_picked":["Purity","Mayhem"],"picked":"Discovery","floor":36.0},{"not_picked":["Poisoned Stab","Dagger Throw","Acrobatics+1"],"picked":"SKIP","floor":37.0},{"not_picked":["Dodge and Roll+1","Underhanded Strike+1"],"picked":"Corpse Explosion","floor":41.0},{"not_picked":["Dagger Spray+1","Slice+1","Tactician"],"picked":"SKIP","floor":44.0},{"not_picked":["Heel Hook+1","Noxious Fumes","Accuracy+1"],"picked":"SKIP","floor":45.0},{"not_picked":["Dodge and Roll","Backflip"],"picked":"Distraction+1","floor":48.0}],"player_experience":831434,"relics_obtained":[{"floor":5.0,"key":"Strawberry"},{"floor":9.0,"key":"Pantograph"},{"floor":22.0,"key":"Bronze Scales"},{"floor":26.0,"key":"Orichalcum"},{"floor":28.0,"key":"Shovel"},{"floor":32.0,"key":"Dream Catcher"},{"floor":38.0,"key":"Lizard Tail"},{"floor":40.0,"key":"MealTicket"},{"floor":41.0,"key":"Omamori"},{"floor":43.0,"key":"Meat on the Bone"},{"floor":43.0,"key":"White Beast Statue"},{"floor":44.0,"key":"Incense Burner"},{"floor":49.0,"key":"Centennial Puzzle"}],"event_choices":[{"cards_removed":["Strike_G"],"damage_healed":0.0,"max_hp_gain":0.0,"max_hp_loss":0.0,"gold_gain":0.0,"event_name":"Golden Wing","player_choice":"Card Removal","floor":2.0,"gold_loss":0.0,"damage_taken":7.0},{"damage_healed":0.0,"max_hp_gain":0.0,"max_hp_loss":0.0,"gold_gain":0.0,"event_name":"Scrap Ooze","player_choice":"Success","floor":3.0,"gold_loss":0.0,"damage_taken":12.0,"relics_obtained":["Tingsha"]},{"damage_healed":0.0,"max_hp_gain":0.0,"max_hp_loss":0.0,"gold_gain":175.0,"event_name":"Liars Game","player_choice":"AGREE","floor":4.0,"gold_loss":0.0,"damage_taken":0.0,"cards_obtained":["Doubt"]},{"damage_healed":0.0,"max_hp_gain":5.0,"max_hp_loss":0.0,"gold_gain":0.0,"event_name":"Forgotten Altar","player_choice":"Shed Blood","floor":19.0,"gold_loss":0.0,"damage_taken":19.0},{"damage_healed":0.0,"max_hp_gain":0.0,"max_hp_loss":0.0,"gold_gain":0.0,"event_name":"FaceTrader","player_choice":"Trade","floor":20.0,"gold_loss":0.0,"damage_taken":0.0,"relics_obtained":["SsserpentHead"]},{"damage_healed":0.0,"max_hp_gain":0.0,"max_hp_loss":0.0,"gold_gain":0.0,"event_name":"Wheel of Change","player_choice":"Relic","floor":22.0,"gold_loss":0.0,"damage_taken":0.0},{"damage_healed":0.0,"max_hp_gain":0.0,"max_hp_loss":0.0,"gold_gain":0.0,"event_name":"Vampires","player_choice":"Ignored","floor":27.0,"gold_loss":0.0,"damage_taken":0.0},{"damage_healed":0.0,"max_hp_gain":0.0,"max_hp_loss":0.0,"gold_gain":0.0,"event_name":"Addict","player_choice":"Obtained Relic","floor":31.0,"gold_loss":85.0,"damage_taken":0.0,"relics_obtained":["Blood Vial"]},{"damage_healed":0.0,"max_hp_gain":0.0,"max_hp_loss":0.0,"gold_gain":0.0,"event_name":"SensoryStone","player_choice":"Memory 1","floor":36.0,"gold_loss":0.0,"damage_taken":0.0},{"damage_healed":0.0,"max_hp_gain":0.0,"max_hp_loss":0.0,"gold_gain":0.0,"event_name":"MindBloom","player_choice":"Fight","floor":38.0,"gold_loss":0.0,"damage_taken":0.0},{"damage_healed":0.0,"max_hp_gain":0.0,"max_hp_loss":0.0,"gold_gain":0.0,"event_name":"SecretPortal","player_choice":"Ignored","floor":39.0,"gold_loss":0.0,"damage_taken":0.0}],"is_beta":false,"boss_relics":[{"not_picked":["Ectoplasm","Tiny House"],"picked":"Astrolabe"},{"not_picked":["Runic Dome","SlaversCollar"],"picked":"Fusion Hammer"}],"items_purged_floors":[7,30,47],"is_endless":false,"potions_floor_spawned":[11,12,16,21,29,33,38,41,44,45,48],"ascension_level":10}}