{"host":"sum4dy402bbv9y4o","time":1612905969,"event":{"mods":["Aspiration","BaseMod","Conspire","Highlight Path","Minty Spire (QoL Compilation)","StSLib"],"gold_per_floor":[111,111,161,179,190,215,215,9,9,9,27,54,54,80,80,80,80],"floor_reached":16,"language":"ENG","playtime":501,"items_purged":[],"score":236,"play_id":"b8829a85-a63e-44da-873f-2ae499932e31","local_time":"20210210002609","is_ascension_mode":true,"campfire_choices":[{"data":"Regret","floor":7,"key":"PURGE"},{"data":"Strike_P","floor":10,"key":"PURGE"},{"data":"SashWhip","floor":15,"key":"SMITH"}],"circlet_count":0,"master_deck":["AscendersBane","Strike_P","Strike_P","Strike_P","Defend_P","Defend_P","Defend_P","Defend_P","Eruption","Vigilance","CutThroughFate","CutThroughFate","Wallop","TalkToTheHand","FearNoEvil","EmptyBody","ThirdEye","TalkToTheHand","SashWhip+1"],"relics":["PureWater","NeowsBlessing","Peace Pipe","Strawberry","conspire:Dentures","Matryoshka","Oddly Smooth Stone"],"acts_visited":["Exordium"],"potions_floor_usage":[6,14],"damage_taken":[{"damage":0,"enemies":"Small Slimes","floor":1,"turns":1},{"damage":0,"enemies":"Cultist","floor":4,"turns":1},{"damage":0,"enemies":"2 Louse","floor":5,"turns":1},{"damage":52,"enemies":"Gremlin Nob","floor":6,"turns":4},{"damage":10,"enemies":"Looter","floor":11,"turns":5},{"damage":29,"enemies":"Lagavulin","floor":12,"turns":6},{"damage":4,"enemies":"3 Sentries","floor":14,"turns":6},{"damage":40,"enemies":"Hexaghost","floor":16,"turns":14}],"seed_played":"3219166458931731947","potions_obtained":[{"floor":5,"key":"Fruit Juice"},{"floor":6,"key":"FairyPotion"},{"floor":12,"key":"ColorlessPotion"}],"is_trial":false,"path_per_floor":["M","?","?","M","M","E","R","$","T","R","M","E","?","E","R","B"],"character_chosen":"WATCHER","items_purchased":["TalkToTheHand","FearNoEvil","EmptyBody"],"campfire_rested":0,"item_purchase_floors":[8,8,8],"current_hp_per_floor":[61,61,55,55,55,15,15,15,15,15,5,24,24,20,20,0,0],"gold":80,"neow_bonus":"THREE_ENEMY_KILL","is_daily":false,"chose_seed":false,"campfire_upgraded":1,"win_rate":0.0,"timestamp":1612905969,"path_taken":["M","?","?","M","?","E","R","$","T","R","M","E","?","E","R","BOSS"],"items_purchased_type":["Card","Card","Card"],"build_version":"2020-12-22","purchased_purges":0,"victory":false,"max_hp_per_floor":[68,68,68,68,68,80,80,80,80,80,80,80,80,80,80,80,80],"card_choices":[{"not_picked":["Wireheading","Vengeance"],"picked":"CutThroughFate","floor":1},{"not_picked":["SashWhip","Evaluate"],"picked":"CutThroughFate","floor":4},{"not_picked":["Protect","FlyingSleeves"],"picked":"Wallop","floor":5},{"not_picked":["Wallop","CrushJoints","Alpha"],"picked":"SKIP","floor":6},{"not_picked":["CarveReality","Protect"],"picked":"ThirdEye","floor":11},{"not_picked":["WindmillStrike","Protect"],"picked":"TalkToTheHand","floor":12},{"not_picked":["BattleHymn","ThirdEye"],"picked":"SashWhip","floor":14}],"player_experience":3082437,"relics_obtained":[{"floor":6,"key":"Strawberry"},{"floor":9,"key":"conspire:Dentures"},{"floor":12,"key":"Matryoshka"},{"floor":14,"key":"Oddly Smooth Stone"}],"event_choices":[{"damage_healed":0,"gold_gain":0,"player_choice":"Box","damage_taken":0,"relics_obtained":["Peace Pipe"],"max_hp_gain":0,"max_hp_loss":0,"event_name":"Big Fish","floor":2,"gold_loss":0,"cards_obtained":["Regret"]},{"damage_healed":0,"gold_gain":50,"player_choice":"Touch","damage_taken":6,"max_hp_gain":0,"max_hp_loss":0,"event_name":"FaceTrader","floor":3,"gold_loss":0},{"damage_healed":0,"gold_gain":0,"player_choice":"Searched \u00270\u0027 times","damage_taken":0,"max_hp_gain":0,"max_hp_loss":0,"event_name":"Dead Adventurer","floor":13,"gold_loss":0}],"is_beta":false,"boss_relics":[],"items_purged_floors":[],"is_endless":false,"potions_floor_spawned":[5,6,12],"killed_by":"Hexaghost","ascension_level":20}}