{"host":"pi8b3ffzwvxqztac","time":1612890360,"event":{"mods":["BaseMod","Colored Map","Custom Start","Downfall","Minty Spire (QoL Compilation)","StSLib"],"gold_per_floor":[18,32,32,45,45,45,75,75,75,75,95,95,133,148,148,260,260,286,313,313,93,63,63,89,89,112,122,144,144,144,169,169,273,273,297,297,310,210,269,269,269,269],"floor_reached":41,"language":"ENG","playtime":1893,"items_purged":["Strike_B","Strike_B"],"score":547,"play_id":"ac26e01a-1321-4b42-ab35-3b97cd8e1885","local_time":"20210210060600","is_ascension_mode":true,"campfire_choices":[{"data":"Zap","floor":6.0,"key":"SMITH"},{"data":"Hologram","floor":8.0,"key":"SMITH"},{"data":"Dualcast","floor":12.0,"key":"SMITH"},{"data":"White Noise","floor":15.0,"key":"SMITH"},{"data":"Defragment","floor":23.0,"key":"SMITH"},{"data":"Biased Cognition","floor":25.0,"key":"SMITH"},{"floor":29.0,"key":"REST"},{"floor":32.0,"key":"REST"},{"data":"Go for the Eyes","floor":40.0,"key":"SMITH"}],"circlet_count":0,"master_deck":["Strike_B","Defend_B","Defend_B","Defend_B","Defend_B","Zap+1","Dualcast+1","Biased Cognition+1","Hologram+1","Conserve Battery","White Noise+1","Skim+1","FTL","Electrodynamics","Thunder Strike","Leap+1","Defragment+1","Leap+1","Go for the Eyes+1","Fission+1","Lockon+1","Leap+1"],"relics":["Cracked Core","Toxic Egg 2","Pear","CeramicFish","Sozu","Guardian:BottledAnomaly","Lizard Tail","Bag of Preparation","MutagenicStrength","Black Star","Blue Candle","champ:DeflectingBracers"],"acts_visited":["Exordium","TheCity","TheBeyond"],"potions_floor_usage":[],"damage_taken":[{"damage":3.0,"enemies":"2 Louse","floor":1.0,"turns":3.0},{"damage":1.0,"enemies":"Cultist","floor":2.0,"turns":3.0},{"damage":0.0,"enemies":"Small Slimes","floor":4.0,"turns":2.0},{"damage":18.0,"enemies":"Lagavulin","floor":7.0,"turns":7.0},{"damage":2.0,"enemies":"Red Slaver","floor":11.0,"turns":3.0},{"damage":15.0,"enemies":"Gremlin Nob","floor":13.0,"turns":3.0},{"damage":1.0,"enemies":"Looter","floor":14.0,"turns":2.0},{"damage":30.0,"enemies":"Hexaghost","floor":16.0,"turns":9.0},{"damage":15.0,"enemies":"Shell Parasite","floor":18.0,"turns":4.0},{"damage":0.0,"enemies":"Spheric Guardian","floor":19.0,"turns":3.0},{"damage":0.0,"enemies":"Snake Plant","floor":20.0,"turns":1.0},{"damage":30.0,"enemies":"Gremlin Leader","floor":24.0,"turns":4.0},{"damage":0.0,"enemies":"Sentry and Sphere","floor":27.0,"turns":3.0},{"damage":2.0,"enemies":"Snecko","floor":28.0,"turns":4.0},{"damage":19.0,"enemies":"Snake Plant","floor":31.0,"turns":3.0},{"damage":47.0,"enemies":"Collector","floor":33.0,"turns":8.0},{"damage":15.0,"enemies":"3 Darklings","floor":35.0,"turns":3.0},{"damage":0.0,"enemies":"3 Shapes","floor":37.0,"turns":3.0},{"damage":0.0,"enemies":"Mind Bloom Boss Battle","floor":39.0,"turns":5.0},{"damage":124,"enemies":"Giant Head","floor":41,"turns":9}],"seed_played":"8430252657535415615","potions_obtained":[{"floor":2.0,"key":"Swift Potion"},{"floor":14.0,"key":"SmokeBomb"},{"floor":16.0,"key":"SteroidPotion"}],"is_trial":false,"path_per_floor":["M","M","?","M","$","R","E","R","T","$","M","R","E","M","R","B",null,"M","M","M","$","?","R","E","R","T","M","M","R","?","M","R","B",null,"M","?","M","$","?","R","E"],"character_chosen":"DEFECT","items_purchased":["Guardian:BottledAnomaly"],"campfire_rested":2,"item_purchase_floors":[21],"current_hp_per_floor":[65,64,64,64,64,64,46,46,56,56,54,54,39,38,38,8,66,51,51,51,51,51,51,21,21,21,21,19,44,44,25,50,3,65,50,45,45,45,45,45,0,0],"gold":269,"neow_bonus":"THREE_RARE_CARDS","is_daily":false,"chose_seed":false,"campfire_upgraded":7,"win_rate":0.0,"timestamp":1612890360,"path_taken":["M","M","?","M","$","R","E","R","T","?","?","R","E","M","R","BOSS","M","M","M","$","?","R","E","R","T","?","M","R","?","M","R","BOSS","M","?","M","$","?","R","E"],"items_purchased_type":["Relic"],"build_version":"2020-12-22","purchased_purges":2,"victory":false,"max_hp_per_floor":[75,75,75,75,75,75,75,75,85,85,85,85,85,85,85,85,85,85,85,85,85,85,85,85,85,85,85,85,85,85,85,85,85,85,85,85,85,85,85,85,85,85],"card_choices":[{"not_picked":["Hyperbeam","Creative AI"],"picked":"Biased Cognition","floor":0.0},{"not_picked":["Conserve Battery","Reprogram"],"picked":"Hologram","floor":1.0},{"not_picked":["Reboot","Double Energy"],"picked":"Conserve Battery","floor":2.0},{"not_picked":["Leap","Auto Shields"],"picked":"White Noise","floor":4.0},{"not_picked":["Doom and Gloom","Cold Snap"],"picked":"Skim+1","floor":7.0},{"not_picked":["BootSequence+1","Barrage"],"picked":"FTL","floor":11.0},{"not_picked":["Turbo+1","Glacier+1"],"picked":"Electrodynamics","floor":13.0},{"not_picked":["Sweeping Beam","Doom and Gloom","Streamline"],"picked":"SKIP","floor":14.0},{"not_picked":["Sweeping Beam","Doom and Gloom","Streamline"],"picked":"SKIP","floor":14.0},{"not_picked":["Meteor Strike","Rainbow+1"],"picked":"Thunder Strike","floor":16.0},{"not_picked":["Barrage","Skim+1"],"picked":"Leap+1","floor":18.0},{"not_picked":["Hello World","Darkness+1"],"picked":"Defragment","floor":19.0},{"not_picked":["Gash","Thunder Strike","FTL"],"picked":"SKIP","floor":24.0},{"not_picked":["Cold Snap","Turbo+1","BootSequence+1"],"picked":"SKIP","floor":27.0},{"not_picked":["Defragment","Cold Snap"],"picked":"Leap+1","floor":28.0},{"not_picked":["Compile Driver+1","FTL"],"picked":"Go for the Eyes","floor":31.0},{"not_picked":["Creative AI","Amplify+1"],"picked":"Fission+1","floor":33.0},{"not_picked":["Steam Power+1","Coolheaded+1"],"picked":"Lockon+1","floor":35.0},{"not_picked":["Hologram+1","Blizzard+1","Rebound+1"],"picked":"SKIP","floor":37.0},{"not_picked":["Loop","Redo+1"],"picked":"Leap+1","floor":39.0}],"player_experience":736685,"relics_obtained":[{"floor":7.0,"key":"Toxic Egg 2"},{"floor":9.0,"key":"Pear"},{"floor":13.0,"key":"CeramicFish"},{"floor":24.0,"key":"Lizard Tail"},{"floor":26.0,"key":"Bag of Preparation"},{"floor":39.0,"key":"champ:DeflectingBracers"}],"event_choices":[{"cards_removed":["Strike_B"],"damage_healed":0.0,"max_hp_gain":0.0,"max_hp_loss":0.0,"gold_gain":0.0,"event_name":"Purifier","player_choice":"Purged","floor":3.0,"gold_loss":0.0,"damage_taken":0.0},{"damage_healed":0.0,"max_hp_gain":0.0,"max_hp_loss":0.0,"gold_gain":0.0,"event_name":"The Woman in Blue","player_choice":"Bought 2 Potions","floor":22.0,"gold_loss":0.0,"damage_taken":0.0},{"damage_healed":0.0,"max_hp_gain":0.0,"max_hp_loss":0.0,"gold_gain":0.0,"event_name":"Drug Dealer","player_choice":"Inject Mutagens","floor":30.0,"gold_loss":0.0,"damage_taken":0.0,"relics_obtained":["MutagenicStrength"]},{"damage_healed":0.0,"max_hp_gain":0.0,"max_hp_loss":0.0,"gold_gain":0.0,"event_name":"MindBloom","player_choice":"Fight","floor":39.0,"gold_loss":0.0,"damage_taken":0.0}],"is_beta":false,"boss_relics":[{"not_picked":["Nuclear Battery","SacredBark"],"picked":"Sozu"},{"not_picked":["SlaversCollar","FrozenCore"],"picked":"Black Star"}],"items_purged_floors":[21,38],"is_endless":false,"potions_floor_spawned":[2,14,16,18,27,28,39],"killed_by":"Giant Head","ascension_level":6}}