{"host":"gqhy17d1xpb1p3ki","time":1612901405,"event":{"mods":["2.2 Compatiblity","AchievementEnabler","BaseMod","Bestiary","BetterRewards","Colored Map","Colored Powertips","Conspire","Curses Come First","Custom Start","DeckTracker","Downfall","Duelist Mod","Hermit","Highlight Path","Hubris","Infinite Spire","Marisa????????","Minty Spire (QoL Compilation)","Quick Restart","Rare Cards Sparkle","Relic Stats","Remilia??????","Robot Space Explorer","Shop Mod","StSLib","Td1madao Mod","The Animator","The Bug Knight","The Cursed","The Disciple","The Hierophant","The Jungle","The Marked","The Mystic","The Necromancer","The Runesmith","The Senshi","The Servant 0.9.4","The Witch","TheBandit","WarShipGirlsR/????R mod","Yuri Mod","ojb\u0027s Info Mod"],"gold_per_floor":[114,127,127,461,461,461,485,99,122,122,22,62,62,137,137,263,263,278,82,95,95,110,110,133,133,157,157,177,217,142,161,161,287,287,303,363,363,273,288,323,343,343,343,43,43,43,43,56,56,179,179,199,224,80,147,147,147,158,158,182,38,38,56,56,80,80,192,192,204,203,203,203,214,214,63,85,111,111,136,136,145,145,145,246,309,320,320,413,416,431,431,426,426,426,426,426,432,439,466,466,577,577,585,592,143,159,159,159,181,181,206,257,271,271,279,295,295,415,415,434,434,434,446,471,491,506,506,506,498,498,498,90,90,90,203,203,207,32,32,40,42,67,67,89,89,89,93,93,95,124,124,86,86],"floor_reached":152,"language":"ENG","playtime":9890,"items_purged":["Injury","Strike_R","Strike_R","Iron Wave+1","Clothesline+1"],"score":3394,"play_id":"b4e492b5-87f2-4888-b37e-3a634fb5377d","local_time":"20210209151005","is_ascension_mode":false,"campfire_choices":[{"data":"Searing Blow+1","floor":6.0,"key":"SMITH"},{"data":"Searing Blow+2","floor":10.0,"key":"SMITH"},{"data":"Armaments","floor":13.0,"key":"SMITH"},{"data":"True Grit","floor":15.0,"key":"SMITH"},{"data":"Whirlwind","floor":23.0,"key":"SMITH"},{"data":"Searing Blow+3","floor":25.0,"key":"SMITH"},{"data":"Brutality","floor":27.0,"key":"SMITH"},{"data":"Searing Blow+4","floor":32.0,"key":"SMITH"},{"floor":42.0,"key":"RECALL"},{"data":"Searing Blow+5","floor":47.0,"key":"SMITH"},{"data":"Searing Blow+6","floor":49.0,"key":"SMITH"},{"data":"Searing Blow+7","floor":57.0,"key":"SMITH"},{"data":"Heavy Blade","floor":59.0,"key":"SMITH"},{"data":"Searing Blow+8","floor":62.0,"key":"SMITH"},{"data":"Searing Blow+9","floor":64.0,"key":"SMITH"},{"data":"Searing Blow+10","floor":66.0,"key":"SMITH"},{"data":"Flame Barrier","floor":74.0,"key":"SMITH"},{"data":"infinitespire:UltimateForm","floor":80.0,"key":"SMITH"},{"data":"Demon Form","floor":83.0,"key":"SMITH"},{"data":"infinitespire:Collect","floor":91,"key":"SMITH"},{"data":"Spot Weakness","floor":93,"key":"SMITH"},{"data":"Disarm","floor":95,"key":"SMITH"},{"data":"infinitespire:DeathsTouch","floor":100,"key":"SMITH"},{"data":"Impervious","floor":108,"key":"SMITH"},{"data":"Impervious","floor":110,"key":"SMITH"},{"data":"Offering","floor":114,"key":"SMITH"},{"data":"Searing Blow+11","floor":117,"key":"SMITH"},{"data":"Searing Blow+12","floor":127,"key":"SMITH"},{"data":"Searing Blow+13","floor":134,"key":"SMITH"},{"data":"Searing Blow+15","floor":146,"key":"SMITH"},{"data":"Searing Blow+16","floor":151,"key":"SMITH"}],"circlet_count":1,"master_deck":["Searing Blow+17","Flame Barrier+1","Armaments+1","True Grit+1","Brutality+1","Shrug It Off+1","Shockwave+1","Whirlwind+1","Headbutt+1","Shrug It Off+1","Disarm+1","conspire:Purge","Clothesline+1","Ghostly Armor+1","Bash+1","Barricade","Heavy Blade+1","Offering+1","Limit Break+1","infinitespire:Collect+1","hubris:DuctTapeCard","infinitespire:FutureSight","infinitespire:DeathsTouch+1","Impervious+1","Impervious+1","Offering","Combust+1","infinitespire:TheBestDefense","Entrench"],"relics":["Burning Blood","Old Coin","Golden Idol","theSenshi:FeatherClipsRelic","Strawberry","HollowMod:StagPassRelic","Snecko Eye","Anchor","Lizard Tail","Runic Dome","CatCart","hubris:Towel","Meat on the Bone","hubris:Potato","Pandora\u0027s Box","Toy Ornithopter","Brimstone","hubris:OldNail","hubris:MysteriousPyramids","Runesmith:AutoHammer","Oddly Smooth Stone","MealTicket","Cursed Key","theJungle:SneckoAutograph","Strange Spoon","Centennial Puzzle","theSenshi:SailorFukuRelic","Whetstone","infinitespire:Burning Sword","Orrery","Calipers","Tiny House","infinitespire:Magic Flask","hubris:DuctTape","Prayer Wheel","infinitespire:BottledMercury","hubris:Backtick","Ice Cream","PreservedInsect","MerchantsRug","Circlet","infinitespire:Lucky Rock","War Paint","conspire:SpecialSausage","GremlinMask","Runesmith:Nanobots","infinitespire:Beetle Shell","hubris:SphereOfDissonance","Red Skull","Matryoshka","Medical Kit","Runic Pyramid","Pear","Blood Vial","yuri:PortableGlitches","Vajra","Pen Nib","Shuriken"],"acts_visited":["Exordium","TheCity","TheBeyond","Exordium","Exordium","TheBeyond","Exordium","TheCity","TheBeyond"],"potions_floor_usage":[],"damage_taken":[{"damage":1.0,"enemies":"Jaw Worm","floor":1.0,"turns":4.0},{"damage":17.0,"enemies":"2 Louse","floor":2.0,"turns":3.0},{"damage":30.0,"enemies":"conspire:MimicChest","floor":4.0,"turns":5.0},{"damage":1.0,"enemies":"Cultist","floor":7.0,"turns":3.0},{"damage":13.0,"enemies":"3 Sentries","floor":12.0,"turns":9.0},{"damage":21.0,"enemies":"The Guardian","floor":16.0,"turns":14.0},{"damage":12.0,"enemies":"Spheric Guardian","floor":18.0,"turns":3.0},{"damage":0.0,"enemies":"3 Byrds","floor":20.0,"turns":3.0},{"damage":4.0,"enemies":"Cultist and Chosen","floor":22.0,"turns":6.0},{"damage":2.0,"enemies":"Snake Plant","floor":24.0,"turns":3.0},{"damage":13.0,"enemies":"Shelled Parasite and Fungi","floor":28.0,"turns":5.0},{"damage":28.0,"enemies":"conspire:SneckoGhost","floor":29.0,"turns":10.0},{"damage":11.0,"enemies":"Sentry and Sphere","floor":31.0,"turns":5.0},{"damage":37.0,"enemies":"conspire:MysteriousRune","floor":33.0,"turns":11.0},{"damage":35.0,"enemies":"3 Shapes","floor":35.0,"turns":6.0},{"damage":69.0,"enemies":"Orin","floor":36.0,"turns":9.0},{"damage":13.0,"enemies":"Orb Walker","floor":39.0,"turns":5.0},{"damage":48.0,"enemies":"Nightmare","floor":40.0,"turns":7.0},{"damage":20.0,"enemies":"Sphere and 2 Shapes","floor":41.0,"turns":4.0},{"damage":0.0,"enemies":"Jaw Worm Horde","floor":48.0,"turns":2.0},{"damage":65.0,"enemies":"Awakened One","floor":50.0,"turns":13.0},{"damage":0.0,"enemies":"Cultist","floor":52.0,"turns":1.0},{"damage":14.0,"enemies":"Lagavulin Event","floor":55.0,"turns":4.0},{"damage":1.0,"enemies":"Small Slimes","floor":58.0,"turns":3.0},{"damage":0.0,"enemies":"Jaw Worm","floor":63.0,"turns":1.0},{"damage":0.0,"enemies":"HollowMod:MossKnight","floor":65.0,"turns":2.0},{"damage":20.0,"enemies":"Slime Boss","floor":67.0,"turns":3.0},{"damage":12.0,"enemies":"Shell Parasite","floor":69.0,"turns":3.0},{"damage":0.0,"enemies":"theJungle:MUSHROOMGANG","floor":70.0,"turns":3.0},{"damage":0.0,"enemies":"theJungle:JungleHuntersEncounter","floor":73.0,"turns":2.0},{"damage":0.0,"enemies":"theJungle:Cassacara","floor":76.0,"turns":3.0},{"damage":0.0,"enemies":"theJungle:2_Phrogs","floor":79.0,"turns":3.0},{"damage":27.0,"enemies":"theJungle:Snecko_Cultist_And_Trap","floor":81.0,"turns":3.0},{"damage":1.0,"enemies":"theJungle:QueenSpyder","floor":84.0,"turns":4.0},{"damage":13.0,"enemies":"3 Darklings","floor":86.0,"turns":2.0},{"damage":13.0,"enemies":"infinitespire:Three Voidlings","floor":88.0,"turns":3.0},{"damage":149.0,"enemies":"Nightmare_Alpha","floor":88.0,"turns":5.0},{"damage":7,"enemies":"3 Shapes","floor":89,"turns":2},{"damage":11,"enemies":"Writhing Mass","floor":90,"turns":2},{"damage":0,"enemies":"Transient","floor":92,"turns":5},{"damage":0,"enemies":"Jaw Worm Horde","floor":97,"turns":3},{"damage":6,"enemies":"Spire Growth","floor":98,"turns":3},{"damage":10,"enemies":"Giant Head","floor":99,"turns":2},{"damage":0,"enemies":"hubris:GrandSnecko","floor":101,"turns":3},{"damage":0,"enemies":"2 Louse","floor":103,"turns":1},{"damage":11,"enemies":"Jaw Worm","floor":104,"turns":2},{"damage":0,"enemies":"Cultist","floor":106,"turns":1},{"damage":0,"enemies":"3 Louse","floor":109,"turns":1},{"damage":0,"enemies":"Looter","floor":113,"turns":2},{"damage":29,"enemies":"Exordium Wildlife","floor":115,"turns":2},{"damage":0,"enemies":"Red Slaver","floor":116,"turns":1},{"damage":0,"enemies":"The Guardian","floor":118,"turns":2},{"damage":0,"enemies":"Spheric Guardian","floor":120,"turns":1},{"damage":0,"enemies":"3 Byrds","floor":123,"turns":1},{"damage":46,"enemies":"Nightmare","floor":125,"turns":4},{"damage":0,"enemies":"Snake Plant","floor":126,"turns":1},{"damage":0,"enemies":"Centurion and Healer","floor":129,"turns":5},{"damage":5,"enemies":"Automaton","floor":135,"turns":4},{"damage":18,"enemies":"Orb Walker","floor":137,"turns":5},{"damage":0,"enemies":"3 Darklings","floor":140,"turns":2},{"damage":0,"enemies":"Writhing Mass","floor":141,"turns":2},{"damage":40,"enemies":"Reptomancer","floor":142,"turns":2},{"damage":125,"enemies":"Nightmare_Alpha","floor":144,"turns":4},{"damage":0,"enemies":"Maw","floor":147,"turns":3},{"damage":4,"enemies":"3 Darklings","floor":149,"turns":3},{"damage":0,"enemies":"Giant Head","floor":150,"turns":1},{"damage":263,"enemies":"infinitespire:LordOfFortification","floor":152,"turns":8}],"seed_played":"6375283368813311062","potions_obtained":[{"floor":4.0,"key":"Fire Potion"},{"floor":12.0,"key":"BlessingOfTheForge"},{"floor":16.0,"key":"Slimebound:ThreeZeroPotion"},{"floor":20.0,"key":"infinitespire:BlackPotion"},{"floor":50.0,"key":"SpeedPotion"},{"floor":55.0,"key":"Regen Potion"},{"floor":89,"key":"BlessingOfTheForge"},{"floor":92,"key":"hexamod:SoulburnPotion"},{"floor":142,"key":"FairyPotion"},{"floor":144,"key":"CultistPotion"}],"is_trial":false,"path_per_floor":["M","M","?","?","?","R","M","$","T","R","$","E","R","?","R","B",null,"M","$","M","?","M","R","M","R","T","R","M","E","$","M","R","B",null,"M","?","?","?","M","NM","M","R","T","$","?","?","R","M","R","B",null,"M","T","$","?","?","R","M","R","T","$","R","M","R","E","R","B",null,"M","M","?","?","M","R","$","E","T","AVR","E","R","M","?","R","B",null,"M","?","?","M","M","R","M","R","T","R","AVR","M","M","E","R","B",null,"M","M","$","M","?","R","M","R","T","T","M","R","M","M","R","B",null,"M","?","AVR","M","T","NM","M","R","T","M","?","?","$","$","R","B",null,"M","$","?","M","M","E","NS","NM","T","R","M","AVR","M","E","R","B"],"character_chosen":"IRONCLAD","items_purchased":["Armaments","True Grit","theSenshi:FeatherClipsRelic","Shockwave","Evolve","hubris:Potato","Brimstone","Oddly Smooth Stone","Strange Spoon","PreservedInsect","MerchantsRug","Matryoshka","Medical Kit"],"campfire_rested":0,"item_purchase_floors":[8,8,8,19,30,44,54,61,75,105,105,132,132],"current_hp_per_floor":[80,69,69,45,45,45,50,50,57,57,57,56,56,45,45,36,87,87,87,87,87,87,87,87,87,87,87,86,70,70,71,71,46,87,64,74,74,74,73,37,41,41,41,41,63,63,63,75,75,34,87,87,87,87,85,85,85,87,87,87,87,87,87,87,87,87,79,87,87,87,87,87,87,87,87,87,87,87,87,87,72,72,72,83,92,91,91,68,73,74,74,86,86,86,86,86,92,92,92,92,92,92,92,92,92,92,92,92,92,92,92,92,92,92,75,87,87,92,92,92,92,92,92,92,70,82,82,82,92,92,92,92,92,92,92,92,86,92,92,92,92,74,74,102,102,102,102,102,99,99,99,0,0],"gold":86,"neow_bonus":"REMOVE_CARD","is_daily":false,"chose_seed":false,"campfire_upgraded":30,"win_rate":0.0,"timestamp":1612901405,"path_taken":["M","M","?","?","?","R","M","$","T","R","?","E","R","?","R","BOSS","M","$","M","?","M","R","M","R","T","R","M","E","?","M","R","BOSS","M","?","?","?","M","NM","?","R","T","$","?","?","R","M","R","BOSS","M","?","?","?","?","R","M","R","T","?","R","?","R","E","R","BOSS","M","M","?","?","M","R","$","E","T","AVR","E","R","M","?","R","BOSS","M","?","?","M","M","R","M","R","T","R","AVR","M","M","E","R","BOSS","M","M","$","M","?","R","M","R","T","?","M","R","M","M","R","BOSS","M","?","AVR","?","?","NM","M","R","T","M","?","?","?","$","R","BOSS","M","$","?","M","M","E","NS","NM","T","R","?","AVR","M","E","R","BOSS"],"items_purchased_type":["Card","Card","Relic","Card","Card","Relic","Relic","Relic","Relic","Relic","Relic","Relic","Relic"],"build_version":"2020-12-22","purchased_purges":5,"victory":false,"max_hp_per_floor":[80,80,80,80,80,80,80,80,87,87,87,87,87,87,87,87,87,87,87,87,87,87,87,87,87,87,87,87,87,87,87,87,87,87,87,87,87,87,87,87,87,87,87,87,87,87,87,87,87,87,87,87,87,87,87,87,87,87,87,87,87,87,87,87,87,87,87,87,87,87,87,87,87,87,87,87,87,87,87,87,87,87,87,87,92,92,92,92,92,92,92,92,92,92,92,92,92,92,92,92,92,92,92,92,92,92,92,92,92,92,92,92,92,92,92,92,92,92,92,92,92,92,92,92,92,92,92,92,92,92,92,92,92,92,92,92,92,92,92,92,92,102,102,102,102,102,102,102,99,99,99,99,99],"relic_stats":{"counters":[67,253],"Golden Idol":534,"PreservedInsect":790,"Pen Nib":[1],"Whetstone":["Bash","Bash"],"War Paint":["Ghostly Armor","Shrug It Off"],"Cursed Key":7,"Medical Kit":[0],"Burning Blood":258,"Blood Vial":0,"Strange Spoon":[51],"Lizard Tail":43,"Centennial Puzzle":[55],"Shuriken":[1],"Snecko Eye":[377,392,386,389],"Pandora\u0027s Box":["Burning Pact","Dark Embrace","Twin Strike"],"MealTicket":6,"Prayer Wheel":36,"obtain_stats":[{"Ice Cream":102,"infinitespire:BottledMercury":99,"Calipers":79,"Tiny House":85,"Vajra":145,"theSenshi:FeatherClipsRelic":8,"Whetstone":77,"hubris:MysteriousPyramids":56,"HollowMod:StagPassRelic":12,"Old Coin":4,"Blood Vial":144,"Lizard Tail":29,"theJungle:SneckoAutograph":72,"Centennial Puzzle":75,"Strawberry":9,"MealTicket":65,"Prayer Wheel":96,"theSenshi:SailorFukuRelic":76,"MerchantsRug":105,"Pear":142,"hubris:DuctTape":94,"Oddly Smooth Stone":61,"hubris:SphereOfDissonance":125,"infinitespire:Beetle Shell":124,"Pen Nib":148,"infinitespire:Magic Flask":88,"War Paint":112,"Runic Dome":34,"Brimstone":54,"Shuriken":150,"Snecko Eye":17,"Pandora\u0027s Box":51,"CatCart":36,"Meat on the Bone":40,"conspire:SpecialSausage":119,"GremlinMask":121,"Cursed Key":68,"Burning Blood":0,"hubris:Backtick":102,"Matryoshka":132,"Red Skull":128,"Runic Pyramid":136,"Runesmith:Nanobots":122,"Golden Idol":5,"Circlet":107,"PreservedInsect":105,"infinitespire:Lucky Rock":111,"hubris:Towel":37,"Medical Kit":132,"Strange Spoon":75,"Anchor":26,"Orrery":78,"infinitespire:Burning Sword":78,"Runesmith:AutoHammer":60,"yuri:PortableGlitches":145,"hubris:Potato":44,"Toy Ornithopter":53,"hubris:OldNail":55},{"Ice Cream":44,"infinitespire:BottledMercury":43,"Calipers":32,"Tiny House":34,"Vajra":63,"theSenshi:FeatherClipsRelic":4,"Whetstone":31,"hubris:MysteriousPyramids":23,"HollowMod:StagPassRelic":5,"Old Coin":3,"Blood Vial":63,"Lizard Tail":12,"theJungle:SneckoAutograph":29,"Centennial Puzzle":30,"Strawberry":4,"MealTicket":26,"Prayer Wheel":40,"theSenshi:SailorFukuRelic":31,"MerchantsRug":46,"Pear":62,"hubris:DuctTape":40,"Oddly Smooth Stone":24,"hubris:SphereOfDissonance":55,"infinitespire:Beetle Shell":54,"Pen Nib":64,"infinitespire:Magic Flask":37,"War Paint":48,"Runic Dome":14,"Brimstone":22,"Shuriken":66,"Snecko Eye":6,"Pandora\u0027s Box":21,"CatCart":16,"Meat on the Bone":18,"conspire:SpecialSausage":52,"GremlinMask":53,"Cursed Key":27,"Burning Blood":0,"hubris:Backtick":44,"Matryoshka":57,"Red Skull":56,"Runic Pyramid":58,"Runesmith:Nanobots":53,"Golden Idol":3,"Circlet":47,"PreservedInsect":46,"infinitespire:Lucky Rock":48,"hubris:Towel":16,"Medical Kit":57,"Strange Spoon":30,"Anchor":10,"Orrery":31,"infinitespire:Burning Sword":31,"Runesmith:AutoHammer":24,"yuri:PortableGlitches":63,"hubris:Potato":19,"Toy Ornithopter":22,"hubris:OldNail":22},{"Ice Cream":195,"infinitespire:BottledMercury":192,"Calipers":158,"Tiny House":165,"Vajra":238,"theSenshi:FeatherClipsRelic":15,"Whetstone":155,"hubris:MysteriousPyramids":135,"HollowMod:StagPassRelic":24,"Old Coin":12,"Blood Vial":238,"Lizard Tail":68,"theJungle:SneckoAutograph":150,"Centennial Puzzle":152,"Strawberry":15,"MealTicket":141,"Prayer Wheel":184,"theSenshi:SailorFukuRelic":155,"MerchantsRug":198,"Pear":234,"hubris:DuctTape":184,"Oddly Smooth Stone":138,"hubris:SphereOfDissonance":213,"infinitespire:Beetle Shell":209,"Pen Nib":241,"infinitespire:Magic Flask":175,"War Paint":200,"Runic Dome":84,"Brimstone":131,"Shuriken":245,"Snecko Eye":38,"Pandora\u0027s Box":130,"CatCart":99,"Meat on the Bone":111,"conspire:SpecialSausage":207,"GremlinMask":208,"Cursed Key":144,"Burning Blood":0,"hubris:Backtick":195,"Matryoshka":219,"Red Skull":214,"Runic Pyramid":223,"Runesmith:Nanobots":208,"Golden Idol":12,"Circlet":199,"PreservedInsect":198,"infinitespire:Lucky Rock":200,"hubris:Towel":99,"Medical Kit":219,"Strange Spoon":152,"Anchor":53,"Orrery":155,"infinitespire:Burning Sword":155,"Runesmith:AutoHammer":138,"yuri:PortableGlitches":238,"hubris:Potato":115,"Toy Ornithopter":131,"hubris:OldNail":131}],"Toy Ornithopter":5,"Meat on the Bone":36},"card_choices":[{"not_picked":["Fire Breathing","Pommel Strike"],"picked":"Searing Blow","floor":1.0},{"not_picked":["Infernal Blade","Sever Soul"],"picked":"Spot Weakness","floor":2.0},{"not_picked":["Infernal Blade","hubris:SharpeningStone"],"picked":"Flame Barrier","floor":7.0},{"not_picked":["Barricade","Rage","Sword Boomerang"],"picked":"SKIP","floor":12.0},{"not_picked":["Corruption","Feed"],"picked":"Brutality","floor":16.0},{"not_picked":["Thunderclap","Twin Strike"],"picked":"Shrug It Off","floor":18.0},{"not_picked":["Corruption","Havoc"],"picked":"Whirlwind","floor":20.0},{"not_picked":["Shockwave+1","True Grit"],"picked":"Headbutt+1","floor":22.0},{"not_picked":["Twin Strike","Spot Weakness"],"picked":"Shrug It Off","floor":24.0},{"not_picked":["Pommel Strike+1","Intimidate+1"],"picked":"Disarm","floor":28.0},{"not_picked":["Twin Strike","Pommel Strike"],"picked":"Demon Form","floor":29.0},{"not_picked":["Thunderclap","Twin Strike+1","Anger+1"],"picked":"SKIP","floor":31.0},{"not_picked":["Limit Break","Demon Form"],"picked":"conspire:Purge","floor":33.0},{"not_picked":["Clash","Sword Boomerang"],"picked":"Clothesline+1","floor":35.0},{"not_picked":["Sword Boomerang","Cleave+1"],"picked":"Clothesline+1","floor":36.0},{"not_picked":["Immolate","Armaments","infinitespire:OneForAll+1"],"picked":"SKIP","floor":39.0},{"not_picked":["Intimidate","Flex+1","Brutality"],"picked":"SKIP","floor":40.0},{"not_picked":["Clothesline","Body Slam"],"picked":"Iron Wave+1","floor":41.0},{"not_picked":["conspire:Charge","Anger+1","Clash+1"],"picked":"SKIP","floor":48.0},{"not_picked":["Feed","conspire:HitWhereItHurts"],"picked":"Barricade","floor":50.0},{"not_picked":["Carnage","Offering","Warcry"],"picked":"SKIP","floor":52.0},{"not_picked":["hubris:StunningStrike","Twin Strike"],"picked":"Heavy Blade","floor":58.0},{"not_picked":["Flex","Headbutt","Armaments"],"picked":"SKIP","floor":63.0},{"not_picked":["Havoc","infinitespire:OneForAll","Spot Weakness"],"picked":"SKIP","floor":65.0},{"not_picked":["Corruption","Exhume"],"picked":"Offering","floor":67.0},{"not_picked":["Perfected Strike+1","Shockwave","Metallicize"],"picked":"SKIP","floor":69.0},{"not_picked":["Infernal Blade","Twin Strike","Shrug It Off"],"picked":"SKIP","floor":70.0},{"not_picked":["Perfected Strike+1","Sword Boomerang","Sentinel"],"picked":"SKIP","floor":73.0},{"not_picked":["Perfected Strike+1","Flex","Reckless Charge"],"picked":"SKIP","floor":76.0},{"not_picked":["Pommel Strike","Dropkick","Wild Strike"],"picked":"SKIP","floor":79.0},{"not_picked":["Evolve","Armaments","Shrug It Off"],"picked":"SKIP","floor":81.0},{"not_picked":["Double Tap","Offering"],"picked":"Limit Break","floor":84.0},{"not_picked":["Iron Wave+1","Searing Blow+1","Havoc+1"],"picked":"SKIP","floor":86.0},{"not_picked":["infinitespire:Punishment","infinitespire:SevenWalls"],"picked":"infinitespire:Collect","floor":88},{"not_picked":["Warcry+1","Pummel","Wild Strike+1"],"picked":"SKIP","floor":89},{"not_picked":["Armaments+1","Twin Strike","Shrug It Off"],"picked":"SKIP","floor":90},{"not_picked":["Wild Strike+1","Anger","Warcry"],"picked":"SKIP","floor":92},{"not_picked":["infinitespire:SealOfDarkness+","infinitespire:Menacing"],"picked":"infinitespire:FutureSight","floor":96},{"not_picked":["True Grit","Sword Boomerang+1","Perfected Strike"],"picked":"SKIP","floor":97},{"not_picked":["Havoc","Wild Strike","Iron Wave+1"],"picked":"SKIP","floor":97},{"not_picked":["Iron Wave","Headbutt","Clothesline"],"picked":"SKIP","floor":98},{"not_picked":["Armaments+1","Cleave","Body Slam"],"picked":"SKIP","floor":98},{"not_picked":["Thunderclap+1","Power Through","hubris:CleavingFinish"],"picked":"SKIP","floor":99},{"not_picked":["Cleave","Armaments","Flex"],"picked":"SKIP","floor":103},{"not_picked":["Brutality","Headbutt","Clash"],"picked":"SKIP","floor":103},{"not_picked":["Armaments","Rage","Evolve"],"picked":"SKIP","floor":104},{"not_picked":["Body Slam","Pommel Strike","Clash"],"picked":"SKIP","floor":104},{"not_picked":["Anger","Wild Strike"],"picked":"Impervious","floor":106},{"not_picked":["Sever Soul","Heavy Blade","Iron Wave"],"picked":"SKIP","floor":106},{"not_picked":["Wild Strike","Flex"],"picked":"Impervious","floor":109},{"not_picked":["Sword Boomerang","Twin Strike","Cleave"],"picked":"SKIP","floor":109},{"not_picked":["hubris:CleavingFinish","Dark Embrace","Cleave"],"picked":"SKIP","floor":113},{"not_picked":["Warcry","infinitespire:OneForAll","Ghostly Armor"],"picked":"SKIP","floor":113},{"not_picked":["Cleave","Perfected Strike","Spot Weakness"],"picked":"SKIP","floor":115},{"not_picked":["Clash","Cleave","Carnage"],"picked":"SKIP","floor":115},{"not_picked":["Wild Strike","Barricade","Sword Boomerang"],"picked":"SKIP","floor":116},{"not_picked":["Flex","Body Slam","Anger"],"picked":"SKIP","floor":116},{"not_picked":["Battle Trance","Twin Strike","Anger+1"],"picked":"SKIP","floor":120},{"not_picked":["Shockwave+1","Burning Pact","Dark Embrace"],"picked":"SKIP","floor":120},{"not_picked":["Body Slam","Twin Strike+1","Flex+1"],"picked":"SKIP","floor":123},{"not_picked":["Metallicize","Whirlwind","Flex+1"],"picked":"SKIP","floor":123},{"not_picked":["Second Wind","Clothesline","True Grit"],"picked":"SKIP","floor":125},{"not_picked":["Wild Strike","Burning Pact","Havoc"],"picked":"SKIP","floor":126},{"not_picked":["Rage","Sword Boomerang","Clothesline"],"picked":"SKIP","floor":126},{"not_picked":["Sentinel","Clash+1","hubris:CleavingFinish"],"picked":"SKIP","floor":129},{"not_picked":["Rage","Headbutt+1","Rampage"],"picked":"SKIP","floor":129},{"not_picked":["Demon Form","Immolate"],"picked":"Offering","floor":135},{"not_picked":["Carnage+1","Disarm+1","Pommel Strike"],"picked":"SKIP","floor":137},{"not_picked":["Feel No Pain+1","Headbutt","Clothesline+1"],"picked":"SKIP","floor":137},{"not_picked":["Battle Trance","Uppercut+1","Flex+1"],"picked":"SKIP","floor":140},{"not_picked":["Warcry","Clothesline+1","Power Through"],"picked":"SKIP","floor":140},{"not_picked":["Whirlwind","Flex","Fire Breathing+1"],"picked":"SKIP","floor":141},{"not_picked":["Pummel+1","Anger","Heavy Blade"],"picked":"SKIP","floor":141},{"not_picked":["Infernal Blade","Rage+1"],"picked":"Combust+1","floor":142},{"not_picked":["hubris:Fate","hubris:Rewind"],"picked":"infinitespire:TheBestDefense","floor":144},{"not_picked":["Anger+1","Clash+1","Pommel Strike"],"picked":"SKIP","floor":144},{"not_picked":["Dark Embrace","Perfected Strike+1"],"picked":"Entrench","floor":147},{"not_picked":["Intimidate","Flex+1","Thunderclap"],"picked":"SKIP","floor":147},{"not_picked":["Hemokinesis","Juggernaut","Thunderclap"],"picked":"SKIP","floor":149},{"not_picked":["Metallicize","Combust","Warcry"],"picked":"SKIP","floor":149},{"not_picked":["Inflame+1","Warcry","Battle Trance"],"picked":"SKIP","floor":150}],"player_experience":496379,"relics_obtained":[{"floor":4.0,"key":"Old Coin"},{"floor":9.0,"key":"Strawberry"},{"floor":12.0,"key":"HollowMod:StagPassRelic"},{"floor":26.0,"key":"Anchor"},{"floor":29.0,"key":"Lizard Tail"},{"floor":36.0,"key":"CatCart"},{"floor":40.0,"key":"Meat on the Bone"},{"floor":53.0,"key":"Toy Ornithopter"},{"floor":60.0,"key":"Runesmith:AutoHammer"},{"floor":65.0,"key":"MealTicket"},{"floor":76.0,"key":"theSenshi:SailorFukuRelic"},{"floor":77.0,"key":"Whetstone"},{"floor":79.0,"key":"Calipers"},{"floor":88,"key":"infinitespire:Magic Flask"},{"floor":94,"key":"hubris:DuctTape"},{"floor":99,"key":"infinitespire:BottledMercury"},{"floor":111,"key":"infinitespire:Lucky Rock"},{"floor":112,"key":"War Paint"},{"floor":124,"key":"infinitespire:Beetle Shell"},{"floor":125,"key":"hubris:SphereOfDissonance"},{"floor":128,"key":"Red Skull"},{"floor":142,"key":"Pear"},{"floor":144,"key":"Blood Vial"},{"floor":145,"key":"yuri:PortableGlitches"},{"floor":145,"key":"Vajra"},{"floor":150,"key":"Shuriken"}],"event_choices":[{"damage_healed":0.0,"max_hp_gain":0.0,"max_hp_loss":0.0,"gold_gain":0.0,"event_name":"Golden Idol","player_choice":"Take Wound","floor":5.0,"gold_loss":0.0,"damage_taken":0.0,"relics_obtained":["Golden Idol"],"cards_obtained":["Injury"]},{"damage_healed":0.0,"max_hp_gain":0.0,"max_hp_loss":0.0,"gold_gain":75.0,"event_name":"World of Goop","player_choice":"Gather Gold","floor":14.0,"gold_loss":0.0,"damage_taken":11.0},{"damage_healed":0.0,"max_hp_gain":0.0,"max_hp_loss":0.0,"gold_gain":0.0,"event_name":"The Woman in Blue","player_choice":"Bought 0 Potions","floor":21.0,"gold_loss":0.0,"damage_taken":0.0},{"damage_healed":0.0,"max_hp_gain":0.0,"max_hp_loss":0.0,"gold_gain":0.0,"event_name":"OrinTheCat","player_choice":"Fight","floor":36.0,"gold_loss":0.0,"damage_taken":0.0},{"cards_removed":["Strike_R"],"damage_healed":0.0,"max_hp_gain":0.0,"max_hp_loss":0.0,"gold_gain":0.0,"event_name":"Designer","player_choice":"Upgrade and Remove","floor":38.0,"gold_loss":90.0,"damage_taken":0.0,"cards_upgraded":["Shrug It Off"]},{"damage_healed":22.0,"max_hp_gain":0.0,"max_hp_loss":0.0,"gold_gain":0.0,"event_name":"Winding Halls","player_choice":"Writhe","floor":45.0,"gold_loss":0.0,"damage_taken":0.0,"cards_obtained":["Writhe"]},{"damage_healed":0.0,"max_hp_gain":0.0,"max_hp_loss":0.0,"gold_gain":0.0,"event_name":"Match and Keep!","player_choice":"2 cards matched","floor":46.0,"gold_loss":0.0,"damage_taken":0.0,"cards_obtained":["Ghostly Armor","Bash"]},{"damage_healed":0.0,"max_hp_gain":0.0,"max_hp_loss":0.0,"gold_gain":0.0,"event_name":"Dead Adventurer","player_choice":"Searched \u00273\u0027 times","floor":55.0,"gold_loss":0.0,"damage_taken":0.0,"relics_obtained":["hubris:OldNail"]},{"damage_healed":0.0,"max_hp_gain":0.0,"max_hp_loss":0.0,"gold_gain":0.0,"event_name":"Big Fish","player_choice":"Box","floor":56.0,"gold_loss":0.0,"damage_taken":0.0,"relics_obtained":["hubris:MysteriousPyramids"],"cards_obtained":["Regret"]},{"damage_healed":0.0,"max_hp_gain":0.0,"max_hp_loss":0.0,"gold_gain":0.0,"event_name":"conspire:Investor","player_choice":"Leave","floor":82.0,"gold_loss":0.0,"damage_taken":0.0},{"damage_healed":0,"gold_gain":0,"player_choice":"Leave","damage_taken":0,"max_hp_gain":0,"max_hp_loss":0,"event_name":"conspire:Investor","floor":88,"gold_loss":0},{"damage_healed":0,"gold_gain":0,"player_choice":"Take Wound","damage_taken":0,"relics_obtained":["Circlet"],"max_hp_gain":0,"max_hp_loss":0,"event_name":"Golden Idol","floor":107,"gold_loss":0,"cards_obtained":["Injury"]},{"damage_healed":0,"gold_gain":0,"player_choice":"Trade","damage_taken":0,"relics_obtained":["GremlinMask"],"max_hp_gain":0,"max_hp_loss":0,"event_name":"FaceTrader","floor":121,"gold_loss":0},{"damage_healed":0,"gold_gain":0,"player_choice":"Ignored","damage_taken":0,"max_hp_gain":0,"max_hp_loss":0,"event_name":"Ghosts","floor":131,"gold_loss":0},{"damage_healed":0,"gold_gain":0,"cards_transformed":["Spot Weakness"],"player_choice":"Transformed","damage_taken":0,"max_hp_gain":0,"max_hp_loss":0,"event_name":"Transmorgrifier","floor":139,"gold_loss":0,"cards_obtained":["Second Wind"]}],"is_beta":false,"boss_relics":[{"not_picked":["Ectoplasm","infinitespire:Burning Sword"],"picked":"Snecko Eye"},{"not_picked":["Fusion Hammer","conspire:RunicOctahedron"],"picked":"Runic Dome"},{"not_picked":["conspire:SeveredTorchhead","Empty Cage"],"picked":"Pandora\u0027s Box"},{"not_picked":["hubris:TerracottaHorce","hubris:GrandSneckoEye"],"picked":"Cursed Key"},{"not_picked":["Coffee Dripper","Philosopher\u0027s Stone"],"picked":"Tiny House"},{"not_picked":["infinitespire:Cupcake","Black Blood"],"picked":"hubris:Backtick"},{"not_picked":["hubris:RunicObelisk","Sozu"],"picked":"conspire:SpecialSausage"},{"not_picked":["bronze:MakeshiftBattery","Busted Crown"],"picked":"Runic Pyramid"}],"items_purged_floors":[8,11,19,105,138],"is_endless":true,"potions_floor_spawned":[4,12,16,20,28,35,40,41,50,55,65,69,76,81,84,88,89,92,97,98,99,103,106,116,118,123,129,142,144,147,150],"killed_by":"infinitespire:LordOfFortification","ascension_level":0}}