{"host":"li2oyy8xcjugrjw6","time":1612856954,"event":{"mods":["AchievementEnabler","BaseMod","Colored Map","Minty Spire (QoL Compilation)","Permanent Neow","Replay The Spire","StSLib"],"gold_per_floor":[417,435,31,44,44,44,44,76,76,76,39,51,51,78,78,181,181,197,197,212,223,223,223,252,252,279,295,94,94,94,94,94,198,198,213,213,213,213,3,57,71,100,4,4,4,4,18,18,45,64,64,64],"floor_reached":53,"language":"ENG","playtime":2920,"items_purged":["Strike_G","Languid"],"score":1034,"play_id":"128d38da-298c-4dc8-93b9-492cc1b8e88e","local_time":"20210208234914","is_ascension_mode":true,"campfire_choices":[{"data":"Leg Sweep","floor":6,"key":"SMITH"},{"data":"Envenom","floor":10,"key":"SMITH"},{"data":"Blade Dance","floor":13,"key":"SMITH"},{"data":"Skewer","floor":15,"key":"SMITH"},{"data":"Crippling Poison","floor":23,"key":"SMITH"},{"data":"Accuracy","floor":25,"key":"SMITH"},{"data":"Ghostly","floor":30,"key":"SMITH"},{"data":"Ghostly","floor":32,"key":"SMITH"},{"data":"Blade Dance","floor":44,"key":"SMITH"},{"data":"Master of Strategy","floor":46,"key":"SMITH"},{"data":"Acrobatics","floor":48,"key":"SMITH"},{"data":"Hidden Blade","floor":51,"key":"SMITH"}],"circlet_count":0,"master_deck":["AscendersBane","Strike_G","Strike_G","Strike_G","Defend_G","Defend_G","Defend_G","Defend_G","Defend_G","Survivor","Neutralize","Blade Dance+1","Accuracy","Master of Strategy+1","PiercingWail","Slice","Skewer+1","Leg Sweep+1","Envenom+1","Terror+1","Quick Slash","Quick Slash","Burst+1","Acrobatics+1","Accuracy+1","Crippling Poison+1","Hidden Blade+1","Hidden Blade+1","Ghostly+1","Ghostly+1","Ghostly","Ghostly","Ghostly+1","Corpse Explosion+1","Prepared+1","Trip","PanicButton","Blind","Apotheosis+1","Blade Dance+1","Hidden Blade+1","Acrobatics+1","Doubt","Blade Dance+1","Sneak Up+1","PiercingWail+1","Overencumbered","Phantasmal Killer+1","Distraction+1"],"relics":["Ring of the Snake","Old Coin","FaceOfCleric","Regal Pillow","Golden Egg","Quantum Egg","Cursed Key","HornCleat","Tiny Chest","Replay:Rubber Ducky","Membership Card","Sozu","DollysMirror","Blood Vial","Ice Cream","TwistedFunnel","InkBottle","ReplayFunnel"],"acts_visited":["Exordium","TheCity","TheBeyond"],"potions_floor_usage":[16,16,24,33],"damage_taken":[{"damage":0,"enemies":"Cultist","floor":1,"turns":4},{"damage":1,"enemies":"Small Slimes","floor":2,"turns":4},{"damage":0,"enemies":"2 Louse","floor":4,"turns":3},{"damage":5,"enemies":"Replay:BlueRogue","floor":8,"turns":5},{"damage":12,"enemies":"Gremlin Gang","floor":12,"turns":6},{"damage":4,"enemies":"Lagavulin","floor":14,"turns":5},{"damage":13,"enemies":"Slime Boss","floor":16,"turns":6},{"damage":3,"enemies":"Chosen","floor":18,"turns":5},{"damage":0,"enemies":"Shell Parasite","floor":20,"turns":3},{"damage":13,"enemies":"Chosen and Byrds","floor":21,"turns":5},{"damage":12,"enemies":"Slavers","floor":24,"turns":4},{"damage":0,"enemies":"Centurion and Healer","floor":27,"turns":3},{"damage":0,"enemies":"Champ","floor":33,"turns":10},{"damage":0,"enemies":"Orb Walker","floor":35,"turns":2},{"damage":0,"enemies":"3 Shapes","floor":41,"turns":4},{"damage":10,"enemies":"Reptomancer","floor":42,"turns":5},{"damage":3,"enemies":"Writhing Mass","floor":47,"turns":6},{"damage":0,"enemies":"Nemesis","floor":49,"turns":7},{"damage":0,"enemies":"Transient","floor":50,"turns":5},{"damage":0,"enemies":"Replay:Hell Engine","floor":52,"turns":7}],"seed_played":"-3812517427141462075","potions_obtained":[{"floor":12,"key":"FearPotion"},{"floor":14,"key":"ColorlessPotion"},{"floor":16,"key":"SmokeBomb"},{"floor":20,"key":"Explosive Potion"},{"floor":21,"key":"Milkshake"}],"is_trial":false,"path_per_floor":["M","M","$","M","?","R","?","E","T","R","$","M","R","E","R","B",null,"M","?","M","M","?","R","E","R","T","M","$","?","R","?","R","B",null,"M","?","PTL","PTL","$","T","M","E","$","R","T","R","M","R","E","M","R","B",null],"character_chosen":"THE_SILENT","items_purchased":["Master of Strategy","PiercingWail","Slice","Skewer","Terror","Membership Card","Apotheosis","DollysMirror","Hidden Blade","Acrobatics","TwistedFunnel","PiercingWail"],"campfire_rested":0,"item_purchase_floors":[3,3,3,3,11,28,39,39,39,39,43,43],"current_hp_per_floor":[45,44,44,44,44,44,44,40,40,40,40,29,29,26,26,14,59,57,57,58,46,32,32,21,21,21,22,22,22,22,22,22,23,38,39,29,29,29,29,29,32,25,25,25,25,25,25,25,28,31,31,34],"gold":64,"neow_bonus":"ONE_RARE_RELIC","is_daily":false,"chose_seed":false,"campfire_upgraded":12,"win_rate":0.0,"timestamp":1612856954,"path_taken":["M","M","$","?","?","R","?","E","T","R","$","?","R","E","R","BOSS","M","?","M","M","?","R","E","R","T","M","$","?","R","?","R","BOSS","M","?","PTL","PTL","$","?","?","E","$","R","T","R","M","R","E","M","R","BOSS"],"items_purchased_type":["Card","Card","Card","Card","Card","Relic","Card","Relic","Card","Card","Relic","Card"],"build_version":"2020-12-22","purchased_purges":2,"victory":true,"max_hp_per_floor":[70,70,70,70,70,70,70,71,71,71,71,72,72,73,73,74,74,75,75,76,77,82,82,83,83,83,84,84,42,42,42,42,43,43,44,44,44,44,44,44,45,46,46,46,46,46,47,47,48,49,49,50],"card_choices":[{"not_picked":["Bane","Choke"],"picked":"Blade Dance","floor":1},{"not_picked":["Sucker Punch","All Out Attack"],"picked":"Accuracy","floor":2},{"not_picked":["All Out Attack","Flying Knee"],"picked":"Leg Sweep","floor":4},{"not_picked":["Escape Plan","Deflect"],"picked":"Envenom","floor":8},{"not_picked":["Flying Knee","Sucker Punch"],"picked":"Quick Slash","floor":12},{"not_picked":["Atom Bomb","Outmaneuver"],"picked":"Quick Slash","floor":14},{"not_picked":["Night Terror","Atom Bomb"],"picked":"Burst","floor":16},{"not_picked":["Distraction","Sucker Punch"],"picked":"Acrobatics","floor":18},{"not_picked":["Distraction+1","Hidden Blade"],"picked":"Accuracy","floor":20},{"not_picked":["Bane+1","Eviscerate"],"picked":"Crippling Poison","floor":21},{"not_picked":["Underhanded Strike","Poisoned Stab+1"],"picked":"Hidden Blade","floor":24},{"not_picked":["Poisoned Stab","Caltrops+1"],"picked":"Hidden Blade+1","floor":27},{"not_picked":["ReplayTheSpireMod:Necrosis","A Thousand Cuts"],"picked":"Corpse Explosion","floor":33},{"not_picked":["Deflect","Backflip"],"picked":"Prepared+1","floor":35},{"not_picked":["ReplayTheSpireMod:Necrogeddon","Discovery"],"picked":"Trip","floor":36},{"not_picked":["Replay:Bootleg Shield Generator","Purity"],"picked":"PanicButton","floor":36},{"not_picked":["ReplayTheSpireMod:Uncanny Aura","Chrysalis"],"picked":"Blind","floor":36},{"not_picked":["Hidden Blade+1","ReplayTheSpireMod:Tripwire"],"picked":"Blade Dance","floor":41},{"not_picked":["Underhanded Strike+1","Deflect"],"picked":"Sneak Up+1","floor":42},{"not_picked":["Hidden Blade","Flying Knee","Sucker Punch"],"picked":"SKIP","floor":47},{"not_picked":["Backflip","Dodge and Roll"],"picked":"Phantasmal Killer","floor":49},{"not_picked":["Bane+1","Deadly Poison"],"picked":"Distraction+1","floor":50}],"player_experience":999789,"relics_obtained":[{"floor":8,"key":"Regal Pillow"},{"floor":9,"key":"Golden Egg"},{"floor":14,"key":"Quantum Egg"},{"floor":24,"key":"Tiny Chest"},{"floor":26,"key":"Replay:Rubber Ducky"},{"floor":40,"key":"Blood Vial"},{"floor":42,"key":"Ice Cream"},{"floor":45,"key":"InkBottle"},{"floor":49,"key":"ReplayFunnel"}],"event_choices":[{"damage_healed":0,"gold_gain":0,"player_choice":"Trade","damage_taken":0,"relics_obtained":["FaceOfCleric"],"max_hp_gain":0,"max_hp_loss":0,"event_name":"FaceTrader","floor":7,"gold_loss":0},{"damage_healed":0,"gold_gain":0,"player_choice":"Opened","damage_taken":0,"relics_obtained":["HornCleat"],"max_hp_gain":0,"max_hp_loss":0,"event_name":"The Mausoleum","floor":19,"gold_loss":0},{"damage_healed":0,"gold_gain":0,"player_choice":"Shed Blood","damage_taken":19,"max_hp_gain":5,"max_hp_loss":0,"event_name":"Forgotten Altar","floor":22,"gold_loss":0},{"damage_healed":0,"gold_gain":0,"player_choice":"Became a Ghost","damage_taken":0,"max_hp_gain":0,"max_hp_loss":42,"event_name":"Ghosts","floor":29,"gold_loss":0,"cards_obtained":["Ghostly","Ghostly","Ghostly","Ghostly","Ghostly"]},{"damage_healed":0,"gold_gain":0,"player_choice":"Forge","damage_taken":0,"max_hp_gain":0,"max_hp_loss":0,"event_name":"Accursed Blacksmith","floor":31,"gold_loss":0,"cards_upgraded":["Ghostly"]},{"damage_healed":0,"gold_gain":0,"player_choice":"Memory 3","damage_taken":10,"max_hp_gain":0,"max_hp_loss":0,"event_name":"SensoryStone","floor":36,"gold_loss":0}],"is_beta":false,"boss_relics":[{"not_picked":["Painkiller Herb","Calling Bell"],"picked":"Cursed Key"},{"not_picked":["Replay:Wanted Poster","Ring of the Serpent"],"picked":"Sozu"}],"items_purged_floors":[3,28],"is_endless":false,"potions_floor_spawned":[12,14,16,20,21,41,42],"ascension_level":10}}