{"host":"0o4jkshs65tojivq","time":1612842231,"event":{"mods":["AchievementEnabler","BaseMod","Minty Spire (QoL Compilation)","Quick Restart","Relic Stats","Slay the Relics Exporter","StSLib"],"gold_per_floor":[116,116,129,30,105,105,105,140,140,154,178,178,178,178],"floor_reached":13,"language":"ENG","playtime":526,"items_purged":[],"score":211,"play_id":"8561a34b-34ea-4a45-831f-c8376c0b9ffa","local_time":"20210208194351","is_ascension_mode":true,"campfire_choices":[{"data":"Barrage","floor":6,"key":"SMITH"},{"data":"Coolheaded","floor":12,"key":"SMITH"}],"circlet_count":0,"master_deck":["AscendersBane","Strike_B","Strike_B","Strike_B","Strike_B","Defend_B","Defend_B","Defend_B","Defend_B","Zap","Dualcast","Ball Lightning","Decay","Barrage+1","Blizzard","Coolheaded+1","Blizzard","Leap","FTL","Sweeping Beam","Stack"],"relics":["Cracked Core","NeowsBlessing","Golden Idol","Prayer Wheel","Meat on the Bone"],"acts_visited":["Exordium"],"potions_floor_usage":[13],"damage_taken":[{"damage":0,"enemies":"Jaw Worm","floor":1,"turns":1},{"damage":0,"enemies":"Cultist","floor":3,"turns":1},{"damage":0,"enemies":"3 Sentries","floor":8,"turns":1},{"damage":5,"enemies":"Small Slimes","floor":10,"turns":3},{"damage":8,"enemies":"Looter","floor":11,"turns":3},{"damage":43,"enemies":"Gremlin Nob","floor":13,"turns":3}],"seed_played":"-2756769757582227546","potions_obtained":[{"floor":8,"key":"DistilledChaos"}],"is_trial":false,"path_per_floor":["M","?","M","$","?","R","?","E","T","M","M","R","E"],"character_chosen":"DEFECT","items_purchased":["Blizzard","Coolheaded"],"campfire_rested":0,"item_purchase_floors":[4,4],"current_hp_per_floor":[64,64,64,64,53,53,53,53,53,48,40,40,0,0],"gold":178,"neow_bonus":"THREE_ENEMY_KILL","is_daily":false,"chose_seed":false,"campfire_upgraded":2,"win_rate":0.0,"timestamp":1612842231,"path_taken":["M","?","M","?","?","R","?","E","T","?","M","R","E"],"items_purchased_type":["Card","Card"],"build_version":"2020-12-22","purchased_purges":0,"victory":false,"max_hp_per_floor":[71,71,71,71,71,71,64,64,64,64,64,64,64,64],"relic_stats":{"counters":[6,12],"Golden Idol":15,"Prayer Wheel":2,"obtain_stats":[{"NeowsBlessing":0,"Golden Idol":7,"Prayer Wheel":8,"Cracked Core":0,"Meat on the Bone":9},{"NeowsBlessing":0,"Golden Idol":2,"Prayer Wheel":3,"Cracked Core":0,"Meat on the Bone":3},{"NeowsBlessing":0,"Golden Idol":2,"Prayer Wheel":3,"Cracked Core":0,"Meat on the Bone":3}],"Meat on the Bone":0},"card_choices":[{"not_picked":["Conserve Battery","Sweeping Beam"],"picked":"Ball Lightning","floor":1},{"not_picked":["Sweeping Beam","Steam"],"picked":"Barrage","floor":3},{"not_picked":["Ball Lightning","Scrape"],"picked":"Blizzard","floor":8},{"not_picked":["Ball Lightning","Sunder"],"picked":"Leap","floor":10},{"not_picked":["Steam","FTL","Sweeping Beam"],"picked":"SKIP","floor":10},{"not_picked":["Steam","Sweeping Beam"],"picked":"FTL","floor":10},{"not_picked":["Melter","Redo"],"picked":"Sweeping Beam","floor":11},{"not_picked":["Doom and Gloom","Turbo"],"picked":"Stack","floor":11}],"player_experience":1087839,"relics_obtained":[{"floor":8,"key":"Prayer Wheel"},{"floor":9,"key":"Meat on the Bone"}],"event_choices":[{"damage_healed":0,"gold_gain":0,"player_choice":"Cursed","damage_taken":0,"max_hp_gain":0,"max_hp_loss":0,"event_name":"Wheel of Change","floor":2,"gold_loss":0,"cards_obtained":["Decay"]},{"damage_healed":0,"gold_gain":75,"player_choice":"Gather Gold","damage_taken":11,"max_hp_gain":0,"max_hp_loss":0,"event_name":"World of Goop","floor":5,"gold_loss":0},{"damage_healed":0,"gold_gain":0,"player_choice":"Lose Max HP","damage_taken":0,"relics_obtained":["Golden Idol"],"max_hp_gain":0,"max_hp_loss":7,"event_name":"Golden Idol","floor":7,"gold_loss":0}],"is_beta":false,"boss_relics":[],"items_purged_floors":[],"is_endless":false,"potions_floor_spawned":[8],"killed_by":"Gremlin Nob","ascension_level":19}}