{"host":"g8hc3btt7asq8w3p","time":1612895367,"event":{"mods":["BaseMod","Conspire","Hermit","Minty Spire (QoL Compilation)","Shop Mod","StSLib","The Cursed","The Marked"],"gold_per_floor":[113,128,128,23,34,34,54,54,54,64,91,91,107,56,56,56,56],"floor_reached":16,"language":"ENG","playtime":1013,"items_purged":[],"score":102,"play_id":"d4c6564f-2736-4658-a844-c26f40a9febb","local_time":"20210209132927","is_ascension_mode":false,"campfire_choices":[{"floor":6,"key":"RECALL"},{"floor":15,"key":"REST"}],"circlet_count":0,"master_deck":["theMarked:Strike","theMarked:Strike","theMarked:Strike","theMarked:Strike","theMarked:Strike","theMarked:Defend","theMarked:Defend","theMarked:Defend","theMarked:Defend","theMarked:SoldierOfQuellstein+1","theMarked:ComboAttacks","theMarked:BanishingStrike","theMarked:Aftermath","theMarked:Improvise","theMarked:Static","theMarked:LightningStrikesTwice","theMarked:TwofoldDefense","theMarked:WardOff"],"relics":["theMarked:ArtifactOfAir","Bronze Scales","Mummified Hand","Lantern"],"acts_visited":["Exordium"],"potions_floor_usage":[4,5,10,11,13],"damage_taken":[{"damage":12,"enemies":"2 Louse","floor":1,"turns":2},{"damage":13,"enemies":"Jaw Worm","floor":2,"turns":5},{"damage":0,"enemies":"Cultist","floor":5,"turns":3},{"damage":12,"enemies":"3 Louse","floor":7,"turns":3},{"damage":13,"enemies":"conspire:2 RoseBushes","floor":10,"turns":3},{"damage":19,"enemies":"Gremlin Nob","floor":11,"turns":4},{"damage":0,"enemies":"Red Slaver","floor":13,"turns":2},{"damage":25,"enemies":"Slime Boss","floor":16,"turns":3}],"seed_played":"4487314466371713277","potions_obtained":[{"floor":2,"key":"AttackPotion"},{"floor":5,"key":"Fire Potion"},{"floor":10,"key":"BlessingOfTheForge"},{"floor":11,"key":"Block Potion"}],"is_trial":false,"path_per_floor":["M","M","?","$","M","R","M","$","T","M","E","?","M","$","R","B"],"character_chosen":"THE_DEFAULT","items_purchased":["Fruit Juice","theMarked:WardOff"],"campfire_rested":1,"item_purchase_floors":[4,14],"current_hp_per_floor":[65,52,52,57,57,57,45,45,45,32,13,1,1,1,25,0,0],"gold":56,"neow_bonus":"TEN_PERCENT_HP_BONUS","is_daily":false,"chose_seed":false,"campfire_upgraded":0,"win_rate":0.0,"timestamp":1612895367,"path_taken":["M","M","?","?","M","R","?","$","T","M","E","?","M","$","R","BOSS"],"items_purchased_type":["Potion","Card"],"build_version":"2020-12-22","purchased_purges":0,"victory":false,"max_hp_per_floor":[77,77,77,82,82,82,82,82,82,82,82,82,82,82,82,82,82],"card_choices":[{"not_picked":["theMarked:Memento","theMarked:Pokerface"],"picked":"theMarked:ComboAttacks","floor":1},{"not_picked":["theMarked:TakeCover","theMarked:Parkour"],"picked":"theMarked:BanishingStrike","floor":2},{"not_picked":["theMarked:Parkour","theMarked:Panic"],"picked":"theMarked:Aftermath","floor":5},{"not_picked":["theMarked:Parkour","theMarked:Polarize"],"picked":"theMarked:Improvise","floor":7},{"not_picked":["theMarked:Frustration","theMarked:Defy"],"picked":"theMarked:Static","floor":10},{"not_picked":["theMarked:AttractMetal","theMarked:Overthink"],"picked":"theMarked:LightningStrikesTwice","floor":11},{"not_picked":["theMarked:Parkour","theMarked:ElectricStrings"],"picked":"theMarked:TwofoldDefense","floor":13}],"player_experience":234659,"relics_obtained":[{"floor":9,"key":"Bronze Scales"},{"floor":11,"key":"Mummified Hand"}],"event_choices":[{"damage_healed":0,"gold_gain":0,"player_choice":"Forge","damage_taken":0,"max_hp_gain":0,"max_hp_loss":0,"event_name":"Accursed Blacksmith","floor":3,"gold_loss":0,"cards_upgraded":["theMarked:SoldierOfQuellstein"]},{"damage_healed":0,"gold_gain":0,"player_choice":"Success","damage_taken":12,"relics_obtained":["Lantern"],"max_hp_gain":0,"max_hp_loss":0,"event_name":"Scrap Ooze","floor":12,"gold_loss":0}],"is_beta":false,"boss_relics":[],"items_purged_floors":[],"is_endless":false,"potions_floor_spawned":[2,5,10,11],"killed_by":"Slime Boss","ascension_level":0}}