{"host":"hlz9nytggqnehs39","time":1612870641,"event":{"mods":["BaseMod","Highlight Path","Minty Spire (QoL Compilation)","Relic Stats"],"gold_per_floor":[118,118,129,139,139,171,171,200,224,224,224,224,238,238,238,334,334,352,39,138,138,63,96,96,124,151,151,176,20,20,20,20,125,125,140,104,56,69,69,100,100,114,114,114,114,164,164,164,164],"floor_reached":48,"language":"ENG","playtime":1673,"items_purged":["Strike_B"],"score":825,"play_id":"c815cc01-5705-4595-9eb5-6b18d394eebc","local_time":"20210209123721","is_ascension_mode":true,"campfire_choices":[{"data":"Defragment","floor":7,"key":"SMITH"},{"floor":10,"key":"REST"},{"data":"Loop","floor":12,"key":"SMITH"},{"data":"Loop","floor":15,"key":"SMITH"},{"floor":24,"key":"REST"},{"data":"Defragment","floor":27,"key":"SMITH"},{"floor":32,"key":"REST"},{"floor":44,"key":"REST"},{"data":"Amplify","floor":45,"key":"SMITH"}],"circlet_count":0,"master_deck":["AscendersBane","Defend_B","Defend_B","Defend_B","Defend_B","Zap+1","Dualcast","Conserve Battery+1","Barrage","Loop+1","Defragment+1","Loop+1","Biased Cognition","Go for the Eyes+1","Defragment+1","Glacier","Skim","Static Discharge","Coolheaded","Amplify+1","Loop","Injury","Compile Driver+1","Cold Snap","Pain"],"relics":["Cracked Core","War Paint","DataDisk","Juzu Bracelet","WarpedTongs","Empty Cage","Lantern","Singing Bowl","Dream Catcher","Vajra","WingedGreaves","OrangePellets","Cursed Key","Art of War","Oddly Smooth Stone","Shovel","Shuriken"],"acts_visited":["Exordium","TheCity","TheBeyond"],"potions_floor_usage":[6,8,16,25,46],"damage_taken":[{"damage":7,"enemies":"Small Slimes","floor":1,"turns":3},{"damage":0,"enemies":"Cultist","floor":3,"turns":3},{"damage":1,"enemies":"2 Louse","floor":4,"turns":3},{"damage":18,"enemies":"Lagavulin","floor":6,"turns":7},{"damage":30,"enemies":"Gremlin Nob","floor":8,"turns":4},{"damage":13,"enemies":"Large Slime","floor":13,"turns":4},{"damage":29,"enemies":"Slime Boss","floor":16,"turns":8},{"damage":26,"enemies":"Spheric Guardian","floor":18,"turns":4},{"damage":6,"enemies":"Book of Stabbing","floor":23,"turns":5},{"damage":11,"enemies":"Slavers","floor":25,"turns":7},{"damage":15,"enemies":"Gremlin Leader","floor":28,"turns":5},{"damage":1,"enemies":"Champ","floor":33,"turns":12},{"damage":6,"enemies":"Orb Walker","floor":35,"turns":3},{"damage":14,"enemies":"3 Shapes","floor":38,"turns":5},{"damage":10,"enemies":"Nemesis","floor":40,"turns":9},{"damage":30,"enemies":"Jaw Worm Horde","floor":42,"turns":5},{"damage":45,"enemies":"2 Orb Walkers","floor":46,"turns":4},{"damage":9,"enemies":"3 Darklings","floor":48,"turns":4}],"seed_played":"1065560536996323182","potions_obtained":[{"floor":4,"key":"DistilledChaos"},{"floor":6,"key":"SkillPotion"},{"floor":13,"key":"SneckoOil"},{"floor":33,"key":"Ancient Potion"},{"floor":35,"key":"Energy Potion"},{"floor":40,"key":"PowerPotion"},{"floor":46,"key":"PotionOfCapacity"}],"is_trial":false,"path_per_floor":["M","?","M","M","?","E","R","E","T","R","?","R","M","?","R","B",null,"M","$","?","?","$","E","R","E","T","R","E","$","?","?","R","B",null,"M","$","$","M","?","E","$","M","T","R","R","?","T","M"],"character_chosen":"DEFECT","items_purchased":["Defragment","Glacier","Lantern","FocusPotion","OrangePellets","Loop","SpeedPotion"],"campfire_rested":4,"item_purchase_floors":[19,19,19,19,29,36,37],"current_hp_per_floor":[61,61,61,60,65,47,47,17,17,41,41,41,28,48,48,19,63,37,37,37,37,37,33,56,47,47,47,32,32,17,9,36,35,75,71,71,71,59,59,51,51,23,23,51,51,6,6,0,0],"gold":164,"neow_bonus":"THREE_CARDS","is_daily":false,"chose_seed":false,"campfire_upgraded":5,"win_rate":0.0,"timestamp":1612870641,"path_taken":["M","?","M","?","?","E","R","E","T","R","?","R","M","?","R","BOSS","M","$","?","?","?","E","R","E","T","R","E","$","?","?","R","BOSS","M","?","$","M","?","E","$","M","T","R","R","?","?","M"],"items_purchased_type":["Card","Card","Relic","Potion","Relic","Card","Potion"],"build_version":"2020-12-22","purchased_purges":1,"victory":false,"max_hp_per_floor":[75,75,75,75,80,80,80,80,80,80,80,80,80,80,80,80,77,77,77,77,77,77,79,79,81,81,81,81,81,86,86,88,88,88,90,90,90,92,92,94,94,96,96,96,96,96,96,96,96],"relic_stats":{"OrangePellets":[6],"Dream Catcher":2,"Shovel":0,"Singing Bowl":14,"counters":[18,88],"Shuriken":[0],"Juzu Bracelet":2,"Art of War":[6],"War Paint":["Conserve Battery","Zap"],"Cursed Key":2,"obtain_stats":[{"Lantern":19,"Singing Bowl":23,"Vajra":26,"Oddly Smooth Stone":43,"Juzu Bracelet":9,"War Paint":6,"Empty Cage":17,"Cursed Key":34,"WarpedTongs":11,"OrangePellets":29,"DataDisk":8,"Dream Catcher":25,"Shovel":46,"Shuriken":47,"WingedGreaves":28,"Art of War":40,"Cracked Core":0},{"Lantern":8,"Singing Bowl":9,"Vajra":10,"Oddly Smooth Stone":16,"Juzu Bracelet":5,"War Paint":4,"Empty Cage":7,"Cursed Key":12,"WarpedTongs":5,"OrangePellets":11,"DataDisk":5,"Dream Catcher":10,"Shovel":17,"Shuriken":17,"WingedGreaves":11,"Art of War":15,"Cracked Core":0},{"Lantern":33,"Singing Bowl":38,"Vajra":45,"Oddly Smooth Stone":81,"Juzu Bracelet":20,"War Paint":16,"Empty Cage":30,"Cursed Key":62,"WarpedTongs":20,"OrangePellets":50,"DataDisk":20,"Dream Catcher":45,"Shovel":84,"Shuriken":84,"WingedGreaves":50,"Art of War":77,"Cracked Core":0}],"WarpedTongs":[65]},"card_choices":[{"not_picked":["Melter","Stack"],"picked":"Conserve Battery","floor":0},{"not_picked":["Chaos","Storm"],"picked":"Barrage","floor":1},{"not_picked":["Conserve Battery","Skim"],"picked":"Loop","floor":3},{"not_picked":["FTL","Turbo"],"picked":"Defragment","floor":4},{"not_picked":["Auto Shields","Leap"],"picked":"Loop","floor":6},{"not_picked":["Steam","Rebound","Redo"],"picked":"SKIP","floor":8},{"not_picked":["Barrage","Sweeping Beam","FTL"],"picked":"SKIP","floor":13},{"not_picked":["Reboot","Creative AI"],"picked":"Biased Cognition","floor":16},{"not_picked":["Streamline+1","Beam Cell"],"picked":"Go for the Eyes+1","floor":18},{"not_picked":["Go for the Eyes","Gash+1","Beam Cell"],"picked":"Singing Bowl","floor":23},{"not_picked":["Compile Driver","Consume","Cold Snap+1"],"picked":"Singing Bowl","floor":25},{"not_picked":["Blizzard","Turbo"],"picked":"Coolheaded","floor":28},{"not_picked":["Tempest","Genetic Algorithm+1","Hello World+1"],"picked":"Singing Bowl","floor":32},{"not_picked":["Electrodynamics","Multi-Cast"],"picked":"Amplify","floor":33},{"not_picked":["Turbo+1","Leap+1","Darkness+1"],"picked":"Singing Bowl","floor":35},{"not_picked":["Heatsinks","Go for the Eyes+1","Hologram"],"picked":"Singing Bowl","floor":38},{"not_picked":["Hello World","Darkness","Aggregate+1"],"picked":"Singing Bowl","floor":40},{"not_picked":["Sunder+1","Redo+1","Go for the Eyes"],"picked":"Singing Bowl","floor":42},{"not_picked":["Turbo","Beam Cell"],"picked":"Compile Driver+1","floor":44},{"not_picked":["White Noise+1","Steam"],"picked":"Cold Snap","floor":46}],"player_experience":420336,"relics_obtained":[{"floor":6,"key":"War Paint"},{"floor":8,"key":"DataDisk"},{"floor":9,"key":"Juzu Bracelet"},{"floor":23,"key":"Singing Bowl"},{"floor":25,"key":"Dream Catcher"},{"floor":26,"key":"Vajra"},{"floor":28,"key":"WingedGreaves"},{"floor":40,"key":"Art of War"},{"floor":43,"key":"Oddly Smooth Stone"},{"floor":46,"key":"Shovel"},{"floor":47,"key":"Shuriken"}],"event_choices":[{"cards_removed":["Strike_B"],"damage_healed":0,"gold_gain":0,"player_choice":"Card Removal","damage_taken":0,"max_hp_gain":0,"max_hp_loss":0,"event_name":"Wheel of Change","floor":2,"gold_loss":0},{"damage_healed":0,"gold_gain":0,"player_choice":"Donut","damage_taken":0,"max_hp_gain":5,"max_hp_loss":0,"event_name":"Big Fish","floor":5,"gold_loss":0},{"damage_healed":0,"gold_gain":0,"player_choice":"Rummage","damage_taken":0,"relics_obtained":["WarpedTongs"],"max_hp_gain":0,"max_hp_loss":0,"event_name":"Accursed Blacksmith","floor":11,"gold_loss":0,"cards_obtained":["Pain"]},{"damage_healed":20,"gold_gain":0,"player_choice":"Healed and dodged fight","damage_taken":0,"max_hp_gain":0,"max_hp_loss":0,"event_name":"Mushrooms","floor":14,"gold_loss":0,"cards_obtained":["Parasite"]},{"damage_healed":0,"gold_gain":99,"player_choice":"Stole From Cult","damage_taken":0,"max_hp_gain":0,"max_hp_loss":0,"event_name":"Nest","floor":20,"gold_loss":0},{"damage_healed":0,"gold_gain":0,"cards_transformed":["Strike_B","Strike_B"],"player_choice":"Became Test Subject","damage_taken":0,"max_hp_gain":0,"max_hp_loss":0,"event_name":"Drug Dealer","floor":21,"gold_loss":0,"cards_obtained":["Skim","Static Discharge"]},{"damage_healed":0,"gold_gain":0,"player_choice":"Shed Blood","damage_taken":20,"max_hp_gain":5,"max_hp_loss":0,"event_name":"Forgotten Altar","floor":30,"gold_loss":0},{"damage_healed":0,"gold_gain":0,"player_choice":"Damaged","damage_taken":8,"max_hp_gain":0,"max_hp_loss":0,"event_name":"Wheel of Change","floor":31,"gold_loss":0},{"damage_healed":0,"gold_gain":0,"player_choice":"Ignored","damage_taken":0,"max_hp_gain":0,"max_hp_loss":0,"event_name":"Tomb of Lord Red Mask","floor":39,"gold_loss":0},{"damage_healed":0,"gold_gain":0,"player_choice":"Fight","damage_taken":0,"max_hp_gain":0,"max_hp_loss":0,"event_name":"Mysterious Sphere","floor":46,"gold_loss":0}],"is_beta":false,"boss_relics":[{"not_picked":["Runic Pyramid","Pandora\u0027s Box"],"picked":"Empty Cage"},{"not_picked":["Busted Crown","Calling Bell"],"picked":"Cursed Key"}],"items_purged_floors":[22],"is_endless":false,"potions_floor_spawned":[4,6,13,33,35,40,42,46],"killed_by":"3 Darklings","ascension_level":11}}