{"host":"l15sdf2mmi0nobpi","time":1612874857,"event":{"mods":["ATMod(°¢èªMod)","BaseMod","Highlight Path","Minty Spire (QoL Compilation)","Quick Restart","StSLib","The Runesmith","¡¾¹¦ÄÜMod¡¿Neow½±Àø"],"gold_per_floor":[118,137,137,137,68,68,16,16,70,70,99,129,159,173,173,276,276,286,147,147,166,366,395,410,435,459,459,493,493,509,202,202,301,301,315,346,346,366,392,421,421,451,451,461,486,501,324,324,324,324],"floor_reached":51,"language":"ZHS","playtime":6021,"items_purged":["Runesmith:Strike_RS+1","Injury"],"score":1120,"play_id":"a19fc0fa-b4f8-488d-8100-91c0010a788e","local_time":"20210209204737","is_ascension_mode":true,"campfire_choices":[{"data":"Runesmith:BackupBattery","floor":6.0,"key":"SMITH"},{"data":"Runesmith:BackupBattery+1","floor":8.0,"key":"SMITH"},{"data":"Runesmith:BackupBattery+2","floor":10.0,"key":"SMITH"},{"data":"Runesmith:Fortify","floor":15.0,"key":"SMITH"},{"data":"Runesmith:Terraform","floor":27.0,"key":"SMITH"},{"data":"Runesmith:LithiumIon","floor":29.0,"key":"SMITH"},{"data":"Runesmith:Permafrost","floor":32.0,"key":"SMITH"},{"floor":41.0,"key":"RECALL"},{"data":"Runesmith:PoweredAnvil","floor":49,"key":"SMITH"}],"circlet_count":0,"master_deck":["Runesmith:Defend_RS+1","Runesmith:Defend_RS+1","Runesmith:Defend_RS+1","Runesmith:Defend_RS+1","Runesmith:CraftFirestone","Runesmith:Fortify+1","AT_FamilyPortrait","Runesmith:EarthShield","Runesmith:BackupBattery+3","Runesmith:Prism","Runesmith:CraftProtectio","Runesmith:RuneHurl","Runesmith:EnergizedChisel","Runesmith:Reinforce","Runesmith:DuctTape","Runesmith:LithiumIon+1","Runesmith:Reinforce","Runesmith:Terraform+1","Runesmith:Retool","Runesmith:Permafrost+1","Runesmith:CraftMagma+1","Runesmith:LithiumIon+1","Runesmith:LithiumIon+1","Runesmith:CraftMagma+1","Runesmith:PoweredAnvil+1"],"relics":["Runesmith:BrokenRuby","AT_ATBox","NeowsBlessing","Lantern","Kunai","Mango","Empty Cage","AT_SunfireAegis","AT_ArcaneBoots","Happy Flower","Eternal Feather","Lee\u0027s Waffle","Cursed Key","Oddly Smooth Stone","AT_RabadonDeathcap","AT_DeathDance"],"acts_visited":["Exordium","TheCity","TheBeyond"],"potions_floor_usage":[50],"damage_taken":[{"damage":0.0,"enemies":"Cultist","floor":1.0,"turns":1.0},{"damage":0.0,"enemies":"2 Louse","floor":2.0,"turns":2.0},{"damage":0.0,"enemies":"Gremlin Nob","floor":11.0,"turns":1.0},{"damage":0.0,"enemies":"Jaw Worm","floor":12.0,"turns":3.0},{"damage":2.0,"enemies":"3 Sentries","floor":13.0,"turns":7.0},{"damage":0.0,"enemies":"Red Slaver","floor":14.0,"turns":4.0},{"damage":36.0,"enemies":"Hexaghost","floor":16.0,"turns":15.0},{"damage":3.0,"enemies":"Shell Parasite","floor":18.0,"turns":5.0},{"damage":11.0,"enemies":"Spheric Guardian","floor":21.0,"turns":8.0},{"damage":13.0,"enemies":"Slavers","floor":23.0,"turns":11.0},{"damage":6.0,"enemies":"3 Cultists","floor":24.0,"turns":5.0},{"damage":2.0,"enemies":"Gremlin Leader","floor":25.0,"turns":8.0},{"damage":9.0,"enemies":"Book of Stabbing","floor":28.0,"turns":7.0},{"damage":4.0,"enemies":"Snecko","floor":30.0,"turns":6.0},{"damage":0.0,"enemies":"Collector","floor":33.0,"turns":10.0},{"damage":0.0,"enemies":"3 Darklings","floor":35.0,"turns":4.0},{"damage":0.0,"enemies":"3 Shapes","floor":36.0,"turns":6.0},{"damage":0.0,"enemies":"Spire Growth","floor":38.0,"turns":7.0},{"damage":0.0,"enemies":"Giant Head","floor":40.0,"turns":9.0},{"damage":2.0,"enemies":"Reptomancer","floor":42.0,"turns":6.0},{"damage":19,"enemies":"Transient","floor":44,"turns":5},{"damage":0,"enemies":"Nemesis","floor":45,"turns":7},{"damage":0,"enemies":"Sphere and 2 Shapes","floor":46,"turns":2},{"damage":36,"enemies":"Awakened One","floor":50,"turns":8}],"seed_played":"3034314405333145173","potions_obtained":[{"floor":2.0,"key":"EssenceOfSteel"},{"floor":11.0,"key":"SteroidPotion"},{"floor":13.0,"key":"Ancient Potion"},{"floor":16.0,"key":"Strength Potion"},{"floor":23.0,"key":"EssenceOfSteel"},{"floor":25.0,"key":"Ancient Potion"},{"floor":30.0,"key":"PowerPotion"}],"is_trial":false,"path_per_floor":["M","M","?","?","$","R","$","R","T","R","E","M","E","M","R","B",null,"M","$","?","M","?","E","M","E","T","R","E","R","M","$","R","B",null,"M","M","?","M","T","E","R","E","T","M","E","M","$","?","R","B",null],"character_chosen":"RUNESMITH_CLASS","items_purchased":["Runesmith:Prism","Runesmith:CraftProtectio","Runesmith:LithiumIon","Runesmith:Reinforce","Runesmith:Permafrost","Lee\u0027s Waffle","Runesmith:PoweredAnvil"],"campfire_rested":0,"item_purchase_floors":[5,7,19,19,31,31,47],"current_hp_per_floor":[70,70,56,56,56,56,56,56,56,56,56,56,68,68,68,32,71,68,68,68,57,57,44,38,36,36,36,27,39,35,91,91,91,91,91,91,91,91,91,91,91,89,89,70,70,70,70,70,85,49],"gold":324,"neow_bonus":"THREE_ENEMY_KILL","is_daily":false,"chose_seed":false,"campfire_upgraded":8,"win_rate":0.0,"timestamp":1612874857,"path_taken":["M","?","?","?","$","R","$","R","T","R","E","?","E","M","R","BOSS","BOSS","M","$","?","M","?","E","M","E","T","R","E","R","M","$","R","BOSS","M","?","?","?","?","E","R","E","T","M","E","M","$","?","R","BOSS"],"items_purchased_type":["Card","Card","Card","Card","Card","Relic","Card"],"build_version":"2020-12-22","purchased_purges":2,"victory":true,"max_hp_per_floor":[70,70,70,70,70,70,70,70,70,70,70,70,84,84,84,84,84,84,84,84,84,84,84,84,84,84,84,84,84,84,91,91,91,91,91,91,91,91,91,91,91,91,91,91,91,91,91,91,91,91],"card_choices":[{"not_picked":["Runesmith:StaticCage","Runesmith:ChargedHammer"],"picked":"Runesmith:EarthShield","floor":1.0},{"not_picked":["Runesmith:EarthShield","Runesmith:UnstableHammer"],"picked":"Runesmith:BackupBattery","floor":2.0},{"not_picked":["Runesmith:ChiselStab","Runesmith:HeatedChisel"],"picked":"Runesmith:RuneHurl","floor":11.0},{"not_picked":["Runesmith:HammerThrow","Runesmith:HammerAndChisel"],"picked":"Runesmith:EnergizedChisel","floor":12.0},{"not_picked":["Runesmith:Overpower","Runesmith:Terraform"],"picked":"Runesmith:Reinforce","floor":13.0},{"not_picked":["Runesmith:EarthShield","Runesmith:MakeshiftArmor","Runesmith:EnergizedChisel"],"picked":"SKIP","floor":14.0},{"not_picked":["Runesmith:FissionHammer","Runesmith:CraftMedicinae"],"picked":"Runesmith:DuctTape","floor":16.0},{"not_picked":["Runesmith:MakeshiftArmor","Runesmith:ChaoticBlast","Runesmith:EarthShield+1"],"picked":"SKIP","floor":18.0},{"not_picked":["Runesmith:Superposition+1","Runesmith:EarthShield","Runesmith:UnstableHammer"],"picked":"SKIP","floor":21.0},{"not_picked":["Runesmith:Superposition","Runesmith:ElementalConversion","Runesmith:CraftProtectio+1"],"picked":"SKIP","floor":23.0},{"not_picked":["Runesmith:ChiselStab","Runesmith:HammerThrow"],"picked":"Runesmith:Terraform","floor":24.0},{"not_picked":["Runesmith:GenerateForcefield","Runesmith:BackupBattery+1"],"picked":"Runesmith:Retool","floor":25.0},{"not_picked":["Runesmith:HammerThrow","Runesmith:ChaoticBlast","Runesmith:EnergizedChisel"],"picked":"SKIP","floor":28.0},{"not_picked":["Runesmith:Superposition+1","Runesmith:StaticCage+1","Runesmith:ChiselStab"],"picked":"SKIP","floor":30.0},{"not_picked":["Runesmith:HeatExchange","Runesmith:Repurpose"],"picked":"Runesmith:CraftMagma","floor":35.0},{"not_picked":["Runesmith:EnergizedChisel+1","Runesmith:CraftProtectio+1","Runesmith:ChiselStab"],"picked":"SKIP","floor":36.0},{"not_picked":["Runesmith:WhiteBalance+1","Runesmith:ChiselStab"],"picked":"Runesmith:LithiumIon","floor":38.0},{"not_picked":["Runesmith:CraftMedicinae","Runesmith:CraftVitae+1","Runesmith:Accelerate+1"],"picked":"SKIP","floor":40.0},{"not_picked":["Runesmith:EnergizedChisel+1","Runesmith:Overpower"],"picked":"Runesmith:LithiumIon+1","floor":42.0},{"not_picked":["Runesmith:ChiselStab+1","Runesmith:MakeshiftArmor+1"],"picked":"Runesmith:CraftMagma+1","floor":44},{"not_picked":["Runesmith:HeatExchange","Runesmith:WhiteBalance","Runesmith:RunicBlueprint+1"],"picked":"SKIP","floor":45},{"not_picked":["Runesmith:BackupBattery+1","Runesmith:PerfectChisel+1","Runesmith:Refine"],"picked":"SKIP","floor":46}],"player_experience":581236,"relics_obtained":[{"floor":9.0,"key":"Lantern"},{"floor":11.0,"key":"Kunai"},{"floor":13.0,"key":"Mango"},{"floor":23.0,"key":"AT_SunfireAegis"},{"floor":25.0,"key":"AT_SpeedBoots"},{"floor":26.0,"key":"Happy Flower"},{"floor":28.0,"key":"Eternal Feather"},{"floor":40.0,"key":"Oddly Smooth Stone"},{"floor":42.0,"key":"AT_RabadonDeathcap"},{"floor":45,"key":"AT_DeathDance"}],"event_choices":[{"damage_healed":0.0,"max_hp_gain":0.0,"max_hp_loss":0.0,"gold_gain":0.0,"event_name":"Shining Light","player_choice":"Entered Light","floor":3.0,"gold_loss":0.0,"damage_taken":14.0,"cards_upgraded":["Runesmith:Defend_RS","Runesmith:Strike_RS"]},{"cards_removed":["Runesmith:Strike_RS"],"damage_healed":0.0,"max_hp_gain":0.0,"max_hp_loss":0.0,"gold_gain":0.0,"event_name":"Purifier","player_choice":"Purged","floor":4.0,"gold_loss":0.0,"damage_taken":0.0},{"damage_healed":0.0,"max_hp_gain":0.0,"max_hp_loss":0.0,"gold_gain":0.0,"event_name":"Back to Basics","player_choice":"Simplicity","floor":20.0,"gold_loss":0.0,"damage_taken":0.0,"cards_upgraded":["Runesmith:Defend_RS","Runesmith:Defend_RS","Runesmith:Defend_RS"]},{"damage_healed":0.0,"max_hp_gain":0.0,"max_hp_loss":0.0,"gold_gain":200.0,"event_name":"Wheel of Change","player_choice":"Gold","floor":22.0,"gold_loss":0.0,"damage_taken":0.0},{"damage_healed":0.0,"max_hp_gain":0.0,"max_hp_loss":0.0,"gold_gain":0.0,"event_name":"Upgrade Shrine","player_choice":"Upgraded","floor":37.0,"gold_loss":0.0,"damage_taken":0.0,"cards_upgraded":["Runesmith:CraftMagma"]},{"damage_healed":0,"gold_gain":0,"player_choice":"Upgraded","damage_taken":0,"max_hp_gain":0,"max_hp_loss":0,"event_name":"Upgrade Shrine","floor":48,"gold_loss":0,"cards_upgraded":["Runesmith:LithiumIon"]}],"is_beta":false,"boss_relics":[{"not_picked":["Runesmith:PocketReactor","Pandora\u0027s Box"],"picked":"Empty Cage"},{"not_picked":["Tiny House","Runic Dome"],"picked":"Cursed Key"}],"items_purged_floors":[31,47],"is_endless":false,"potions_floor_spawned":[2,11,13,16,23,25,30,33,36,40,42],"ascension_level":5}}