{"host":"6p0attdrtjqaih7v","time":1612847626,"event":{"mods":["2.2 Compatiblity","AchievementEnabler","Bard","BaseMod","Better Skull","Better Third Choice","Colored Powertips","Hermit","Highlight Path","Key Reminder","Minty Spire (QoL Compilation)","Permanent Neow","Quick Restart","Random Character Button","Relic Stats","Reliquary","Replay The Spire","Robot Space Explorer","StSLib","The Hayseed","The Witch"],"gold_per_floor":[117,131,52,52,70,70,103,103,103,103,103,133,152,169,169,244,244,263,263,263],"floor_reached":19,"language":"ENG","playtime":816,"items_purged":[],"score":454,"play_id":"92f2a79e-4566-45c9-b1d0-a29612147441","local_time":"20210209001346","is_ascension_mode":true,"campfire_choices":[{"data":"Bouncing Flask","floor":6,"key":"SMITH"},{"data":"Blade Dance","floor":8,"key":"SMITH"},{"data":"Neutralize","floor":11,"key":"SMITH"},{"data":"Malaise","floor":15,"key":"SMITH"}],"circlet_count":0,"master_deck":["AscendersBane","Strike_G","Strike_G","Strike_G","Strike_G","Strike_G","Defend_G","Defend_G","Defend_G","Defend_G","Defend_G","Survivor","Neutralize+1","Dagger Throw","Bouncing Flask+1","Catalyst","Blade Dance+1","TheSimpletonMod:Spoilage","Malaise+1","All Out Attack","Catalyst","Adrenaline","Catalyst"],"relics":["Ring of the Snake","Replay:Kaleidoscope","Question Card","Replay:Accelerometer","Ancient Tea Set","Fusion Hammer"],"acts_visited":["Exordium","TheCity"],"potions_floor_usage":[12,14,16,18],"damage_taken":[{"damage":1,"enemies":"2 Louse","floor":1,"turns":3},{"damage":0,"enemies":"Jaw Worm","floor":2,"turns":4},{"damage":0,"enemies":"Small Slimes","floor":5,"turns":3},{"damage":12,"enemies":"Lagavulin","floor":7,"turns":4},{"damage":15,"enemies":"3 Sentries","floor":12,"turns":7},{"damage":5,"enemies":"Exordium Thugs","floor":13,"turns":4},{"damage":12,"enemies":"Gremlin Gang","floor":14,"turns":5},{"damage":0,"enemies":"Hexaghost","floor":16,"turns":8},{"damage":13,"enemies":"Chosen","floor":18,"turns":6},{"damage":58,"enemies":"Masked Bandits","floor":19,"turns":3}],"seed_played":"-3539156542634880177","potions_obtained":[{"floor":13,"key":"Weak Potion"},{"floor":14,"key":"Toxic Potion"},{"floor":16,"key":"Block Potion"}],"is_trial":false,"path_per_floor":["M","M","$","?","M","R","E","R","T","?","R","E","M","M","R","B",null,"M","?"],"character_chosen":"THE_SILENT","items_purchased":["CunningPotion"],"campfire_rested":0,"item_purchase_floors":[3],"current_hp_per_floor":[58,58,58,63,63,63,51,51,51,59,59,44,39,27,27,27,62,49,0,0],"gold":263,"neow_bonus":"ONE_RARE_RELIC","is_daily":false,"chose_seed":false,"campfire_upgraded":4,"win_rate":0.0,"timestamp":1612847626,"path_taken":["M","M","$","?","M","R","E","R","T","?","R","E","M","M","R","BOSS","M","?"],"items_purchased_type":["Potion"],"build_version":"2020-12-22","purchased_purges":0,"victory":false,"max_hp_per_floor":[60,60,60,65,65,65,65,65,65,73,73,73,73,73,73,73,73,73,73,73],"relic_stats":{"counters":[10,47],"Question Card":5,"obtain_stats":[{"Replay:Accelerometer":9,"Fusion Hammer":17,"Replay:Kaleidoscope":0,"Question Card":7,"Ancient Tea Set":12,"Ring of the Snake":0},{"Replay:Accelerometer":4,"Fusion Hammer":8,"Replay:Kaleidoscope":0,"Question Card":4,"Ancient Tea Set":5,"Ring of the Snake":0},{"Replay:Accelerometer":14,"Fusion Hammer":38,"Replay:Kaleidoscope":0,"Question Card":14,"Ancient Tea Set":21,"Ring of the Snake":0}],"Ring of the Snake":[20]},"card_choices":[{"not_picked":["Underhanded Strike","Acrobatics"],"picked":"Dagger Throw","floor":1},{"not_picked":["Accuracy","Poisoned Stab"],"picked":"Bouncing Flask","floor":2},{"not_picked":["Cloak And Dagger","Accuracy"],"picked":"Catalyst","floor":5},{"not_picked":["Deflect","Accuracy"],"picked":"Blade Dance","floor":7},{"not_picked":["Poisoned Stab","Prepared","PiercingWail"],"picked":"Malaise","floor":12},{"not_picked":["Prepared","Bouncing Flask","Backflip"],"picked":"All Out Attack","floor":13},{"not_picked":["Acrobatics","Prepared","Dagger Spray"],"picked":"Catalyst","floor":14},{"not_picked":["Die Die Die","Replay:Bag of Tricks","Envenom"],"picked":"Adrenaline","floor":16},{"not_picked":["Cloak And Dagger","Backstab+1","Deadly Poison"],"picked":"Catalyst","floor":18}],"player_experience":1085066,"relics_obtained":[{"floor":7,"key":"Question Card"},{"floor":9,"key":"Replay:Accelerometer"},{"floor":12,"key":"Ancient Tea Set"}],"event_choices":[{"damage_healed":0,"gold_gain":0,"player_choice":"Donut","damage_taken":0,"max_hp_gain":5,"max_hp_loss":0,"event_name":"Big Fish","floor":4,"gold_loss":0},{"damage_healed":0,"gold_gain":0,"player_choice":"Fought Bandits","damage_taken":0,"max_hp_gain":0,"max_hp_loss":0,"event_name":"Masked Bandits","floor":19,"gold_loss":0}],"is_beta":false,"boss_relics":[{"not_picked":["ChewingGum","ReplayTheSpireMod:DimensionalGlitch"],"picked":"Fusion Hammer"}],"items_purged_floors":[],"is_endless":false,"potions_floor_spawned":[13,14,16],"killed_by":"Masked Bandits","ascension_level":20}}