{"host":"d8cz15m779bv9isj","time":1612832316,"event":{"mods":["Aspiration","BaseMod","Colored Map","Colored Powertips","DeckTracker","Downfall","Hermit","Highlight Path","Hubris","Infinite Spire","Minty Spire (QoL Compilation)","Quick Restart","Random Character Button","Relic Sorter","Replay The Spire","StSLib","SuperFastMode","Synergy Search","The Cursed","The Disciple","The Jungle","The Runesmith"],"gold_per_floor":[118,118,133,151,161,238,238,238,238,266,283,295,310,324,374,477,477,492,518,433,433,450,480,480,509,509,509,530,530,561,561,561,501,501,599,599,612,156,166,185,200,200,355,355,355,389,63,101,128,154,154,154],"floor_reached":53,"language":"ENG","playtime":2129,"items_purged":["Strike_G","Strike_G"],"score":1409,"play_id":"9be12953-1287-4a63-8d5c-f3d8178a513d","local_time":"20210209015836","is_ascension_mode":true,"campfire_choices":[{"data":"Caltrops","floor":8,"key":"SMITH"},{"data":"LockedUrn","floor":15,"key":"SMITH"},{"data":"Adrenaline","floor":24,"key":"SMITH"},{"data":"Infinite Blades","floor":29,"key":"SMITH"},{"data":"Heatsinks","floor":34,"key":"SMITH"},{"data":"After Image","floor":42,"key":"SMITH"},{"data":"Apotheosis","floor":44,"key":"SMITH"},{"data":"Creative AI","floor":51,"key":"SMITH"}],"circlet_count":0,"master_deck":["Strike_G","Strike_G","Defend_G","Defend_G","Defend_G","Defend_G","Defend_G","Survivor","Neutralize","Poisoned Stab","LockedUrn+1","LockedScales","LockedUrn","Caltrops+1","Adrenaline+1","Poisoned Stab","LockedUrn","Fluid Movement","Creative AI+1","Conserve Battery+1","Well Laid Plans","Infinite Blades+1","Heatsinks+1","infinitespire:Collect","After Image+1","Static Discharge","Apotheosis+1","Poisoned Stab","Footwork","Self Repair","Hello World"],"relics":["Ring of the Snake","m_MercuryCore","aspiration:Nostalgia","ReplayTheSpireMod:Ring of Sloth","Ring of Fury","hubris:MobiusCoin","hubris:PeanutButter","Orichalcum","aspiration:VileToxins","aspiration:DefectSkillbook","Red Mask","hubris:CuriousFeather","hubris:SphereOfDissonance","infinitespire:Midas Blood","Snack Pack","hubris:ToyBattleship","ReplayTheSpireMod:Lightbulb","hubris:Backtick","Mummified Hand","BargainBundle","infinitespire:EvilPickle","Onion Ring","Blue Candle","Bottled Tornado","hubris:AstralHammer"],"acts_visited":["Exordium","TheCity","TheBeyond"],"potions_floor_usage":[16],"damage_taken":[{"damage":0,"enemies":"Jaw Worm","floor":1,"turns":3},{"damage":0,"enemies":"Cultist","floor":3,"turns":3},{"damage":1,"enemies":"2 Louse","floor":4,"turns":2},{"damage":7,"enemies":"2 Fungi Beasts","floor":5,"turns":3},{"damage":32,"enemies":"Gremlin Nob","floor":6,"turns":4},{"damage":9,"enemies":"Replay:BlueRogue","floor":10,"turns":6},{"damage":0,"enemies":"Large Slime","floor":11,"turns":7},{"damage":0,"enemies":"3 Louse","floor":12,"turns":2},{"damage":22,"enemies":"Gremlin Gang","floor":13,"turns":4},{"damage":0,"enemies":"Exordium Wildlife","floor":14,"turns":2},{"damage":28,"enemies":"The Guardian","floor":16,"turns":9},{"damage":1,"enemies":"Shell Parasite","floor":18,"turns":4},{"damage":6,"enemies":"Masked Bandits","floor":19,"turns":5},{"damage":0,"enemies":"3 Byrds","floor":22,"turns":2},{"damage":44,"enemies":"Slavers","floor":23,"turns":5},{"damage":7,"enemies":"Gremlin Leader","floor":25,"turns":5},{"damage":2,"enemies":"Centurion and Healer","floor":28,"turns":4},{"damage":0,"enemies":"Book of Stabbing","floor":30,"turns":3},{"damage":3,"enemies":"Pondfish","floor":35,"turns":6},{"damage":0,"enemies":"3 Darklings","floor":37,"turns":3},{"damage":0,"enemies":"Orb Walker","floor":39,"turns":2},{"damage":0,"enemies":"Jaw Worm Horde","floor":40,"turns":4},{"damage":0,"enemies":"4 Shapes","floor":41,"turns":2},{"damage":0,"enemies":"Giant Head","floor":43,"turns":4},{"damage":0,"enemies":"Transient","floor":46,"turns":5},{"damage":0,"enemies":"Nightmare","floor":48,"turns":3},{"damage":0,"enemies":"Sphere and 2 Shapes","floor":49,"turns":4},{"damage":0,"enemies":"Maw","floor":50,"turns":4},{"damage":0,"enemies":"infinitespire:MassOfShapes","floor":52,"turns":7}],"seed_played":"-4420267439551400621","potions_obtained":[{"floor":3,"key":"Block Potion"},{"floor":10,"key":"PowerPotion"},{"floor":11,"key":"Poison Potion"},{"floor":16,"key":"ColorlessPotion"},{"floor":23,"key":"Block Potion"},{"floor":49,"key":"PowerPotion"}],"is_trial":false,"path_per_floor":["M","?","M","M","M","E","T","R","T","E","M","M","M","M","R","B",null,"M","?","?","?","M","E","R","E","T","AVR","M","R","E","PTL","PTL","?","R","B",null,"M","$","M","M","M","R","E","R","T","M","$","NM","M","M","R","B",null],"character_chosen":"THE_SILENT","items_purchased":["Static Discharge","Apotheosis","BargainBundle","Poisoned Stab","Self Repair","Bottled Tornado"],"campfire_rested":0,"item_purchase_floors":[38,38,38,38,47,47],"current_hp_per_floor":[70,70,70,69,63,37,37,37,37,36,46,50,42,44,44,29,70,70,66,66,66,66,35,35,43,43,43,63,63,70,70,70,70,70,70,70,70,70,70,70,70,70,70,70,70,70,70,70,70,70,70,70],"gold":154,"neow_bonus":"NOSTALGIA","is_daily":false,"chose_seed":false,"campfire_upgraded":8,"win_rate":0.0,"timestamp":1612832316,"path_taken":["M","?","M","M","M","E","?","R","T","E","?","M","M","M","R","BOSS","M","?","?","?","M","E","R","E","T","AVR","M","R","E","PTL","PTL","?","R","BOSS","M","$","M","M","?","R","E","R","T","M","$","NM","M","M","R","BOSS"],"items_purchased_type":["Card","Card","Relic","Card","Card","Relic"],"build_version":"2020-12-22","purchased_purges":2,"victory":true,"max_hp_per_floor":[70,70,70,70,70,70,70,70,70,70,70,70,70,70,70,70,70,70,70,70,70,70,70,70,70,70,70,70,70,70,70,70,70,70,70,70,70,70,70,70,70,70,70,70,70,70,70,70,70,70,70,70],"card_choices":[{"not_picked":["Finisher","hubris:SlightOfHand"],"picked":"Poisoned Stab","floor":1},{"not_picked":["Blur","ReplayTheSpireMod:Exploit Weakness"],"picked":"LockedUrn","floor":3},{"not_picked":["Poisoned Stab","Crippling Poison"],"picked":"LockedScales","floor":4},{"not_picked":["Slice","Acrobatics"],"picked":"LockedUrn","floor":5},{"not_picked":["Riddle With Holes","White Noise"],"picked":"Caltrops","floor":6},{"not_picked":["Sneak Up","Dagger Spray"],"picked":"Adrenaline","floor":10},{"not_picked":["Quick Slash","Dagger Spray"],"picked":"Poisoned Stab","floor":11},{"not_picked":["Deflect","Acrobatics"],"picked":"LockedUrn","floor":12},{"not_picked":["Quick Slash","Deadly Poison","Prepared"],"picked":"SKIP","floor":13},{"not_picked":["Expertise","Eviscerate"],"picked":"Fluid Movement","floor":14},{"not_picked":["Tools of the Trade","Envenom"],"picked":"Creative AI","floor":16},{"not_picked":["Concentrate","Acrobatics","Panic Button+1"],"picked":"Conserve Battery+1","floor":18},{"not_picked":["Redo","Predator","Underhanded Strike+1","Phantasmal Killer"],"picked":"SKIP","floor":22},{"not_picked":["Panic Button","Recycle+1","Underhanded Strike+1"],"picked":"Infinite Blades","floor":23},{"not_picked":["Seek","White Noise+1","Core Surge"],"picked":"Heatsinks","floor":25},{"not_picked":["Conserve Battery","Coolheaded","ReplayGash","Dagger Spray+1"],"picked":"SKIP","floor":28},{"not_picked":["Expertise","ReplayTheSpireMod:Exploit Weakness","Stack","Cold Snap"],"picked":"SKIP","floor":30},{"not_picked":["Biased Cognition","hubris:SpecializedCircuitry","A Thousand Cuts"],"picked":"After Image","floor":35},{"not_picked":["Panic Button+1","Barrage","Steam+1","Blur"],"picked":"SKIP","floor":37},{"not_picked":["Coolheaded+1","hubris:SlightOfHand","Dagger Spray+1","Cloak And Dagger+1"],"picked":"SKIP","floor":39},{"not_picked":["Barrage","Dodge and Roll+1","Setup","Undo+1"],"picked":"SKIP","floor":40},{"not_picked":["Predator","Deflect","Barrage+1","Slice+1"],"picked":"SKIP","floor":41},{"not_picked":["Sucker Punch+1","Blur+1","Dagger Spray+1","Backflip"],"picked":"SKIP","floor":43},{"not_picked":["Cold Snap","Rebound","Dagger Spray+1"],"picked":"Footwork","floor":46},{"not_picked":["Redo+1","Dagger Throw+1","hubris:SlightOfHand+1"],"picked":"Hello World","floor":48},{"not_picked":["Go for the Eyes","Prepared","Barrage","Outmaneuver"],"picked":"SKIP","floor":49},{"not_picked":["Go for the Eyes+1","Acrobatics+1","Panic Button+1","All Out Attack"],"picked":"SKIP","floor":50}],"player_experience":237448,"relics_obtained":[{"floor":2,"key":"ReplayTheSpireMod:Ring of Sloth"},{"floor":2,"key":"Ring of Fury"},{"floor":6,"key":"hubris:MobiusCoin"},{"floor":7,"key":"hubris:PeanutButter"},{"floor":9,"key":"Orichalcum"},{"floor":10,"key":"aspiration:VileToxins"},{"floor":19,"key":"Red Mask"},{"floor":23,"key":"hubris:SphereOfDissonance"},{"floor":25,"key":"infinitespire:Midas Blood"},{"floor":26,"key":"Snack Pack"},{"floor":30,"key":"ReplayTheSpireMod:Lightbulb"},{"floor":43,"key":"Onion Ring"},{"floor":45,"key":"Blue Candle"},{"floor":48,"key":"hubris:AstralHammer"}],"event_choices":[{"damage_healed":0,"gold_gain":0,"player_choice":"Fought Bandits","damage_taken":0,"max_hp_gain":0,"max_hp_loss":0,"event_name":"Masked Bandits","floor":19,"gold_loss":0},{"damage_healed":0,"gold_gain":0,"player_choice":"Obtained Relic","damage_taken":0,"relics_obtained":["hubris:CuriousFeather"],"max_hp_gain":0,"max_hp_loss":0,"event_name":"Addict","floor":20,"gold_loss":85},{"damage_healed":0,"gold_gain":0,"player_choice":"Read","damage_taken":0,"max_hp_gain":0,"max_hp_loss":0,"event_name":"The Library","floor":21,"gold_loss":0,"cards_obtained":["Well Laid Plans"]},{"cards_removed":["Strike_G"],"damage_healed":0,"gold_gain":0,"player_choice":"Single Remove","damage_taken":0,"max_hp_gain":0,"max_hp_loss":0,"event_name":"Designer","floor":33,"gold_loss":60}],"is_beta":false,"boss_relics":[{"not_picked":["Sozu","aspiration:IroncladSkillbook"],"picked":"aspiration:DefectSkillbook"},{"not_picked":["SlaversCollar","Runic Pyramid"],"picked":"hubris:Backtick"}],"items_purged_floors":[27,38],"is_endless":false,"potions_floor_spawned":[3,10,11,16,23,28,30,40,41,43,49],"ascension_level":4}}