{"host":"qekv59dthhdg54sz","time":1612855692,"event":{"mods":["AchievementEnabler","BaseMod","Colored Map","DeckTracker","KOR Keyword Fix","Minty Spire (QoL Compilation)","Rare Cards Sparkle","StSLib","SuperFastMode"],"gold_per_floor":[114,114,127,127,142,142,67,80,107,107,107,107],"floor_reached":11,"language":"KOR","playtime":146,"items_purged":["Strike_G"],"score":126,"play_id":"d1388cab-d005-4b77-8765-81e64fed2193","local_time":"20210209162812","is_ascension_mode":true,"campfire_choices":[{"data":"Dagger Throw","floor":6,"key":"SMITH"},{"data":"Poisoned Stab","floor":10,"key":"SMITH"}],"circlet_count":0,"master_deck":["AscendersBane","Strike_G","Strike_G","Strike_G","Defend_G","Defend_G","Defend_G","Defend_G","Defend_G","Survivor","Neutralize","Dagger Throw+1","Flying Knee","Poisoned Stab+1"],"relics":["Ring of the Snake","Centennial Puzzle"],"acts_visited":["Exordium"],"potions_floor_usage":[11],"damage_taken":[{"damage":4,"enemies":"Jaw Worm","floor":1,"turns":6},{"damage":7,"enemies":"2 Louse","floor":3,"turns":4},{"damage":5,"enemies":"Small Slimes","floor":5,"turns":3},{"damage":4,"enemies":"2 Fungi Beasts","floor":8,"turns":4},{"damage":12,"enemies":"3 Sentries","floor":11,"turns":4}],"seed_played":"-5337133442694786701","potions_obtained":[{"floor":1,"key":"PowerPotion"},{"floor":3,"key":"ColorlessPotion"}],"is_trial":false,"path_per_floor":["M","?","M","?","M","R","$","M","T","R","E"],"character_chosen":"THE_SILENT","items_purchased":[],"campfire_rested":0,"item_purchase_floors":[],"current_hp_per_floor":[52,45,38,38,33,33,33,29,29,29,17,17],"gold":107,"neow_bonus":"TWENTY_PERCENT_HP_BONUS","is_daily":false,"chose_seed":false,"campfire_upgraded":2,"win_rate":0.0,"timestamp":1612855692,"path_taken":["M","?","M","?","M","R","$","M","T","R","E"],"items_purchased_type":[],"build_version":"2020-12-22","purchased_purges":1,"victory":false,"max_hp_per_floor":[78,78,78,78,78,78,78,78,78,78,78,78],"card_choices":[{"not_picked":["Slice","Accuracy"],"picked":"Dagger Throw","floor":1},{"not_picked":["Finisher","Acrobatics"],"picked":"Flying Knee","floor":3},{"not_picked":["Slice","Setup"],"picked":"Poisoned Stab","floor":5},{"not_picked":["Flechettes","Outmaneuver","Terror"],"picked":"SKIP","floor":8}],"player_experience":882177,"relics_obtained":[{"floor":9,"key":"Centennial Puzzle"}],"event_choices":[{"cards_removed":["Strike_G"],"damage_healed":0,"gold_gain":0,"player_choice":"Card Removal","damage_taken":7,"max_hp_gain":0,"max_hp_loss":0,"event_name":"Golden Wing","floor":2,"gold_loss":0},{"damage_healed":0,"gold_gain":0,"player_choice":"Ignored","damage_taken":0,"max_hp_gain":0,"max_hp_loss":0,"event_name":"Liars Game","floor":4,"gold_loss":0}],"is_beta":false,"boss_relics":[],"items_purged_floors":[7],"is_endless":false,"potions_floor_spawned":[1,3,8],"killed_by":"3 Sentries","ascension_level":20}}