{"host":"7h05nr6qm89lgkco","time":1612870352,"event":{"mods":["BaseMod","Bestiary","Block Reminder","ChefMod","Colored Powertips","DeckTracker","Dota2Spire","Downfall","Friendly Minions","Minty Spire (QoL Compilation)","Quick Restart","Rare Cards Sparkle","Relic Stats","StSLib","The Cursed","The Poker Player","Unceasing Turn Reminder"],"gold_per_floor":[17,33,33,109,124,124,136,136,136,136,136,136,136,156,156,280,280,298,298,322,25,25,25,25,45,118,133,133,154,168,168,168],"floor_reached":31,"language":"ZHS","playtime":1923,"items_purged":[],"score":227,"play_id":"ca24b6b8-d8cd-4f05-9b8e-1a4efd514a47","local_time":"20210209193232","is_ascension_mode":false,"campfire_choices":[{"data":"TheCursedMod:CleanUpWorkshop","floor":6,"key":"SMITH"},{"data":"TheCursedMod:ManaBullet","floor":8,"key":"SMITH"},{"data":"TheCursedMod:WearCloak","floor":11,"key":"SMITH"},{"floor":13,"key":"RECALL"},{"data":"TheCursedMod:ManaCirculation","floor":15,"key":"SMITH"},{"data":"TheCursedMod:CursedSpellbook","floor":23,"key":"SMITH"},{"floor":28,"key":"REST"}],"circlet_count":0,"master_deck":["TheCursedMod:Strike_TheCursed","TheCursedMod:Strike_TheCursed","TheCursedMod:Strike_TheCursed","TheCursedMod:Defend_TheCursed","TheCursedMod:Defend_TheCursed","TheCursedMod:Defend_TheCursed","TheCursedMod:CursedWand+1","TheCursedMod:CleanUpWorkshop+1","TheCursedMod:Dregs","TheCursedMod:ManaBullet+1","TheCursedMod:RapidMovement+1","TheCursedMod:WearCloak+1","Injury","TheCursedMod:ManaCirculation+1","TheCursedMod:VoidForm","TheCursedMod:CursedSpellbook+1","TheCursedMod:PrepareRite+1","downfall:Bewildered","TheCursedMod:NeowsMight","TheCursedMod:TroublousMinions","TheCursedMod:SpitefulPray"],"relics":["TheCursedMod:BlackMagic101","Dota2Spire:OrchidMalevolence","Dream Catcher","Golden Idol","Sozu","Matryoshka","Guardian:BottledAnomaly","Dota2Spire:PowerTreads","sneckomod:BabySnecko","White Beast Statue","Dota2Spire:Dagon"],"acts_visited":["Exordium","TheCity"],"potions_floor_usage":[16,20],"damage_taken":[{"damage":4,"enemies":"Jaw Worm","floor":1,"turns":5},{"damage":0,"enemies":"Cultist","floor":2,"turns":3},{"damage":0,"enemies":"2 Louse","floor":5,"turns":2},{"damage":0,"enemies":"Blue Slaver","floor":7,"turns":5},{"damage":4,"enemies":"Red Slaver","floor":14,"turns":9},{"damage":30,"enemies":"Hexaghost","floor":16,"turns":13},{"damage":26,"enemies":"Spheric Guardian","floor":18,"turns":6},{"damage":3,"enemies":"3 Byrds","floor":20,"turns":4},{"damage":21,"enemies":"Centurion and Healer","floor":25,"turns":5},{"damage":15,"enemies":"Sentry and Sphere","floor":27,"turns":4},{"damage":0,"enemies":"Cultist and Chosen","floor":29,"turns":4},{"damage":22,"enemies":"3 Cultists","floor":30,"turns":6},{"damage":10,"enemies":"Slavers","floor":31,"turns":2}],"seed_played":"8513589669336972372","potions_obtained":[{"floor":1,"key":"AttackPotion"},{"floor":5,"key":"Fire Potion"},{"floor":7,"key":"LiquidMemories"}],"is_trial":false,"path_per_floor":["M","M","?","T","M","R","M","R","T","?","R","?","R","M","R","B",null,"M","?","M","$","?","R","$","M","T","M","R","M","M","E"],"character_chosen":"THE_CURSED","items_purchased":["Guardian:BottledAnomaly","Dota2Spire:PowerTreads"],"campfire_rested":1,"item_purchase_floors":[21,21],"current_hp_per_floor":[71,71,56,56,56,56,56,56,56,56,56,56,56,52,52,22,75,49,49,46,46,46,46,46,25,25,10,32,32,10,0,0],"gold":168,"neow_bonus":"REMOVE_TWO","is_daily":false,"chose_seed":false,"campfire_upgraded":5,"win_rate":0.0,"timestamp":1612870352,"path_taken":["M","M","?","?","M","R","?","R","T","?","R","?","R","M","R","BOSS","M","?","?","$","?","R","?","M","T","M","R","?","M","E"],"items_purchased_type":["Relic","Relic"],"build_version":"2020-12-22","purchased_purges":0,"victory":false,"max_hp_per_floor":[75,75,75,75,75,75,75,75,75,75,75,75,75,75,75,75,75,75,75,75,75,75,75,75,75,75,75,75,75,75,75,75],"relic_stats":{"Sozu":5,"Dream Catcher":1,"counters":[13,68],"Golden Idol":52,"obtain_stats":[{"Sozu":17,"TheCursedMod:BlackMagic101":0,"sneckomod:BabySnecko":22,"Dream Catcher":10,"Dota2Spire:PowerTreads":21,"Matryoshka":19,"Golden Idol":12,"Dota2Spire:OrchidMalevolence":4,"Dota2Spire:Dagon":26,"Guardian:BottledAnomaly":21,"White Beast Statue":26},{"Sozu":6,"TheCursedMod:BlackMagic101":0,"sneckomod:BabySnecko":8,"Dream Catcher":4,"Dota2Spire:PowerTreads":8,"Matryoshka":7,"Golden Idol":4,"Dota2Spire:OrchidMalevolence":2,"Dota2Spire:Dagon":9,"Guardian:BottledAnomaly":8,"White Beast Statue":9},{"Sozu":37,"TheCursedMod:BlackMagic101":0,"sneckomod:BabySnecko":47,"Dream Catcher":15,"Dota2Spire:PowerTreads":47,"Matryoshka":43,"Golden Idol":15,"Dota2Spire:OrchidMalevolence":8,"Dota2Spire:Dagon":52,"Guardian:BottledAnomaly":47,"White Beast Statue":52}]},"card_choices":[{"not_picked":["TheCursedMod:CursedAmulet","TheCursedMod:Wield"],"picked":"TheCursedMod:ManaBullet","floor":1},{"not_picked":["TheCursedMod:CursedAmulet","TheCursedMod:RavingStaff"],"picked":"TheCursedMod:RapidMovement","floor":2},{"not_picked":["TheCursedMod:Stigma","TheCursedMod:Wield"],"picked":"TheCursedMod:WearCloak","floor":5},{"not_picked":["TheCursedMod:CircleOfFocus","TheCursedMod:Mangle","TheCursedMod:Torture"],"picked":"SKIP","floor":7},{"not_picked":["TheCursedMod:RavingStaff","TheCursedMod:SaltUponWound"],"picked":"TheCursedMod:ManaCirculation","floor":14},{"not_picked":["TheCursedMod:DemonSword","TheCursedMod:CircleOfAbyss"],"picked":"TheCursedMod:VoidForm","floor":16},{"not_picked":["TheCursedMod:SmokeScreen","TheCursedMod:WearCloak"],"picked":"TheCursedMod:CursedSpellbook","floor":18},{"not_picked":["TheCursedMod:CircleOfCorruption","TheCursedMod:SpitefulStrike"],"picked":"TheCursedMod:PrepareRite+1","floor":20},{"not_picked":["TheCursedMod:SpitefulStrike","TheCursedMod:TacticalStrike"],"picked":"TheCursedMod:NeowsMight","floor":25},{"not_picked":["TheCursedMod:Grudge","TheCursedMod:RavingStaff","TheCursedMod:CircleOfCorruption"],"picked":"SKIP","floor":27},{"not_picked":["TheCursedMod:SpitefulStrike","TheCursedMod:CursedAmulet+1"],"picked":"TheCursedMod:TroublousMinions","floor":28},{"not_picked":["TheCursedMod:Obscuration","TheCursedMod:FleshFromBone","TheCursedMod:Torture"],"picked":"SKIP","floor":29},{"not_picked":["TheCursedMod:Stigma","TheCursedMod:HellfireBreathing+1"],"picked":"TheCursedMod:SpitefulPray","floor":30}],"player_experience":897327,"relics_obtained":[{"floor":4,"key":"Dota2Spire:OrchidMalevolence"},{"floor":26,"key":"White Beast Statue"},{"floor":26,"key":"Dota2Spire:Dagon"}],"event_choices":[{"damage_healed":0,"gold_gain":0,"player_choice":"Entered Light","damage_taken":15,"max_hp_gain":0,"max_hp_loss":0,"event_name":"Shining Light","floor":3,"gold_loss":0,"cards_upgraded":["TheCursedMod:RapidMovement","TheCursedMod:CursedWand"]},{"damage_healed":0,"gold_gain":0,"player_choice":"Searched \u00271\u0027 times","damage_taken":0,"relics_obtained":["Dream Catcher"],"max_hp_gain":0,"max_hp_loss":0,"event_name":"Dead Adventurer","floor":10,"gold_loss":0},{"damage_healed":0,"gold_gain":0,"player_choice":"Take Wound","damage_taken":0,"relics_obtained":["Golden Idol"],"max_hp_gain":0,"max_hp_loss":0,"event_name":"Golden Idol","floor":12,"gold_loss":0,"cards_obtained":["Injury"]},{"damage_healed":0,"gold_gain":0,"player_choice":"Gave Potion","damage_taken":0,"relics_obtained":["Matryoshka"],"max_hp_gain":0,"max_hp_loss":0,"event_name":"WeMeetAgain","floor":19,"gold_loss":0}],"is_beta":false,"boss_relics":[{"not_picked":["Calling Bell","SacredBark"],"picked":"Sozu"}],"items_purged_floors":[],"is_endless":false,"potions_floor_spawned":[1,5,7,20,25,27,29,30],"killed_by":"Slavers","ascension_level":0}}