{"host":"rolltorest","time":1612832295,"event":{"mods":["BaseMod","Minty Spire (QoL Compilation)","Relic Stats","Slay the Relics Exporter","StSLib"],"gold_per_floor":[17,17,37,55,55,88,88,111,136,166,166,178,194,226,226,300,300,313,313,313,313,313,345,345,378,403,403,418,317,346,51,51,122,122,141,141,187,237,275,275,295,343,343,343,368,368],"floor_reached":45,"language":"ENG","playtime":1106,"items_purged":["Strike_P+1"],"score":1080,"play_id":"ec3c29e1-30cf-49b7-b282-3287b8fd6c5f","local_time":"20210208165815","is_ascension_mode":true,"campfire_choices":[{"data":"The Bomb","floor":7,"key":"SMITH"},{"data":"SandsOfTime","floor":11,"key":"SMITH"},{"data":"Vigilance","floor":15,"key":"SMITH"},{"floor":24,"key":"REST"},{"floor":27,"key":"REST"},{"data":"MentalFortress","floor":32,"key":"SMITH"},{"floor":40,"key":"REST"},{"floor":44,"key":"REST"}],"circlet_count":0,"master_deck":["AscendersBane","Strike_P+1","Strike_P+1","Strike_P+1","Defend_P+1","Defend_P+1","Defend_P+1","Defend_P+1","Eruption","Vigilance+1","The Bomb+1","Adaptation","SandsOfTime+1","EmptyFist","CutThroughFate","Consecrate","FearNoEvil","FollowUp","Indignation","Blasphemy","MentalFortress+1","Necronomicurse","ReachHeaven","EmptyBody+1","Prostrate+1","Pray+1","Halt","ClearTheMind","Wireheading","Worship","Wish","HandOfGreed","SandsOfTime+1","Ragnarok"],"relics":["PureWater","Lantern","Bronze Scales","Tiny Chest","PreservedInsect","Anchor","Runic Pyramid","Necronomicon","Toy Ornithopter","Dead Branch","Orichalcum","Ginger","Potion Belt","Snecko Eye","Vajra","HornCleat","Letter Opener"],"acts_visited":["Exordium","TheCity","TheBeyond"],"potions_floor_usage":[33,33,33,35],"damage_taken":[{"damage":0,"enemies":"Cultist","floor":1,"turns":3},{"damage":0,"enemies":"2 Louse","floor":3,"turns":4},{"damage":13,"enemies":"Small Slimes","floor":4,"turns":3},{"damage":15,"enemies":"3 Sentries","floor":6,"turns":4},{"damage":16,"enemies":"Gremlin Nob","floor":10,"turns":3},{"damage":0,"enemies":"3 Louse","floor":12,"turns":2},{"damage":0,"enemies":"Lots of Slimes","floor":13,"turns":4},{"damage":5,"enemies":"3 Sentries","floor":14,"turns":4},{"damage":23,"enemies":"Hexaghost","floor":16,"turns":8},{"damage":3,"enemies":"3 Byrds","floor":18,"turns":3},{"damage":17,"enemies":"Gremlin Leader","floor":23,"turns":4},{"damage":16,"enemies":"Book of Stabbing","floor":25,"turns":4},{"damage":0,"enemies":"Chosen","floor":28,"turns":2},{"damage":7,"enemies":"Gremlin Leader","floor":30,"turns":4},{"damage":2,"enemies":"Champ","floor":33,"turns":6},{"damage":48,"enemies":"3 Darklings","floor":35,"turns":6},{"damage":0,"enemies":"Orb Walker","floor":39,"turns":2},{"damage":32,"enemies":"3 Darklings","floor":41,"turns":3},{"damage":0,"enemies":"Reptomancer","floor":42,"turns":3},{"damage":14,"enemies":"Nemesis","floor":45,"turns":4}],"seed_played":"8614241546419099423","potions_obtained":[{"floor":6,"key":"FairyPotion"},{"floor":12,"key":"StancePotion"},{"floor":25,"key":"Dexterity Potion"},{"floor":28,"key":"EntropicBrew"},{"floor":33,"key":"EssenceOfSteel"},{"floor":39,"key":"Ancient Potion"},{"floor":41,"key":"Ancient Potion"}],"is_trial":false,"path_per_floor":["M","$","M","M","$","E","R","T","T","E","R","M","M","E","R","B",null,"M","?","?","?","T","E","R","E","T","R","M","$","E","$","R","B",null,"M","?","T","?","M","R","M","E","T","R","E"],"character_chosen":"WATCHER","items_purchased":["Halt","Wireheading","Potion Belt","Worship"],"campfire_rested":4,"item_purchase_floors":[29,31,31,31],"current_hp_per_floor":[61,61,61,48,48,33,33,33,33,17,17,17,17,12,12,11,54,51,30,30,30,30,13,33,17,17,37,37,37,30,30,30,43,62,19,19,19,19,19,39,7,7,7,27,13,13],"gold":368,"neow_bonus":"RANDOM_COLORLESS_2","is_daily":false,"chose_seed":false,"campfire_upgraded":4,"win_rate":0.0,"timestamp":1612832295,"path_taken":["M","$","?","M","$","E","R","?","T","E","R","M","M","E","R","BOSS","M","?","?","?","?","E","R","E","T","R","?","?","E","$","R","BOSS","M","?","?","?","?","R","M","E","T","R","E"],"items_purchased_type":["Card","Card","Relic","Card"],"build_version":"2020-12-18","purchased_purges":1,"victory":false,"max_hp_per_floor":[68,68,68,68,68,68,68,68,68,68,68,68,68,68,68,68,68,68,68,68,68,68,68,68,68,68,68,68,68,68,68,68,68,68,68,68,68,68,68,68,68,68,68,68,68,68],"relic_stats":{"counters":[20,76],"Bronze Scales":[222],"Dead Branch":[19],"Snecko Eye":[21,21,21,23],"Tiny Chest":2,"PreservedInsect":280,"Necronomicon":[22],"Ginger":[2],"Letter Opener":[6],"Orichalcum":[30],"obtain_stats":[{"Potion Belt":31,"Lantern":6,"Dead Branch":25,"Vajra":37,"PreservedInsect":10,"Ginger":30,"Letter Opener":43,"Orichalcum":26,"Anchor":14,"HornCleat":42,"Bronze Scales":8,"Snecko Eye":34,"Tiny Chest":9,"Necronomicon":19,"PureWater":0,"Toy Ornithopter":23,"Runic Pyramid":17},{"Potion Belt":14,"Lantern":4,"Dead Branch":12,"Vajra":16,"PreservedInsect":5,"Ginger":14,"Letter Opener":19,"Orichalcum":12,"Anchor":8,"HornCleat":19,"Bronze Scales":4,"Snecko Eye":15,"Tiny Chest":4,"Necronomicon":10,"PureWater":0,"Toy Ornithopter":11,"Runic Pyramid":9},{"Potion Belt":52,"Lantern":14,"Dead Branch":46,"Vajra":64,"PreservedInsect":17,"Ginger":52,"Letter Opener":72,"Orichalcum":46,"Anchor":27,"HornCleat":72,"Bronze Scales":14,"Snecko Eye":58,"Tiny Chest":14,"Necronomicon":38,"PureWater":0,"Toy Ornithopter":42,"Runic Pyramid":35}],"Toy Ornithopter":20},"card_choices":[{"not_picked":["Sadistic Nature","Transmutation"],"picked":"The Bomb","floor":0},{"not_picked":["MentalFortress","Sanctity"],"picked":"Adaptation","floor":1},{"not_picked":["Perseverance","Fasting2"],"picked":"SandsOfTime","floor":3},{"not_picked":["Protect","PathToVictory"],"picked":"EmptyFist","floor":4},{"not_picked":["FollowUp","Wish"],"picked":"CutThroughFate","floor":6},{"not_picked":["Halt","ReachHeaven"],"picked":"Consecrate","floor":10},{"not_picked":["Halt","PathToVictory"],"picked":"FearNoEvil","floor":12},{"not_picked":["WreathOfFlame","JustLucky"],"picked":"FollowUp","floor":13},{"not_picked":["FlurryOfBlows","FlyingSleeves"],"picked":"Indignation","floor":14},{"not_picked":["Alpha","Devotion"],"picked":"Blasphemy","floor":16},{"not_picked":["WreathOfFlame+1","ThirdEye"],"picked":"MentalFortress","floor":18},{"not_picked":["FlyingSleeves","Brilliance"],"picked":"EmptyBody+1","floor":23},{"not_picked":["Worship","Perseverance"],"picked":"Prostrate+1","floor":25},{"not_picked":["EmptyBody","FollowUp"],"picked":"Pray+1","floor":28},{"not_picked":["FlurryOfBlows","Protect+1"],"picked":"ClearTheMind","floor":30},{"not_picked":["Scrawl","Brilliance"],"picked":"Wish","floor":33},{"not_picked":["FollowUp","ClearTheMind","EmptyBody+1"],"picked":"SKIP","floor":35},{"not_picked":["Thinking Ahead","The Bomb"],"picked":"HandOfGreed","floor":36},{"not_picked":["CutThroughFate","EmptyBody"],"picked":"SandsOfTime+1","floor":39},{"not_picked":["WindmillStrike+1","ThirdEye","Consecrate"],"picked":"SKIP","floor":41},{"not_picked":["Halt","SandsOfTime"],"picked":"Ragnarok","floor":42}],"player_experience":1927346,"relics_obtained":[{"floor":6,"key":"Lantern"},{"floor":8,"key":"Bronze Scales"},{"floor":9,"key":"Tiny Chest"},{"floor":10,"key":"PreservedInsect"},{"floor":14,"key":"Anchor"},{"floor":19,"key":"Necronomicon"},{"floor":23,"key":"Toy Ornithopter"},{"floor":25,"key":"Dead Branch"},{"floor":26,"key":"Orichalcum"},{"floor":30,"key":"Ginger"},{"floor":37,"key":"Vajra"},{"floor":42,"key":"HornCleat"},{"floor":43,"key":"Letter Opener"}],"event_choices":[{"damage_healed":0,"gold_gain":0,"player_choice":"Obtained Book","damage_taken":21,"max_hp_gain":0,"max_hp_loss":0,"event_name":"Cursed Tome","floor":19,"gold_loss":0},{"damage_healed":0,"gold_gain":0,"player_choice":"Read","damage_taken":0,"max_hp_gain":0,"max_hp_loss":0,"event_name":"The Library","floor":20,"gold_loss":0,"cards_obtained":["ReachHeaven"]},{"damage_healed":0,"gold_gain":0,"player_choice":"Simplicity","damage_taken":0,"max_hp_gain":0,"max_hp_loss":0,"event_name":"Back to Basics","floor":21,"gold_loss":0,"cards_upgraded":["Strike_P","Strike_P","Strike_P","Strike_P","Defend_P","Defend_P","Defend_P","Defend_P"]},{"damage_healed":0,"gold_gain":0,"player_choice":"Memory 1","damage_taken":0,"max_hp_gain":0,"max_hp_loss":0,"event_name":"SensoryStone","floor":36,"gold_loss":0},{"damage_healed":0,"gold_gain":50,"player_choice":"Pray","damage_taken":0,"max_hp_gain":0,"max_hp_loss":0,"event_name":"Golden Shrine","floor":38,"gold_loss":0}],"is_beta":true,"boss_relics":[{"not_picked":["Calling Bell","Velvet Choker"],"picked":"Runic Pyramid"},{"not_picked":["Astrolabe","Black Star"],"picked":"Snecko Eye"}],"items_purged_floors":[29],"is_endless":false,"potions_floor_spawned":[6,12,13,25,28,33,39,41],"killed_by":"Nemesis","ascension_level":20}}