{"host":"xbs6xfa3tvu21mfl","time":1612865291,"event":{"mods":["Act Like it!","Arknights","BaseMod","Downfall","Minty Spire (QoL Compilation)","Quick Restart","StSLib","The Servant 0.9.4"],"gold_per_floor":[114,114,127,202,218,251,286,318,318,343,367,411,434,478,490,600,612,637,649,661,673,705,751,763,775,813,825,837,919,931,976,988,1095,1107,1139,1151,1113,1124,638,672,512,544,544,544,569,569,595,622,622,622],"floor_reached":51,"language":"ZHS","playtime":3592,"items_purged":["champ:CheapShot","champ:CheapShot"],"score":1071,"play_id":"37af581b-4599-4e65-94ff-d0a8a6b0e98f","local_time":"20210209180811","daily_mods":["SealedDeck","Heirloom","Time Dilation","Flight","DeadlyEvents","Elite Swarm"],"is_ascension_mode":false,"campfire_choices":[{"floor":15.0,"key":"REST"},{"floor":24,"key":"REST"},{"floor":25,"key":"REST"},{"data":"1","floor":27,"key":"LIFT"},{"data":"2","floor":28,"key":"LIFT"},{"data":"3","floor":30,"key":"LIFT"},{"data":"champ:EnchantSword","floor":32,"key":"SMITH"},{"data":"champ:GladiatorForm","floor":44,"key":"SMITH"},{"data":"champ:ShieldSigil","floor":46,"key":"SMITH"},{"data":"champ:ShieldSigil","floor":49,"key":"SMITH"}],"circlet_count":0,"master_deck":["champ:BringItOn","champ:RageSigil","champ:FanOfKnives","champ:FanOfKnives","champ:FanOfKnives","champ:ShieldSigil+1","champ:ShieldSlam","champ:ShieldSigil","champ:RageSigil","champ:ShieldSigil+1","champ:AdrenalArmor+1","champ:TripleStrike","champ:UltimateStance","champ:IgnorePain","champ:Devastate","champ:Endure+1","champ:MurderStrike","champ:Endure","champ:AdrenalArmor+1","champ:SwordThrow","champ:EnchantSword+1","champ:GladiatorForm+1","Deep Breath","champ:Devastate"],"relics":["champ:ChampionCrown","Calipers","Shuriken","Girya","Peace Pipe","CaptainsWheel","Toy Ornithopter","MawBank","Boot","Bag of Marbles","Runic Pyramid","Pantograph","Omamori","Bottled Flame","Smiling Mask","Philosopher\u0027s Stone","Lee\u0027s Waffle","Lizard Tail","champ:DuelingGlove","Thread and Needle","Meat on the Bone","Centennial Puzzle","Pen Nib","CeramicFish"],"acts_visited":["Exordium","TheCity","TheBeyond"],"potions_floor_usage":[33,33,47,50,50],"damage_taken":[{"damage":20.0,"enemies":"ats:Genji","floor":1.0,"turns":2.0},{"damage":66.0,"enemies":"Jaw Worm","floor":3.0,"turns":2.0},{"damage":20.0,"enemies":"Small Slimes","floor":5.0,"turns":2.0},{"damage":162.0,"enemies":"Lagavulin","floor":6.0,"turns":5.0},{"damage":71.0,"enemies":"3 Sentries","floor":7.0,"turns":4.0},{"damage":109.0,"enemies":"Lagavulin","floor":8.0,"turns":4.0},{"damage":57.0,"enemies":"3 Sentries","floor":10.0,"turns":2.0},{"damage":40.0,"enemies":"Gremlin Nob","floor":12.0,"turns":3.0},{"damage":47.0,"enemies":"Blue Slaver","floor":13.0,"turns":2.0},{"damage":68.0,"enemies":"3 Sentries","floor":14.0,"turns":3.0},{"damage":55.0,"enemies":"Hexaghost","floor":16.0,"turns":5.0},{"damage":65,"enemies":"Spheric Guardian","floor":18,"turns":3},{"damage":71,"enemies":"Chosen","floor":22,"turns":4},{"damage":116,"enemies":"Slavers","floor":23,"turns":7},{"damage":73,"enemies":"Gremlin Leader","floor":31,"turns":3},{"damage":124,"enemies":"Collector","floor":33,"turns":8},{"damage":14,"enemies":"3 Shapes","floor":35,"turns":1},{"damage":45,"enemies":"3 Darklings","floor":38,"turns":3},{"damage":171,"enemies":"Giant Head","floor":40,"turns":7},{"damage":100,"enemies":"Nemesis","floor":42,"turns":3},{"damage":110,"enemies":"Reptomancer","floor":45,"turns":3},{"damage":95,"enemies":"Nemesis","floor":47,"turns":3},{"damage":131,"enemies":"Giant Head","floor":48,"turns":6},{"damage":116,"enemies":"Donu and Deca","floor":50,"turns":5}],"seed_played":"4529871201060652932","potions_obtained":[{"floor":1.0,"key":"Ancient Potion"},{"floor":10.0,"key":"Dexterity Potion"},{"floor":13.0,"key":"Fire Potion"},{"floor":14.0,"key":"Regen Potion"},{"floor":31,"key":"PowerPotion"},{"floor":38,"key":"Fire Potion"},{"floor":40,"key":"Block Potion"},{"floor":45,"key":"DistilledChaos"}],"is_trial":true,"path_per_floor":["M","?","M","?","M","E","E","E","T","E","T","E","M","E","R","B",null,"M","?","?","$","M","E","R","R","T","R","R","T","R","E","R","B",null,"M","?","$","M","$","E","$","E","T","R","E","R","E","E","R","B",null],"character_chosen":"THE_CHAMP","items_purchased":["Lee\u0027s Waffle","Lizard Tail","Deep Breath","champ:TechniquePotion"],"campfire_rested":3,"item_purchase_floors":[39,39,41,41],"current_hp_per_floor":[90,90,89,80,80,68,62,58,58,58,58,58,46,33,60,79,90,90,72,72,72,72,38,66,94,94,94,94,94,94,76,76,76,95,86,51,51,61,102,101,101,94,94,94,102,102,102,102,102,102],"gold":622,"neow_bonus":"","is_daily":false,"chose_seed":false,"campfire_upgraded":4,"win_rate":0.0,"timestamp":1612865291,"path_taken":["M","?","M","?","?","E","E","E","T","E","?","E","?","E","R","BOSS","M","?","?","$","?","E","R","R","T","R","R","?","R","?","R","BOSS","M","?","$","?","$","E","$","E","T","R","E","R","E","E","R","BOSS"],"items_purchased_type":["Relic","Relic","Card","Potion"],"build_version":"2020-12-22","purchased_purges":2,"victory":true,"max_hp_per_floor":[90,90,90,90,90,90,90,90,90,90,90,90,90,90,90,90,90,90,95,95,95,95,95,95,95,95,95,95,95,95,95,95,95,95,95,95,95,95,102,102,102,102,102,102,102,102,102,102,102,102],"card_choices":[{"not_picked":["champ:TornadoPunch","champ:EnGarde"],"picked":"champ:AdrenalArmor","floor":1.0},{"not_picked":["champ:ViciousMockery","champ:Shatter","champ:PreemptiveStrike"],"picked":"SKIP","floor":3.0},{"not_picked":["champ:PerfectedStrike","champ:EnGarde","champ:Circumvent"],"picked":"SKIP","floor":5.0},{"not_picked":["champ:MurderStrike","champ:VampiricStrike"],"picked":"champ:TripleStrike","floor":6.0},{"not_picked":["champ:HeavySlash","champ:Improvising"],"picked":"champ:CheapShot","floor":7.0},{"not_picked":["champ:LastStand","champ:Improvising"],"picked":"champ:CheapShot","floor":8.0},{"not_picked":["champ:SteelEdge","champ:HeavySlash"],"picked":"champ:VampiricStrike","floor":10.0},{"not_picked":["champ:EnchantShield","champ:IgnorePain"],"picked":"champ:UltimateStance","floor":12.0},{"not_picked":["champ:DefensiveShout","champ:TornadoPunch"],"picked":"champ:StanceDance","floor":13.0},{"not_picked":["champ:Improvising","champ:HoldFirm"],"picked":"champ:IgnorePain","floor":14.0},{"not_picked":["champ:UltimateStance","champ:SwordThrow"],"picked":"champ:Devastate","floor":16.0},{"not_picked":["champ:CalledShot","champ:PreciseThrust"],"picked":"champ:Endure+1","floor":18},{"not_picked":["champ:EnGarde+1","champ:PerfectedStrike"],"picked":"champ:AdrenalArmor+1","floor":22},{"not_picked":["champ:TripleStrike","champ:UltimateStance"],"picked":"champ:SwordThrow","floor":23},{"not_picked":["champ:ShieldThrow","champ:VampiricStrike"],"picked":"champ:EnchantSword","floor":31},{"not_picked":["champ:FocusedDefense+1","champ:EndlessRage+1","champ:Duel+1"],"picked":"SKIP","floor":35},{"not_picked":["champ:FlashCut+1","champ:PreciseThrust+1","champ:ArenaPreparation"],"picked":"SKIP","floor":38},{"not_picked":["champ:UltimateStance","champ:LastStand"],"picked":"champ:GladiatorForm","floor":40},{"not_picked":["champ:CheapShot","champ:ShieldThrow"],"picked":"champ:Devastate","floor":42},{"not_picked":["champ:IgnorePain","champ:Devastate","champ:SteelEdge"],"picked":"SKIP","floor":45},{"not_picked":["champ:SwordThrow","champ:HeavySlash","champ:EnchantShield"],"picked":"SKIP","floor":47},{"not_picked":["champ:IgnorePain","champ:HeavySlash","champ:CheapShot"],"picked":"SKIP","floor":48}],"player_experience":190454,"relics_obtained":[{"floor":6.0,"key":"Shuriken"},{"floor":7.0,"key":"Girya"},{"floor":8.0,"key":"Peace Pipe"},{"floor":9.0,"key":"CaptainsWheel"},{"floor":10.0,"key":"Toy Ornithopter"},{"floor":11.0,"key":"MawBank"},{"floor":12.0,"key":"Boot"},{"floor":14.0,"key":"Bag of Marbles"},{"floor":23,"key":"Pantograph"},{"floor":26,"key":"Omamori"},{"floor":29,"key":"Bottled Flame"},{"floor":31,"key":"Smiling Mask"},{"floor":40,"key":"champ:DuelingGlove"},{"floor":42,"key":"Thread and Needle"},{"floor":43,"key":"Meat on the Bone"},{"floor":45,"key":"Centennial Puzzle"},{"floor":47,"key":"Pen Nib"},{"floor":48,"key":"CeramicFish"}],"event_choices":[{"damage_healed":0.0,"max_hp_gain":0.0,"max_hp_loss":0.0,"gold_gain":0.0,"event_name":"Living Wall","player_choice":"Grow","floor":2.0,"gold_loss":0.0,"damage_taken":0.0,"cards_upgraded":["champ:AdrenalArmor"]},{"damage_healed":0.0,"max_hp_gain":0.0,"max_hp_loss":0.0,"gold_gain":75.0,"event_name":"FaceTrader","player_choice":"Touch","floor":4.0,"gold_loss":0.0,"damage_taken":9.0},{"damage_healed":0,"gold_gain":0,"player_choice":"Shed Blood","damage_taken":23,"max_hp_gain":5,"max_hp_loss":0,"event_name":"Forgotten Altar","floor":19,"gold_loss":0},{"damage_healed":0,"gold_gain":0,"cards_transformed":["champ:StanceDance","champ:VampiricStrike"],"player_choice":"Became Test Subject","damage_taken":0,"max_hp_gain":0,"max_hp_loss":0,"event_name":"Drug Dealer","floor":20,"gold_loss":0,"cards_obtained":["champ:MurderStrike","champ:Endure"]}],"is_beta":false,"boss_relics":[{"not_picked":["Snecko Eye","Coffee Dripper"],"picked":"Runic Pyramid"},{"not_picked":["Runic Dome","champ:ChampionCrownUpgraded"],"picked":"Philosopher\u0027s Stone"}],"items_purged_floors":[37,39],"is_endless":false,"potions_floor_spawned":[1,10,13,14,31,38,40,45],"ascension_level":0}}