{"host":"88hg6ocvqrqxrx5h","time":1612842808,"event":{"mods":["2.2 Compatiblity","BaseMod","Bestiary","Block Reminder","Colored Map","DeckTracker","Highlight Path","Minty Spire (QoL Compilation)","Relic Stats","Unceasing Turn Reminder","slay the spire mod where everything is the same but ironclad has a cowboy hat"],"gold_per_floor":[119,119,139,155,155,182,182,200,200,200,37,56,87,100,100,203,203,215,215,215,235,235,235,266,266,266,266,266],"floor_reached":27,"language":"ENG","playtime":1054,"items_purged":["Strike_R"],"score":337,"play_id":"0b3d1ac6-1997-45fe-a6b3-0720586d15cf","local_time":"20210208195328","is_ascension_mode":true,"campfire_choices":[{"data":"Flame Barrier","floor":7.0,"key":"SMITH"},{"floor":10.0,"key":"REST"},{"floor":15.0,"key":"REST"},{"data":"Armaments","floor":23,"key":"SMITH"},{"floor":25,"key":"REST"}],"circlet_count":0,"master_deck":["Strike_R+1","Strike_R+1","Strike_R","Defend_R","Defend_R","Defend_R","Defend_R","Bash","Sentinel","Flame Barrier+1","Rampage","Feel No Pain","Sever Soul","Metallicize","Infernal Blade","Spot Weakness","Headbutt","Feed","Armaments+1","Normality","Writhe","Corruption","Warcry"],"relics":["Burning Blood","NeowsBlessing","Boot","HornCleat","Pen Nib","Singing Bowl","Velvet Choker","Art of War","Bag of Preparation","Letter Opener"],"acts_visited":["Exordium","TheCity"],"potions_floor_usage":[24,24,27],"damage_taken":[{"damage":0.0,"enemies":"Small Slimes","floor":1.0,"turns":1.0},{"damage":0.0,"enemies":"2 Louse","floor":3.0,"turns":1.0},{"damage":0.0,"enemies":"Jaw Worm","floor":4.0,"turns":1.0},{"damage":34.0,"enemies":"Lagavulin","floor":6.0,"turns":9.0},{"damage":35.0,"enemies":"Red Slaver","floor":8.0,"turns":5.0},{"damage":17.0,"enemies":"Large Slime","floor":12.0,"turns":6.0},{"damage":10.0,"enemies":"3 Sentries","floor":13.0,"turns":10.0},{"damage":0.0,"enemies":"Exordium Wildlife","floor":14.0,"turns":2.0},{"damage":43.0,"enemies":"The Guardian","floor":16.0,"turns":11.0},{"damage":21.0,"enemies":"Chosen","floor":18.0,"turns":5.0},{"damage":16,"enemies":"Spheric Guardian","floor":21,"turns":4},{"damage":32,"enemies":"Slavers","floor":24,"turns":6},{"damage":56,"enemies":"Gremlin Leader","floor":27,"turns":6}],"seed_played":"-8049776671904322750","potions_obtained":[{"floor":1.0,"key":"SpeedPotion"},{"floor":4.0,"key":"Dexterity Potion"},{"floor":8.0,"key":"Explosive Potion"},{"floor":12.0,"key":"SteroidPotion"},{"floor":16.0,"key":"BlessingOfTheForge"},{"floor":21,"key":"Explosive Potion"},{"floor":24,"key":"Explosive Potion"}],"is_trial":false,"path_per_floor":["M","?","M","M","?","E","R","M","T","R","$","M","E","M","R","B",null,"M","?","?","M","?","R","E","R","T","E"],"character_chosen":"IRONCLAD","items_purchased":["Metallicize","Block Potion"],"campfire_rested":3,"item_purchase_floors":[11,11],"current_hp_per_floor":[78,62,68,74,74,46,46,17,17,41,41,30,26,32,56,19,65,52,52,52,47,47,47,24,51,51,0,0],"gold":266,"neow_bonus":"THREE_ENEMY_KILL","is_daily":false,"chose_seed":false,"campfire_upgraded":2,"win_rate":0.0,"timestamp":1612842808,"path_taken":["M","?","M","M","?","E","R","M","T","R","?","M","E","?","R","BOSS","M","?","?","M","?","R","E","R","T","E"],"items_purchased_type":["Card","Potion"],"build_version":"2020-12-22","purchased_purges":1,"victory":false,"max_hp_per_floor":[80,80,80,80,80,80,80,80,80,80,80,80,80,80,80,80,80,82,82,82,87,87,87,90,90,90,90,90],"relic_stats":{"Singing Bowl":4,"counters":[13,67],"Pen Nib":[6],"Art of War":[2],"Bag of Preparation":[2],"Letter Opener":[15],"Boot":[6],"obtain_stats":[{"HornCleat":6,"NeowsBlessing":0,"Singing Bowl":13,"Velvet Choker":17,"Pen Nib":9,"Art of War":20,"Bag of Preparation":24,"Letter Opener":26,"Boot":5,"Burning Blood":0},{"HornCleat":4,"NeowsBlessing":0,"Singing Bowl":7,"Velvet Choker":9,"Pen Nib":5,"Art of War":10,"Bag of Preparation":12,"Letter Opener":12,"Boot":3,"Burning Blood":0},{"HornCleat":12,"NeowsBlessing":0,"Singing Bowl":33,"Velvet Choker":46,"Pen Nib":17,"Art of War":51,"Bag of Preparation":61,"Letter Opener":61,"Boot":3,"Burning Blood":0}],"Burning Blood":72},"card_choices":[{"not_picked":["Bloodletting","Fire Breathing"],"picked":"Sentinel","floor":1.0},{"not_picked":["Disarm","Perfected Strike"],"picked":"Flame Barrier","floor":3.0},{"not_picked":["Body Slam","Inflame"],"picked":"Rampage","floor":4.0},{"not_picked":["Anger","Clash"],"picked":"Feel No Pain","floor":6.0},{"not_picked":["Havoc","Iron Wave"],"picked":"Sever Soul","floor":8.0},{"not_picked":["Carnage","Heavy Blade"],"picked":"Infernal Blade","floor":12.0},{"not_picked":["True Grit","Anger"],"picked":"Spot Weakness","floor":13.0},{"not_picked":["Berserk","Clothesline"],"picked":"Headbutt","floor":14.0},{"not_picked":["Impervious","Brutality"],"picked":"Feed","floor":16.0},{"not_picked":["Warcry","Body Slam+1","Dropkick"],"picked":"Singing Bowl","floor":18},{"not_picked":["Dropkick","Headbutt","Armaments"],"picked":"Singing Bowl","floor":21},{"not_picked":["Havoc","Infernal Blade+1"],"picked":"Warcry","floor":24}],"player_experience":168415,"relics_obtained":[{"floor":6.0,"key":"HornCleat"},{"floor":9.0,"key":"Pen Nib"},{"floor":13.0,"key":"Singing Bowl"},{"floor":24,"key":"Bag of Preparation"},{"floor":26,"key":"Letter Opener"}],"event_choices":[{"damage_healed":0.0,"max_hp_gain":0.0,"max_hp_loss":0.0,"gold_gain":0.0,"event_name":"Shining Light","player_choice":"Entered Light","floor":2.0,"gold_loss":0.0,"damage_taken":16.0,"cards_upgraded":["Strike_R","Strike_R"]},{"damage_healed":0.0,"max_hp_gain":0.0,"max_hp_loss":0.0,"gold_gain":0.0,"event_name":"Big Fish","player_choice":"Box","floor":5.0,"gold_loss":0.0,"damage_taken":0.0,"relics_obtained":["Boot"],"cards_obtained":["Regret"]},{"damage_healed":0,"gold_gain":0,"cards_transformed":["Strike_R","Regret"],"player_choice":"Became Test Subject","damage_taken":0,"max_hp_gain":0,"max_hp_loss":0,"event_name":"Drug Dealer","floor":19,"gold_loss":0,"cards_obtained":["Armaments","Normality"]},{"damage_healed":0,"gold_gain":0,"player_choice":"Opened","damage_taken":0,"relics_obtained":["Art of War"],"max_hp_gain":0,"max_hp_loss":0,"event_name":"The Mausoleum","floor":20,"gold_loss":0,"cards_obtained":["Writhe"]},{"damage_healed":0,"gold_gain":0,"player_choice":"Read","damage_taken":0,"max_hp_gain":0,"max_hp_loss":0,"event_name":"The Library","floor":22,"gold_loss":0,"cards_obtained":["Corruption"]}],"is_beta":false,"boss_relics":[{"not_picked":["Snecko Eye","Coffee Dripper"],"picked":"Velvet Choker"}],"items_purged_floors":[11],"is_endless":false,"potions_floor_spawned":[1,4,8,12,16,21,24],"killed_by":"Gremlin Leader","ascension_level":8}}