{"host":"9q13bdr84c6iv3c6","time":1612913447,"event":{"mods":["BaseMod","Colored Powertips","Downfall","Hermit","Minty Spire (QoL Compilation)","Replay The Spire","StSLib"],"gold_per_floor":[99,117,128,128,144,244,244,277,277,311,311,334,334,334,361,470,470,470,497,524,547,11,11,11,60,60,160,60,60,60,60,60,104,130,262,262,162,214,214,246,315,511,511,511,549,549,549,590,381,422,467,479],"floor_reached":53,"language":"ENG","playtime":3456,"items_purged":[],"score":10343,"play_id":"1faca60c-07e9-4eb3-b1ad-2cc055600433","local_time":"20210209173047","is_ascension_mode":false,"campfire_choices":[{"data":"sneckomod:SnekBite","floor":1,"key":"SMITH"},{"data":"sneckomod:SoulExchange","floor":11,"key":"SMITH"},{"data":"sneckomod:SerpentMind","floor":18,"key":"SMITH"},{"data":"expansioncontent:StudyTheSpire","floor":28,"key":"SMITH"},{"floor":32,"key":"DIG"},{"data":"sneckomod:SerpentMind","floor":37,"key":"SMITH"},{"floor":44,"key":"DIG"}],"circlet_count":0,"master_deck":["sneckomod:Strike","sneckomod:Strike","sneckomod:Defend","sneckomod:Defend","sneckomod:Defend","sneckomod:TailWhip+1","sneckomod:SnekBite+1","sneckomod:Unknown+1","sneckomod:Unknown","sneckomod:SnekBeam","sneckomod:UnknownVulnerable","sneckomod:UnknownCommonAttack+1","downfall:Haunted","downfall:Haunted","ReplayTheSpireMod:Faulty Equipment","sneckomod:SoulExchange+1","Injury","Decay","sneckomod:UnknownUncommonPower","sneckomod:UnknownUncommonSkill","sneckomod:UnknownDraw","sneckomod:UnknownCommonSkill","sneckomod:SerpentMind+1","Echo Form+1","sneckomod:UnknownDraw","sneckomod:DangerNoodle+1","sneckomod:UnknownClassDEFAULT_GRAY_COLOR","sneckomod:UnknownClassBLUE","sneckomod:IronFang+1","sneckomod:DangerNoodle","sneckomod:UnknownDraw+1","sneckomod:UnknownWeak+1","expansioncontent:StudyTheSpire+1","sneckomod:UnendingSupply","sneckomod:SoulDraw+1","Crescendo+1","sneckomod:QuickMove+1","sneckomod:IronFang","sneckomod:SoulDraw+1","sneckomod:SoulDraw+1","sneckomod:UnknownRareSkill","sneckomod:SerpentMind+1","sneckomod:Unknown0Cost","sneckomod:SoulDraw+1","ReplayTheSpireMod:Splinters","sneckomod:UnknownStrike+1","Injury","sneckomod:UnknownExhaust","sneckomod:UnendingSupply+1","sneckomod:SerpentMind","sneckomod:WideSting+1","expansioncontent:AwakenDeath","sneckomod:CheapStock+1"],"relics":["sneckomod:SuperSneckoSoul","Darkstone Periapt","Pear","Replay:Multitool","Replay:Bandana","Prayer Wheel","Ring of Misfortune","Ring of Panic","Prayer Wheel","Guide Book","Whetstone","downfall:HeartBlessingBlue","Kunai","Cursed Key","downfall:HeartBlessingGreen","Prayer Wheel","Calipers","PreservedInsect","Divine Protection","InkBottle","Red Mask","downfall:RedIOUUpgrade","Oddly Smooth Stone","ClockworkSouvenir","Lantern","Replay:Bottled Steam"],"acts_visited":["Exordium","TheCity","TheBeyond"],"potions_floor_usage":[12,41],"damage_taken":[{"damage":0,"enemies":"2 Louse","floor":2,"turns":3},{"damage":1,"enemies":"Jaw Worm","floor":3,"turns":4},{"damage":0,"enemies":"Small Slimes","floor":5,"turns":2},{"damage":56,"enemies":"Lagavulin","floor":8,"turns":11},{"damage":40,"enemies":"Gremlin Nob","floor":10,"turns":5},{"damage":41,"enemies":"Large Slime","floor":12,"turns":7},{"damage":1,"enemies":"Blue Slaver","floor":15,"turns":3},{"damage":2,"enemies":"IC_STATUS_ARCHETYPE","floor":16,"turns":5},{"damage":24,"enemies":"3 Byrds","floor":19,"turns":6},{"damage":0,"enemies":"Spheric Guardian","floor":20,"turns":1},{"damage":7,"enemies":"Snake Plant","floor":21,"turns":4},{"damage":0,"enemies":"downfall:FleeingMerchant","floor":22,"turns":4},{"damage":17,"enemies":"Replay:Snechameleon","floor":25,"turns":3},{"damage":17,"enemies":"Centurion and Healer","floor":33,"turns":4},{"damage":1,"enemies":"Snecko","floor":34,"turns":6},{"damage":8,"enemies":"SI_MIRROR_ARCHETYPE","floor":35,"turns":9},{"damage":0,"enemies":"3 Darklings","floor":38,"turns":2},{"damage":0,"enemies":"Orb Walker","floor":40,"turns":2},{"damage":50,"enemies":"2 Orb Walkers","floor":41,"turns":6},{"damage":0,"enemies":"Nemesis","floor":45,"turns":1},{"damage":0,"enemies":"Sphere and 2 Shapes","floor":48,"turns":3},{"damage":0,"enemies":"downfall:FleeingMerchant","floor":49,"turns":4},{"damage":0,"enemies":"Giant Head","floor":50,"turns":5},{"damage":0,"enemies":"Transient","floor":51,"turns":5},{"damage":0,"enemies":"DF_ARCHETYPE_ORBS","floor":52,"turns":5}],"seed_played":"-8624282300002867991","potions_obtained":[{"floor":5,"key":"LiquidMemories"},{"floor":10,"key":"ColorlessPotion"},{"floor":15,"key":"Fire Potion"},{"floor":19,"key":"SteroidPotion"},{"floor":25,"key":"Ancient Potion"},{"floor":41,"key":"GamblersBrew"}],"is_trial":false,"path_per_floor":["R","M","M","?","M","?","T","E","?","E","R","M","R","?","M","B",null,"R","M","M","M","$","?","T","E","?","?","R","?","PTL","PTL","R","M","M","B",null,"R","M","?","M","?","?","T","R","E","?","?","M","$","E","M","B",null],"character_chosen":"THE_SNECKO","items_purchased":["Guide Book","expansioncontent:StudyTheSpire","Pet Ghost","sneckomod:UnendingSupply","expansioncontent:AwakenDeath","Oddly Smooth Stone","ClockworkSouvenir","Lantern"],"campfire_rested":0,"item_purchase_floors":[22,22,22,22,49,49,49,49],"current_hp_per_floor":[99,99,98,98,98,133,143,87,87,47,47,6,49,49,48,50,144,144,127,127,120,120,89,89,72,72,72,82,134,134,134,134,117,116,108,159,159,159,159,159,109,115,121,121,121,121,121,121,121,121,121,121],"gold":479,"neow_bonus":"TEN_PERCENT_HP_BONUS","is_daily":false,"chose_seed":false,"campfire_upgraded":5,"win_rate":0.0,"timestamp":1612913447,"path_taken":["R","M","M","?","M","?","T","E","?","E","R","M","R","?","M","BOSS","R","M","M","M","$","?","T","E","?","?","R","?","PTL","PTL","R","?","M","BOSS","R","M","?","M","?","?","T","R","E","?","?","M","$","E","M","BOSS"],"items_purchased_type":["Relic","Card","Relic","Card","Card","Relic","Relic","Relic"],"build_version":"2020-12-22","purchased_purges":0,"victory":true,"max_hp_per_floor":[99,99,99,99,99,134,144,144,144,144,144,144,144,144,144,144,144,144,144,144,144,144,149,149,149,149,149,159,159,159,159,159,159,159,159,159,159,159,159,159,159,165,171,171,171,171,171,171,171,171,171,171],"card_choices":[{"not_picked":["sneckomod:IronFang","sneckomod:ImprovisedGuard"],"picked":"sneckomod:SnekBeam","floor":2},{"not_picked":["sneckomod:QuickMove","sneckomod:WideSting"],"picked":"sneckomod:UnknownVulnerable","floor":3},{"not_picked":["sneckomod:MasterEye","sneckomod:Unknown1Cost"],"picked":"sneckomod:UnknownCommonAttack","floor":5},{"not_picked":["sneckomod:UnknownCommonSkill","sneckomod:SoulCleanse"],"picked":"sneckomod:UnknownRareSkill","floor":8},{"not_picked":["sneckomod:UnknownStrike","sneckomod:SoulDraw"],"picked":"sneckomod:UnknownUncommonPower","floor":10},{"not_picked":["sneckomod:UnknownVulnerable","sneckomod:UnknownExhaust"],"picked":"sneckomod:UnknownUncommonSkill","floor":12},{"not_picked":["sneckomod:Unknown1Cost","sneckomod:UnknownCommonAttack"],"picked":"sneckomod:UnknownDraw","floor":12},{"not_picked":["sneckomod:IronFang","sneckomod:WideSting"],"picked":"sneckomod:UnknownCommonSkill","floor":15},{"not_picked":["sneckomod:QuickMove","sneckomod:SoulRoll"],"picked":"sneckomod:RainOfDice","floor":15},{"not_picked":["sneckomod:UnknownRareSkill","sneckomod:Unknown3Cost"],"picked":"sneckomod:SerpentMind","floor":16},{"not_picked":["sneckomod:SoulRoll","sneckomod:SnekBeam"],"picked":"sneckomod:UnknownDraw","floor":19},{"not_picked":["sneckomod:UnknownCommonAttack","sneckomod:UnknownClassBLUE"],"picked":"sneckomod:Unknown1Cost+1","floor":19},{"not_picked":["sneckomod:SoulCleanse","sneckomod:UnknownClassPURPLE"],"picked":"sneckomod:DangerNoodle","floor":19},{"not_picked":["sneckomod:SnekBeam","sneckomod:SnakeSap"],"picked":"sneckomod:UnknownClassDEFAULT_GRAY_COLOR","floor":20},{"not_picked":["sneckomod:UnknownUncommonAttack","sneckomod:QuickBite"],"picked":"sneckomod:UnknownClassBLUE","floor":20},{"not_picked":["sneckomod:Nope","sneckomod:DiceCrush","sneckomod:UnknownCommonAttack"],"picked":"SKIP","floor":20},{"not_picked":["sneckomod:QuickMove+1","sneckomod:RainOfDice+1"],"picked":"sneckomod:IronFang+1","floor":21},{"not_picked":["sneckomod:SoulRoll","sneckomod:DiceBlock"],"picked":"sneckomod:DangerNoodle","floor":21},{"not_picked":["sneckomod:Unknown1Cost+1","sneckomod:UnknownUncommonSkill"],"picked":"sneckomod:UnknownDraw+1","floor":21},{"not_picked":["sneckomod:UnknownClassDEFAULT_GRAY_COLOR","sneckomod:UnknownUncommonAttack"],"picked":"sneckomod:UnknownWeak+1","floor":22},{"not_picked":["sneckomod:UnknownDraw","sneckomod:UnknownRareAttack"],"picked":"sneckomod:SoulDraw+1","floor":25},{"not_picked":["sneckomod:UnknownBlock","sneckomod:ImprovisedGuard+1"],"picked":"sneckomod:QuickMove+1","floor":33},{"not_picked":["sneckomod:UnknownExhaust","sneckomod:UnknownUncommonSkill"],"picked":"sneckomod:IronFang","floor":33},{"not_picked":["sneckomod:UnknownClassPURPLE","sneckomod:DiceBoulder+1"],"picked":"sneckomod:SoulDraw+1","floor":33},{"not_picked":["sneckomod:SoulRoll","sneckomod:DefensiveFlair"],"picked":"sneckomod:UnknownUncommonAttack","floor":34},{"not_picked":["sneckomod:UnknownClassDEFAULT_GRAY_COLOR","sneckomod:Unknown0Cost+1"],"picked":"sneckomod:SoulDraw+1","floor":34},{"not_picked":["sneckomod:SoulRoll","sneckomod:IronFang"],"picked":"sneckomod:UnknownRareSkill","floor":34},{"not_picked":["sneckomod:Mudshield","sneckomod:UnknownRareAttack"],"picked":"sneckomod:SerpentMind","floor":35},{"not_picked":["sneckomod:SoulRoll+1","sneckomod:SoulDraw"],"picked":"sneckomod:Unknown0Cost","floor":38},{"not_picked":["sneckomod:WideSting","sneckomod:DiceCrush+1"],"picked":"sneckomod:SoulDraw+1","floor":38},{"not_picked":["sneckomod:Nope","sneckomod:UnknownBlock+1","sneckomod:UnknownClassBLUE+1"],"picked":"SKIP","floor":38},{"not_picked":["sneckomod:CheapStock","sneckomod:DiceBoulder+1","sneckomod:UnknownStrike+1"],"picked":"SKIP","floor":40},{"not_picked":["sneckomod:UnknownUncommonAttack+1","sneckomod:UnknownExhaust","sneckomod:UnknownClassBLUE+1"],"picked":"SKIP","floor":40},{"not_picked":["sneckomod:DiceBlock+1","sneckomod:UnknownUncommonAttack","sneckomod:SoulDraw"],"picked":"SKIP","floor":40},{"not_picked":["sneckomod:UnknownClassBLUE","sneckomod:SoulDraw+1"],"picked":"sneckomod:UnknownStrike+1","floor":42},{"not_picked":["sneckomod:DangerNoodle","sneckomod:SnekBeam"],"picked":"sneckomod:UnknownExhaust","floor":45},{"not_picked":["sneckomod:Nope","sneckomod:QuickMove"],"picked":"sneckomod:UnendingSupply+1","floor":48},{"not_picked":["sneckomod:Nope+1","sneckomod:SoulDraw+1"],"picked":"sneckomod:SerpentMind","floor":48},{"not_picked":["sneckomod:UnknownClassBLUE","sneckomod:WideSting","sneckomod:Nope+1"],"picked":"SKIP","floor":48},{"not_picked":["sneckomod:UnknownCommonSkill+1","sneckomod:UnknownClassBLUE","sneckomod:DefensiveFlair+1"],"picked":"SKIP","floor":48},{"not_picked":["sneckomod:Unknown2Cost+1","sneckomod:DiceBlock"],"picked":"sneckomod:WideSting+1","floor":49},{"not_picked":["sneckomod:UnknownUncommonAttack+1","sneckomod:SlitherStrike"],"picked":"sneckomod:CheapStock+1","floor":50},{"not_picked":["sneckomod:RainOfDice","sneckomod:DiceBlock+1","sneckomod:WideSting"],"picked":"SKIP","floor":51},{"not_picked":["sneckomod:UnknownUncommonSkill","sneckomod:SlitherStrike","sneckomod:DiceBlock+1"],"picked":"SKIP","floor":51},{"not_picked":["sneckomod:UnknownDraw","sneckomod:UnknownCommonAttack+1","sneckomod:QuickMove"],"picked":"SKIP","floor":51},{"not_picked":["sneckomod:ImprovisedGuard+1","sneckomod:UnknownClassPURPLE","sneckomod:Cheat"],"picked":"SKIP","floor":51}],"player_experience":33540,"relics_obtained":[{"floor":7,"key":"Pear"},{"floor":8,"key":"Replay:Multitool"},{"floor":10,"key":"Replay:Bandana"},{"floor":14,"key":"Ring of Misfortune"},{"floor":14,"key":"Ring of Panic"},{"floor":25,"key":"Whetstone"},{"floor":32,"key":"Kunai"},{"floor":41,"key":"Calipers"},{"floor":43,"key":"PreservedInsect"},{"floor":44,"key":"Divine Protection"},{"floor":45,"key":"InkBottle"},{"floor":50,"key":"Replay:Bottled Steam"}],"event_choices":[{"damage_healed":52,"gold_gain":0,"player_choice":"Heal","damage_taken":0,"max_hp_gain":0,"max_hp_loss":0,"event_name":"The Library","floor":29,"gold_loss":0},{"damage_healed":0,"gold_gain":0,"player_choice":"Fight","damage_taken":0,"max_hp_gain":0,"max_hp_loss":0,"event_name":"Mysterious Sphere","floor":41,"gold_loss":0},{"cards_removed":["sneckomod:RainOfDice"],"damage_healed":0,"gold_gain":0,"player_choice":"Removed Attack","damage_taken":0,"max_hp_gain":0,"max_hp_loss":0,"event_name":"Falling","floor":46,"gold_loss":0}],"is_beta":false,"boss_relics":[{"not_picked":["sneckomod:SneckoBoss","bronze:MakeshiftBattery"],"picked":"sneckomod:SuperSneckoSoul"},{"not_picked":["Tiny House","Replay:Grab Bag"],"picked":"Cursed Key"}],"items_purged_floors":[],"is_endless":false,"potions_floor_spawned":[5,10,15,19,21,25,35,41,50,51],"ascension_level":0}}