{"host":"sav7uxregyirlf69","time":1612862335,"event":{"mods":["AchievementEnabler","BaseMod","Colored Map","DeckTracker","Keyboard Shortcuts","Minty Spire (QoL Compilation)","READ ME - Guardian Mod","StSLib","SuperFastMode"],"gold_per_floor":[119,119,137,137,154,154,174,174,255,289,308,308,334,334,334,410,410,426,476,117,136,136,136,136,170,193,218,231,250,250,267,267,344,344,354,38,50,50,68,103,103,114,114,139,151,185,185,135,135,135,135,135,34,60,60],"floor_reached":56,"language":"KOR","playtime":1540,"items_purged":["Defend_P","Strike_P","Weave"],"score":2199,"play_id":"01953878-6262-4837-9f19-3ebf5dfaf04c","local_time":"20210209181855","is_ascension_mode":true,"campfire_choices":[{"data":"Eruption","floor":6,"key":"SMITH"},{"data":"EmptyFist","floor":8,"key":"SMITH"},{"data":"MentalFortress","floor":12,"key":"SMITH"},{"data":"WheelKick","floor":15,"key":"SMITH"},{"data":"Scrawl","floor":23,"key":"SMITH"},{"data":"EmptyMind","floor":30,"key":"SMITH"},{"floor":32,"key":"RECALL"},{"data":"Adaptation","floor":41,"key":"SMITH"},{"data":"Adaptation","floor":47,"key":"SMITH"},{"data":"TalkToTheHand","floor":49,"key":"SMITH"},{"data":"FearNoEvil","floor":52,"key":"SMITH"}],"circlet_count":0,"master_deck":["AscendersBane","Strike_P","Defend_P","Defend_P","Eruption+1","Vigilance","WheelKick+1","EmptyFist+1","FlurryOfBlows","MentalFortress+1","Scrawl+1","EmptyMind+1","FearNoEvil+1","InnerPeace+1","Adaptation+1","Adaptation+1","Tantrum+1","TalkToTheHand+1"],"relics":["PureWater","MealTicket","Question Card","Happy Flower","Juzu Bracelet","Runic Pyramid","Membership Card","Bottled Tornado","Eternal Feather","Nunchaku","Toy Ornithopter","VioletLotus","TheAbacus","Lantern","Ornamental Fan","Yang","StrikeDummy","Ancient Tea Set","Blue Candle"],"acts_visited":["Exordium","TheCity","TheBeyond","TheEnding"],"potions_floor_usage":[10,27,29,33,45,55],"damage_taken":[{"damage":1,"enemies":"Jaw Worm","floor":1,"turns":6},{"damage":16,"enemies":"2 Louse","floor":3,"turns":2},{"damage":0,"enemies":"Cultist","floor":5,"turns":3},{"damage":11,"enemies":"3 Louse","floor":7,"turns":3},{"damage":7,"enemies":"3 Sentries","floor":10,"turns":4},{"damage":3,"enemies":"Blue Slaver","floor":11,"turns":3},{"damage":4,"enemies":"Lagavulin","floor":13,"turns":6},{"damage":26,"enemies":"The Guardian","floor":16,"turns":9},{"damage":7,"enemies":"Chosen","floor":18,"turns":3},{"damage":2,"enemies":"2 Thieves","floor":21,"turns":3},{"damage":15,"enemies":"Book of Stabbing","floor":25,"turns":4},{"damage":27,"enemies":"Slavers","floor":27,"turns":5},{"damage":0,"enemies":"Centurion and Healer","floor":28,"turns":3},{"damage":7,"enemies":"Snake Plant","floor":29,"turns":3},{"damage":0,"enemies":"3 Cultists","floor":31,"turns":4},{"damage":18,"enemies":"Champ","floor":33,"turns":6},{"damage":10,"enemies":"Orb Walker","floor":35,"turns":2},{"damage":19,"enemies":"3 Darklings","floor":37,"turns":3},{"damage":0,"enemies":"Spire Growth","floor":39,"turns":2},{"damage":11,"enemies":"Nemesis","floor":40,"turns":3},{"damage":0,"enemies":"Maw","floor":42,"turns":4},{"damage":0,"enemies":"Reptomancer","floor":44,"turns":2},{"damage":0,"enemies":"Transient","floor":45,"turns":5},{"damage":11,"enemies":"Nemesis","floor":46,"turns":4},{"damage":0,"enemies":"Time Eater","floor":50,"turns":7},{"damage":0,"enemies":"Shield and Spear","floor":54,"turns":2},{"damage":61,"enemies":"The Heart","floor":55,"turns":6}],"seed_played":"-897599458693595466","potions_obtained":[{"floor":1,"key":"BlessingOfTheForge"},{"floor":7,"key":"SpeedPotion"},{"floor":10,"key":"Block Potion"},{"floor":27,"key":"SkillPotion"},{"floor":29,"key":"AttackPotion"},{"floor":35,"key":"Swift Potion"},{"floor":39,"key":"Ambrosia"}],"is_trial":false,"path_per_floor":["M","?","M","?","M","R","M","R","T","E","M","R","E","?","R","B",null,"M","?","$","M","?","R","?","E","T","E","M","M","R","M","R","B",null,"M","$","M","?","M","E","R","M","T","E","M","E","R","$","R","B",null,"R","$","E","B",null],"character_chosen":"WATCHER","items_purchased":["Membership Card","EmptyMind","Bottled Tornado","TheAbacus","Adaptation","Lantern","Ornamental Fan","LiquidMemories"],"campfire_rested":0,"item_purchase_floors":[20,20,20,36,36,36,36,53],"current_hp_per_floor":[60,53,37,37,37,37,26,26,26,19,16,16,12,34,34,8,53,46,46,61,59,59,59,59,44,44,17,17,15,21,21,30,17,55,45,60,41,41,41,30,39,39,39,39,44,33,45,60,65,65,65,65,65,65,4],"gold":60,"neow_bonus":"RANDOM_COMMON_RELIC","is_daily":false,"chose_seed":false,"campfire_upgraded":10,"win_rate":0.0,"timestamp":1612862335,"path_taken":["M","?","M","?","M","R","M","R","T","E","M","R","E","?","R","BOSS","M","?","$","M","?","R","?","E","T","E","M","M","R","M","R","BOSS","M","$","M","?","M","E","R","M","T","E","M","E","R","$","R","BOSS","R","$","E","BOSS"],"items_purchased_type":["Relic","Card","Relic","Relic","Card","Relic","Relic","Potion"],"build_version":"2020-12-22","purchased_purges":3,"victory":true,"max_hp_per_floor":[68,68,68,68,68,68,68,68,68,68,68,68,68,68,68,68,68,68,68,68,68,68,68,68,68,68,68,68,68,68,68,68,68,68,68,68,68,65,65,65,65,65,65,65,65,65,65,65,65,65,65,65,65,65,65],"card_choices":[{"not_picked":["SandsOfTime","ThirdEye"],"picked":"WheelKick","floor":1},{"not_picked":["ClearTheMind","ForeignInfluence","WheelKick"],"picked":"SKIP","floor":3},{"not_picked":["DeceiveReality","Weave"],"picked":"EmptyFist","floor":5},{"not_picked":["FollowUp","JustLucky"],"picked":"FlurryOfBlows","floor":7},{"not_picked":["Wireheading","BattleHymn","ThirdEye","WaveOfTheHand"],"picked":"SKIP","floor":10},{"not_picked":["BattleHymn","Protect","FlyingSleeves"],"picked":"MentalFortress","floor":11},{"not_picked":["EmptyFist","Nirvana","Swivel","EmptyBody"],"picked":"SKIP","floor":13},{"not_picked":["Blasphemy","Omniscience","Establishment"],"picked":"Scrawl","floor":16},{"not_picked":["BowlingBash","Fasting2","FlurryOfBlows","Study"],"picked":"SKIP","floor":18},{"not_picked":["FlurryOfBlows","EmptyFist","Halt","ThirdEye"],"picked":"SKIP","floor":21},{"not_picked":["FollowUp","CarveReality","BowlingBash","Evaluate"],"picked":"SKIP","floor":25},{"not_picked":["ConjureBlade","SashWhip","CrushJoints","FlyingSleeves"],"picked":"SKIP","floor":27},{"not_picked":["EmptyMind","FollowUp","PathToVictory","Perseverance"],"picked":"SKIP","floor":28},{"not_picked":["ThirdEye","EmptyBody","Evaluate","PathToVictory"],"picked":"SKIP","floor":29},{"not_picked":["Evaluate","SashWhip+1","ThirdEye"],"picked":"FearNoEvil","floor":31},{"not_picked":["Perseverance+1","ThirdEye","SandsOfTime"],"picked":"InnerPeace+1","floor":35},{"not_picked":["Vengeance+1","ThirdEye","Collect","LikeWater"],"picked":"SKIP","floor":37},{"not_picked":["ThirdEye","LikeWater","FollowUp","PathToVictory"],"picked":"SKIP","floor":39},{"not_picked":["WaveOfTheHand","EmptyBody+1","FlurryOfBlows"],"picked":"Adaptation","floor":40},{"not_picked":["Sanctity","JustLucky","ForeignInfluence+1","EmptyFist"],"picked":"SKIP","floor":42},{"not_picked":["FollowUp","LessonLearned","ClearTheMind","ForeignInfluence"],"picked":"SKIP","floor":44},{"not_picked":["Protect","Crescendo+1","BowlingBash"],"picked":"Tantrum+1","floor":45},{"not_picked":["FollowUp","Protect+1","Blasphemy"],"picked":"TalkToTheHand","floor":46},{"not_picked":["FollowUp","FlurryOfBlows","CutThroughFate","BattleHymn"],"picked":"SKIP","floor":54}],"player_experience":1541954,"relics_obtained":[{"floor":9,"key":"Question Card"},{"floor":10,"key":"Happy Flower"},{"floor":13,"key":"Juzu Bracelet"},{"floor":25,"key":"Eternal Feather"},{"floor":26,"key":"Nunchaku"},{"floor":27,"key":"Toy Ornithopter"},{"floor":40,"key":"Yang"},{"floor":44,"key":"StrikeDummy"},{"floor":46,"key":"Ancient Tea Set"},{"floor":54,"key":"Blue Candle"}],"event_choices":[{"cards_removed":["Defend_P"],"damage_healed":0,"gold_gain":0,"player_choice":"Card Removal","damage_taken":7,"max_hp_gain":0,"max_hp_loss":0,"event_name":"Golden Wing","floor":2,"gold_loss":0},{"damage_healed":0,"gold_gain":0,"cards_transformed":["Strike_P"],"player_choice":"Transformed","damage_taken":0,"max_hp_gain":0,"max_hp_loss":0,"event_name":"Transmorgrifier","floor":4,"gold_loss":0,"cards_obtained":["Weave"]},{"damage_healed":22,"gold_gain":0,"player_choice":"Banana","damage_taken":0,"max_hp_gain":0,"max_hp_loss":0,"event_name":"Big Fish","floor":14,"gold_loss":0},{"damage_healed":0,"gold_gain":50,"player_choice":"Stole From Cult","damage_taken":0,"max_hp_gain":0,"max_hp_loss":0,"event_name":"Nest","floor":19,"gold_loss":0},{"cards_removed":["Strike_P"],"damage_healed":0,"gold_gain":0,"player_choice":"Elegance","damage_taken":0,"max_hp_gain":0,"max_hp_loss":0,"event_name":"Back to Basics","floor":22,"gold_loss":0},{"damage_healed":0,"gold_gain":0,"player_choice":"Ignored","damage_taken":0,"max_hp_gain":0,"max_hp_loss":0,"event_name":"Vampires","floor":24,"gold_loss":0},{"damage_healed":0,"gold_gain":0,"player_choice":"Max HP","damage_taken":0,"max_hp_gain":0,"max_hp_loss":3,"event_name":"Winding Halls","floor":38,"gold_loss":0}],"is_beta":false,"boss_relics":[{"not_picked":["Snecko Eye","Velvet Choker"],"picked":"Runic Pyramid"},{"not_picked":["Runic Dome","Sozu"],"picked":"VioletLotus"}],"items_purged_floors":[20,48,53],"is_endless":false,"potions_floor_spawned":[1,7,10,11,13,27,29,31,35,37,39,44],"ascension_level":15}}