{"host":"mqhvlr3kpxebko0t","time":1612880188,"event":{"mods":["AchievementEnabler","BaseMod","Colored Map","Colored Powertips","KOR Keyword Fix","Keyboard Shortcuts","Minty Spire (QoL Compilation)","StSLib","SuperFastMode"],"gold_per_floor":[113,113,263,263,287,325,128,128,128,128,128],"floor_reached":10,"language":"KOR","playtime":60,"items_purged":["Strike_P"],"score":178,"play_id":"feafbae4-180c-4998-bcb5-e8c5b2786423","local_time":"20210209231628","is_ascension_mode":true,"campfire_choices":[{"data":"Eruption","floor":8,"key":"SMITH"}],"circlet_count":0,"master_deck":["AscendersBane","Strike_P","Strike_P","Strike_P","Defend_P","Defend_P","Defend_P","Defend_P","Eruption+1","Vigilance","FollowUp","Tantrum","MentalFortress"],"relics":["PureWater","NeowsBlessing","Golden Idol","Lantern","Happy Flower"],"acts_visited":["Exordium"],"potions_floor_usage":[10],"damage_taken":[{"damage":0,"enemies":"Jaw Worm","floor":1,"turns":1},{"damage":0,"enemies":"Cultist","floor":5,"turns":1},{"damage":0,"enemies":"Lagavulin","floor":6,"turns":1},{"damage":80,"enemies":"Gremlin Nob","floor":10,"turns":3}],"seed_played":"-4789057298897701697","potions_obtained":[{"floor":6,"key":"SkillPotion"}],"is_trial":false,"path_per_floor":["M","?","?","?","M","E","$","R","T","E"],"character_chosen":"WATCHER","items_purchased":["Tantrum","MentalFortress"],"campfire_rested":0,"item_purchase_floors":[7,7],"current_hp_per_floor":[61,61,61,61,61,61,61,61,61,0,0],"gold":128,"neow_bonus":"THREE_ENEMY_KILL","is_daily":false,"chose_seed":false,"campfire_upgraded":1,"win_rate":0.0,"timestamp":1612880188,"path_taken":["M","?","?","?","?","E","$","R","T","E"],"items_purchased_type":["Card","Card"],"build_version":"2020-12-22","purchased_purges":1,"victory":false,"max_hp_per_floor":[68,62,62,62,62,62,62,62,62,62,62],"card_choices":[{"not_picked":["Halt","Evaluate"],"picked":"FollowUp","floor":1},{"not_picked":["JustLucky","SashWhip","FlyingSleeves"],"picked":"SKIP","floor":5},{"not_picked":["Nirvana","WreathOfFlame","Crescendo"],"picked":"SKIP","floor":6}],"player_experience":700980,"relics_obtained":[{"floor":6,"key":"Lantern"},{"floor":9,"key":"Happy Flower"}],"event_choices":[{"damage_healed":0,"gold_gain":0,"player_choice":"Lose Max HP","damage_taken":0,"relics_obtained":["Golden Idol"],"max_hp_gain":0,"max_hp_loss":6,"event_name":"Golden Idol","floor":2,"gold_loss":0},{"damage_healed":0,"gold_gain":150,"player_choice":"AGREE","damage_taken":0,"max_hp_gain":0,"max_hp_loss":0,"event_name":"Liars Game","floor":3,"gold_loss":0,"cards_obtained":["Doubt"]},{"cards_removed":["Doubt"],"damage_healed":0,"gold_gain":0,"player_choice":"Removed Curses","damage_taken":0,"max_hp_gain":0,"max_hp_loss":0,"event_name":"Fountain of Cleansing","floor":4,"gold_loss":0}],"is_beta":false,"boss_relics":[],"items_purged_floors":[7],"is_endless":false,"potions_floor_spawned":[6],"killed_by":"Gremlin Nob","ascension_level":20}}