{"host":"3498uni0c31c9bdm","time":1612867108,"event":{"mods":["BaseMod","Better Match","Better Note","Better Sensory Stone","Better Skull","Better Third Choice","Colored Map","Minty Spire (QoL Compilation)","Quick Restart","RNG Fix","Random Character Button","Replay The Spire","Shop Mod","Smile Girya","StSLib","Unceasing Turn Reminder"],"gold_per_floor":[19,39,39,39,49,49,0,0,24,44,44,60,103,69,69,170,170,197,267,290,290,318,318,328,328],"floor_reached":24,"language":"ENG","playtime":824,"items_purged":[],"score":365,"play_id":"f9f5b715-7afd-4470-ab12-4f126a7b8073","local_time":"20210209213828","is_ascension_mode":true,"campfire_choices":[{"floor":6,"key":"REST"},{"floor":15,"key":"REST"},{"floor":23,"key":"REST"}],"circlet_count":0,"master_deck":["AscendersBane","Strike_B","Strike_B","Strike_B","Strike_B+1","Defend_B","Defend_B+1","Defend_B+1","Defend_B","Zap","Dualcast","Beam Cell","Steam","Compile Driver","Enlightenment","Go for the Eyes","Injury","Loop","Biased Cognition","Steam","Steam","Ball Lightning+1","Ball Lightning","ReplayTheSpireMod:Splinters","Meteor Strike","Turbo+1","FTL+1","ReplayUltimateDefense","Mayhem","Sunder","ReplayTheSpireMod:System Scan"],"relics":["Cracked Core","Ice Cream","White Beast Statue","betterThird:SlimedRelic","Gremlin Food","Golden Idol","Replay:Bandana","Fusion Hammer","Prayer Wheel"],"acts_visited":["Exordium","TheCity"],"potions_floor_usage":[13,13,16,24,24],"damage_taken":[{"damage":2,"enemies":"Jaw Worm","floor":1,"turns":3},{"damage":7,"enemies":"Small Slimes","floor":2,"turns":3},{"damage":3,"enemies":"2 Louse","floor":5,"turns":3},{"damage":5,"enemies":"2 Fungi Beasts","floor":10,"turns":4},{"damage":14,"enemies":"Lots of Slimes","floor":12,"turns":4},{"damage":0,"enemies":"Lagavulin","floor":13,"turns":7},{"damage":49,"enemies":"The Guardian","floor":16,"turns":23},{"damage":4,"enemies":"Spheric Guardian","floor":18,"turns":4},{"damage":7,"enemies":"Chosen","floor":20,"turns":3},{"damage":39,"enemies":"Snake Plant","floor":22,"turns":6},{"damage":48,"enemies":"Cultist and Chosen","floor":24,"turns":5}],"seed_played":"969784271324732091","potions_obtained":[{"floor":5,"key":"Elixir"},{"floor":10,"key":"LifebloodPotion"},{"floor":13,"key":"Adrenaline Potion"},{"floor":16,"key":"Fire Potion"},{"floor":18,"key":"Elixir"},{"floor":19,"key":"Toxic Potion"}],"is_trial":false,"path_per_floor":["M","M","?","?","M","R","?","?","T","M","?","M","E","$","R","B",null,"M","?","M","?","M","R","M"],"character_chosen":"DEFECT","items_purchased":["Steam"],"campfire_rested":3,"item_purchase_floors":[14],"current_hp_per_floor":[66,59,59,41,38,60,66,55,55,50,50,36,36,36,60,11,64,60,60,53,53,14,38,0,0],"gold":328,"neow_bonus":"ONE_RARE_RELIC","is_daily":false,"chose_seed":false,"campfire_upgraded":0,"win_rate":0.0,"timestamp":1612867108,"path_taken":["M","M","?","?","M","R","?","?","T","M","?","?","E","$","R","BOSS","M","?","?","?","M","R","?"],"items_purchased_type":["Card"],"build_version":"2020-12-22","purchased_purges":0,"victory":false,"max_hp_per_floor":[75,75,75,75,75,75,81,81,81,81,81,81,81,81,81,81,81,81,81,81,81,81,81,81,81],"card_choices":[{"not_picked":["Turbo","Conserve Battery"],"picked":"Beam Cell","floor":1},{"not_picked":["Redo","Cold Snap"],"picked":"Steam","floor":2},{"not_picked":["Turbo","ReplayTheSpireMod:Reroute Power"],"picked":"Compile Driver","floor":5},{"not_picked":["Barrage","Rebound"],"picked":"Go for the Eyes","floor":10},{"not_picked":["Compile Driver","Cold Snap"],"picked":"Loop","floor":12},{"not_picked":["Force Field","Undo"],"picked":"Biased Cognition","floor":13},{"not_picked":["Reboot","Amplify"],"picked":"ReplayTheSpireMod:Fabricate Wheel","floor":16},{"not_picked":["Beam Cell","Panic Button"],"picked":"Ball Lightning+1","floor":18},{"not_picked":["Gash","Steam"],"picked":"Ball Lightning","floor":18},{"not_picked":["Barrage","Rebound"],"picked":"Meteor Strike","floor":19},{"not_picked":["Gash","Auto Shields+1"],"picked":"Turbo+1","floor":20},{"not_picked":["BasicCrystalCard","Streamline"],"picked":"FTL+1","floor":20},{"not_picked":["Poisoned Strike","ReplayTheSpireMod:Brewmster"],"picked":"ReplayUltimateDefense","floor":21},{"not_picked":["Thinking Ahead","Dramatic Entrance"],"picked":"Mayhem","floor":21},{"not_picked":["Cold Snap","Go for the Eyes"],"picked":"Sunder","floor":22},{"not_picked":["Panic Button","Leap"],"picked":"ReplayTheSpireMod:System Scan","floor":22}],"player_experience":858851,"relics_obtained":[{"floor":9,"key":"Gremlin Food"},{"floor":13,"key":"Replay:Bandana"}],"event_choices":[{"damage_healed":0,"gold_gain":0,"player_choice":"Relic ","damage_taken":18,"max_hp_gain":0,"max_hp_loss":0,"event_name":"betterThird:BetterScrap","floor":4,"gold_loss":0,"cards_obtained":["Offering"]},{"damage_healed":0,"gold_gain":0,"player_choice":"RENOUNCE","damage_taken":49,"max_hp_gain":0,"max_hp_loss":0,"event_name":"betterThird:BetterSerpent","floor":7,"gold_loss":49,"cards_obtained":["Enlightenment"]},{"damage_healed":0,"gold_gain":0,"player_choice":"Slimed","damage_taken":11,"max_hp_gain":0,"max_hp_loss":0,"event_name":"betterThird:BetterGoop","floor":8,"gold_loss":0},{"damage_healed":0,"gold_gain":0,"player_choice":"Take Wound","damage_taken":0,"relics_obtained":["Golden Idol"],"max_hp_gain":0,"max_hp_loss":0,"event_name":"Golden Idol","floor":11,"gold_loss":0,"cards_obtained":["Injury"]},{"damage_healed":0,"gold_gain":2,"player_choice":"1","damage_taken":0,"max_hp_gain":0,"max_hp_loss":0,"event_name":"betterStone:BetterStone","floor":21,"gold_loss":0}],"is_beta":false,"boss_relics":[{"not_picked":["FrozenCore","Velvet Choker"],"picked":"Fusion Hammer"}],"items_purged_floors":[],"is_endless":false,"potions_floor_spawned":[5,10,12,13,16,18,20,22],"killed_by":"Cultist and Chosen","ascension_level":13}}