{"host":"v543qxxvvceaeui9","time":1612876837,"event":{"mods":["BaseMod","BetterRewards","Downfall","Hermit","Hubris","Infinite Spire","Marisa????????","Minty Spire (QoL Compilation)","Quick Restart","Replay The Spire","StSLib"],"gold_per_floor":[99,118,143,143,158,64,88,99,127,141,141,156,56,70,85,187,187,187,197,197,5,23,33,86,100,100,100,33,60,80,112,76,176,176,176,186,198,245,245,262,289,301,3,28,28,43,43,53,71,71,71,71],"floor_reached":50,"language":"ENG","playtime":4064,"items_purged":["Pride","Slimebound:Strike_Slimebound"],"score":568,"play_id":"5848ec5d-5bcf-4d98-88a8-c48542e14c57","local_time":"20210209082037","is_ascension_mode":false,"campfire_choices":[{"data":"Slimebound:Split","floor":1,"key":"SMITH"},{"data":"Slimebound:LevelUp","floor":13,"key":"SMITH"},{"data":"Slimebound:SelfFormingGoo","floor":18,"key":"SMITH"},{"data":"Slimebound:CorrosiveSpit","floor":27,"key":"SMITH"},{"data":"Slimebound:Gluttony","floor":35,"key":"SMITH"},{"data":"Slimebound:MassRepurpose","floor":42,"key":"SMITH"},{"data":"Slimebound:SamplingLick","floor":45,"key":"SMITH"},{"floor":47,"key":"REST"}],"circlet_count":0,"master_deck":["Slimebound:Strike_Slimebound","Slimebound:Tackle","Slimebound:Defend_Slimebound","Slimebound:Defend_Slimebound","Slimebound:Defend_Slimebound","Slimebound:Defend_Slimebound","Slimebound:Split+1","Slimebound:CorrosiveSpit+1","Slimebound:GoopSpray","Slimebound:LeechEnergy","Slimebound:LeechEnergy","Slimebound:LevelUp+1","Slimebound:SplitLeeching","Slimebound:SamplingLick+1","Slimebound:Prepare","Slimebound:ComboTackle","Slimebound:LevelUp","Slimebound:Prepare","Slimebound:SelfFormingGoo+1","Slimebound:LeechEnergy","Slimebound:ProtectTheBoss","Slimebound:SplitMire","Slimebound:ComboTackle+1","Slimebound:MassRepurpose+1","Slimebound:LeechingTouch","Slimebound:SplitMire","Slimebound:Gluttony+1","Slimebound:Gluttony+1","Slimebound:AcidTongue","Slimebound:SpikyOuterGoop+1","Slimebound:FirmFortitude","hubris:NaturalOne","Slimebound:LevelUp+1","Slimebound:TongueLash+1","Slimebound:Prepare","Slimebound:GoopSpray+1","Slimebound:OozeBath","Slimebound:MegaLick+1","Slimebound:GoopSpray+1","Slimebound:TongueLash+1","Slimebound:LivingWall"],"relics":["Slimebound:AbsorbEndCombat","Slimebound:AggressiveSlimeRelic","CaptainsWheel","downfall:HeartBlessingBlue","Painkiller Herb","Pet Ghost","Orichalcum","hubris:Icosahedron","infinitespire:CursedDice","Meat on the Bone","SlaversCollar","Ginger","Blue Doll","MawBank","hubris:MysteriousPyramids","Happy Flower","HandDrill","Anchor"],"acts_visited":["Exordium","TheCity","TheBeyond"],"potions_floor_usage":[16,23,31,33,38,38,40,50,50,50],"damage_taken":[{"damage":3,"enemies":"Cultist","floor":2,"turns":4},{"damage":0,"enemies":"2 Louse","floor":5,"turns":3},{"damage":0,"enemies":"downfall:FleeingMerchant","floor":6,"turns":4},{"damage":6,"enemies":"Jaw Worm","floor":8,"turns":3},{"damage":18,"enemies":"3 Sentries","floor":9,"turns":6},{"damage":0,"enemies":"2 Fungi Beasts","floor":10,"turns":3},{"damage":4,"enemies":"Exordium Wildlife","floor":12,"turns":4},{"damage":3,"enemies":"Exordium Thugs","floor":14,"turns":3},{"damage":0,"enemies":"Gremlin Gang","floor":15,"turns":3},{"damage":34,"enemies":"DF_ARCHETYPE_STREAMLINE","floor":16,"turns":8},{"damage":5,"enemies":"Shell Parasite","floor":19,"turns":4},{"damage":5,"enemies":"downfall:FleeingMerchant","floor":21,"turns":4},{"damage":5,"enemies":"Spheric Guardian","floor":22,"turns":5},{"damage":0,"enemies":"Centurion and Healer","floor":23,"turns":4},{"damage":2,"enemies":"Snecko","floor":25,"turns":5},{"damage":20,"enemies":"downfall:FleeingMerchant","floor":28,"turns":4},{"damage":9,"enemies":"Book of Stabbing","floor":29,"turns":4},{"damage":21,"enemies":"Snake Plant","floor":30,"turns":4},{"damage":17,"enemies":"Slavers","floor":31,"turns":4},{"damage":12,"enemies":"3 Cultists","floor":32,"turns":5},{"damage":17,"enemies":"IC_MUSHROOM_ARCHETYPE","floor":33,"turns":6},{"damage":2,"enemies":"3 Shapes","floor":36,"turns":7},{"damage":3,"enemies":"Orb Walker","floor":37,"turns":4},{"damage":35,"enemies":"2 Orb Walkers","floor":38,"turns":5},{"damage":22,"enemies":"Jaw Worm Horde","floor":40,"turns":6},{"damage":1,"enemies":"downfall:FleeingMerchant","floor":43,"turns":3},{"damage":76,"enemies":"Reptomancer","floor":44,"turns":5},{"damage":0,"enemies":"3 Darklings","floor":46,"turns":4},{"damage":0,"enemies":"Maw","floor":48,"turns":7},{"damage":0,"enemies":"4 Shapes","floor":49,"turns":6},{"damage":83,"enemies":"WA_ARCHETYPE_DIVINITY","floor":50,"turns":5}],"seed_played":"-7083296979540038450","potions_obtained":[{"floor":2,"key":"Dexterity Potion"},{"floor":8,"key":"bronze:BurnAndBuffPotion"},{"floor":9,"key":"FearPotion"},{"floor":16,"key":"Elixir"},{"floor":19,"key":"ColorlessPotion"},{"floor":23,"key":"Fire Potion"},{"floor":29,"key":"hexamod:SoulburnPotion"},{"floor":31,"key":"bronze:BurnAndBuffPotion"},{"floor":33,"key":"AttackPotion"},{"floor":36,"key":"Weak Potion"},{"floor":38,"key":"LiquidBronze"},{"floor":40,"key":"SteroidPotion"},{"floor":49,"key":"SteroidPotion"}],"is_trial":false,"path_per_floor":["R","M","T","?","M","$","T","M","E","M","?","M","R","M","M","B",null,"T","?","?","T","?","?","T","?","?","T","T","E","?","E","?","B",null,"T","?","?","?","T","?","T","T","T","E","T","?","T","?","?","B"],"character_chosen":"SLIMEBOUND","items_purchased":["Slimebound:LevelUp","Slimebound:ProtectTheBoss","Slimebound:SplitMire","Slimebound:SplitMire","hubris:MysteriousPyramids","Happy Flower","HandDrill"],"campfire_rested":1,"item_purchase_floors":[6,21,21,28,43,43,43],"current_hp_per_floor":[65,65,65,65,65,65,65,63,51,55,55,59,69,74,75,45,75,75,75,75,72,75,75,75,75,75,75,60,59,44,35,43,46,75,75,75,72,45,45,43,43,43,50,43,43,51,73,75,75,0,0,0],"gold":71,"neow_bonus":"THREE_CARDS","is_daily":false,"chose_seed":false,"campfire_upgraded":7,"win_rate":0.0,"timestamp":1612876837,"path_taken":["R","M","?","?","M","?","T","M","E","M","?","M","R","M","M","BOSS","T","?","?","T","?","?","T","?","?","T","?","E","?","E","?","BOSS","T","?","?","?","?","?","T","T","T","E","T","?","T","?","?","BOSS"],"items_purchased_type":["Card","Card","Card","Card","Relic","Relic","Relic"],"build_version":"2020-12-22","purchased_purges":2,"victory":false,"max_hp_per_floor":[65,65,65,65,65,65,65,65,65,65,65,65,75,75,75,75,75,75,75,75,75,75,75,75,75,75,75,75,75,75,75,75,75,75,75,75,75,75,75,75,75,75,75,75,75,75,75,75,75,75,75,75],"card_choices":[{"not_picked":["Slimebound:DisruptingSlam","Slimebound:SplitLeeching"],"picked":"Slimebound:GoopSpray","floor":0},{"not_picked":["Slimebound:PressTheAttack","Slimebound:GoopSpray","Slimebound:Nibble"],"picked":"SKIP","floor":2},{"not_picked":["Slimebound:Replication","Slimebound:SplitAcid"],"picked":"Slimebound:LeechEnergy","floor":5},{"not_picked":["Slimebound:FinishingTackle","Slimebound:SplitBruiser"],"picked":"Slimebound:LeechEnergy","floor":6},{"not_picked":["Slimebound:GoopTackle","Slimebound:GoopSpray"],"picked":"Slimebound:SplitLeeching","floor":8},{"not_picked":["Slimebound:MinionMaster","Slimebound:LeechEnergy"],"picked":"Slimebound:SamplingLick","floor":9},{"not_picked":["Slimebound:Nibble","Slimebound:Schlurp"],"picked":"Slimebound:Prepare","floor":10},{"not_picked":["Slimebound:ItLooksTasty","Slimebound:SamplingLick"],"picked":"Slimebound:ComboTackle","floor":12},{"not_picked":["Slimebound:SlimeBarrage","Slimebound:PressTheAttack"],"picked":"Slimebound:LevelUp","floor":14},{"not_picked":["Slimebound:SplitMire","Slimebound:ItLooksTasty"],"picked":"Slimebound:Prepare","floor":15},{"not_picked":["Slimebound:OneTwoCombo","Slimebound:MassRepurpose"],"picked":"Slimebound:SelfFormingGoo","floor":16},{"not_picked":["Slimebound:ForwardTackle","Slimebound:Replication","Slimebound:SlimeSpikes"],"picked":"SKIP","floor":19},{"not_picked":["Slimebound:Equalize","Slimebound:ItLooksTasty+1"],"picked":"Slimebound:LeechEnergy","floor":21},{"not_picked":["Slimebound:Equalize","Slimebound:SplitLeeching+1"],"picked":"Slimebound:ComboTackle+1","floor":22},{"not_picked":["Slimebound:SplitMire","Slimebound:ForwardTackle"],"picked":"Slimebound:MassRepurpose","floor":23},{"not_picked":["Slimebound:LivingWall","Slimebound:FinishingTackle","Slimebound:Chomp"],"picked":"SKIP","floor":25},{"not_picked":["Slimebound:SlimeSpikes+1","Slimebound:Grow"],"picked":"Slimebound:LeechingTouch","floor":28},{"not_picked":["Slimebound:SplitBruiser+1","Slimebound:PressTheAttack+1"],"picked":"Slimebound:Gluttony","floor":29},{"not_picked":["Slimebound:BestDefense","Slimebound:SamplingLick"],"picked":"Slimebound:Gluttony+1","floor":30},{"not_picked":["Slimebound:Grow","Slimebound:ItLooksTasty"],"picked":"Slimebound:AcidTongue","floor":31},{"not_picked":["Slimebound:HauntingLick","Slimebound:Chomp"],"picked":"Slimebound:SpikyOuterGoop+1","floor":32},{"not_picked":["Slimebound:Teamwork","Slimebound:MassRepurpose"],"picked":"Slimebound:FirmFortitude","floor":33},{"not_picked":["Slimebound:Replication","Slimebound:GoopTackle"],"picked":"Slimebound:LevelUp+1","floor":36},{"not_picked":["Slimebound:HauntingLick","Slimebound:RollThrough+1"],"picked":"Slimebound:TongueLash+1","floor":37},{"not_picked":["Slimebound:Schlurp","Slimebound:SlimeSpikes"],"picked":"Slimebound:Prepare","floor":38},{"not_picked":["Slimebound:ProtectTheBoss+1","Slimebound:LeechEnergy"],"picked":"Slimebound:GoopSpray+1","floor":40},{"not_picked":["Slimebound:LeechingTouch+1","Slimebound:LevelUp"],"picked":"Slimebound:OozeBath","floor":43},{"not_picked":["Slimebound:LeechingTouch+1","Slimebound:SamplingLick"],"picked":"Slimebound:MegaLick+1","floor":44},{"not_picked":["Slimebound:SlimeTap+1","Slimebound:ItLooksTasty"],"picked":"Slimebound:GoopSpray+1","floor":46},{"not_picked":["Slimebound:MassFeed","Slimebound:MegaLick+1"],"picked":"Slimebound:TongueLash+1","floor":48},{"not_picked":["Slimebound:RollThrough","Slimebound:Chomp+1"],"picked":"Slimebound:LivingWall","floor":49}],"player_experience":299158,"relics_obtained":[{"floor":7,"key":"Slimebound:AggressiveSlimeRelic"},{"floor":9,"key":"CaptainsWheel"},{"floor":24,"key":"Orichalcum"},{"floor":29,"key":"infinitespire:CursedDice"},{"floor":31,"key":"Meat on the Bone"},{"floor":38,"key":"Ginger"},{"floor":39,"key":"Blue Doll"},{"floor":41,"key":"MawBank"},{"floor":44,"key":"Anchor"}],"event_choices":[{"cards_removed":["Slimebound:Strike_Slimebound"],"damage_healed":0,"gold_gain":0,"player_choice":"Card Removal","damage_taken":0,"max_hp_gain":0,"max_hp_loss":0,"event_name":"The Cleric","floor":4,"gold_loss":0},{"damage_healed":0,"gold_gain":0,"player_choice":"Stole Relic","damage_taken":0,"relics_obtained":["Pet Ghost"],"max_hp_gain":0,"max_hp_loss":0,"event_name":"Addict","floor":20,"gold_loss":0,"cards_obtained":["Pride"]},{"damage_healed":0,"gold_gain":0,"player_choice":"Fight","damage_taken":0,"max_hp_gain":0,"max_hp_loss":0,"event_name":"Mysterious Sphere","floor":38,"gold_loss":0}],"is_beta":false,"boss_relics":[{"not_picked":["Snecko Eye","infinitespire:Cupcake"],"picked":"Painkiller Herb"},{"not_picked":["bronze:MakeshiftBattery","Honey Jar"],"picked":"SlaversCollar"}],"items_purged_floors":[21,43],"is_endless":false,"potions_floor_spawned":[2,8,9,16,19,23,29,31,33,36,38,40,49],"killed_by":"WA_ARCHETYPE_DIVINITY","ascension_level":0}}