{"host":"uzcks4yhskks9i02","time":1612899673,"event":{"mods":["BaseMod","Minty Spire (QoL Compilation)","Quick Restart"],"gold_per_floor":[368,380,380,26,0,27,27,62,62,62,62],"floor_reached":10,"language":"ENG","playtime":400,"items_purged":[],"score":89,"play_id":"632f00c0-198f-456f-bcbf-1a865627d237","local_time":"20210209124113","is_ascension_mode":true,"campfire_choices":[{"floor":7.0,"key":"REST"}],"circlet_count":0,"master_deck":["Strike_G","Strike_G","Strike_G","Strike_G","Strike_G","Defend_G","Defend_G","Defend_G","Defend_G","Survivor","Neutralize","Catalyst","Leg Sweep","Deadly Poison","Deflect","Dagger Spray","Sucker Punch"],"relics":["Ring of the Snake","The Specimen","Gremlin Horn","Frozen Egg 2","Art of War"],"acts_visited":["Exordium"],"potions_floor_usage":[10],"damage_taken":[{"damage":0.0,"enemies":"2 Louse","floor":1.0,"turns":5.0},{"damage":0.0,"enemies":"Jaw Worm","floor":2.0,"turns":6.0},{"damage":14.0,"enemies":"Gremlin Nob","floor":6.0,"turns":5.0},{"damage":33.0,"enemies":"3 Sentries","floor":8.0,"turns":9.0},{"damage":32,"enemies":"Lagavulin","floor":10,"turns":5}],"seed_played":"-7817693875407094573","potions_obtained":[{"floor":1.0,"key":"SkillPotion"},{"floor":8.0,"key":"FearPotion"}],"is_trial":false,"path_per_floor":["M","M","?","$","$","E","R","E","T","E"],"character_chosen":"THE_SILENT","items_purchased":["The Specimen","Deadly Poison","Deflect"],"campfire_rested":1,"item_purchase_floors":[4,4,5],"current_hp_per_floor":[49,49,42,42,42,28,49,16,16,0,0],"gold":62,"neow_bonus":"TWO_FIFTY_GOLD","is_daily":false,"chose_seed":false,"campfire_upgraded":0,"win_rate":0.0,"timestamp":1612899673,"path_taken":["M","M","?","?","$","E","R","E","T","E"],"items_purchased_type":["Relic","Card","Card"],"build_version":"2020-12-22","purchased_purges":0,"victory":false,"max_hp_per_floor":[70,70,70,70,70,70,70,70,70,70,70],"card_choices":[{"not_picked":["Underhanded Strike","Bouncing Flask"],"picked":"Catalyst","floor":1.0},{"not_picked":["Outmaneuver","Quick Slash"],"picked":"Leg Sweep","floor":2.0},{"not_picked":["Grand Finale","Acrobatics"],"picked":"Dagger Spray","floor":6.0},{"not_picked":["Tactician","Slice"],"picked":"Sucker Punch","floor":8.0}],"player_experience":567005,"relics_obtained":[{"floor":6.0,"key":"Gremlin Horn"},{"floor":8.0,"key":"Frozen Egg 2"},{"floor":9.0,"key":"Art of War"}],"event_choices":[{"cards_removed":["Defend_G"],"damage_healed":0.0,"max_hp_gain":0.0,"max_hp_loss":0.0,"gold_gain":0.0,"event_name":"Golden Wing","player_choice":"Card Removal","floor":3.0,"gold_loss":0.0,"damage_taken":7.0}],"is_beta":false,"boss_relics":[],"items_purged_floors":[],"is_endless":false,"potions_floor_spawned":[1,8],"killed_by":"Lagavulin","ascension_level":4}}