{"host":"9eojso4kl4lidi9b","time":1612836229,"event":{"mods":["BaseMod","Beaked The Cultist","Better Skull","Colored Map","Colored Powertips","Conspire","Downfall","GifTheSpireLib","Minty Spire (QoL Compilation)","Random Character Button","Small Relic Pack","StSLib","Stuff the Spire","The Blackbeard","The Necromancer","The Poker Player","The Wild Card","Trackpad","Unceasing Turn Reminder","Yuri Mod"],"gold_per_floor":[99,114,114,129,144,174,174,174,174,174],"floor_reached":8,"language":"ENG","playtime":262,"items_purged":[],"score":56,"play_id":"ef67a2a1-a2d3-4673-9204-d12f2dd65eaf","local_time":"20210208200349","daily_mods":["Chimera","Time Dilation","downfall:Enraging"],"is_ascension_mode":false,"campfire_choices":[{"data":"Zap","floor":1,"key":"SMITH"}],"circlet_count":0,"master_deck":["Bash","Survivor","Zap+1","Eruption","Strike_R","Strike_G","Strike_B","Defend_R","Defend_G","Defend_P","bronze:CloningBeam","bronze:Iterate","bronze:CutThrough","bronze:Branch"],"relics":["bronze:BronzeCore","StuffTheSpire:Experiment12","StuffTheSpire:HeavyRock"],"acts_visited":["Exordium"],"potions_floor_usage":[],"damage_taken":[{"damage":15,"enemies":"conspire:RoseBush","floor":2,"turns":3},{"damage":6,"enemies":"Cultist","floor":4,"turns":4},{"damage":1,"enemies":"Small Slimes","floor":5,"turns":3},{"damage":32,"enemies":"Gremlin Nob","floor":6,"turns":3},{"damage":20,"enemies":"Lagavulin","floor":8,"turns":3}],"seed_played":"-878916022338446095","potions_obtained":[{"floor":2,"key":"Dexterity Potion"},{"floor":4,"key":"Fire Potion"}],"is_trial":false,"path_per_floor":["R","M","?","M","M","E","T","E"],"character_chosen":"THE_AUTOMATON","items_purchased":[],"campfire_rested":0,"item_purchase_floors":[],"current_hp_per_floor":[70,55,55,49,48,16,16,0,0,0],"gold":174,"neow_bonus":"","is_daily":true,"chose_seed":false,"campfire_upgraded":1,"win_rate":0.0,"timestamp":1612836229,"path_taken":["R","M","?","?","M","E","T","E"],"items_purchased_type":[],"build_version":"2020-12-22","purchased_purges":0,"victory":false,"max_hp_per_floor":[70,70,70,70,70,70,70,70,70,70],"card_choices":[{"not_picked":["bronze:BugBarrage","bronze:DarkDash"],"picked":"bronze:CloningBeam","floor":2},{"not_picked":["bronze:BitShift","bronze:DarkDash"],"picked":"bronze:Iterate","floor":4},{"not_picked":["bronze:Frontload","bronze:Deprecate"],"picked":"bronze:CutThrough","floor":5},{"not_picked":["bronze:WhirlingStrike","bronze:Verify"],"picked":"bronze:Branch","floor":6}],"player_experience":1094171,"relics_obtained":[{"floor":6,"key":"StuffTheSpire:Experiment12"},{"floor":7,"key":"StuffTheSpire:HeavyRock"}],"event_choices":[],"is_beta":false,"boss_relics":[],"items_purged_floors":[],"is_endless":false,"potions_floor_spawned":[2,4],"killed_by":"Lagavulin","ascension_level":0}}