{"host":"rd1rb7bponlbjyoc","time":1612841008,"event":{"mods":["AchievementEnabler","Act Like it!","Bard","BaseMod","Colored Powertips","Custom Start","Duelist Mod","Gensokyo","Hermit","KinomotoSakuraMod(????)","Koishi","Marisa????????","Minty Spire (QoL Compilation)","Prisma Mod","READ ME - Guardian Mod","READ ME - Snecko Mod","Reimu??????","Remilia??????","StSLib","SuperFastMode","Td1madao Mod","The Administrix","The Animator","The Bug Knight","The Construct","The Cursed","The Disciple","The Hierophant","The Jungle","The Necromancer","The Poker Player","The Runesmith","The Senshi","The Servant 0.9.4","The Wild Card","WarShipGirlsR/????R mod","Youmu??????","Yuyuko","everything is the same but u backflip on backflip"],"gold_per_floor":[5113,4243,4263,4213,4236,4268,4288,4316,4316,4333,4350,4363,4363,4376,4376,4477,4477,4494,4404,4424,4437,4449,4482,4493,3657,3680,3696,3727,3744,3764,3796,3796,3891,3891,3909,3909,3909,3197,3212,3237,3237,3568,3568,3558,3558,2841,2851,2862,2862,2832,2832,2832,1733,1764,1724],"floor_reached":56,"language":"ENG","playtime":5182,"items_purged":["Defend_Lin:ReiMu","Strike_Lin:ReiMu","YinYangSign:ReiMu+1","RunawayExorcism:ReiMu","CleanRite:ReiMu"],"score":1333,"play_id":"1b202239-3fd3-4278-aa9c-804b43e61a37","local_time":"20210209135328","is_ascension_mode":false,"campfire_choices":[{"floor":13,"key":"RECALL"},{"data":"MikOfLucky:ReiMu","floor":15,"key":"SMITH"},{"data":"InherentArray:ReiMu","floor":32,"key":"SMITH"},{"data":"Authority:ReiMu","floor":41,"key":"SMITH"},{"data":"PassingAway:ReiMu","floor":45,"key":"SMITH"},{"data":"Free:ReiMu","floor":49,"key":"SMITH"},{"data":"DependentForm:ReiMu","floor":52,"key":"SMITH"}],"circlet_count":0,"master_deck":["Strike_Lin:ReiMu","Defend_Lin:ReiMu+1","NB:ReiMu","Stagnation:ReiMu","InherentArray:ReiMu+1","CleanRite:ReiMu","Sadistic Nature","Revelation:ReiMu","PassingAway:ReiMu+1","Conquer:ReiMu+1","MikOfLucky:ReiMu+1","Amulet:ReiMu","SealNeedle:ReiMu+1","Dreaming:ReiMu+1","PassingAway:ReiMu","OrbThrow:ReiMu+1","FineLineFantasy:ReiMu+1","Authority:ReiMu+1","SpringWay:ReiMu","PassingAway:ReiMu","Determination:ReiMu+1","DependentForm:ReiMu+1","Wraith","RainPray2:ReiMu+1","BarrageOfMoneybags:ReiMu+1","Free:ReiMu+1","Mind Blast+1","NineCharacters:ReiMu","Intuition:ReiMu"],"relics":["FlyPower:ReiMu","Molten Egg 2","Runesmith:AutoHammer","Medical Kit","Dream Catcher","Meat on the Bone","Kunai","Sozu","Ornamental Fan","CrazyTorch:ReiMu","Matryoshka","Lee\u0027s Waffle","Anchor","Mastiff:ReiMu","Bird Faced Urn","Tea:ReiMu","construct:ClawGrip","Regal Pillow","Prayer Wheel","Frozen Eye","Omamori","Old Coin","Nunchaku","Shuriken","Potion Belt","DollysMirror","Pocketwatch","Pantograph","Cauldron","HornCleat"],"acts_visited":["Exordium","TheCity","TheBeyond","TheEnding"],"potions_floor_usage":[],"damage_taken":[{"damage":11,"enemies":"Cultist","floor":1,"turns":7},{"damage":1,"enemies":"Jaw Worm","floor":3,"turns":8},{"damage":32,"enemies":"3 Sentries","floor":6,"turns":13},{"damage":14,"enemies":"2 Louse","floor":7,"turns":4},{"damage":17,"enemies":"Lagavulin","floor":8,"turns":9},{"damage":18,"enemies":"Lots of Slimes","floor":10,"turns":3},{"damage":0,"enemies":"3 Louse","floor":11,"turns":1},{"damage":21,"enemies":"Large Slime","floor":12,"turns":6},{"damage":31,"enemies":"Gremlin Gang","floor":14,"turns":5},{"damage":17,"enemies":"Slime Boss","floor":16,"turns":10},{"damage":0,"enemies":"Spheric Guardian","floor":18,"turns":5},{"damage":20,"enemies":"3 Byrds","floor":20,"turns":6},{"damage":11,"enemies":"Snecko","floor":21,"turns":7},{"damage":23,"enemies":"Chosen and Byrds","floor":22,"turns":7},{"damage":11,"enemies":"theDuelist:KaibaA2","floor":23,"turns":5},{"damage":15,"enemies":"Shelled Parasite and Fungi","floor":24,"turns":7},{"damage":7,"enemies":"Centurion and Healer","floor":27,"turns":6},{"damage":59,"enemies":"Slavers","floor":28,"turns":6},{"damage":8,"enemies":"Snake Plant","floor":29,"turns":5},{"damage":18,"enemies":"Snecko","floor":30,"turns":6},{"damage":3,"enemies":"theDuelist:KaibaA2","floor":31,"turns":7},{"damage":53,"enemies":"Automaton","floor":33,"turns":8},{"damage":16,"enemies":"3 Shapes","floor":35,"turns":4},{"damage":34,"enemies":"3 Darklings","floor":39,"turns":6},{"damage":30,"enemies":"Giant Head","floor":40,"turns":8},{"damage":53,"enemies":"Nemesis","floor":42,"turns":7},{"damage":28,"enemies":"Jaw Worm Horde","floor":47,"turns":6},{"damage":35,"enemies":"Writhing Mass","floor":48,"turns":5},{"damage":65,"enemies":"Donu and Deca","floor":50,"turns":8},{"damage":64,"enemies":"Shield and Spear","floor":54,"turns":6},{"damage":100,"enemies":"The Heart","floor":55,"turns":9}],"seed_played":"5519757904812847520","potions_obtained":[{"floor":1,"key":"BottledKami:ReiMu"},{"floor":7,"key":"EssenceOfSteel"},{"floor":12,"key":"Explosive Potion"},{"floor":16,"key":"LiquidFlight:ReiMu"}],"is_trial":false,"path_per_floor":["M","$","M","?","T","E","M","E","T","M","M","M","R","M","R","B",null,"M","?","M","M","M","E","M","$","T","M","E","M","M","E","R","B",null,"M","?","?","$","M","E","R","E","T","?","R","$","M","M","R","B",null,"R","$","E","B",null],"character_chosen":"REIMU","items_purchased":["Molten Egg 2","Runesmith:AutoHammer","Medical Kit","CleanRite:ReiMu","Sadistic Nature","CrazyTorch:ReiMu","Matryoshka","Lee\u0027s Waffle","PassingAway:ReiMu","Regal Pillow","Prayer Wheel","Frozen Eye","Shuriken","Potion Belt","DollysMirror","Pocketwatch","Pantograph","Cauldron","Mind Blast+1","NineCharacters:ReiMu","Intuition:ReiMu"],"campfire_rested":0,"item_purchase_floors":[2,2,2,2,2,25,25,25,25,38,38,38,46,46,46,53,53,53,53,53,53],"current_hp_per_floor":[59,59,58,58,58,59,45,42,42,59,59,59,59,59,59,42,59,59,59,59,59,59,48,59,66,66,66,62,66,66,63,63,27,66,50,50,50,50,58,36,36,51,51,51,51,51,66,66,66,66,66,66,66,63,50],"gold":1724,"neow_bonus":"REMOVE_TWO","is_daily":false,"chose_seed":false,"campfire_upgraded":6,"win_rate":0.0,"timestamp":1612841008,"path_taken":["M","$","?","?","?","E","M","E","T","M","M","M","R","M","R","BOSS","M","?","?","M","M","E","M","$","T","M","E","M","M","E","R","BOSS","M","?","?","$","?","E","R","E","T","?","R","$","M","M","R","BOSS","R","$","E","BOSS"],"items_purchased_type":["Relic","Relic","Relic","Card","Card","Relic","Relic","Relic","Card","Relic","Relic","Relic","Relic","Relic","Relic","Relic","Relic","Relic","Card","Card","Card"],"build_version":"2020-12-22","purchased_purges":5,"victory":true,"max_hp_per_floor":[59,59,59,59,59,59,59,59,59,59,59,59,59,59,59,59,59,59,59,59,59,59,59,59,66,66,66,66,66,66,66,66,66,66,66,66,66,66,66,66,66,66,66,66,66,66,66,66,66,66,66,66,66,66,66],"card_choices":[{"not_picked":["ForcedLanding:ReiMu","Intuition:ReiMu"],"picked":"InherentArray:ReiMu","floor":1},{"not_picked":["AlertArray:ReiMu","Enchanting:ReiMu"],"picked":"Revelation:ReiMu","floor":3},{"not_picked":["KamiSacrifice:ReiMu","KyokaiOfKami:ReiMu"],"picked":"PassingAway:ReiMu","floor":6},{"not_picked":["PayForSelf:ReiMu+1","OrbThrow:ReiMu+1"],"picked":"Conquer:ReiMu+1","floor":7},{"not_picked":["KamiSacrifice:ReiMu","EmergencyTakeOff:ReiMu","SafetyPray:ReiMu"],"picked":"SKIP","floor":8},{"not_picked":["TightArray:ReiMu+1","WonderfulDomain:ReiMu"],"picked":"MikOfLucky:ReiMu","floor":10},{"not_picked":["AlertArray:ReiMu","ManaGlint:ReiMu+1","Intuition:ReiMu"],"picked":"SKIP","floor":11},{"not_picked":["Enchanting:ReiMu","OrbThrow:ReiMu+1"],"picked":"Amulet:ReiMu","floor":12},{"not_picked":["PhosphorusFlame:ReiMu","CollectionFlower2:ReiMu"],"picked":"SealNeedle:ReiMu+1","floor":14},{"not_picked":["CardOfSanctity:ReiMu","Free:ReiMu"],"picked":"Dreaming:ReiMu+1","floor":16},{"not_picked":["SubcavityInstant:ReiMu","SubAcupoint:ReiMu+1","InherentArray:ReiMu"],"picked":"SKIP","floor":18},{"not_picked":["DoubleButterfly:ReiMu+1","ManaGlint:ReiMu+1"],"picked":"PassingAway:ReiMu","floor":20},{"not_picked":["CareerPray:ReiMu","CollectionFlower2:ReiMu+1"],"picked":"OrbThrow:ReiMu+1","floor":21},{"not_picked":["OctopathBindingBorder2:ReiMu","SubAcupoint:ReiMu+1"],"picked":"FineLineFantasy:ReiMu+1","floor":22},{"not_picked":["SafetyPray:ReiMu","Meditation:ReiMu"],"picked":"Authority:ReiMu","floor":23},{"not_picked":["SubcavityInstant:ReiMu","SpreadBorder2:ReiMu"],"picked":"SpringWay:ReiMu","floor":24},{"not_picked":["PhosphorusFlame:ReiMu","Amulet:ReiMu+1","WonderfulDomain:ReiMu"],"picked":"SKIP","floor":27},{"not_picked":["MikOfLucky:ReiMu","PhosphorusFlame:ReiMu"],"picked":"Determination:ReiMu+1","floor":28},{"not_picked":["AirManeuver:ReiMu","OrbThrow:ReiMu+1","SubAcupoint:ReiMu+1"],"picked":"SKIP","floor":29},{"not_picked":["OctopathBindingBorder2:ReiMu","Conquer:ReiMu+1","PassingAway:ReiMu"],"picked":"SKIP","floor":30},{"not_picked":["MikOfLucky:ReiMu","SubcavityInstant:ReiMu+1","SubAcupoint:ReiMu+1"],"picked":"SKIP","floor":31},{"not_picked":["KyokaiOfKami:ReiMu","KamiRite:ReiMu"],"picked":"DependentForm:ReiMu","floor":33},{"not_picked":["FineLineFantasy:ReiMu","Meditation:ReiMu+1","DoubleButterfly:ReiMu+1"],"picked":"SKIP","floor":35},{"not_picked":["PassingAway:ReiMu","OctopathBindingBorder2:ReiMu"],"picked":"RainPray2:ReiMu+1","floor":39},{"not_picked":["CareerPray:ReiMu","Enchanting:ReiMu+1","Crusade:ReiMu+1"],"picked":"SKIP","floor":39},{"not_picked":["OrbThrow:ReiMu+1","SpiritualOutbreak2:ReiMu+1"],"picked":"BarrageOfMoneybags:ReiMu+1","floor":40},{"not_picked":["EmergencyTakeOff:ReiMu","Meditation:ReiMu+1"],"picked":"Free:ReiMu","floor":42},{"not_picked":["AlertArray:ReiMu+1","Mountainwind:ReiMu+1","YinYangSign:ReiMu+1"],"picked":"SKIP","floor":47},{"not_picked":["UpKicking:ReiMu+1","Revelation:ReiMu+1","YinYangSign:ReiMu+1"],"picked":"SKIP","floor":47},{"not_picked":["FineLineFantasy:ReiMu+1","SpiritualOutbreak2:ReiMu+1","SubAcupoint:ReiMu+1"],"picked":"SKIP","floor":48},{"not_picked":["SpreadBorder2:ReiMu","SealNeedle:ReiMu+1","BarrageOfMoneybags:ReiMu+1"],"picked":"SKIP","floor":48},{"not_picked":["Amulet:ReiMu","CareerPray:ReiMu","Conquer:ReiMu+1"],"picked":"SKIP","floor":54}],"player_experience":49883,"relics_obtained":[{"floor":6,"key":"Dream Catcher"},{"floor":8,"key":"Meat on the Bone"},{"floor":9,"key":"Kunai"},{"floor":23,"key":"Ornamental Fan"},{"floor":26,"key":"Anchor"},{"floor":26,"key":"Mastiff:ReiMu"},{"floor":28,"key":"Bird Faced Urn"},{"floor":31,"key":"Tea:ReiMu"},{"floor":40,"key":"Omamori"},{"floor":42,"key":"Old Coin"},{"floor":43,"key":"Nunchaku"},{"floor":54,"key":"HornCleat"}],"event_choices":[{"cards_removed":["Strike_Lin:ReiMu"],"damage_healed":0,"gold_gain":0,"player_choice":"Card Removal","damage_taken":0,"max_hp_gain":0,"max_hp_loss":0,"event_name":"The Cleric","floor":4,"gold_loss":50},{"cards_removed":["Defend_Lin:ReiMu"],"damage_healed":0,"gold_gain":0,"player_choice":"Upgrade and Remove","damage_taken":0,"max_hp_gain":0,"max_hp_loss":0,"event_name":"Designer","floor":19,"gold_loss":90,"cards_upgraded":["Defend_Lin:ReiMu"]},{"damage_healed":0,"gold_gain":0,"player_choice":"Ignored","damage_taken":0,"max_hp_gain":0,"max_hp_loss":0,"event_name":"OrinTheCat","floor":36,"gold_loss":0},{"damage_healed":0,"gold_gain":0,"player_choice":"2 cards matched","damage_taken":0,"max_hp_gain":0,"max_hp_loss":0,"event_name":"Match and Keep!","floor":37,"gold_loss":0,"cards_obtained":["RunawayExorcism:ReiMu","YinYangSign:ReiMu"]}],"is_beta":false,"boss_relics":[{"not_picked":["Snecko Eye","Calling Bell"],"picked":"Sozu"},{"not_picked":["Cursed Key","SlaversCollar"],"picked":"construct:ClawGrip"}],"items_purged_floors":[2,25,38,46,53],"is_endless":false,"potions_floor_spawned":[1,7,12,16,18,21,23,24,30,31,33,40,47,48],"ascension_level":0}}