{"host":"4par9lyhj7bf4dsa","time":1612847177,"event":{"mods":["AchievementEnabler","BaseMod","Minty Spire (QoL Compilation)","Relic Stats","StSLib"],"gold_per_floor":[110,120,134,150,2,2,32,32,32,63,238,256,289,289,289,413,413,424,442,32,32,43,74,74,116,140,140,149,149,149],"floor_reached":29,"language":"ENG","playtime":1888,"items_purged":["Strike_R","Strike_R"],"score":379,"play_id":"b3f49778-ec86-4ae4-8498-d3c456276b02","local_time":"20210209160617","is_ascension_mode":true,"campfire_choices":[{"data":"Pommel Strike","floor":6.0,"key":"SMITH"},{"data":"Sever Soul","floor":8.0,"key":"SMITH"},{"data":"Demon Form","floor":15.0,"key":"SMITH"},{"data":"Immolate","floor":24,"key":"SMITH"}],"circlet_count":0,"master_deck":["Strike_R+1","Strike_R+1","Strike_R+1","Defend_R+1","Defend_R+1","Defend_R+1","Defend_R+1","Bash+1","Sever Soul+1","Feel No Pain","Pommel Strike+1","Demon Form+1","Doubt","Sword Boomerang","Cleave","Immolate+1","Warcry+1","Writhe","Clothesline","Pummel+1","Metallicize","Entrench"],"relics":["Burning Blood","Thread and Needle","Blue Candle","Sundial","Coffee Dripper","Ginger","Bronze Scales","Regal Pillow","CeramicFish","Omamori"],"acts_visited":["TheCity"],"potions_floor_usage":[25,25],"damage_taken":[{"damage":1.0,"enemies":"Cultist","floor":1.0,"turns":3.0},{"damage":10.0,"enemies":"Small Slimes","floor":2.0,"turns":5.0},{"damage":3.0,"enemies":"2 Louse","floor":3.0,"turns":2.0},{"damage":7.0,"enemies":"Looter","floor":4.0,"turns":3.0},{"damage":16.0,"enemies":"Lagavulin","floor":7.0,"turns":4.0},{"damage":15.0,"enemies":"3 Sentries","floor":10.0,"turns":8.0},{"damage":3.0,"enemies":"Lots of Slimes","floor":12.0,"turns":2.0},{"damage":16.0,"enemies":"Lagavulin","floor":13.0,"turns":5.0},{"damage":21.0,"enemies":"The Guardian","floor":16.0,"turns":10.0},{"damage":0.0,"enemies":"Chosen","floor":18.0,"turns":3.0},{"damage":8.0,"enemies":"3 Byrds","floor":19.0,"turns":5.0},{"damage":16,"enemies":"Centurion and Healer","floor":22,"turns":5},{"damage":50,"enemies":"Book of Stabbing","floor":23,"turns":5},{"damage":14,"enemies":"Slavers","floor":25,"turns":4},{"damage":13,"enemies":"3 Cultists","floor":29,"turns":3}],"seed_played":"-8945456830856387728","potions_obtained":[{"floor":2.0,"key":"Explosive Potion"},{"floor":3.0,"key":"FairyPotion"},{"floor":4.0,"key":"SpeedPotion"},{"floor":14.0,"key":"DistilledChaos"},{"floor":14.0,"key":"Dexterity Potion"},{"floor":14.0,"key":"ColorlessPotion"},{"floor":16.0,"key":"ElixirPotion"},{"floor":18.0,"key":"Strength Potion"},{"floor":25,"key":"ColorlessPotion"}],"is_trial":false,"path_per_floor":["M","M","M","M","$","R","E","R","T","E","?","M","E","?","R","B",null,"M","M","$","?","M","E","R","E","T","?","?","M"],"character_chosen":"IRONCLAD","items_purchased":["LiquidMemories","Ginger"],"campfire_rested":0,"item_purchase_floors":[5,20],"current_hp_per_floor":[77,73,76,75,75,75,65,65,65,56,56,59,49,49,49,34,69,75,73,73,73,63,19,19,11,11,11,11,0,0],"gold":149,"neow_bonus":"UPGRADE_CARD","is_daily":false,"chose_seed":false,"campfire_upgraded":4,"win_rate":0.0,"timestamp":1612847177,"path_taken":["M","?","M","M","$","R","E","R","T","E","?","M","E","?","R","BOSS","M","M","$","?","M","E","R","E","T","?","?","M"],"items_purchased_type":["Potion","Relic"],"build_version":"2020-12-22","purchased_purges":2,"victory":false,"max_hp_per_floor":[80,80,80,80,80,80,80,80,80,80,80,80,80,80,80,80,80,80,80,80,80,80,80,80,80,80,80,80,80,80],"relic_stats":{"Regal Pillow":0,"counters":[11,54],"Sundial":[4],"Blue Candle":[7],"Bronze Scales":[63],"CeramicFish":18,"Ginger":[3],"obtain_stats":[{"Regal Pillow":23,"Sundial":10,"Blue Candle":9,"Bronze Scales":21,"CeramicFish":25,"Thread and Needle":7,"Coffee Dripper":17,"Omamori":26,"Ginger":20,"Burning Blood":0},{"Regal Pillow":9,"Sundial":2,"Blue Candle":1,"Bronze Scales":7,"CeramicFish":10,"Thread and Needle":1,"Coffee Dripper":5,"Omamori":10,"Ginger":7,"Burning Blood":0},{"Regal Pillow":47,"Sundial":12,"Blue Candle":4,"Bronze Scales":37,"CeramicFish":51,"Thread and Needle":4,"Coffee Dripper":29,"Omamori":51,"Ginger":37,"Burning Blood":0}],"Burning Blood":60},"card_choices":[{"not_picked":["Clothesline","Dark Embrace"],"picked":"Reckless Charge","floor":1.0},{"not_picked":["Bloodletting","Body Slam"],"picked":"Sever Soul","floor":2.0},{"not_picked":["Iron Wave","Warcry"],"picked":"Feel No Pain","floor":3.0},{"not_picked":["Flex","Warcry"],"picked":"Pommel Strike","floor":4.0},{"not_picked":["Wild Strike","Rampage","Perfected Strike"],"picked":"SKIP","floor":7.0},{"not_picked":["Thunderclap","Metallicize"],"picked":"Demon Form","floor":10.0},{"not_picked":["Warcry","Combust"],"picked":"Sword Boomerang","floor":12.0},{"not_picked":["Sword Boomerang","Iron Wave"],"picked":"Cleave","floor":13.0},{"not_picked":["Exhume","Demon Form"],"picked":"Immolate","floor":16.0},{"not_picked":["Thunderclap","Heavy Blade+1"],"picked":"Warcry+1","floor":18.0},{"not_picked":["Clash+1","Exhume","Body Slam"],"picked":"SKIP","floor":19},{"not_picked":["Anger","Pummel"],"picked":"Clothesline","floor":22},{"not_picked":["Thunderclap","Battle Trance"],"picked":"Pummel+1","floor":23},{"not_picked":["Infernal Blade+1","Warcry"],"picked":"Metallicize","floor":25}],"player_experience":1018481,"relics_obtained":[{"floor":7.0,"key":"Thread and Needle"},{"floor":9.0,"key":"Blue Candle"},{"floor":10.0,"key":"Sundial"},{"floor":23,"key":"Regal Pillow"},{"floor":25,"key":"CeramicFish"},{"floor":26,"key":"Omamori"}],"event_choices":[{"damage_healed":0.0,"max_hp_gain":0.0,"max_hp_loss":0.0,"gold_gain":175.0,"event_name":"Liars Game","player_choice":"AGREE","floor":11.0,"gold_loss":0.0,"damage_taken":0.0,"cards_obtained":["Doubt"]},{"damage_healed":0.0,"max_hp_gain":0.0,"max_hp_loss":0.0,"gold_gain":0.0,"event_name":"Lab","player_choice":"Got Potions","floor":14.0,"gold_loss":0.0,"damage_taken":0.0},{"damage_healed":0,"gold_gain":0,"player_choice":"Opened","damage_taken":0,"relics_obtained":["Bronze Scales"],"max_hp_gain":0,"max_hp_loss":0,"event_name":"The Mausoleum","floor":21,"gold_loss":0,"cards_obtained":["Writhe"]},{"damage_healed":0,"gold_gain":0,"player_choice":"Simplicity","damage_taken":0,"max_hp_gain":0,"max_hp_loss":0,"event_name":"Back to Basics","floor":27,"gold_loss":0,"cards_upgraded":["Strike_R","Strike_R","Strike_R","Defend_R","Defend_R","Defend_R","Defend_R"]},{"damage_healed":0,"gold_gain":0,"cards_transformed":["Reckless Charge"],"player_choice":"Transformed","damage_taken":0,"max_hp_gain":0,"max_hp_loss":0,"event_name":"Transmorgrifier","floor":28,"gold_loss":0,"cards_obtained":["Entrench"]}],"is_beta":false,"boss_relics":[{"not_picked":["SacredBark","Runic Dome"],"picked":"Coffee Dripper"}],"items_purged_floors":[5,20],"is_endless":false,"potions_floor_spawned":[2,3,4,16,18,25],"killed_by":"3 Cultists","ascension_level":7}}