{"host":"v3qphhcqhwfpabne","time":1612849858,"event":{"mods":["100% Spire Juice","2.2 Compatiblity","AchievementEnabler","BaseMod","CapriCore","DeckTracker","KinomotoSakuraMod(ÙÊñýÜâ?)","Koishi","Marisa£¨Ùöéë¡¡Øª×âÞÞ£©","Minty Spire (QoL Compilation)","Permanent Neow","Prisma Mod","StSLib","Td1madao Mod","The Bug Knight","The Cursed","The Immortal","The Runesmith","WarShipGirlsR/??á´Ò³R mod"],"gold_per_floor":[119,139,414,433,445,445,455,468,494,494,506,24,44,44,44,145,145,164,164,183,200,200,200,200,100,100,120,131,131,6,24,24,24,24],"floor_reached":33,"language":"KOR","playtime":1145,"items_purged":["Strike_R","Regret","Strike_R"],"score":267,"play_id":"8d6a54f7-14c7-4d58-9be6-eaabb2df304e","local_time":"20210209145058","is_ascension_mode":true,"campfire_choices":[{"data":"Fire Breathing","floor":6,"key":"SMITH"},{"data":"Armaments","floor":10,"key":"SMITH"},{"floor":15,"key":"REST"},{"floor":23,"key":"REST"},{"data":"Body Slam","floor":29,"key":"SMITH"},{"floor":32,"key":"REST"}],"circlet_count":0,"master_deck":["Strike_R","Strike_R","Strike_R","Defend_R","Defend_R","Defend_R","Defend_R","Bash","Feed","Sentinel","Fire Breathing+1","Wild Strike","Reckless Charge","Armaments+1","Warcry","Apotheosis+1","Feed","Fire Breathing","Warcry","Immolate","Wild Strike","Shame","Body Slam+1"],"relics":["Burning Blood","Philosopher\u0027s Stone","MealTicket","Nilry\u0027s Codex","Bag of Preparation","Red Skull"],"acts_visited":["Exordium","TheCity"],"potions_floor_usage":[28,28,33,33],"damage_taken":[{"damage":11,"enemies":"2 Louse","floor":1,"turns":4},{"damage":1,"enemies":"Cultist","floor":2,"turns":3},{"damage":16,"enemies":"Small Slimes","floor":4,"turns":4},{"damage":6,"enemies":"Red Slaver","floor":5,"turns":4},{"damage":11,"enemies":"2 Fungi Beasts","floor":7,"turns":3},{"damage":15,"enemies":"Large Slime","floor":8,"turns":4},{"damage":9,"enemies":"Red Slaver","floor":11,"turns":3},{"damage":17,"enemies":"Blue Slaver","floor":13,"turns":3},{"damage":50,"enemies":"Hexaghost","floor":16,"turns":8},{"damage":14,"enemies":"Chosen","floor":18,"turns":4},{"damage":31,"enemies":"Shell Parasite","floor":20,"turns":5},{"damage":22,"enemies":"3 Cultists","floor":21,"turns":5},{"damage":22,"enemies":"Sentry and Sphere","floor":27,"turns":4},{"damage":21,"enemies":"Chosen and Byrds","floor":28,"turns":3},{"damage":33,"enemies":"Snecko","floor":31,"turns":4},{"damage":84,"enemies":"Champ","floor":33,"turns":9}],"seed_played":"2157174709864840614","potions_obtained":[{"floor":4,"key":"BloodPotion"},{"floor":5,"key":"ColorlessPotion"},{"floor":8,"key":"BlessingOfTheForge"},{"floor":31,"key":"Block Potion"}],"is_trial":false,"path_per_floor":["M","M","?","M","M","R","M","M","T","R","M","$","M","?","R","B",null,"M","?","M","M","?","R","?","$","T","M","M","R","$","M","R","B"],"character_chosen":"IRONCLAD","items_purchased":["Apotheosis","Feed","Fire Breathing"],"campfire_rested":3,"item_purchase_floors":[12,12,12],"current_hp_per_floor":[75,80,80,70,70,70,68,59,59,59,56,56,45,45,69,25,83,75,75,50,34,18,42,42,57,57,45,47,47,62,35,61,0,0],"gold":24,"neow_bonus":"ONE_RANDOM_RARE_CARD","is_daily":false,"chose_seed":false,"campfire_upgraded":3,"win_rate":0.0,"timestamp":1612849858,"path_taken":["M","M","?","M","M","R","?","M","T","R","?","$","M","?","R","BOSS","M","?","M","M","?","R","?","$","T","M","M","R","$","M","R","BOSS"],"items_purchased_type":["Card","Card","Card"],"build_version":"2020-12-22","purchased_purges":3,"victory":false,"max_hp_per_floor":[80,80,80,80,80,80,83,83,83,83,83,83,83,83,83,83,83,83,83,83,83,83,83,83,83,83,87,87,87,87,87,87,87,87],"card_choices":[{"not_picked":["Thunderclap","Cleave"],"picked":"Sentinel","floor":1},{"not_picked":["Shockwave","Body Slam"],"picked":"Fire Breathing","floor":2},{"not_picked":["Armaments","Pummel"],"picked":"Wild Strike","floor":4},{"not_picked":["Heavy Blade","Twin Strike"],"picked":"Reckless Charge","floor":5},{"not_picked":["Dropkick","Entrench","Heavy Blade"],"picked":"SKIP","floor":7},{"not_picked":["Anger","Flex"],"picked":"Armaments","floor":8},{"not_picked":["Feel No Pain","Havoc"],"picked":"Warcry","floor":11},{"not_picked":["Pummel","Flex"],"picked":"Warcry","floor":13},{"not_picked":["Demon Form","Exhume"],"picked":"Immolate","floor":16},{"not_picked":["Perfected Strike","Headbutt"],"picked":"Wild Strike","floor":18},{"not_picked":["Blood for Blood","Shrug It Off","Clothesline"],"picked":"SKIP","floor":20},{"not_picked":["Blood for Blood+1","Limit Break","Clothesline"],"picked":"SKIP","floor":21},{"not_picked":["Pommel Strike","Warcry","Headbutt"],"picked":"SKIP","floor":27},{"not_picked":["Havoc","Blood for Blood"],"picked":"Body Slam","floor":28},{"not_picked":["Twin Strike","Hemokinesis+1","Iron Wave"],"picked":"SKIP","floor":31}],"player_experience":134272,"relics_obtained":[{"floor":22,"key":"Nilry\u0027s Codex"},{"floor":26,"key":"Red Skull"}],"event_choices":[{"damage_healed":0,"gold_gain":275,"player_choice":"Desecrate","damage_taken":0,"max_hp_gain":0,"max_hp_loss":0,"event_name":"Golden Shrine","floor":3,"gold_loss":0,"cards_obtained":["Regret"]},{"damage_healed":0,"gold_gain":0,"player_choice":"Upgraded","damage_taken":0,"max_hp_gain":0,"max_hp_loss":0,"event_name":"Upgrade Shrine","floor":14,"gold_loss":0,"cards_upgraded":["Apotheosis"]},{"damage_healed":0,"gold_gain":0,"player_choice":"Opened","damage_taken":0,"relics_obtained":["MealTicket"],"max_hp_gain":0,"max_hp_loss":0,"event_name":"The Mausoleum","floor":19,"gold_loss":0},{"damage_healed":0,"gold_gain":0,"player_choice":"Obtained Book","damage_taken":16,"max_hp_gain":0,"max_hp_loss":0,"event_name":"Cursed Tome","floor":22,"gold_loss":0},{"damage_healed":0,"gold_gain":0,"player_choice":"Stole Relic","damage_taken":0,"relics_obtained":["Bag of Preparation"],"max_hp_gain":0,"max_hp_loss":0,"event_name":"Addict","floor":24,"gold_loss":0,"cards_obtained":["Shame"]}],"is_beta":false,"boss_relics":[{"not_picked":["SacredBark","Sozu"],"picked":"Philosopher\u0027s Stone"}],"items_purged_floors":[12,25,30],"is_endless":false,"potions_floor_spawned":[4,5,8,13,20,27,31],"killed_by":"Champ","ascension_level":2}}