{"host":"c6u7e77myxvw4d0m","time":1612855387,"event":{"mods":["AchievementEnabler","BaseMod","Bestiary","Colored Map","Colored Powertips","Minty Spire (QoL Compilation)","Rare Cards Sparkle","Relic Stats","everything is the same but u backflip on backflip"],"gold_per_floor":[11,21,21,40,56,95,95,115,183,183,220,220,240,262,262,348,348,348,348,348,4,4,4,4,4,4,4,0,0,0,0,0,0,0,0,0,0,0,0,0,0,0,0,0,0],"floor_reached":44,"language":"ENG","playtime":2582,"items_purged":[],"score":1026,"play_id":"b33a637e-d039-4d44-9340-0ae1951e32a8","local_time":"20210209092307","is_ascension_mode":true,"campfire_choices":[{"data":"Poisoned Stab","floor":7,"key":"SMITH"},{"floor":10,"key":"REST"},{"data":"Blade Dance","floor":12,"key":"SMITH"},{"data":"Well Laid Plans","floor":15,"key":"SMITH"},{"data":"Neutralize","floor":23,"key":"SMITH"},{"floor":25,"key":"REST"},{"data":"Die Die Die","floor":27,"key":"SMITH"},{"data":"Bouncing Flask","floor":29,"key":"SMITH"},{"data":"Catalyst","floor":32,"key":"SMITH"},{"data":"A Thousand Cuts","floor":40,"key":"SMITH"},{"data":"Deadly Poison","floor":42,"key":"SMITH"}],"circlet_count":0,"master_deck":["AscendersBane","Defend_G","Defend_G","Defend_G","Defend_G","Defend_G","Survivor","Neutralize+1","Slice+1","Terror","Poisoned Stab+1","Bouncing Flask+1","Sucker Punch","Flying Knee+1","Deadly Poison+1","Blade Dance+1","All Out Attack","Leg Sweep","Well Laid Plans+1","Die Die Die+1","Backflip","Catalyst+1","Bane","A Thousand Cuts+1","Backflip","PiercingWail","Prepared","Parasite","Backflip+1","Tools of the Trade"],"relics":["Ring of the Snake","CeramicFish","The Courier","Ginger","Ectoplasm","Eternal Feather","Whetstone","Bottled Lightning","Potion Belt","Empty Cage","White Beast Statue"],"acts_visited":["Exordium","TheCity","TheBeyond"],"potions_floor_usage":[4,5,6,6,11,13,16,33,35,44,44],"damage_taken":[{"damage":1,"enemies":"Small Slimes","floor":1,"turns":4},{"damage":0,"enemies":"Cultist","floor":2,"turns":4},{"damage":0,"enemies":"2 Louse","floor":4,"turns":2},{"damage":0,"enemies":"2 Fungi Beasts","floor":5,"turns":2},{"damage":33,"enemies":"Gremlin Nob","floor":6,"turns":4},{"damage":4,"enemies":"Large Slime","floor":8,"turns":6},{"damage":11,"enemies":"Lagavulin","floor":11,"turns":5},{"damage":7,"enemies":"Exordium Wildlife","floor":13,"turns":4},{"damage":5,"enemies":"Gremlin Gang","floor":14,"turns":3},{"damage":0,"enemies":"Hexaghost","floor":16,"turns":7},{"damage":23,"enemies":"Shell Parasite","floor":18,"turns":5},{"damage":15,"enemies":"3 Byrds","floor":20,"turns":5},{"damage":8,"enemies":"Snecko","floor":30,"turns":4},{"damage":28,"enemies":"Slavers","floor":31,"turns":4},{"damage":43,"enemies":"Champ","floor":33,"turns":11},{"damage":43,"enemies":"3 Darklings","floor":35,"turns":8},{"damage":0,"enemies":"3 Shapes","floor":36,"turns":3},{"damage":13,"enemies":"Writhing Mass","floor":39,"turns":6},{"damage":24,"enemies":"4 Shapes","floor":41,"turns":8},{"damage":83,"enemies":"Giant Head","floor":44,"turns":7}],"seed_played":"-7949951638426286208","potions_obtained":[{"floor":3,"key":"Swift Potion"},{"floor":3,"key":"Fruit Juice"},{"floor":4,"key":"AttackPotion"},{"floor":5,"key":"Block Potion"},{"floor":6,"key":"SkillPotion"},{"floor":13,"key":"Fruit Juice"},{"floor":14,"key":"ColorlessPotion"},{"floor":20,"key":"SpeedPotion"},{"floor":33,"key":"Weak Potion"},{"floor":36,"key":"SpeedPotion"},{"floor":39,"key":"EssenceOfSteel"},{"floor":41,"key":"SpeedPotion"}],"is_trial":false,"path_per_floor":["M","M","?","M","M","E","R","M","T","R","E","R","M","M","R","B",null,"M","?","M","$","?","R","?","R","T","R","?","R","M","E","R","B",null,"M","M","?","?","M","R","M","R","T","E"],"character_chosen":"THE_SILENT","items_purchased":["Eternal Feather","Whetstone"],"campfire_rested":2,"item_purchase_floors":[21,21],"current_hp_per_floor":[58,58,58,63,63,30,30,26,26,47,36,36,34,29,29,29,64,41,41,26,26,17,29,7,43,43,55,55,67,59,31,46,3,62,19,19,66,66,53,66,42,60,60,0,0],"gold":0,"neow_bonus":"TRANSFORM_TWO_CARDS","is_daily":false,"chose_seed":false,"campfire_upgraded":9,"win_rate":0.0,"timestamp":1612855387,"path_taken":["M","M","?","M","M","E","R","?","T","R","E","R","M","M","R","BOSS","M","?","M","$","?","R","?","R","T","R","?","R","M","E","R","BOSS","M","M","?","?","M","R","M","R","T","E"],"items_purchased_type":["Relic","Relic"],"build_version":"2020-12-22","purchased_purges":0,"victory":false,"max_hp_per_floor":[66,66,66,71,71,71,71,71,71,71,71,71,76,76,76,76,76,76,76,76,76,76,76,81,81,81,81,81,81,81,81,81,81,81,81,81,66,66,66,66,66,66,66,66,66],"relic_stats":{"counters":[20,102],"CeramicFish":54,"Eternal Feather":94,"Ectoplasm":290,"Ginger":[14],"Whetstone":["Slice","Flying Knee"],"obtain_stats":[{"Potion Belt":31,"CeramicFish":6,"Eternal Feather":21,"The Courier":9,"Ectoplasm":17,"Ginger":11,"Whetstone":21,"Bottled Lightning":26,"Empty Cage":34,"White Beast Statue":43,"Ring of the Snake":0},{"Potion Belt":14,"CeramicFish":5,"Eternal Feather":12,"The Courier":6,"Ectoplasm":10,"Ginger":7,"Whetstone":12,"Bottled Lightning":12,"Empty Cage":15,"White Beast Statue":19,"Ring of the Snake":0},{"Potion Belt":59,"CeramicFish":16,"Eternal Feather":51,"The Courier":22,"Ectoplasm":41,"Ginger":27,"Whetstone":51,"Bottled Lightning":51,"Empty Cage":70,"White Beast Statue":95,"Ring of the Snake":0}],"Ring of the Snake":[40]},"card_choices":[{"not_picked":["Prepared","Calculated Gamble"],"picked":"Poisoned Stab","floor":1},{"not_picked":["Backstab","Escape Plan"],"picked":"Bouncing Flask","floor":2},{"not_picked":["Endless Agony","Cloak And Dagger"],"picked":"Sucker Punch","floor":4},{"not_picked":["Accuracy","Deflect"],"picked":"Flying Knee","floor":5},{"not_picked":["Calculated Gamble","Outmaneuver"],"picked":"Deadly Poison","floor":6},{"not_picked":["Escape Plan","Masterful Stab"],"picked":"Blade Dance","floor":8},{"not_picked":["Riddle With Holes","Flying Knee"],"picked":"All Out Attack","floor":11},{"not_picked":["PiercingWail","Concentrate"],"picked":"Leg Sweep","floor":13},{"not_picked":["Dagger Spray","Sucker Punch"],"picked":"Well Laid Plans","floor":14},{"not_picked":["Storm of Steel","Malaise"],"picked":"Die Die Die","floor":16},{"not_picked":["Dagger Spray","Flying Knee"],"picked":"Backflip","floor":18},{"not_picked":["Expertise","Poisoned Stab","Distraction+1"],"picked":"SKIP","floor":20},{"not_picked":["Acrobatics","Predator"],"picked":"Catalyst","floor":30},{"not_picked":["Accuracy","Deflect"],"picked":"Bane","floor":31},{"not_picked":["Die Die Die","Night Terror"],"picked":"A Thousand Cuts","floor":33},{"not_picked":["Outmaneuver","Sucker Punch+1"],"picked":"Backflip","floor":35},{"not_picked":["Bane","Dodge and Roll+1"],"picked":"PiercingWail","floor":36},{"not_picked":["Riddle With Holes","Eviscerate"],"picked":"Backflip+1","floor":39},{"not_picked":["Acrobatics+1","Infinite Blades"],"picked":"Tools of the Trade","floor":41}],"player_experience":737286,"relics_obtained":[{"floor":6,"key":"CeramicFish"},{"floor":9,"key":"The Courier"},{"floor":11,"key":"Ginger"},{"floor":26,"key":"Bottled Lightning"},{"floor":31,"key":"Potion Belt"},{"floor":43,"key":"White Beast Statue"}],"event_choices":[{"damage_healed":0,"gold_gain":0,"player_choice":"Got Potions","damage_taken":0,"max_hp_gain":0,"max_hp_loss":0,"event_name":"Lab","floor":3,"gold_loss":0},{"damage_healed":0,"gold_gain":0,"player_choice":"Ignored","damage_taken":0,"max_hp_gain":0,"max_hp_loss":0,"event_name":"Vampires","floor":19,"gold_loss":0},{"damage_healed":0,"gold_gain":0,"player_choice":"Stopped","damage_taken":9,"max_hp_gain":0,"max_hp_loss":0,"event_name":"Cursed Tome","floor":22,"gold_loss":0},{"damage_healed":0,"gold_gain":0,"player_choice":"Shed Blood","damage_taken":27,"max_hp_gain":5,"max_hp_loss":0,"event_name":"Forgotten Altar","floor":24,"gold_loss":0},{"damage_healed":0,"gold_gain":0,"player_choice":"Paid Fearfully","damage_taken":0,"max_hp_gain":0,"max_hp_loss":0,"event_name":"Masked Bandits","floor":28,"gold_loss":4},{"damage_healed":66,"gold_gain":0,"player_choice":"Heal","damage_taken":0,"max_hp_gain":0,"max_hp_loss":15,"event_name":"The Moai Head","floor":37,"gold_loss":0},{"damage_healed":0,"gold_gain":0,"cards_transformed":["Strike_G"],"player_choice":"Transformed","damage_taken":0,"max_hp_gain":0,"max_hp_loss":0,"event_name":"Transmorgrifier","floor":38,"gold_loss":0,"cards_obtained":["Prepared"]}],"is_beta":false,"boss_relics":[{"not_picked":["Runic Dome","SacredBark"],"picked":"Ectoplasm"},{"not_picked":["HoveringKite","Sozu"],"picked":"Empty Cage"}],"items_purged_floors":[],"is_endless":false,"potions_floor_spawned":[4,5,6,13,14,20,33,36,39,41],"killed_by":"Giant Head","ascension_level":20}}