{"host":"prxrhpgaxnj4om9r","time":1612839342,"event":{"mods":["AchievementEnabler","BaseMod","DeckTracker","Keyboard Shortcuts","Minty Spire (QoL Compilation)"],"gold_per_floor":[215,215,22,97,97,97,128,53,53,71,71,71,90,109,109,229,229,243,243,268,90,90,125,143,143,170,185,209,209,209],"floor_reached":29,"language":"KOR","playtime":1192,"items_purged":["Injury"],"score":243,"play_id":"593660bc-c43e-429b-8006-d9a972c15d74","local_time":"20210209115542","is_ascension_mode":false,"campfire_choices":[{"data":"Dualcast","floor":12,"key":"SMITH"},{"data":"Double Energy","floor":15,"key":"SMITH"},{"floor":25,"key":"REST"}],"circlet_count":0,"master_deck":["Strike_B","Strike_B","Strike_B","Strike_B","Defend_B","Defend_B","Defend_B","Defend_B","Zap+1","Dualcast+1","Beam Cell","Doom and Gloom","Conserve Battery","Chaos+1","Double Energy+1","Gash","Core Surge","Cold Snap","Cold Snap+1","Static Discharge","Stack","Capacitor+1","Leap","Compile Driver"],"relics":["Cracked Core","Golden Idol","PreservedInsect","Nunchaku","Mummified Hand","Black Star","Blood Vial","Anchor","StrikeDummy","Smiling Mask"],"acts_visited":["Exordium","TheCity"],"potions_floor_usage":[14,16,16,23,27],"damage_taken":[{"damage":11,"enemies":"Jaw Worm","floor":1,"turns":3},{"damage":12,"enemies":"3 Sentries","floor":7,"turns":5},{"damage":0,"enemies":"2 Louse","floor":10,"turns":3},{"damage":0,"enemies":"Small Slimes","floor":13,"turns":2},{"damage":0,"enemies":"Red Slaver","floor":14,"turns":3},{"damage":26,"enemies":"Hexaghost","floor":16,"turns":8},{"damage":15,"enemies":"2 Thieves","floor":18,"turns":4},{"damage":31,"enemies":"3 Byrds","floor":20,"turns":6},{"damage":34,"enemies":"Book of Stabbing","floor":23,"turns":4},{"damage":6,"enemies":"Cultist and Chosen","floor":24,"turns":6},{"damage":3,"enemies":"Snake Plant","floor":27,"turns":6},{"damage":18,"enemies":"Sentry and Sphere","floor":28,"turns":6},{"damage":18,"enemies":"Cultist and Chosen","floor":29,"turns":3}],"seed_played":"6083768809237236501","potions_obtained":[{"floor":7,"key":"PowerPotion"},{"floor":10,"key":"Swift Potion"},{"floor":13,"key":"FocusPotion"},{"floor":20,"key":"Regen Potion"},{"floor":24,"key":"FocusPotion"}],"is_trial":false,"path_per_floor":["M","?","$","?","?","?","E","$","T","M","?","R","M","M","R","B",null,"M","?","M","$","?","E","M","R","T","M","M","M"],"character_chosen":"DEFECT","items_purchased":["PreservedInsect","Doom and Gloom","Static Discharge","Blood Vial"],"campfire_rested":1,"item_purchase_floors":[3,3,21,21],"current_hp_per_floor":[64,64,64,53,53,53,41,41,41,41,41,41,41,41,41,15,75,60,60,29,29,29,9,5,27,27,26,10,0,0],"gold":209,"neow_bonus":"HUNDRED_GOLD","is_daily":false,"chose_seed":false,"campfire_upgraded":2,"win_rate":0.0,"timestamp":1612839342,"path_taken":["M","?","$","?","?","?","E","$","T","M","?","R","M","M","R","BOSS","M","?","M","?","?","E","M","R","T","M","?","M"],"items_purchased_type":["Relic","Card","Card","Relic"],"build_version":"2020-12-22","purchased_purges":1,"victory":false,"max_hp_per_floor":[75,75,75,75,75,75,75,75,75,75,75,75,75,75,75,75,75,75,75,75,75,75,75,75,75,75,75,75,75,75],"card_choices":[{"not_picked":["Steam","Leap"],"picked":"Beam Cell","floor":1},{"not_picked":["Barrage","Chill"],"picked":"Conserve Battery","floor":7},{"not_picked":["Fusion","Sunder"],"picked":"Chaos","floor":10},{"not_picked":["Rebound","Beam Cell"],"picked":"Double Energy","floor":13},{"not_picked":["Ball Lightning","Storm"],"picked":"Gash","floor":14},{"not_picked":["Thunder Strike","Buffer"],"picked":"Core Surge","floor":16},{"not_picked":["Steam+1","Aggregate"],"picked":"Cold Snap","floor":18},{"not_picked":["Gash","Turbo"],"picked":"Cold Snap+1","floor":20},{"not_picked":["Auto Shields","Doom and Gloom"],"picked":"Stack","floor":23},{"not_picked":["Rebound","Static Discharge"],"picked":"Capacitor+1","floor":24},{"not_picked":["Cold Snap","Barrage"],"picked":"Leap","floor":27},{"not_picked":["Cold Snap+1","Go for the Eyes"],"picked":"Compile Driver","floor":28}],"player_experience":329154,"relics_obtained":[{"floor":7,"key":"Nunchaku"},{"floor":9,"key":"Mummified Hand"},{"floor":23,"key":"Anchor"},{"floor":23,"key":"StrikeDummy"},{"floor":26,"key":"Smiling Mask"}],"event_choices":[{"damage_healed":0,"gold_gain":0,"player_choice":"Take Wound","damage_taken":0,"relics_obtained":["Golden Idol"],"max_hp_gain":0,"max_hp_loss":0,"event_name":"Golden Idol","floor":2,"gold_loss":0,"cards_obtained":["Injury"]},{"damage_healed":0,"gold_gain":75,"player_choice":"Gather Gold","damage_taken":11,"max_hp_gain":0,"max_hp_loss":0,"event_name":"World of Goop","floor":4,"gold_loss":0},{"damage_healed":0,"gold_gain":0,"player_choice":"Ignored","damage_taken":0,"max_hp_gain":0,"max_hp_loss":0,"event_name":"Liars Game","floor":5,"gold_loss":0},{"damage_healed":0,"gold_gain":0,"player_choice":"Grow","damage_taken":0,"max_hp_gain":0,"max_hp_loss":0,"event_name":"Living Wall","floor":6,"gold_loss":0,"cards_upgraded":["Zap"]},{"damage_healed":0,"gold_gain":0,"player_choice":"Forge","damage_taken":0,"max_hp_gain":0,"max_hp_loss":0,"event_name":"Accursed Blacksmith","floor":11,"gold_loss":0,"cards_upgraded":["Chaos"]},{"damage_healed":0,"gold_gain":0,"player_choice":"0 cards matched","damage_taken":0,"max_hp_gain":0,"max_hp_loss":0,"event_name":"Match and Keep!","floor":19,"gold_loss":0,"cards_obtained":[]},{"damage_healed":0,"gold_gain":0,"player_choice":"Ignored","damage_taken":0,"max_hp_gain":0,"max_hp_loss":0,"event_name":"Beggar","floor":22,"gold_loss":0}],"is_beta":false,"boss_relics":[{"not_picked":["FrozenCore","Astrolabe"],"picked":"Black Star"}],"items_purged_floors":[8],"is_endless":false,"potions_floor_spawned":[7,10,13,20,24],"killed_by":"Cultist and Chosen","ascension_level":0}}