{"host":"v3qphhcqhwfpabne","time":1612848697,"event":{"mods":["100% Spire Juice","2.2 Compatiblity","AchievementEnabler","BaseMod","CapriCore","DeckTracker","KinomotoSakuraMod(ÙÊñýÜâ?)","Koishi","Marisa£¨Ùöéë¡¡Øª×âÞÞ£©","Minty Spire (QoL Compilation)","Permanent Neow","Prisma Mod","StSLib","Td1madao Mod","The Bug Knight","The Cursed","The Immortal","The Runesmith","WarShipGirlsR/??á´Ò³R mod"],"gold_per_floor":[111,130,142,142,72,72,85,85,108,119,138,148,159,170,170,273,273,288,468,485,15,35,35,35],"floor_reached":23,"language":"KOR","playtime":1119,"items_purged":["Strike_R"],"score":208,"play_id":"0d8a09a0-ddc9-458a-ac79-0676fd07a70a","local_time":"20210209143137","is_ascension_mode":true,"campfire_choices":[{"data":"Apotheosis","floor":6,"key":"SMITH"},{"data":"Berserk","floor":8,"key":"SMITH"},{"floor":15,"key":"REST"}],"circlet_count":0,"master_deck":["Strike_R","Strike_R","Strike_R","Strike_R","Defend_R","Defend_R","Defend_R","Defend_R","Bash","Apotheosis+1","Body Slam","Power Through","Berserk+1","Regret","Power Through","True Grit","Bloodletting","Burning Pact","Carnage","Feed","Ghostly Armor","Warcry"],"relics":["Burning Blood","Nunchaku","HollowMod:PaleOreRelic","Cursed Key","Bag of Marbles","HornCleat"],"acts_visited":["Exordium","TheCity"],"potions_floor_usage":[22,23],"damage_taken":[{"damage":4,"enemies":"Small Slimes","floor":1,"turns":4},{"damage":2,"enemies":"Cultist","floor":2,"turns":4},{"damage":3,"enemies":"2 Louse","floor":3,"turns":5},{"damage":4,"enemies":"Looter","floor":7,"turns":3},{"damage":26,"enemies":"Lots of Slimes","floor":10,"turns":5},{"damage":3,"enemies":"Large Slime","floor":11,"turns":4},{"damage":12,"enemies":"Blue Slaver","floor":12,"turns":3},{"damage":6,"enemies":"2 Fungi Beasts","floor":13,"turns":3},{"damage":21,"enemies":"Exordium Thugs","floor":14,"turns":4},{"damage":30,"enemies":"Slime Boss","floor":16,"turns":9},{"damage":0,"enemies":"Spheric Guardian","floor":18,"turns":5},{"damage":4,"enemies":"3 Byrds","floor":20,"turns":7},{"damage":5,"enemies":"Centurion and Healer","floor":22,"turns":5},{"damage":70,"enemies":"Gremlin Leader","floor":23,"turns":7}],"seed_played":"4335875707454434851","potions_obtained":[{"floor":3,"key":"EssenceOfSteel"},{"floor":11,"key":"Dexterity Potion"},{"floor":16,"key":"AttackPotion"}],"is_trial":false,"path_per_floor":["M","M","M","?","$","R","M","R","T","M","M","M","M","M","R","B",null,"M","?","M","$","M","E"],"character_chosen":"IRONCLAD","items_purchased":["Power Through","Bag of Marbles","HornCleat"],"campfire_rested":1,"item_purchase_floors":[5,21,21],"current_hp_per_floor":[72,72,72,72,72,72,72,72,72,52,55,49,49,34,55,31,72,72,53,59,59,60,0,0],"gold":35,"neow_bonus":"RANDOM_COLORLESS_2","is_daily":false,"chose_seed":false,"campfire_upgraded":2,"win_rate":0.0,"timestamp":1612848697,"path_taken":["M","M","M","?","$","R","M","R","T","M","M","M","M","M","R","BOSS","M","?","M","$","M","E"],"items_purchased_type":["Card","Relic","Relic"],"build_version":"2020-12-22","purchased_purges":1,"victory":false,"max_hp_per_floor":[72,72,72,72,72,72,72,72,72,72,72,72,72,72,72,72,72,72,72,76,76,76,76,76],"card_choices":[{"not_picked":["Secret Weapon","Mayhem"],"picked":"Apotheosis","floor":0},{"not_picked":["Thunderclap","Sword Boomerang"],"picked":"Body Slam","floor":1},{"not_picked":["Cleave","Headbutt"],"picked":"Power Through","floor":2},{"not_picked":["Twin Strike","Heavy Blade"],"picked":"Berserk","floor":3},{"not_picked":["Body Slam","Cleave"],"picked":"True Grit","floor":7},{"not_picked":["Anger","Cleave"],"picked":"Bloodletting","floor":10},{"not_picked":["Havoc","Twin Strike","Flex"],"picked":"SKIP","floor":11},{"not_picked":["Iron Wave","Havoc","Anger"],"picked":"SKIP","floor":12},{"not_picked":["Sword Boomerang","Berserk"],"picked":"Burning Pact","floor":13},{"not_picked":["Bloodletting","Burning Pact"],"picked":"Carnage","floor":14},{"not_picked":["Corruption","Demon Form"],"picked":"Feed","floor":16},{"not_picked":["Headbutt+1","Spot Weakness+1","Feel No Pain"],"picked":"SKIP","floor":18},{"not_picked":["Burning Pact","Sentinel"],"picked":"Ghostly Armor","floor":20},{"not_picked":["Rampage","Sword Boomerang"],"picked":"Warcry","floor":22}],"player_experience":133153,"relics_obtained":[{"floor":9,"key":"HollowMod:PaleOreRelic"}],"event_choices":[{"damage_healed":0,"gold_gain":0,"player_choice":"Box","damage_taken":0,"relics_obtained":["Nunchaku"],"max_hp_gain":0,"max_hp_loss":0,"event_name":"Big Fish","floor":4,"gold_loss":0,"cards_obtained":["Regret"]},{"damage_healed":0,"gold_gain":180,"player_choice":"GOLD GOLD ","damage_taken":19,"max_hp_gain":0,"max_hp_loss":0,"event_name":"Knowing Skull","floor":19,"potions_obtained":[],"gold_loss":0,"cards_obtained":[]}],"is_beta":false,"boss_relics":[{"not_picked":["Runic Dome","Runesmith:UraniumAnvil"],"picked":"Cursed Key"}],"items_purged_floors":[21],"is_endless":false,"potions_floor_spawned":[3,11,16,18],"killed_by":"Gremlin Leader","ascension_level":2}}