{"host":"zoyu9oa60f8m99tp","time":1612887286,"event":{"mods":["Act Like it!","BaseMod","Colored Map","Gensokyo","Luminous","Minty Spire (QoL Compilation)","Shop Mod","StSLib","Yakumo Yukari mod"],"gold_per_floor":[435,435,435,52,132,132,132,181,192,154,154,174,190,190,292,292,305,322,322,322,322],"floor_reached":21,"language":"ZHS","playtime":804,"items_purged":[],"score":167,"play_id":"78a0d9db-1a2f-4fe5-a0c4-64cae2f1db23","local_time":"20210210001446","is_ascension_mode":false,"campfire_choices":[{"data":"Gensokyo:SpontaneousHumanCombustion","floor":6,"key":"SMITH"},{"data":"WeekHit_purple","floor":8,"key":"SMITH"},{"data":"Bait_Toxicbait_purple","floor":12,"key":"SMITH"},{"floor":15,"key":"REST"}],"circlet_count":0,"master_deck":["AT_purpleEX","AT_purpleEX","AT_purpleEX","AT_purpleEX","Defend_purpleEX","Defend_purpleEX","Defend_purpleEX","Defend_purpleEX","Observe_purple_1","Observe_purple_2","WeekHit_purple+1","Gensokyo:SpontaneousHumanCombustion+1","Gensokyo:Apocalypse","Anti_communist_purple","Bait_Toxicbait_purple+1","EighthInstrument_OneDividesIntoTwo_purple","Umbrella_purple","ContainerChange_purple","Fantasy_PerpetualMotionMachine_purple","StateErode_purple"],"relics":["Boundary_crack","Memoryfragments_purpleEX","Old Coin","Gensokyo:PortableGap","Matryoshka","Shuriken","Boot","Seventeenyearold_girl_Forever"],"acts_visited":["Exordium","Gensokyo:Gensokyo"],"potions_floor_usage":[16],"damage_taken":[{"damage":10,"enemies":"Gensokyo:Python","floor":1,"turns":5},{"damage":0,"enemies":"Gensokyo:2_Kodama","floor":10,"turns":2},{"damage":0,"enemies":"Gensokyo:3_Fairies","floor":13,"turns":4},{"damage":10,"enemies":"Gensokyo:3_Kodama","floor":14,"turns":2},{"damage":50,"enemies":"Gensokyo:Reimu","floor":16,"turns":7},{"damage":23,"enemies":"Gensokyo:AngelMirror","floor":18,"turns":4},{"damage":10,"enemies":"Gensokyo:CosmicMonolith","floor":19,"turns":5},{"damage":41,"enemies":"Gensokyo:Swordslinger","floor":21,"turns":1}],"seed_played":"6607171278757539581","potions_obtained":[{"floor":13,"key":"BlessingOfTheForge"},{"floor":14,"key":"Dexterity Potion"},{"floor":19,"key":"Energy Potion"}],"is_trial":false,"path_per_floor":["M","?","?","COS","?","R","R","T","M","$","R","M","M","R","B",null,"M","M","?","M"],"character_chosen":"Youkari","items_purchased":["Bait_Toxicbait_purple"],"campfire_rested":1,"item_purchase_floors":[11],"current_hp_per_floor":[41,41,41,41,41,41,41,41,42,42,42,43,34,51,3,57,37,30,30,0,0],"gold":322,"neow_bonus":"ONE_RARE_RELIC","is_daily":false,"chose_seed":false,"campfire_upgraded":3,"win_rate":0.0,"timestamp":1612887286,"path_taken":["M","?","?","COS","?","R","R","T","M","$","R","?","M","R","BOSS","M","M","?","?"],"items_purchased_type":["Card"],"build_version":"2020-12-22","purchased_purges":0,"victory":false,"max_hp_per_floor":[70,63,63,60,60,57,57,57,57,57,57,57,57,57,57,57,57,57,57,57,57],"card_choices":[{"not_picked":["Realm_recovery_purpleEX","Yakumo_Ran_purple"],"picked":"WeekHit_purple","floor":1},{"not_picked":["Charmbait_purple","Realm_recovery_purpleEX"],"picked":"Anti_communist_purple","floor":10},{"not_picked":["Worldmountain_purple","Line_surface_state_purple"],"picked":"EighthInstrument_OneDividesIntoTwo_purple","floor":13},{"not_picked":["RuleDissolution_purple","Realm_recovery_purpleEX"],"picked":"Umbrella_purple","floor":14},{"not_picked":["BarrageBoundary_PipeDream_purple","GluttonyofRealm_purpleEX"],"picked":"ContainerChange_purple","floor":16},{"not_picked":["SfantasyHide_purple","RuleDissolution_purple"],"picked":"Fantasy_PerpetualMotionMachine_purple","floor":18},{"not_picked":["AdvanceAttack_purple","Realm_recovery_purpleEX"],"picked":"StateErode_purple","floor":19}],"player_experience":7303,"relics_obtained":[{"floor":9,"key":"Shuriken"},{"floor":9,"key":"Boot"}],"event_choices":[],"is_beta":false,"boss_relics":[{"not_picked":["Sozu","Empty Cage"],"picked":"Seventeenyearold_girl_Forever"}],"items_purged_floors":[],"is_endless":false,"potions_floor_spawned":[13,14,19],"killed_by":"Gensokyo:Swordslinger","ascension_level":0}}