{"host":"3a1ypf1irl30q4k8","time":1612856855,"event":{"mods":["AchievementEnabler","BaseMod","Bestiary","Colored Map","Minty Spire (QoL Compilation)","Relic Stats","ojb\u0027s Info Mod"],"gold_per_floor":[111,129,129,154,174,174,207,207,259,295,57,73,117,117,117,248,248,261,261,22,37,57,98,98,118,118,162,162,197,197,222,222,222,222],"floor_reached":33,"language":"ENG","playtime":2243,"items_purged":[],"score":406,"play_id":"9e41bd9c-8389-401c-9986-7b85613d7fe1","local_time":"20210209074735","is_ascension_mode":true,"campfire_choices":[{"data":"Anger","floor":6,"key":"SMITH"},{"data":"Whirlwind","floor":8,"key":"SMITH"},{"data":"Bash","floor":15,"key":"SMITH"},{"data":"Double Tap","floor":24,"key":"SMITH"},{"floor":28,"key":"REST"},{"data":"Pommel Strike","floor":30,"key":"SMITH"},{"floor":32,"key":"REST"}],"circlet_count":0,"master_deck":["Strike_R","Strike_R","Strike_R","Strike_R","Strike_R","Defend_R","Defend_R","Defend_R","Defend_R","Bash+1","Burning Pact","Anger+1","Shrug It Off","Power Through","Whirlwind+1","Metallicize","Ghostly Armor","Clothesline","Parasite","Double Tap+1","Fire Breathing+1","True Grit","Dark Embrace","Dual Wield","Flex+1","Power Through+1","Pommel Strike+1","Flex+1"],"relics":["Burning Blood","Golden Idol","Bottled Flame","Bronze Scales","Bag of Marbles","Meat on the Bone","Bag of Preparation","Runic Cube","Bottled Tornado","Pear","Happy Flower","Paper Frog"],"acts_visited":["Exordium","TheCity"],"potions_floor_usage":[7,16,16,18,18,25,25,33],"damage_taken":[{"damage":5,"enemies":"2 Louse","floor":1,"turns":3},{"damage":10,"enemies":"Small Slimes","floor":2,"turns":5},{"damage":7,"enemies":"Jaw Worm","floor":4,"turns":3},{"damage":4,"enemies":"Exordium Wildlife","floor":5,"turns":4},{"damage":27,"enemies":"3 Sentries","floor":7,"turns":11},{"damage":24,"enemies":"Gremlin Nob","floor":10,"turns":4},{"damage":9,"enemies":"Large Slime","floor":12,"turns":5},{"damage":15,"enemies":"3 Sentries","floor":13,"turns":5},{"damage":47,"enemies":"Slime Boss","floor":16,"turns":10},{"damage":4,"enemies":"2 Thieves","floor":18,"turns":3},{"damage":0,"enemies":"Chosen","floor":21,"turns":4},{"damage":17,"enemies":"Snake Plant","floor":22,"turns":4},{"damage":44,"enemies":"Book of Stabbing","floor":23,"turns":6},{"damage":2,"enemies":"Chosen and Byrds","floor":25,"turns":5},{"damage":45,"enemies":"Slavers","floor":27,"turns":4},{"damage":28,"enemies":"Book of Stabbing","floor":29,"turns":6},{"damage":15,"enemies":"Centurion and Healer","floor":31,"turns":7},{"damage":77,"enemies":"Automaton","floor":33,"turns":8}],"seed_played":"-7717834503819206784","potions_obtained":[{"floor":1,"key":"SpeedPotion"},{"floor":5,"key":"Block Potion"},{"floor":10,"key":"SpeedPotion"},{"floor":13,"key":"BlessingOfTheForge"},{"floor":16,"key":"Block Potion"},{"floor":18,"key":"Explosive Potion"},{"floor":22,"key":"SmokeBomb"},{"floor":23,"key":"LiquidBronze"},{"floor":29,"key":"DistilledChaos"}],"is_trial":false,"path_per_floor":["M","M","?","M","M","R","E","R","T","E","$","M","E","?","R","B",null,"M","?","$","M","M","E","R","M","T","E","R","E","R","M","R","B"],"character_chosen":"IRONCLAD","items_purchased":["Meat on the Bone","Bottled Tornado"],"campfire_rested":2,"item_purchase_floors":[11,20],"current_hp_per_floor":[88,84,81,80,81,81,60,60,60,42,42,51,54,74,74,45,72,74,74,74,80,69,53,53,57,57,30,57,47,47,50,77,0,0],"gold":222,"neow_bonus":"TEN_PERCENT_HP_BONUS","is_daily":false,"chose_seed":false,"campfire_upgraded":5,"win_rate":0.0,"timestamp":1612856855,"path_taken":["M","M","?","M","M","R","E","R","T","E","$","M","E","?","R","BOSS","M","?","$","M","M","E","R","M","T","E","R","E","R","M","R","BOSS"],"items_purchased_type":["Relic","Relic"],"build_version":"2020-12-22","purchased_purges":0,"victory":false,"max_hp_per_floor":[88,88,81,81,81,81,81,81,81,81,81,81,81,81,81,81,81,81,81,81,81,81,91,91,91,91,91,91,91,91,91,91,91,91],"relic_stats":{"Happy Flower":[7],"counters":[18,97],"Golden Idol":104,"Bronze Scales":[241],"Bag of Preparation":[20],"obtain_stats":[{"Bottled Flame":7,"Pear":23,"Happy Flower":27,"Golden Idol":3,"Bronze Scales":9,"Bag of Marbles":10,"Bag of Preparation":13,"Bottled Tornado":20,"Burning Blood":0,"Meat on the Bone":11,"Runic Cube":17,"Paper Frog":29},{"Bottled Flame":5,"Pear":13,"Happy Flower":15,"Golden Idol":2,"Bronze Scales":5,"Bag of Marbles":6,"Bag of Preparation":8,"Bottled Tornado":10,"Burning Blood":0,"Meat on the Bone":6,"Runic Cube":9,"Paper Frog":16},{"Bottled Flame":26,"Pear":67,"Happy Flower":76,"Golden Idol":8,"Bronze Scales":26,"Bag of Marbles":30,"Bag of Preparation":40,"Bottled Tornado":53,"Burning Blood":0,"Meat on the Bone":30,"Runic Cube":50,"Paper Frog":82}],"Burning Blood":100,"Meat on the Bone":84,"Runic Cube":[32]},"card_choices":[{"not_picked":["Evolve","Iron Wave"],"picked":"Burning Pact","floor":1},{"not_picked":["Iron Wave","Sentinel"],"picked":"Anger","floor":2},{"not_picked":["Power Through","Flame Barrier"],"picked":"Shrug It Off","floor":4},{"not_picked":["Bludgeon","Sentinel"],"picked":"Power Through","floor":5},{"not_picked":["Perfected Strike","Pommel Strike"],"picked":"Whirlwind","floor":7},{"not_picked":["Perfected Strike","Entrench"],"picked":"Metallicize","floor":10},{"not_picked":["Cleave","Body Slam"],"picked":"Ghostly Armor","floor":12},{"not_picked":["Wild Strike","Limit Break"],"picked":"Clothesline","floor":13},{"not_picked":["Bludgeon","Reaper"],"picked":"Double Tap","floor":16},{"not_picked":["Thunderclap","True Grit"],"picked":"Fire Breathing+1","floor":18},{"not_picked":["Rage+1","Heavy Blade"],"picked":"True Grit","floor":21},{"not_picked":["Sword Boomerang","Armaments"],"picked":"Dark Embrace","floor":22},{"not_picked":["Shrug It Off","Wild Strike"],"picked":"Dual Wield","floor":23},{"not_picked":["True Grit","Armaments"],"picked":"Flex+1","floor":25},{"not_picked":["Headbutt","Body Slam"],"picked":"Power Through+1","floor":27},{"not_picked":["Dropkick+1","Heavy Blade"],"picked":"Pommel Strike","floor":29},{"not_picked":["Thunderclap","Perfected Strike"],"picked":"Flex+1","floor":31}],"player_experience":1370135,"relics_obtained":[{"floor":7,"key":"Bottled Flame"},{"floor":9,"key":"Bronze Scales"},{"floor":10,"key":"Bag of Marbles"},{"floor":13,"key":"Bag of Preparation"},{"floor":23,"key":"Pear"},{"floor":27,"key":"Happy Flower"},{"floor":29,"key":"Paper Frog"}],"event_choices":[{"damage_healed":0,"gold_gain":0,"player_choice":"Lose Max HP","damage_taken":0,"relics_obtained":["Golden Idol"],"max_hp_gain":0,"max_hp_loss":7,"event_name":"Golden Idol","floor":3,"gold_loss":0},{"damage_healed":20,"gold_gain":0,"player_choice":"Healed and dodged fight","damage_taken":0,"max_hp_gain":0,"max_hp_loss":0,"event_name":"Mushrooms","floor":14,"gold_loss":0,"cards_obtained":["Parasite"]},{"damage_healed":0,"gold_gain":0,"player_choice":"Ignored","damage_taken":0,"max_hp_gain":0,"max_hp_loss":0,"event_name":"Ghosts","floor":19,"gold_loss":0}],"is_beta":false,"boss_relics":[{"not_picked":["Calling Bell","Fusion Hammer"],"picked":"Runic Cube"}],"items_purged_floors":[],"is_endless":false,"potions_floor_spawned":[1,5,10,13,16,18,22,23,29],"killed_by":"Automaton","ascension_level":5}}