{"host":"g907ck67u7c3hrs6","time":1612862412,"event":{"mods":["BaseMod","Colored Map","DeckTracker","Highlight Path","Keyboard Shortcuts","Minty Spire (QoL Compilation)","Permanent Neow","Say the Spire","SuperFastMode"],"gold_per_floor":[112,124,134,147,167,167,181,181,181,181,214,232,232,250,250,346,396,411,336,336],"floor_reached":19,"language":"KOR","playtime":592,"items_purged":[],"score":248,"play_id":"4cd73c34-e5d3-44de-bfeb-6590d338c009","local_time":"20210209182012","daily_mods":["Heirloom","Flight"],"is_ascension_mode":false,"campfire_choices":[{"data":"Burst","floor":6,"key":"SMITH"},{"data":"Blade Dance","floor":8,"key":"SMITH"},{"data":"Accuracy","floor":10,"key":"SMITH"},{"data":"Distraction","floor":15,"key":"SMITH"}],"circlet_count":0,"master_deck":["Strike_G","Strike_G","Strike_G","Strike_G","Strike_G","Defend_G","Defend_G","Defend_G","Defend_G","Defend_G","Survivor+1","Neutralize","Concentrate","PiercingWail","Accuracy+1","Burst+1","Blade Dance+1","Blade Dance","Distraction+1","Night Terror","Acrobatics"],"relics":["Ring of the Snake","Torii","FossilizedHelix","Calipers","Tiny House"],"acts_visited":["Exordium","TheCity"],"potions_floor_usage":[],"damage_taken":[{"damage":0,"enemies":"Small Slimes","floor":1,"turns":4},{"damage":2,"enemies":"Jaw Worm","floor":2,"turns":5},{"damage":1,"enemies":"2 Louse","floor":3,"turns":4},{"damage":1,"enemies":"Exordium Wildlife","floor":4,"turns":6},{"damage":6,"enemies":"Large Slime","floor":5,"turns":9},{"damage":31,"enemies":"Exordium Thugs","floor":7,"turns":12},{"damage":0,"enemies":"Gremlin Nob","floor":11,"turns":3},{"damage":1,"enemies":"Lots of Slimes","floor":12,"turns":4},{"damage":0,"enemies":"Large Slime","floor":14,"turns":3},{"damage":0,"enemies":"Hexaghost","floor":16,"turns":5},{"damage":0,"enemies":"Spheric Guardian","floor":18,"turns":3},{"damage":12,"enemies":"2 Thieves","floor":19,"turns":4}],"seed_played":"3894552573008591512","potions_obtained":[{"floor":2,"key":"Dexterity Potion"},{"floor":5,"key":"Strength Potion"},{"floor":12,"key":"SteroidPotion"},{"floor":17,"key":"Strength Potion"}],"is_trial":true,"path_per_floor":["M","M","M","M","M","R","M","R","T","R","E","M","?","M","R","B",null,"M","M"],"character_chosen":"THE_SILENT","items_purchased":[],"campfire_rested":0,"item_purchase_floors":[],"current_hp_per_floor":[70,68,67,66,60,60,29,29,29,29,29,28,33,33,33,33,80,80,68,68],"gold":336,"neow_bonus":"","is_daily":false,"chose_seed":false,"campfire_upgraded":4,"win_rate":0.0,"timestamp":1612862412,"path_taken":["M","M","M","M","M","R","M","R","T","R","E","M","?","M","R","BOSS","M","M"],"items_purchased_type":[],"build_version":"2020-12-22","purchased_purges":0,"victory":false,"max_hp_per_floor":[70,70,70,70,70,70,70,70,70,70,70,70,75,75,75,75,80,80,80,80],"card_choices":[{"not_picked":["Backflip","Slice"],"picked":"Concentrate","floor":1},{"not_picked":["Setup","Skewer"],"picked":"PiercingWail","floor":2},{"not_picked":["Outmaneuver","Distraction"],"picked":"Accuracy","floor":3},{"not_picked":["Deflect","Deadly Poison","Slice"],"picked":"SKIP","floor":4},{"not_picked":["Concentrate","Masterful Stab"],"picked":"Burst","floor":5},{"not_picked":["Dagger Throw","Crippling Poison"],"picked":"Blade Dance","floor":7},{"not_picked":["Flying Knee","Quick Slash"],"picked":"Blade Dance","floor":11},{"not_picked":["Bane","Flying Knee","Deadly Poison"],"picked":"SKIP","floor":12},{"not_picked":["Backflip","Dash"],"picked":"Distraction","floor":14},{"not_picked":["Tools of the Trade","Storm of Steel"],"picked":"Night Terror","floor":16},{"not_picked":["Underhanded Strike","Setup"],"picked":"Acrobatics","floor":17},{"not_picked":["Bane+1","Underhanded Strike","Riddle With Holes"],"picked":"SKIP","floor":18}],"player_experience":271826,"relics_obtained":[{"floor":9,"key":"FossilizedHelix"},{"floor":11,"key":"Calipers"}],"event_choices":[{"damage_healed":0,"gold_gain":0,"player_choice":"Donut","damage_taken":0,"max_hp_gain":5,"max_hp_loss":0,"event_name":"Big Fish","floor":13,"gold_loss":0}],"is_beta":false,"boss_relics":[{"not_picked":["HoveringKite","Runic Pyramid"],"picked":"Tiny House"}],"items_purged_floors":[],"is_endless":false,"potions_floor_spawned":[2,5,12,16,18],"killed_by":"2 Thieves","ascension_level":0}}