{"host":"aqym1xxr3lb31d9m","time":1612889617,"event":{"mods":["BaseMod","Block Reminder","Colored Map","Colored Powertips","DeckTracker","Highlight Path","Minty Spire (QoL Compilation)","Quick Restart","Random Character Button","StSLib","SuperFastMode","UnlockEverythingMod"],"gold_per_floor":[16,33,45,45,60,60,88,102,102,102,130,130,130,155,155,155,155],"floor_reached":16,"language":"JPN","playtime":566,"items_purged":[],"score":224,"play_id":"8ddf5229-4297-43ce-9634-0c616164a388","local_time":"20210210015337","is_ascension_mode":true,"campfire_choices":[{"data":"Shockwave","floor":6,"key":"SMITH"},{"data":"Bash","floor":12,"key":"SMITH"},{"data":"Feel No Pain","floor":15,"key":"SMITH"}],"circlet_count":0,"master_deck":["AscendersBane","Strike_R","Strike_R","Strike_R","Strike_R","Defend_R","Defend_R","Defend_R","Bash+1","Cleave","Dark Embrace","Wild Strike","Shockwave+1","Thunderclap","True Grit","Dropkick","Dropkick","Feel No Pain+1"],"relics":["Burning Blood","Nunchaku","Oddly Smooth Stone","Anchor","Pear","Golden Idol"],"acts_visited":["Exordium"],"potions_floor_usage":[7,7],"damage_taken":[{"damage":6,"enemies":"Cultist","floor":1,"turns":3},{"damage":12,"enemies":"Jaw Worm","floor":2,"turns":2},{"damage":13,"enemies":"Small Slimes","floor":3,"turns":4},{"damage":1,"enemies":"Exordium Thugs","floor":5,"turns":3},{"damage":19,"enemies":"3 Sentries","floor":7,"turns":8},{"damage":6,"enemies":"Blue Slaver","floor":8,"turns":5},{"damage":8,"enemies":"Lagavulin","floor":11,"turns":7},{"damage":10,"enemies":"3 Louse","floor":14,"turns":3},{"damage":33,"enemies":"Hexaghost","floor":16,"turns":9}],"seed_played":"6028887879958446385","potions_obtained":[{"floor":3,"key":"Block Potion"},{"floor":5,"key":"PowerPotion"},{"floor":7,"key":"Weak Potion"},{"floor":8,"key":"Energy Potion"}],"is_trial":false,"path_per_floor":["M","M","M","?","M","R","E","M","T","?","E","R","?","M","R","B"],"character_chosen":"IRONCLAD","items_purchased":[],"campfire_rested":0,"item_purchase_floors":[],"current_hp_per_floor":[68,62,55,37,42,42,29,29,29,29,37,37,37,33,33,0,0],"gold":155,"neow_bonus":"TRANSFORM_TWO_CARDS","is_daily":false,"chose_seed":false,"campfire_upgraded":3,"win_rate":0.0,"timestamp":1612889617,"path_taken":["M","M","M","?","M","R","E","M","T","?","E","R","?","M","R","BOSS"],"items_purchased_type":[],"build_version":"2020-12-22","purchased_purges":0,"victory":false,"max_hp_per_floor":[75,75,75,75,75,75,75,75,75,75,85,85,77,77,77,77,77],"card_choices":[{"not_picked":["Pommel Strike","Thunderclap"],"picked":"Wild Strike","floor":1},{"not_picked":["Shrug It Off","Dropkick"],"picked":"Shockwave","floor":2},{"not_picked":["Clash","Rupture"],"picked":"Thunderclap","floor":3},{"not_picked":["Warcry","Dark Embrace"],"picked":"True Grit","floor":5},{"not_picked":["Clash","Juggernaut"],"picked":"Dropkick","floor":7},{"not_picked":["Burning Pact","Inflame"],"picked":"Dropkick","floor":8},{"not_picked":["Sword Boomerang","Heavy Blade"],"picked":"Feel No Pain","floor":11},{"not_picked":["Ghostly Armor","Sword Boomerang","Armaments"],"picked":"SKIP","floor":14}],"player_experience":4190137,"relics_obtained":[{"floor":7,"key":"Oddly Smooth Stone"},{"floor":9,"key":"Anchor"},{"floor":11,"key":"Pear"}],"event_choices":[{"damage_healed":0,"gold_gain":0,"player_choice":"Success","damage_taken":18,"relics_obtained":["Nunchaku"],"max_hp_gain":0,"max_hp_loss":0,"event_name":"Scrap Ooze","floor":4,"gold_loss":0},{"damage_healed":0,"gold_gain":0,"player_choice":"Ignored","damage_taken":0,"max_hp_gain":0,"max_hp_loss":0,"event_name":"Liars Game","floor":10,"gold_loss":0},{"damage_healed":0,"gold_gain":0,"player_choice":"Lose Max HP","damage_taken":0,"relics_obtained":["Golden Idol"],"max_hp_gain":0,"max_hp_loss":8,"event_name":"Golden Idol","floor":13,"gold_loss":0}],"is_beta":false,"boss_relics":[],"items_purged_floors":[],"is_endless":false,"potions_floor_spawned":[3,5,7,8],"killed_by":"Hexaghost","ascension_level":20}}