{"host":"1zjc08c6hob33401","time":1612913024,"event":{"mods":["AchievementEnabler","Act Like it!","Aspiration","BaseMod","Downfall","Elementarium","Energized Spire","Evolution","Friendly Minions","Gensokyo","GifTheSpireLib","Hubris","Infinite Spire","Jedi Mod","Menagerie","Minty Spire (QoL Compilation)","Pale of the Ancients","Quick Restart","Reliquary","Replay The Spire","Retaliation","Shop Mod","Spicy Shops","Spire Arcade","StS++","StSLib","Stuff the Spire","The Blue Laboratory","Wandering Minibosses","??????REMEMod"],"gold_per_floor":[117,117,117,136,136,136,7,7,31,57,57,57,89,101,101,173,173,188,223,233,3,18,18,51,71,71,71,102,114,114,165,165,243,243,263,277,302,302,320,320,345,345,394,394,421,436,436,469,469,469],"floor_reached":51,"language":"RUS","playtime":2433,"items_purged":[],"score":1712,"play_id":"30164392-9176-4d47-b644-b4f40813a60d","local_time":"20210210012344","is_ascension_mode":true,"campfire_choices":[{"data":"StSpp:Patience","floor":6.0,"key":"SMITH"},{"data":"Defragment","floor":8.0,"key":"SMITH"},{"data":"Zap","floor":12.0,"key":"SMITH"},{"data":"Tempest","floor":15.0,"key":"SMITH"},{"data":"Electrodynamics","floor":23,"key":"SMITH"},{"data":"Genetic Algorithm","floor":27,"key":"SMITH"},{"data":"hubris:Ukulele","floor":32,"key":"SMITH"},{"data":"ReplayRNGCard","floor":40,"key":"SMITH"},{"data":"StuffTheSpire:Plugnplay","floor":42,"key":"SMITH"},{"data":"Rainbow","floor":44,"key":"SMITH"},{"data":"Melter","floor":47,"key":"SMITH"},{"data":"Barrage","floor":49,"key":"SMITH"}],"circlet_count":0,"master_deck":["AscendersBane","Rebound","Barrage+1","Compile Driver","Sweeping Beam","jedi:blockon","Leap","Conserve Battery","jedi:BurstFrost","Zap+1","StSpp:Patience+1","Go for the Eyes","Steam","Defragment+1","hubris:Ukulele+1","Tempest+1","Rainbow+1","Electrodynamics+1","Gash","Go for the Eyes","Steam+1","Melter+1","Genetic Algorithm+1","Cold Snap","Steam+1","hubris:PowerSurge+1","ReplayRNGCard+1","StuffTheSpire:Plugnplay+1","FIFO Queue+1","Go for the Eyes+1","Beam Cell","Sweeping Beam","StSpp:Igniter+1","jedi:blockon+1","Static Discharge+1"],"relics":["Cracked Core","EVO:Axolotl","REME_ComplimentaryCards","Pear","reliquary:ExpiredCoupon","jedi:heavyjacket","Strawberry","Runic Pyramid","StuffTheSpire:Nightcore","Replay:Rubber Ducky","Geode","StuffTheSpire:HeavyRock","aspiration:HummingbirdHeart","Elementarium:ElementariumTrophy","Nuclear Battery","jedi:purplefairy","hubris:TenFootPole","Pen Nib","reliquary:SilkGlove","Art of War"],"acts_visited":["Gensokyo:Gensokyo","Elementarium:Elementarium","TheBeyond"],"potions_floor_usage":[33,39],"damage_taken":[{"damage":6.0,"enemies":"Gensokyo:Python","floor":1.0,"turns":3.0},{"damage":0.0,"enemies":"Gensokyo:3_Fairies","floor":4.0,"turns":3.0},{"damage":11.0,"enemies":"Gensokyo:Aya","floor":10.0,"turns":5.0},{"damage":11.0,"enemies":"Gensokyo:Mamizou","floor":13.0,"turns":6.0},{"damage":0.0,"enemies":"Gensokyo:Gryphon","floor":14.0,"turns":2.0},{"damage":31.0,"enemies":"Gensokyo:Reimu","floor":16.0,"turns":9.0},{"damage":3.0,"enemies":"Elementarium:2_ELEMENTALS","floor":18.0,"turns":3.0},{"damage":21.0,"enemies":"Gensokyo:Reisen","floor":19.0,"turns":5.0},{"damage":0.0,"enemies":"Elementarium:VoidCorruption","floor":20.0,"turns":2.0},{"damage":3,"enemies":"Elementarium:3_ELEMENTALS","floor":22,"turns":3},{"damage":8,"enemies":"Elementarium:WarGolem","floor":24,"turns":4},{"damage":0,"enemies":"Elementarium:VoidBeast","floor":25,"turns":4},{"damage":16,"enemies":"Elementarium:FIRE_NOBILITY","floor":28,"turns":5},{"damage":0,"enemies":"Elementarium:RubyGolem","floor":29,"turns":2},{"damage":1,"enemies":"Elementarium:CYCLONE_AND_ORB_OF_FIRE","floor":31,"turns":5},{"damage":0,"enemies":"Elementarium:GolemEmperor","floor":33,"turns":7},{"damage":0,"enemies":"Orb Walker","floor":35,"turns":2},{"damage":0,"enemies":"3 Darklings","floor":36,"turns":3},{"damage":0,"enemies":"Mind Bloom Boss Battle","floor":37,"turns":3},{"damage":2,"enemies":"4 Shapes","floor":39,"turns":2},{"damage":0,"enemies":"Reptomancer","floor":41,"turns":3},{"damage":0,"enemies":"Giant Head","floor":45,"turns":5},{"damage":0,"enemies":"Jaw Worm Horde","floor":46,"turns":2},{"damage":0,"enemies":"Nemesis","floor":48,"turns":5},{"damage":11,"enemies":"Awakened One","floor":50,"turns":6}],"seed_played":"-8406434999338157312","potions_obtained":[{"floor":1.0,"key":"PowerPotion"},{"floor":14.0,"key":"AttackPotion"},{"floor":20.0,"key":"blueLaboratory:BottleOfVodka"},{"floor":24,"key":"blueLaboratory:CreativityPotion"},{"floor":29,"key":"CultistPotion"},{"floor":33,"key":"blueLaboratory:BubblePotion"},{"floor":39,"key":"blueLaboratory:TeslaPotion"},{"floor":45,"key":"Strength Potion"}],"is_trial":false,"path_per_floor":["M","?","?","M","?","R","$","R","T","E","?","R","E","M","R","B",null,"M","?","M","$","M","R","E","M","T","R","E","M","?","M","R","B",null,"M","M","?","?","M","R","E","R","T","R","E","M","R","E","R","B",null],"character_chosen":"DEFECT","items_purchased":["Defragment","Melter","Replay:Rubber Ducky"],"campfire_rested":0,"item_purchase_floors":[7,21,21],"current_hp_per_floor":[70,70,60,60,60,60,60,60,60,49,49,49,45,45,45,14,79,76,55,55,55,52,52,44,44,44,44,28,28,33,32,32,32,83,83,83,83,83,81,82,82,92,92,93,93,93,98,98,100,89],"gold":469,"neow_bonus":"TEN_PERCENT_HP_BONUS","is_daily":false,"chose_seed":false,"campfire_upgraded":12,"win_rate":0.0,"timestamp":1612913024,"path_taken":["M","?","?","?","?","R","?","R","T","E","?","R","E","M","R","BOSS","M","?","M","$","M","R","E","M","T","R","E","M","?","M","R","BOSS","M","?","?","?","M","R","E","R","T","R","E","?","R","E","R","BOSS"],"items_purchased_type":["Card","Card","Relic"],"build_version":"2020-12-22","purchased_purges":0,"victory":true,"max_hp_per_floor":[83,83,93,93,93,93,93,93,93,93,93,93,100,100,100,100,100,100,100,100,100,100,100,100,100,100,100,100,100,100,100,100,100,100,100,100,100,100,100,100,100,100,100,100,100,100,100,100,100,100],"card_choices":[{"not_picked":["Stack","StuffTheSpire:LoadUp"],"picked":"Go for the Eyes","floor":1.0},{"not_picked":["ReplaySort","Stack"],"picked":"Steam","floor":4.0},{"not_picked":["Amplify","hubris:Prefetch"],"picked":"hubris:Ukulele","floor":10.0},{"not_picked":["Streamline","jedi:BurstFrost"],"picked":"Tempest","floor":13.0},{"not_picked":["Go for the Eyes","Redo"],"picked":"Rainbow","floor":14.0},{"not_picked":["Reboot","jedi:darknesscall"],"picked":"Electrodynamics","floor":16.0},{"not_picked":["Hello World","StuffTheSpire:Plugnplay"],"picked":"Gash","floor":18.0},{"not_picked":["Loop","Panic Button"],"picked":"Go for the Eyes","floor":19.0},{"not_picked":["Leap","Stack+1"],"picked":"Steam+1","floor":20.0},{"not_picked":["Leap","Rebound+1"],"picked":"Genetic Algorithm","floor":22},{"not_picked":["jedi:BurstFrost","Streamline"],"picked":"Cold Snap","floor":24},{"not_picked":["StSpp:Channeliser","Reprogram"],"picked":"Steam+1","floor":25},{"not_picked":["StuffTheSpire:Purify","StSpp:Pointer","Stack"],"picked":"SKIP","floor":28},{"not_picked":["Streamline","BasicCrystalCard","StuffTheSpire:CleanHardDrive"],"picked":"SKIP","floor":29},{"not_picked":["Coolheaded+1","Sweeping Beam+1"],"picked":"hubris:PowerSurge+1","floor":31},{"not_picked":["Rainbow","Creative AI"],"picked":"ReplayRNGCard","floor":33},{"not_picked":["Scrape","ReplayTheSpireMod:Reroute Power"],"picked":"StuffTheSpire:Plugnplay","floor":35},{"not_picked":["Hologram","Turbo+1"],"picked":"FIFO Queue+1","floor":36},{"not_picked":["StuffTheSpire:CleanHardDrive","Coolheaded"],"picked":"Go for the Eyes+1","floor":37},{"not_picked":["REME_Compress","jedi:BurstLightning"],"picked":"Beam Cell","floor":39},{"not_picked":["Stack","Steam"],"picked":"Sweeping Beam","floor":41},{"not_picked":["Hologram+1","Reinforced Body"],"picked":"StSpp:Igniter+1","floor":45},{"not_picked":["Sunder","Sweeping Beam+1"],"picked":"jedi:blockon+1","floor":46},{"not_picked":["Sweeping Beam","ReplaySolidLightProjector"],"picked":"Static Discharge+1","floor":48}],"player_experience":744885,"relics_obtained":[{"floor":9.0,"key":"reliquary:ExpiredCoupon"},{"floor":10.0,"key":"jedi:heavyjacket"},{"floor":13.0,"key":"Strawberry"},{"floor":19.0,"key":"StuffTheSpire:Nightcore"},{"floor":24,"key":"Geode"},{"floor":26,"key":"StuffTheSpire:HeavyRock"},{"floor":28,"key":"aspiration:HummingbirdHeart"},{"floor":37,"key":"jedi:purplefairy"},{"floor":41,"key":"hubris:TenFootPole"},{"floor":43,"key":"Pen Nib"},{"floor":45,"key":"reliquary:SilkGlove"},{"floor":48,"key":"Art of War"}],"event_choices":[{"damage_healed":0.0,"max_hp_gain":0.0,"max_hp_loss":0.0,"gold_gain":0.0,"event_name":"Elementarium:OtherworldlyPassage","player_choice":"Enter","floor":19.0,"gold_loss":0.0,"damage_taken":0.0},{"damage_healed":0,"gold_gain":0,"player_choice":"Fight","damage_taken":0,"max_hp_gain":0,"max_hp_loss":0,"event_name":"MindBloom","floor":37,"gold_loss":0},{"cards_removed":["Elementarium:StickyTar"],"damage_healed":0,"gold_gain":0,"player_choice":"Purged","damage_taken":0,"max_hp_gain":0,"max_hp_loss":0,"event_name":"Purifier","floor":38,"gold_loss":0}],"is_beta":false,"boss_relics":[{"not_picked":["reliquary:WritOfMandamus","aspiration:RitualDagger"],"picked":"Runic Pyramid"},{"not_picked":["Cursed Key","expansioncontent:StudyCardRelic"],"picked":"Nuclear Battery"}],"items_purged_floors":[],"is_endless":false,"potions_floor_spawned":[1,14,20,24,29,33,35,39,45,46],"ascension_level":19}}