{"host":"ypzb5vvnu9f3ii1t","time":1612883372,"event":{"mods":["AchievementEnabler","BaseMod","Colored Map","DeckTracker","Keyboard Shortcuts","Minty Spire (QoL Compilation)","Permanent Neow","Quick Restart","SuperFastMode"],"gold_per_floor":[109,34,309,329,340,340,375,388,388,388,70,86,97,97,97,97,97],"floor_reached":16,"language":"KOR","playtime":613,"items_purged":["Strike_P","Regret"],"score":117,"play_id":"cabcc39f-583f-4d95-98ff-9cef9d454b3c","local_time":"20210210000932","is_ascension_mode":true,"campfire_choices":[{"data":"Judgement","floor":6,"key":"SMITH"},{"data":"Adaptation","floor":10,"key":"SMITH"},{"floor":15,"key":"REST"}],"circlet_count":0,"master_deck":["Strike_P","Strike_P","Strike_P","Defend_P","Defend_P","Defend_P","Defend_P","Eruption","Vigilance","Judgement+1","Adaptation+1","MentalFortress"],"relics":["PureWater","Question Card","Blue Candle","Regal Pillow","Golden Idol"],"acts_visited":["Exordium"],"potions_floor_usage":[7,16,16],"damage_taken":[{"damage":0,"enemies":"2 Louse","floor":1,"turns":3},{"damage":3,"enemies":"Cultist","floor":4,"turns":3},{"damage":4,"enemies":"Jaw Worm","floor":5,"turns":3},{"damage":5,"enemies":"Gremlin Nob","floor":7,"turns":3},{"damage":4,"enemies":"Large Slime","floor":8,"turns":2},{"damage":18,"enemies":"Exordium Thugs","floor":12,"turns":5},{"damage":2,"enemies":"3 Louse","floor":13,"turns":3},{"damage":56,"enemies":"Hexaghost","floor":16,"turns":9}],"seed_played":"792383174324974192","potions_obtained":[{"floor":1,"key":"AttackPotion"},{"floor":8,"key":"DuplicationPotion"},{"floor":12,"key":"FearPotion"},{"floor":13,"key":"Fire Potion"}],"is_trial":false,"path_per_floor":["M","$","?","M","M","R","E","M","T","R","$","M","M","?","R","B"],"character_chosen":"WATCHER","items_purchased":["MentalFortress","Regal Pillow"],"campfire_rested":1,"item_purchase_floors":[11,11],"current_hp_per_floor":[72,72,72,69,65,65,60,56,56,56,56,38,36,18,54,0,0],"gold":97,"neow_bonus":"ONE_RANDOM_RARE_CARD","is_daily":false,"chose_seed":false,"campfire_upgraded":2,"win_rate":0.0,"timestamp":1612883372,"path_taken":["M","$","?","?","M","R","E","M","T","R","$","M","M","?","R","BOSS"],"items_purchased_type":["Card","Relic"],"build_version":"2020-12-22","purchased_purges":2,"victory":false,"max_hp_per_floor":[72,72,72,72,72,72,72,72,72,72,72,72,72,72,72,72,72],"card_choices":[{"not_picked":["Perseverance","Protect","Study"],"picked":"SKIP","floor":1},{"not_picked":["PathToVictory","CrushJoints","ClearTheMind"],"picked":"SKIP","floor":4},{"not_picked":["FollowUp","Halt","Crescendo"],"picked":"SKIP","floor":5},{"not_picked":["PathToVictory","Swivel","ReachHeaven"],"picked":"SKIP","floor":7},{"not_picked":["BowlingBash","Protect","SandsOfTime"],"picked":"Adaptation","floor":8},{"not_picked":["SignatureMove","CutThroughFate","ThirdEye","Prostrate"],"picked":"SKIP","floor":12},{"not_picked":["Prostrate","ClearTheMind","Alpha","CutThroughFate"],"picked":"SKIP","floor":13}],"player_experience":197704,"relics_obtained":[{"floor":7,"key":"Question Card"},{"floor":9,"key":"Blue Candle"}],"event_choices":[{"damage_healed":0,"gold_gain":275,"player_choice":"Desecrate","damage_taken":0,"max_hp_gain":0,"max_hp_loss":0,"event_name":"Golden Shrine","floor":3,"gold_loss":0,"cards_obtained":["Regret"]},{"damage_healed":0,"gold_gain":0,"player_choice":"Take Damage","damage_taken":18,"relics_obtained":["Golden Idol"],"max_hp_gain":0,"max_hp_loss":0,"event_name":"Golden Idol","floor":14,"gold_loss":0}],"is_beta":false,"boss_relics":[],"items_purged_floors":[2,11],"is_endless":false,"potions_floor_spawned":[1,8,12,13],"killed_by":"Hexaghost","ascension_level":3}}