{"host":"a1eatafr7pisesky","time":1612853862,"event":{"mods":["AchievementEnabler","BaseMod","Colored Map","Keyboard Shortcuts","Minty Spire (QoL Compilation)","Say the Spire","StSLib","SuperFastMode","everything is the same but u backflip on backflip"],"gold_per_floor":[113,130,150,150,75,109,109,109,136,180,215,266,238,250,262,370,382,382,382,0,0,0,0,0,0,0,0,0,0,0,0,0,0,0,0,0,0,0,0,0,0,0,0,0,0,0,0,0,0,0],"floor_reached":51,"language":"KOR","playtime":956,"items_purged":["Defend_R"],"score":1403,"play_id":"26ea4737-5a86-46a0-968c-5417e9484337","local_time":"20210209155742","is_ascension_mode":true,"campfire_choices":[{"data":"Flex","floor":7.0,"key":"SMITH"},{"floor":15.0,"key":"REST"},{"floor":24.0,"key":"REST"},{"data":"Inflame","floor":28.0,"key":"SMITH"},{"data":"Limit Break","floor":32.0,"key":"SMITH"},{"floor":40.0,"key":"REST"},{"data":"Spot Weakness","floor":42,"key":"SMITH"},{"data":"Heavy Blade","floor":47,"key":"SMITH"},{"data":"Heavy Blade","floor":49,"key":"SMITH"}],"circlet_count":0,"master_deck":["AscendersBane","Strike_R","Strike_R","Defend_R","Defend_R","Bash","Pommel Strike","Headbutt","Flex+1","Carnage","Spot Weakness+1","Inflame+1","Rage","Cleave","Reaper","Uppercut+1","Intimidate+1","Fiend Fire","Impervious","Dual Wield","Heavy Blade+1","Limit Break+1","Pommel Strike+1","Reaper","Heavy Blade+1"],"relics":["Black Blood","Golden Idol","Smiling Mask","Shuriken","Red Skull","MawBank","Blood Vial","Boot","Ectoplasm","Bag of Preparation","Orrery","Omamori","Oddly Smooth Stone","Akabeko","Pocketwatch","Ancient Tea Set","Regal Pillow","Red Mask","Dream Catcher"],"acts_visited":["Exordium","TheCity","TheBeyond"],"potions_floor_usage":[41,50],"damage_taken":[{"damage":6.0,"enemies":"Cultist","floor":1.0,"turns":3.0},{"damage":12.0,"enemies":"Jaw Worm","floor":2.0,"turns":3.0},{"damage":8.0,"enemies":"2 Louse","floor":3.0,"turns":2.0},{"damage":35.0,"enemies":"3 Sentries","floor":6.0,"turns":7.0},{"damage":12.0,"enemies":"Gremlin Nob","floor":10.0,"turns":3.0},{"damage":22.0,"enemies":"Lagavulin","floor":12.0,"turns":7.0},{"damage":25.0,"enemies":"Hexaghost","floor":16.0,"turns":7.0},{"damage":46.0,"enemies":"3 Byrds","floor":18.0,"turns":6.0},{"damage":34.0,"enemies":"Slavers","floor":23.0,"turns":5.0},{"damage":0.0,"enemies":"Book of Stabbing","floor":25.0,"turns":1.0},{"damage":12.0,"enemies":"Chosen","floor":27.0,"turns":3.0},{"damage":41.0,"enemies":"Gremlin Leader","floor":29.0,"turns":5.0},{"damage":10.0,"enemies":"Centurion and Healer","floor":30.0,"turns":5.0},{"damage":35.0,"enemies":"Slavers","floor":31.0,"turns":3.0},{"damage":62.0,"enemies":"Collector","floor":33.0,"turns":7.0},{"damage":38.0,"enemies":"Orb Walker","floor":35.0,"turns":4.0},{"damage":37.0,"enemies":"3 Darklings","floor":36.0,"turns":4.0},{"damage":77.0,"enemies":"Spire Growth","floor":39.0,"turns":5.0},{"damage":22,"enemies":"Giant Head","floor":41,"turns":5},{"damage":107,"enemies":"Awakened One","floor":50,"turns":6}],"seed_played":"-6307675549581712421","potions_obtained":[{"floor":1.0,"key":"SkillPotion"},{"floor":6.0,"key":"Swift Potion"},{"floor":10.0,"key":"SmokeBomb"},{"floor":12.0,"key":"GamblersBrew"},{"floor":16.0,"key":"Dexterity Potion"},{"floor":27.0,"key":"SpeedPotion"},{"floor":39.0,"key":"ColorlessPotion"},{"floor":41,"key":"PowerPotion"}],"is_trial":false,"path_per_floor":["M","M","M","?","?","E","R","?","T","E","T","E","?","?","R","B",null,"M","?","$","?","?","E","R","E","T","M","R","E","M","E","R","B",null,"M","M","$","?","M","R","E","R","T","?","$","T","R","$","R","B",null],"character_chosen":"IRONCLAD","items_purchased":["Bag of Preparation","Orrery"],"campfire_rested":3,"item_purchase_floors":[20,20],"current_hp_per_floor":[68,62,60,60,60,31,31,31,31,25,25,11,11,11,29,12,50,22,22,22,22,22,19,37,45,45,51,51,18,26,54,54,35,55,50,62,62,62,15,33,62,62,62,62,62,62,62,62,62,49],"gold":0,"neow_bonus":"TRANSFORM_TWO_CARDS","is_daily":false,"chose_seed":false,"campfire_upgraded":6,"win_rate":0.0,"timestamp":1612853862,"path_taken":["M","M","?","?","?","E","R","?","T","E","?","E","?","?","R","BOSS","M","?","$","?","?","E","R","E","T","M","R","E","M","E","R","BOSS","M","?","$","?","?","R","E","R","T","?","$","?","R","$","R","BOSS"],"items_purchased_type":["Relic","Relic"],"build_version":"2020-12-22","purchased_purges":1,"victory":true,"max_hp_per_floor":[68,68,68,62,62,62,62,62,62,62,62,62,62,62,62,62,62,62,62,62,62,62,62,62,62,62,62,62,62,62,62,62,62,62,62,62,62,62,62,62,62,62,62,62,62,62,62,62,62,62],"card_choices":[{"not_picked":["Headbutt","Pummel"],"picked":"Flex","floor":1.0},{"not_picked":["Hemokinesis","Combust"],"picked":"Carnage","floor":2.0},{"not_picked":["Thunderclap","Rupture"],"picked":"Spot Weakness","floor":3.0},{"not_picked":["Rage","Spot Weakness"],"picked":"Inflame","floor":6.0},{"not_picked":["Sentinel","Combust"],"picked":"Rage","floor":10.0},{"not_picked":["Intimidate","Dark Embrace"],"picked":"Cleave","floor":12.0},{"not_picked":["Immolate","Limit Break"],"picked":"Reaper","floor":16.0},{"not_picked":["Anger","Headbutt","Fire Breathing"],"picked":"SKIP","floor":18.0},{"not_picked":["Twin Strike","Shrug It Off+1"],"picked":"Uppercut+1","floor":20.0},{"not_picked":["Reckless Charge","Wild Strike"],"picked":"Intimidate+1","floor":20.0},{"not_picked":["Clothesline","Searing Blow"],"picked":"Fiend Fire","floor":20.0},{"not_picked":["Body Slam","Cleave"],"picked":"Impervious","floor":20.0},{"not_picked":["Whirlwind","Havoc+1","Shrug It Off"],"picked":"SKIP","floor":23.0},{"not_picked":["Armaments","Havoc"],"picked":"Dual Wield","floor":27.0},{"not_picked":["Havoc","Pommel Strike"],"picked":"Heavy Blade","floor":29.0},{"not_picked":["Shrug It Off","Cleave"],"picked":"Limit Break","floor":30.0},{"not_picked":["Hemokinesis","Clothesline"],"picked":"Pommel Strike+1","floor":31.0},{"not_picked":["Juggernaut","Double Tap"],"picked":"Reaper","floor":33.0},{"not_picked":["Armaments","Thunderclap","Pommel Strike"],"picked":"SKIP","floor":35.0},{"not_picked":["Headbutt","Shrug It Off"],"picked":"Heavy Blade","floor":36.0},{"not_picked":["Thunderclap","Burning Pact","Havoc"],"picked":"SKIP","floor":39.0},{"not_picked":["Flex","Metallicize","Dark Embrace"],"picked":"SKIP","floor":41}],"player_experience":427513,"relics_obtained":[{"floor":6.0,"key":"Smiling Mask"},{"floor":9.0,"key":"Red Skull"},{"floor":10.0,"key":"MawBank"},{"floor":11.0,"key":"Blood Vial"},{"floor":12.0,"key":"Boot"},{"floor":23.0,"key":"Omamori"},{"floor":26.0,"key":"Oddly Smooth Stone"},{"floor":29.0,"key":"Akabeko"},{"floor":31.0,"key":"Pocketwatch"},{"floor":41,"key":"Ancient Tea Set"},{"floor":43,"key":"Regal Pillow"},{"floor":46,"key":"Dream Catcher"}],"event_choices":[{"damage_healed":0.0,"max_hp_gain":0.0,"max_hp_loss":6.0,"gold_gain":0.0,"event_name":"Golden Idol","player_choice":"Lose Max HP","floor":4.0,"gold_loss":0.0,"damage_taken":0.0,"relics_obtained":["Golden Idol"]},{"cards_removed":["Defend_R"],"damage_healed":0.0,"max_hp_gain":0.0,"max_hp_loss":0.0,"gold_gain":0.0,"event_name":"The Cleric","player_choice":"Card Removal","floor":5.0,"gold_loss":75.0,"damage_taken":0.0},{"damage_healed":0.0,"max_hp_gain":0.0,"max_hp_loss":0.0,"gold_gain":0.0,"event_name":"Dead Adventurer","player_choice":"Searched \u00271\u0027 times","floor":8.0,"gold_loss":0.0,"damage_taken":0.0,"relics_obtained":["Shuriken"]},{"damage_healed":0.0,"max_hp_gain":0.0,"max_hp_loss":0.0,"gold_gain":0.0,"event_name":"World of Goop","player_choice":"Left Gold","floor":13.0,"gold_loss":40.0,"damage_taken":0.0},{"damage_healed":0.0,"max_hp_gain":0.0,"max_hp_loss":0.0,"gold_gain":0.0,"event_name":"Shining Light","player_choice":"Ignored","floor":14.0,"gold_loss":0.0,"damage_taken":0.0},{"damage_healed":0.0,"max_hp_gain":0.0,"max_hp_loss":0.0,"gold_gain":0.0,"event_name":"The Mausoleum","player_choice":"Ignored","floor":19.0,"gold_loss":0.0,"damage_taken":0.0},{"damage_healed":0.0,"max_hp_gain":0.0,"max_hp_loss":0.0,"gold_gain":0.0,"event_name":"Match and Keep!","player_choice":"0 cards matched","floor":22.0,"gold_loss":0.0,"damage_taken":0.0,"cards_obtained":[]},{"cards_removed":["Strike_R"],"damage_healed":0.0,"max_hp_gain":0.0,"max_hp_loss":0.0,"gold_gain":0.0,"event_name":"Bonfire Elementals","player_choice":"Offered Basic","floor":38.0,"gold_loss":0.0,"damage_taken":0.0},{"damage_healed":0,"gold_gain":0,"player_choice":"Paid","damage_taken":0,"relics_obtained":["Red Mask"],"max_hp_gain":0,"max_hp_loss":0,"event_name":"Tomb of Lord Red Mask","floor":44,"gold_loss":0}],"is_beta":false,"boss_relics":[{"not_picked":["Velvet Choker","Calling Bell"],"picked":"Ectoplasm"},{"not_picked":["Sozu","Runic Cube"],"picked":"Black Blood"}],"items_purged_floors":[20],"is_endless":false,"potions_floor_spawned":[1,6,10,12,16,18,23,27,39,41],"ascension_level":16}}