{"host":"11728qvdvolffudn","time":1612882547,"event":{"mods":["BaseMod","Block Reminder","Colored Powertips","Curses Come First","Custom Start","Displayed Cursed Tome","Highlight Path","Minty Spire (QoL Compilation)","Permanent Neow","Quick Restart","Rare Cards Sparkle","Relic Stats","StSLib","Weighted Paths"],"gold_per_floor":[118,133,133,133,133,161,180,198,198,198,198,198,198,213,213,213,213],"floor_reached":16,"language":"ENG","playtime":467,"items_purged":[],"score":115,"play_id":"cf78df01-3207-44a8-b560-5256c75a9af5","local_time":"20210209145547","is_ascension_mode":true,"campfire_choices":[{"data":"Flex","floor":10,"key":"SMITH"},{"floor":13,"key":"REST"},{"data":"Flex","floor":15,"key":"SMITH"}],"circlet_count":0,"master_deck":["Strike_R+1","Strike_R","Strike_R","Strike_R","Strike_R","Defend_R+1","Defend_R","Defend_R","Defend_R","Bash","Flex+1","Flex+1","Regret","Flex","Pummel"],"relics":["Burning Blood","Unceasing Top","NlothsMask","Bottled Lightning","Gremlin Horn"],"acts_visited":["Exordium"],"potions_floor_usage":[16,16],"damage_taken":[{"damage":0,"enemies":"Cultist","floor":1,"turns":2},{"damage":1,"enemies":"2 Louse","floor":2,"turns":3},{"damage":62,"enemies":"Lagavulin","floor":6,"turns":7},{"damage":1,"enemies":"Small Slimes","floor":7,"turns":3},{"damage":8,"enemies":"Looter","floor":8,"turns":3},{"damage":2,"enemies":"Exordium Thugs","floor":14,"turns":4},{"damage":42,"enemies":"Slime Boss","floor":16,"turns":7}],"seed_played":"-5422333542202386189","potions_obtained":[{"floor":6,"key":"LiquidMemories"},{"floor":8,"key":"ElixirPotion"},{"floor":14,"key":"ElixirPotion"}],"is_trial":false,"path_per_floor":["M","M","?","?","?","E","M","M","T","R","$","T","R","M","R","B"],"character_chosen":"IRONCLAD","items_purchased":[],"campfire_rested":1,"item_purchase_floors":[],"current_hp_per_floor":[80,80,80,64,64,8,13,11,11,11,11,11,35,39,39,0,0],"gold":213,"neow_bonus":"THREE_CARDS","is_daily":false,"chose_seed":true,"campfire_upgraded":2,"win_rate":0.0,"timestamp":1612882547,"path_taken":["M","?","?","?","?","E","?","?","T","R","$","?","R","M","R","BOSS"],"items_purchased_type":[],"build_version":"2020-12-22","purchased_purges":0,"victory":false,"max_hp_per_floor":[80,80,80,80,80,80,80,80,80,80,80,80,80,80,80,80,80],"relic_stats":{"Gremlin Horn":[2,2],"counters":[7,29],"obtain_stats":[{"Gremlin Horn":12,"Bottled Lightning":6,"Burning Blood":0,"Unceasing Top":3,"NlothsMask":5},{"Gremlin Horn":5,"Bottled Lightning":3,"Burning Blood":0,"Unceasing Top":2,"NlothsMask":2},{"Gremlin Horn":18,"Bottled Lightning":12,"Burning Blood":0,"Unceasing Top":5,"NlothsMask":5}],"Burning Blood":25,"Unceasing Top":[3]},"card_choices":[{"not_picked":["Seeing Red","Body Slam"],"picked":"Flex","floor":0},{"not_picked":["Heavy Blade","Twin Strike"],"picked":"Flex","floor":1},{"not_picked":["Reckless Charge","Clothesline","Entrench"],"picked":"SKIP","floor":2},{"not_picked":["Corruption","Dual Wield","Pommel Strike"],"picked":"SKIP","floor":6},{"not_picked":["Searing Blow","Twin Strike","Intimidate"],"picked":"SKIP","floor":7},{"not_picked":["Power Through","Searing Blow"],"picked":"Flex","floor":8},{"not_picked":["Ghostly Armor","Hemokinesis"],"picked":"Pummel","floor":14}],"player_experience":186962,"relics_obtained":[{"floor":6,"key":"Bottled Lightning"},{"floor":12,"key":"Gremlin Horn"}],"event_choices":[{"damage_healed":0,"gold_gain":0,"player_choice":"Box","damage_taken":0,"relics_obtained":["Unceasing Top"],"max_hp_gain":0,"max_hp_loss":0,"event_name":"Big Fish","floor":3,"gold_loss":0,"cards_obtained":["Regret"]},{"damage_healed":0,"gold_gain":0,"player_choice":"Entered Light","damage_taken":16,"max_hp_gain":0,"max_hp_loss":0,"event_name":"Shining Light","floor":4,"gold_loss":0,"cards_upgraded":["Strike_R","Defend_R"]},{"damage_healed":0,"gold_gain":0,"player_choice":"Trade","damage_taken":0,"relics_obtained":["NlothsMask"],"max_hp_gain":0,"max_hp_loss":0,"event_name":"FaceTrader","floor":5,"gold_loss":0}],"is_beta":false,"boss_relics":[],"items_purged_floors":[],"is_endless":false,"potions_floor_spawned":[6,8,14],"killed_by":"Slime Boss","ascension_level":3}}