{"host":"5p9hybygolzp0efr","time":1612864853,"event":{"mods":["AchievementEnabler","BaseMod","Bestiary","Colored Map","Minty Spire (QoL Compilation)","Permanent Neow","Relic Stats","StSLib"],"gold_per_floor":[213,213,264,59,75,75,102,120,120,132,159,189,208,221,221,320,320,332,431,210,310,322,322,322,349,375,392,426,436,446,466,466,569,569,589,608,620,670,724,724,742,774,774,774,790,803,836,200,200,200],"floor_reached":51,"language":"ENG","playtime":4563,"items_purged":["Strike_P","MasterReality"],"score":1242,"play_id":"1ab35160-291d-457a-880b-61bf3cce9e49","local_time":"20210209180053","is_ascension_mode":true,"campfire_choices":[{"floor":6.0,"key":"REST"},{"floor":15.0,"key":"REST"},{"data":"Vigilance","floor":23.0,"key":"SMITH"},{"floor":32.0,"key":"REST"},{"floor":40.0,"key":"REST"},{"data":"Scrawl","floor":44.0,"key":"SMITH"},{"data":"Wallop","floor":49.0,"key":"SMITH"}],"circlet_count":0,"master_deck":["AscendersBane","Eruption+1","Vigilance+1","EmptyFist+1","LikeWater","Sanctity","Tantrum","Adaptation","EmptyMind","Scrawl+1","Halt","Vault","Consecrate+1","BattleHymn","MentalFortress","FearNoEvil","ThirdEye+1","FlurryOfBlows","FlurryOfBlows","Wallop+1","EmptyBody+1","Tantrum"],"relics":["PureWater","PreservedInsect","Whetstone","Vajra","Omamori","Art of War","Pandora\u0027s Box","Orrery","Yang","Blood Vial","Happy Flower","SacredBark","Cursed Key","Gambling Chip","Calipers","Unceasing Top","Gremlin Horn","Ice Cream","TungstenRod","TheAbacus"],"acts_visited":["Exordium","TheCity","TheBeyond"],"potions_floor_usage":[],"damage_taken":[{"damage":13.0,"enemies":"Jaw Worm","floor":1.0,"turns":4.0},{"damage":0.0,"enemies":"Small Slimes","floor":5.0,"turns":3.0},{"damage":17.0,"enemies":"Gremlin Nob","floor":7.0,"turns":4.0},{"damage":0.0,"enemies":"2 Louse","floor":8.0,"turns":2.0},{"damage":0.0,"enemies":"2 Fungi Beasts","floor":10.0,"turns":3.0},{"damage":0.0,"enemies":"Lagavulin","floor":11.0,"turns":4.0},{"damage":24.0,"enemies":"Gremlin Gang","floor":13.0,"turns":4.0},{"damage":2.0,"enemies":"Blue Slaver","floor":14.0,"turns":4.0},{"damage":14.0,"enemies":"The Guardian","floor":16.0,"turns":8.0},{"damage":5.0,"enemies":"Spheric Guardian","floor":18.0,"turns":4.0},{"damage":22.0,"enemies":"2 Thieves","floor":22.0,"turns":3.0},{"damage":20.0,"enemies":"Slavers","floor":25.0,"turns":4.0},{"damage":20.0,"enemies":"Shelled Parasite and Fungi","floor":27.0,"turns":5.0},{"damage":0.0,"enemies":"Gremlin Leader","floor":28.0,"turns":3.0},{"damage":0.0,"enemies":"Centurion and Healer","floor":29.0,"turns":4.0},{"damage":3.0,"enemies":"3 Cultists","floor":30.0,"turns":4.0},{"damage":4.0,"enemies":"Shelled Parasite and Fungi","floor":31.0,"turns":4.0},{"damage":6.0,"enemies":"Collector","floor":33.0,"turns":9.0},{"damage":7.0,"enemies":"3 Shapes","floor":35.0,"turns":3.0},{"damage":25.0,"enemies":"3 Darklings","floor":36.0,"turns":3.0},{"damage":9.0,"enemies":"Spire Growth","floor":37.0,"turns":4.0},{"damage":0.0,"enemies":"Mind Bloom Boss Battle","floor":38.0,"turns":4.0},{"damage":0.0,"enemies":"2 Orb Walkers","floor":39.0,"turns":4.0},{"damage":4.0,"enemies":"Jaw Worm Horde","floor":41.0,"turns":3.0},{"damage":0.0,"enemies":"Reptomancer","floor":42.0,"turns":5.0},{"damage":1.0,"enemies":"4 Shapes","floor":45.0,"turns":4.0},{"damage":10.0,"enemies":"Spire Growth","floor":46.0,"turns":3.0},{"damage":0.0,"enemies":"Giant Head","floor":47.0,"turns":4.0},{"damage":1,"enemies":"Donu and Deca","floor":50,"turns":8}],"seed_played":"2791197673855156148","potions_obtained":[{"floor":5.0,"key":"Ancient Potion"},{"floor":7.0,"key":"SkillPotion"},{"floor":13.0,"key":"SteroidPotion"},{"floor":16.0,"key":"Ancient Potion"},{"floor":18.0,"key":"DuplicationPotion"},{"floor":33.0,"key":"EssenceOfSteel"},{"floor":45.0,"key":"FairyPotion"}],"is_trial":false,"path_per_floor":["M","?","T","$","M","R","E","M","T","M","E","?","M","M","R","B",null,"M","?","$","?","M","R","?","E","T","M","E","M","M","M","R","B",null,"M","M","M","?","?","R","M","E","T","R","M","M","E","$","R","B",null],"character_chosen":"WATCHER","items_purchased":["LikeWater","FearPotion","BattleHymn","Orrery","TungstenRod","TheAbacus","Tantrum"],"campfire_rested":4,"item_purchase_floors":[4,4,20,20,48,48,48],"current_hp_per_floor":[52,38,38,38,38,59,42,42,42,42,42,42,18,16,37,23,60,55,55,55,55,33,33,72,52,52,34,36,38,37,35,56,52,67,62,39,32,34,36,57,55,57,57,57,58,50,52,52,52,53],"gold":200,"neow_bonus":"HUNDRED_GOLD","is_daily":false,"chose_seed":false,"campfire_upgraded":3,"win_rate":0.0,"timestamp":1612864853,"path_taken":["M","?","?","$","M","R","E","M","T","M","E","?","M","M","R","BOSS","M","?","$","?","?","R","?","E","T","M","E","M","M","?","R","BOSS","M","M","M","?","?","R","M","E","T","R","M","M","E","$","R","BOSS"],"items_purchased_type":["Card","Potion","Card","Relic","Relic","Relic","Card"],"build_version":"2020-12-22","purchased_purges":2,"victory":true,"max_hp_per_floor":[72,72,72,72,72,72,72,72,72,72,72,72,72,72,72,72,72,72,72,72,72,72,72,72,72,72,72,72,72,72,72,72,72,72,72,72,72,72,72,72,72,72,72,72,72,72,72,72,72,72],"relic_stats":{"Happy Flower":[22],"Gremlin Horn":[4,4],"counters":[29,121],"Yang":[296],"PreservedInsect":334,"Whetstone":["EmptyFist","Strike_P"],"Cursed Key":1,"Blood Vial":34,"TheAbacus":[18],"Gambling Chip":[14],"Pandora\u0027s Box":["ThirdEye","JustLucky","DeceiveReality","Worship","Alpha","SpiritShield","Blasphemy"],"Art of War":[11],"obtain_stats":[{"Ice Cream":47,"Calipers":39,"Happy Flower":28,"Gremlin Horn":43,"SacredBark":34,"Vajra":9,"Yang":25,"PreservedInsect":3,"Omamori":11,"Whetstone":7,"Cursed Key":34,"Blood Vial":26,"TheAbacus":48,"Gambling Chip":38,"Orrery":20,"Pandora\u0027s Box":17,"Art of War":12,"PureWater":0,"Unceasing Top":42,"TungstenRod":48},{"Ice Cream":28,"Calipers":23,"Happy Flower":14,"Gremlin Horn":25,"SacredBark":18,"Vajra":4,"Yang":12,"PreservedInsect":1,"Omamori":6,"Whetstone":3,"Cursed Key":18,"Blood Vial":12,"TheAbacus":28,"Gambling Chip":22,"Orrery":10,"Pandora\u0027s Box":9,"Art of War":6,"PureWater":0,"Unceasing Top":25,"TungstenRod":28},{"Ice Cream":113,"Calipers":94,"Happy Flower":55,"Gremlin Horn":102,"SacredBark":76,"Vajra":13,"Yang":47,"PreservedInsect":4,"Omamori":20,"Whetstone":11,"Cursed Key":76,"Blood Vial":47,"TheAbacus":113,"Gambling Chip":90,"Orrery":40,"Pandora\u0027s Box":36,"Art of War":20,"PureWater":0,"Unceasing Top":102,"TungstenRod":113}],"Unceasing Top":[0],"TungstenRod":1},"card_choices":[{"not_picked":["Halt","ReachHeaven"],"picked":"EmptyFist","floor":1.0},{"not_picked":["WreathOfFlame","FollowUp"],"picked":"Sanctity","floor":5.0},{"not_picked":["Prostrate","FlurryOfBlows"],"picked":"Tantrum","floor":7.0},{"not_picked":["FlyingSleeves","Wallop"],"picked":"Adaptation","floor":8.0},{"not_picked":["Crescendo","Sanctity"],"picked":"EmptyMind","floor":10.0},{"not_picked":["EmptyFist","PathToVictory"],"picked":"Scrawl","floor":11.0},{"not_picked":["Weave","Crescendo"],"picked":"Halt","floor":13.0},{"not_picked":["Tantrum","Protect","CrushJoints"],"picked":"SKIP","floor":14.0},{"not_picked":["SpiritShield","Brilliance"],"picked":"Vault","floor":16.0},{"not_picked":["FlyingSleeves","SashWhip+1"],"picked":"Consecrate+1","floor":18.0},{"not_picked":["EmptyFist","FlyingSleeves"],"picked":"MasterReality","floor":20.0},{"not_picked":["Meditate","PathToVictory"],"picked":"MentalFortress","floor":20.0},{"not_picked":["SashWhip","JustLucky"],"picked":"FearNoEvil","floor":20.0},{"not_picked":["ForeignInfluence","FollowUp"],"picked":"ThirdEye+1","floor":20.0},{"not_picked":["Swivel","EmptyFist+1","PathToVictory"],"picked":"SKIP","floor":22.0},{"not_picked":["EmptyFist","Evaluate","FollowUp"],"picked":"SKIP","floor":25.0},{"not_picked":["DeceiveReality+1","CarveReality"],"picked":"FlurryOfBlows","floor":27.0},{"not_picked":["SashWhip","ConjureBlade","ThirdEye"],"picked":"SKIP","floor":28.0},{"not_picked":["SashWhip+1","CutThroughFate","ForeignInfluence"],"picked":"SKIP","floor":29.0},{"not_picked":["SashWhip","Halt"],"picked":"FlurryOfBlows","floor":30.0},{"not_picked":["Prostrate","Pray"],"picked":"Wallop","floor":31.0},{"not_picked":["PathToVictory+1","Wallop","EmptyBody+1"],"picked":"SKIP","floor":35.0},{"not_picked":["ThirdEye+1","EmptyFist","Crescendo"],"picked":"SKIP","floor":36.0},{"not_picked":["CrushJoints+1","FlyingSleeves","Consecrate+1"],"picked":"SKIP","floor":37.0},{"not_picked":["FollowUp","Crescendo"],"picked":"EmptyBody+1","floor":39.0},{"not_picked":["Halt","ThirdEye+1","SashWhip"],"picked":"SKIP","floor":41.0},{"not_picked":["Perseverance+1","Consecrate","BowlingBash+1"],"picked":"SKIP","floor":42.0},{"not_picked":["LessonLearned","PathToVictory","CutThroughFate"],"picked":"SKIP","floor":45.0},{"not_picked":["Crescendo","Worship+1","FearNoEvil"],"picked":"SKIP","floor":46.0},{"not_picked":["Consecrate","SashWhip","LikeWater+1"],"picked":"SKIP","floor":47.0}],"player_experience":599491,"relics_obtained":[{"floor":3.0,"key":"PreservedInsect"},{"floor":7.0,"key":"Whetstone"},{"floor":9.0,"key":"Vajra"},{"floor":11.0,"key":"Omamori"},{"floor":25.0,"key":"Yang"},{"floor":26.0,"key":"Blood Vial"},{"floor":28.0,"key":"Happy Flower"},{"floor":38.0,"key":"Gambling Chip"},{"floor":39.0,"key":"Calipers"},{"floor":42.0,"key":"Unceasing Top"},{"floor":43.0,"key":"Gremlin Horn"},{"floor":47.0,"key":"Ice Cream"}],"event_choices":[{"damage_healed":0.0,"max_hp_gain":0.0,"max_hp_loss":0.0,"gold_gain":0.0,"event_name":"Shining Light","player_choice":"Entered Light","floor":2.0,"gold_loss":0.0,"damage_taken":14.0,"cards_upgraded":["Defend_P","Eruption"]},{"damage_healed":0.0,"max_hp_gain":0.0,"max_hp_loss":0.0,"gold_gain":30.0,"event_name":"Dead Adventurer","player_choice":"Searched \u00273\u0027 times","floor":12.0,"gold_loss":0.0,"damage_taken":0.0,"relics_obtained":["Art of War"]},{"damage_healed":0.0,"max_hp_gain":0.0,"max_hp_loss":0.0,"gold_gain":99.0,"event_name":"Nest","player_choice":"Stole From Cult","floor":19.0,"gold_loss":0.0,"damage_taken":0.0},{"damage_healed":0.0,"max_hp_gain":0.0,"max_hp_loss":0.0,"gold_gain":100.0,"event_name":"Golden Shrine","player_choice":"Pray","floor":21.0,"gold_loss":0.0,"damage_taken":0.0},{"damage_healed":39.0,"max_hp_gain":0.0,"max_hp_loss":0.0,"gold_gain":0.0,"event_name":"Wheel of Change","player_choice":"Full Heal","floor":24.0,"gold_loss":0.0,"damage_taken":0.0},{"damage_healed":0.0,"max_hp_gain":0.0,"max_hp_loss":0.0,"gold_gain":0.0,"event_name":"MindBloom","player_choice":"Fight","floor":38.0,"gold_loss":0.0,"damage_taken":0.0},{"damage_healed":0.0,"max_hp_gain":0.0,"max_hp_loss":0.0,"gold_gain":0.0,"event_name":"Mysterious Sphere","player_choice":"Fight","floor":39.0,"gold_loss":0.0,"damage_taken":0.0}],"is_beta":false,"boss_relics":[{"not_picked":["Philosopher\u0027s Stone","Velvet Choker"],"picked":"Pandora\u0027s Box"},{"not_picked":["Tiny House","Runic Dome"],"picked":"SacredBark"}],"items_purged_floors":[4,48],"is_endless":false,"potions_floor_spawned":[5,7,11,13,16,18,22,28,29,33,36,39,45],"ascension_level":10}}