{"host":"tp1hyvdwlciy3xbu","time":1612846568,"event":{"mods":["BaseMod","Marisa£®ÏF”Í°°ƒß¿Ì…≥£©","Minty Spire (QoL Compilation)","StSLib","The Servant 0.9.4"],"gold_per_floor":[119,119,119,137,26,26,26,26,26,61,79,97,97,108,108,211,211,224,234,234,159,4,38,91,125,125,125,136,147,163,86,86,189,189,203,223,72,72,19,19,45,45,98,98,110,110,110,122,122,122],"floor_reached":51,"language":"ZHS","playtime":2118,"items_purged":["Strike_S","Defend_S"],"score":912,"play_id":"cba7433e-423b-4330-b92e-a815c4ae89ff","local_time":"20210209125608","is_ascension_mode":true,"campfire_choices":[{"data":"SilverBlades","floor":6.0,"key":"SMITH"},{"data":"Starlight","floor":13.0,"key":"SMITH"},{"data":"Starlight","floor":15.0,"key":"SMITH"},{"data":"Exchange","floor":27.0,"key":"SMITH"},{"floor":32.0,"key":"REST"},{"data":"Potential","floor":40,"key":"SMITH"},{"data":"Advance","floor":42,"key":"SMITH"},{"data":"Advance","floor":44,"key":"SMITH"},{"data":"BottledTime","floor":49,"key":"SMITH"}],"circlet_count":0,"master_deck":["Defend_S","Defend_S","Defend_S","KidneyShot+1","Exchange+1","Starlight+1","Starlight+1","SilverBlades+1","BottledTime","BottledTime+1","Dilation","Rewind+1","Rewind","Potential+1","MurderousAura","Advance+1","FastForward+1","Rearm","Ricochet","Potential+1","Advance+1"],"relics":["Uniform","NeowsBlessing","Anchor","Mummified Hand","Tiny Chest","StoneMask","Nunchaku","Bird Faced Urn","Whetstone","Bag of Marbles","Pocketwatch","Sozu","CaptainsWheel","Happy Flower","Bottled Lightning"],"acts_visited":["Exordium","TheCity","TheBeyond"],"potions_floor_usage":[33,50],"damage_taken":[{"damage":0.0,"enemies":"Small Slimes","floor":1.0,"turns":1.0},{"damage":0.0,"enemies":"2 Louse","floor":4.0,"turns":1.0},{"damage":0.0,"enemies":"Gremlin Nob","floor":10.0,"turns":1.0},{"damage":0.0,"enemies":"Jaw Worm","floor":11.0,"turns":2.0},{"damage":0.0,"enemies":"3 Louse","floor":12.0,"turns":2.0},{"damage":0.0,"enemies":"Exordium Wildlife","floor":14.0,"turns":1.0},{"damage":19.0,"enemies":"Hexaghost","floor":16.0,"turns":8.0},{"damage":8.0,"enemies":"3 Byrds","floor":18.0,"turns":4.0},{"damage":0.0,"enemies":"Chosen","floor":19.0,"turns":3.0},{"damage":62.0,"enemies":"Slavers","floor":23.0,"turns":6.0},{"damage":0.0,"enemies":"Book of Stabbing","floor":25.0,"turns":3.0},{"damage":0.0,"enemies":"Shelled Parasite and Fungi","floor":28.0,"turns":2.0},{"damage":0.0,"enemies":"Chosen and Byrds","floor":29.0,"turns":4.0},{"damage":13.0,"enemies":"Snake Plant","floor":30.0,"turns":3.0},{"damage":10,"enemies":"Champ","floor":33,"turns":7},{"damage":0,"enemies":"3 Shapes","floor":35,"turns":3},{"damage":0,"enemies":"Orb Walker","floor":36,"turns":3},{"damage":0,"enemies":"Giant Head","floor":41,"turns":4},{"damage":0,"enemies":"Writhing Mass","floor":45,"turns":3},{"damage":0,"enemies":"Jaw Worm Horde","floor":48,"turns":3},{"damage":42,"enemies":"Awakened One","floor":50,"turns":8}],"seed_played":"-27760609681111548","potions_obtained":[{"floor":1.0,"key":"BlessingOfTheForge"},{"floor":10.0,"key":"ColorlessPotion"},{"floor":16.0,"key":"ColorlessPotion"},{"floor":18.0,"key":"FearPotion"},{"floor":25.0,"key":"DistilledChaos"},{"floor":30.0,"key":"AttackPotion"},{"floor":33,"key":"ColorlessPotion"}],"is_trial":false,"path_per_floor":["M","?","?","M","$","R","?","?","T","E","M","M","R","M","R","B",null,"M","M","?","?","$","E","T","E","T","R","M","M","M","$","R","B",null,"M","M","$","?","$","R","E","R","T","R","M","$","T","M","R","B",null],"character_chosen":"THE_SERVANT","items_purchased":["SilverBlades","Nunchaku","Advance","Ricochet","Potential"],"campfire_rested":1,"item_purchase_floors":[5,22,31,37,39],"current_hp_per_floor":[65,70,63,63,63,63,63,56,56,56,56,56,56,56,56,37,70,71,74,74,74,74,21,21,26,26,26,32,40,32,32,56,53,84,87,88,88,88,88,88,89,89,89,89,90,90,90,93,93,59],"gold":122,"neow_bonus":"THREE_ENEMY_KILL","is_daily":false,"chose_seed":false,"campfire_upgraded":8,"win_rate":0.0,"timestamp":1612846568,"path_taken":["M","?","?","M","$","R","?","?","T","E","M","M","R","M","R","BOSS","BOSS","M","M","?","?","?","E","?","E","T","R","M","M","M","$","R","BOSS","M","M","$","?","?","R","E","R","T","R","?","$","?","M","R","BOSS"],"items_purchased_type":["Card","Relic","Card","Card","Card"],"build_version":"2020-12-22","purchased_purges":2,"victory":true,"max_hp_per_floor":[65,70,70,70,70,70,70,70,70,70,70,70,70,70,70,70,70,73,74,74,74,74,77,77,78,78,78,80,82,83,83,83,84,84,87,88,88,88,88,88,89,89,89,89,90,90,90,93,93,97],"card_choices":[{"not_picked":["SurpressingFire","TimeWarp"],"picked":"Starlight","floor":1.0},{"not_picked":["TimeWarp","Sabotage"],"picked":"Starlight","floor":4.0},{"not_picked":["TimeWarp","FastForward"],"picked":"BottledTime","floor":10.0},{"not_picked":["SpecialFormula","Defy"],"picked":"BottledTime","floor":11.0},{"not_picked":["SoulSculpture","Sabotage"],"picked":"Replace","floor":12.0},{"not_picked":["Contraction","Gouge","Spin"],"picked":"SKIP","floor":14.0},{"not_picked":["TrueSight","Solidify"],"picked":"Dilation","floor":16.0},{"not_picked":["RealityMarble","TimeWarp"],"picked":"Rewind+1","floor":18.0},{"not_picked":["Sabotage","Replace"],"picked":"Rewind","floor":19.0},{"not_picked":["Alleviate+1","Defy"],"picked":"Potential","floor":23.0},{"not_picked":["Defy","TimeWarp","Rewind"],"picked":"SKIP","floor":25.0},{"not_picked":["ShatteredReality+1","Starlight","BottledTime"],"picked":"SKIP","floor":28.0},{"not_picked":["Alleviate","SpecialFormula","Luminosity"],"picked":"SKIP","floor":29.0},{"not_picked":["ShatteredReality","Reset"],"picked":"MurderousAura","floor":30.0},{"not_picked":["Unruled+1","Moondial+1"],"picked":"FastForward+1","floor":35},{"not_picked":["ShatteredReality","Potential+1"],"picked":"Rearm","floor":36},{"not_picked":["DualDimension","SoulSculpture"],"picked":"Advance","floor":41},{"not_picked":["Unruled+1","DancingSilver+1","Alleviate+1"],"picked":"SKIP","floor":45},{"not_picked":["Replace","Starlight+1","Unruled"],"picked":"SKIP","floor":48}],"player_experience":310455,"relics_obtained":[{"floor":9.0,"key":"Mummified Hand"},{"floor":10.0,"key":"Tiny Chest"},{"floor":23.0,"key":"Bird Faced Urn"},{"floor":24.0,"key":"Whetstone"},{"floor":25.0,"key":"Bag of Marbles"},{"floor":26.0,"key":"Pocketwatch"},{"floor":41,"key":"CaptainsWheel"},{"floor":43,"key":"Happy Flower"},{"floor":47,"key":"Bottled Lightning"}],"event_choices":[{"damage_healed":0.0,"max_hp_gain":5.0,"max_hp_loss":0.0,"gold_gain":0.0,"event_name":"Big Fish","player_choice":"Donut","floor":2.0,"gold_loss":0.0,"damage_taken":0.0},{"damage_healed":0.0,"max_hp_gain":0.0,"max_hp_loss":0.0,"gold_gain":0.0,"event_name":"Scrap Ooze","player_choice":"Success","floor":3.0,"gold_loss":0.0,"damage_taken":7.0,"relics_obtained":["Anchor"]},{"cards_removed":["Strike_S"],"damage_healed":0.0,"max_hp_gain":0.0,"max_hp_loss":0.0,"gold_gain":0.0,"event_name":"Living Wall","player_choice":"Forget","floor":7.0,"gold_loss":0.0,"damage_taken":0.0},{"cards_removed":["Strike_S"],"damage_healed":0.0,"max_hp_gain":0.0,"max_hp_loss":0.0,"gold_gain":0.0,"event_name":"Golden Wing","player_choice":"Card Removal","floor":8.0,"gold_loss":0.0,"damage_taken":7.0},{"cards_removed":["Strike_S"],"damage_healed":0.0,"max_hp_gain":0.0,"max_hp_loss":0.0,"gold_gain":0.0,"event_name":"Back to Basics","player_choice":"Elegance","floor":20.0,"gold_loss":0.0,"damage_taken":0.0},{"cards_removed":["Replace"],"damage_healed":0.0,"max_hp_gain":0.0,"max_hp_loss":0.0,"gold_gain":0.0,"event_name":"Beggar","player_choice":"Gave Gold","floor":21.0,"gold_loss":75.0,"damage_taken":0.0},{"damage_healed":0,"gold_gain":0,"player_choice":"Bought 0 Potions","damage_taken":0,"max_hp_gain":0,"max_hp_loss":0,"event_name":"The Woman in Blue","floor":38,"gold_loss":0}],"is_beta":false,"boss_relics":[{"not_picked":["Philosopher\u0027s Stone","Velvet Choker"],"picked":"StoneMask"},{"not_picked":["Snecko Eye","MysterySword"],"picked":"Sozu"}],"items_purged_floors":[5,37],"is_endless":false,"potions_floor_spawned":[1,10,16,18,19,25,30,33,45],"ascension_level":2}}