{"host":"u7bb6mvzuirwfcqo","time":1612843600,"event":{"mods":["2.2 Compatiblity","AchievementEnabler","BaseMod","Card Forge","Downfall","Hermit","Minty Spire (QoL Compilation)","Relic Stats","Replay The Spire","StSLib"],"gold_per_floor":[15,34,54,66,84,84,84,113,113,126,126,126,151,195,195,195,195,195],"floor_reached":16,"language":"ENG","playtime":651,"items_purged":[],"score":114,"play_id":"e9d135b2-5026-4c28-bbef-8ff190e6050a","local_time":"20210208230640","is_ascension_mode":false,"campfire_choices":[{"floor":6,"key":"REST"},{"data":"Slimebound:DuplicatedForm","floor":11,"key":"SMITH"},{"floor":15,"key":"REST"}],"circlet_count":0,"master_deck":["Slimebound:Strike_Slimebound","Slimebound:Strike_Slimebound","Slimebound:Strike_Slimebound","Slimebound:Tackle","Slimebound:Defend_Slimebound","Slimebound:Defend_Slimebound","Slimebound:Defend_Slimebound","Slimebound:Defend_Slimebound","Slimebound:Split","Slimebound:CorrosiveSpit","Slimebound:PressTheAttack","Slimebound:SplitBruiser","Slimebound:PressTheAttack","Slimebound:Darklings","Slimebound:SplitMire","Slimebound:DuplicatedForm+1","Slimebound:FormOfPuddle","Slimebound:Replication","Slimebound:SplitBruiser","Slimebound:Prepare"],"relics":["Slimebound:AbsorbEndCombat","Hammer of Thor","Seething Fire","Anvil of the Gods","TungstenRod","Blood Vial","Lantern","Golden Idol","Dream Catcher"],"acts_visited":["Exordium"],"potions_floor_usage":[],"damage_taken":[{"damage":0,"enemies":"2 Louse","floor":1,"turns":3},{"damage":2,"enemies":"Small Slimes","floor":2,"turns":3},{"damage":0,"enemies":"Cultist","floor":3,"turns":3},{"damage":32,"enemies":"Gremlin Gang","floor":4,"turns":4},{"damage":12,"enemies":"Exordium Wildlife","floor":5,"turns":4},{"damage":14,"enemies":"Lagavulin","floor":8,"turns":6},{"damage":1,"enemies":"2 Fungi Beasts","floor":10,"turns":3},{"damage":36,"enemies":"Large Slime","floor":13,"turns":3},{"damage":14,"enemies":"3 Sentries","floor":14,"turns":6},{"damage":74,"enemies":"Fading Forest","floor":16,"turns":9}],"seed_played":"-4452363308420874511","potions_obtained":[{"floor":4,"key":"Slimebound:SlimedPotion"},{"floor":10,"key":"DuplicationPotion"},{"floor":13,"key":"hexamod:SoulburnPotion"}],"is_trial":false,"path_per_floor":["M","M","M","M","M","R","?","E","T","M","R","?","M","E","R","B"],"character_chosen":"SLIMEBOUND","items_purchased":[],"campfire_rested":2,"item_purchase_floors":[],"current_hp_per_floor":[65,63,65,35,25,44,49,41,41,44,44,44,25,17,36,0,0,0],"gold":195,"neow_bonus":"ONE_RARE_RELIC","is_daily":false,"chose_seed":false,"campfire_upgraded":1,"win_rate":0.0,"timestamp":1612843600,"path_taken":["M","M","M","M","M","R","?","E","T","M","R","?","M","E","R","BOSS"],"items_purchased_type":[],"build_version":"2020-12-22","purchased_purges":0,"victory":false,"max_hp_per_floor":[65,65,65,65,65,65,70,70,70,70,70,65,65,65,65,65,65,65],"relic_stats":{"Blood Vial":8,"Dream Catcher":1,"counters":[10,42],"Golden Idol":14,"obtain_stats":[{"Blood Vial":8,"Lantern":9,"Dream Catcher":14,"Anvil of the Gods":0,"Golden Idol":12,"Hammer of Thor":0,"Slimebound:AbsorbEndCombat":0,"Seething Fire":0,"TungstenRod":0},{"Blood Vial":6,"Lantern":6,"Dream Catcher":9,"Anvil of the Gods":0,"Golden Idol":7,"Hammer of Thor":0,"Slimebound:AbsorbEndCombat":0,"Seething Fire":0,"TungstenRod":0},{"Blood Vial":22,"Lantern":22,"Dream Catcher":33,"Anvil of the Gods":0,"Golden Idol":25,"Hammer of Thor":0,"Slimebound:AbsorbEndCombat":0,"Seething Fire":0,"TungstenRod":0}],"TungstenRod":31},"card_choices":[{"not_picked":["Slimebound:LeechingTouch","Slimebound:AcidTongue"],"picked":"Slimebound:PressTheAttack","floor":1},{"not_picked":["Slimebound:Schlurp","Slimebound:SlimeSpikes"],"picked":"Slimebound:SplitBruiser","floor":2},{"not_picked":["Slimebound:ItLooksTasty","Slimebound:FlameTackle"],"picked":"Slimebound:PressTheAttack","floor":3},{"not_picked":["Slimebound:LivingWall","Slimebound:HauntingLick"],"picked":"Slimebound:Darklings","floor":4},{"not_picked":["Slimebound:SplitSpecialist","Slimebound:SlimeBarrage"],"picked":"Slimebound:SplitMire","floor":5},{"not_picked":["Slimebound:RollThrough","Slimebound:Schlurp"],"picked":"Slimebound:DuplicatedForm","floor":8},{"not_picked":["Slimebound:LeechEnergy","Slimebound:LivingWall"],"picked":"Slimebound:FormOfPuddle","floor":10},{"not_picked":["Slimebound:ItLooksTasty","Slimebound:PressTheAttack"],"picked":"Slimebound:Replication","floor":13},{"not_picked":["Slimebound:PressTheAttack","Slimebound:ItLooksTasty"],"picked":"Slimebound:SplitBruiser","floor":14},{"not_picked":["Slimebound:SplitMire","Slimebound:LeechEnergy"],"picked":"Slimebound:Prepare","floor":15}],"player_experience":34155,"relics_obtained":[{"floor":8,"key":"Blood Vial"},{"floor":9,"key":"Lantern"},{"floor":14,"key":"Dream Catcher"}],"event_choices":[{"damage_healed":0,"gold_gain":0,"player_choice":"Donut","damage_taken":0,"max_hp_gain":5,"max_hp_loss":0,"event_name":"Big Fish","floor":7,"gold_loss":0},{"damage_healed":0,"gold_gain":0,"player_choice":"Lose Max HP","damage_taken":0,"relics_obtained":["Golden Idol"],"max_hp_gain":0,"max_hp_loss":5,"event_name":"Golden Idol","floor":12,"gold_loss":0}],"is_beta":false,"boss_relics":[],"items_purged_floors":[],"is_endless":false,"potions_floor_spawned":[4,10,13],"killed_by":"Fading Forest","ascension_level":0}}