{"host":"41vgbr386mrj4p17","time":1612873129,"event":{"mods":["AchievementEnabler","AlwaysNeverKeys","BaseMod","Bestiary","Better Altar","Better Match","Better Note","Better Sensory Stone","Better Skull","Better Third Choice","Colored Map","Curses Come First","Downfall","Googly Eyes","Hermit","Highlight Path","Minty Spire (QoL Compilation)","Shade Mod","StSLib","The Cursed"],"gold_per_floor":[109,109,34,34,34,69,69,105,156,172,192,192,206,247,247,378,378,399,38,56,56,56,56,56],"floor_reached":23,"language":"ENG","playtime":1224,"items_purged":["TheCursedMod:Defend_TheCursed","TheCursedMod:Defend_TheCursed"],"score":290,"play_id":"bb7510c0-9205-4e36-818d-f08a269542f0","local_time":"20210209071849","is_ascension_mode":true,"campfire_choices":[{"floor":7,"key":"REST"},{"data":"TheCursedMod:LuckyCharm","floor":12,"key":"SMITH"},{"data":"TheCursedMod:CursedBoomerang","floor":15,"key":"SMITH"}],"circlet_count":0,"master_deck":["TheCursedMod:Strike_TheCursed","TheCursedMod:Strike_TheCursed","TheCursedMod:Strike_TheCursed","TheCursedMod:Strike_TheCursed","TheCursedMod:Defend_TheCursed","TheCursedMod:CursedWand+1","TheCursedMod:CleanUpWorkshop+1","TheCursedMod:Dregs","TheCursedMod:CursedBoomerang+1","Self Repair+1","Injury","TheCursedMod:CursedShiv","TheCursedMod:LuckyCharm+1","TheCursedMod:NeowsMight"],"relics":["TheCursedMod:BlackMagic101","Tiny Chest","Golden Idol","Pen Nib","Ancient Tea Set","MealTicket","Boot","SlaversCollar","HornCleat","Oddly Smooth Stone"],"acts_visited":["Exordium","TheCity"],"potions_floor_usage":[14,14],"damage_taken":[{"damage":5,"enemies":"Jaw Worm","floor":1,"turns":7},{"damage":39,"enemies":"3 Sentries","floor":6,"turns":12},{"damage":25,"enemies":"Gremlin Nob","floor":8,"turns":4},{"damage":3,"enemies":"2 Louse","floor":10,"turns":3},{"damage":0,"enemies":"Small Slimes","floor":11,"turns":2},{"damage":0,"enemies":"Exordium Wildlife","floor":13,"turns":3},{"damage":3,"enemies":"Lagavulin","floor":14,"turns":7},{"damage":27,"enemies":"Slime Boss","floor":16,"turns":15},{"damage":1,"enemies":"Spheric Guardian","floor":18,"turns":3},{"damage":0,"enemies":"3 Byrds","floor":20,"turns":4},{"damage":86,"enemies":"Slavers","floor":23,"turns":6}],"seed_played":"-3760563764189932530","potions_obtained":[{"floor":1,"key":"bronze:BurnAndBuffPotion"},{"floor":10,"key":"GamblersBrew"}],"is_trial":false,"path_per_floor":["M","?","$","?","?","E","R","E","T","M","M","R","M","E","R","B",null,"M","$","M","T","?","E"],"character_chosen":"THE_CURSED","items_purchased":["HornCleat"],"campfire_rested":1,"item_purchase_floors":[19],"current_hp_per_floor":[70,65,65,49,49,20,44,29,29,36,46,46,56,63,63,46,73,82,82,82,82,82,0,0],"gold":56,"neow_bonus":"TEN_PERCENT_HP_BONUS","is_daily":false,"chose_seed":false,"campfire_upgraded":2,"win_rate":0.0,"timestamp":1612873129,"path_taken":["M","?","$","?","?","E","R","E","T","?","M","R","M","E","R","BOSS","M","$","M","?","?","E"],"items_purchased_type":["Relic"],"build_version":"2020-12-22","purchased_purges":2,"victory":false,"max_hp_per_floor":[82,82,82,82,82,82,82,82,82,82,82,82,82,82,82,82,82,82,82,82,82,82,82,82],"card_choices":[{"not_picked":["TheCursedMod:Mangle","TheCursedMod:Wield"],"picked":"TheCursedMod:CursedBoomerang","floor":1},{"not_picked":["TheCursedMod:VitalStrike","TheCursedMod:SmokeScreen"],"picked":"TheCursedMod:CursedShiv","floor":6},{"not_picked":["TheCursedMod:SpitefulStrike","TheCursedMod:SmokeScreen","TheCursedMod:CursedShiv"],"picked":"SKIP","floor":8},{"not_picked":["TheCursedMod:Wield","TheCursedMod:SmokeScreen"],"picked":"TheCursedMod:LuckyCharm","floor":10},{"not_picked":["TheCursedMod:HellfireBreathing","TheCursedMod:FleshFromBone","TheCursedMod:TacticalStrike"],"picked":"SKIP","floor":11},{"not_picked":["TheCursedMod:VitalStrike","TheCursedMod:SpitefulPlan","TheCursedMod:HellsGateOpen"],"picked":"SKIP","floor":13},{"not_picked":["TheCursedMod:RavingStaff","TheCursedMod:DarkBarrier","TheCursedMod:AshesToAshes"],"picked":"SKIP","floor":14},{"not_picked":["TheCursedMod:ShockAndAwe","TheCursedMod:OutForBlood"],"picked":"TheCursedMod:NeowsMight","floor":16},{"not_picked":["TheCursedMod:CircleOfCorruption","TheCursedMod:CursedArmor","TheCursedMod:BloodBarrier"],"picked":"SKIP","floor":18},{"not_picked":["TheCursedMod:RavingStaff","TheCursedMod:TacticalStrike","TheCursedMod:CursedArmor+1"],"picked":"SKIP","floor":20}],"player_experience":1063399,"relics_obtained":[{"floor":6,"key":"Pen Nib"},{"floor":8,"key":"Ancient Tea Set"},{"floor":9,"key":"MealTicket"},{"floor":14,"key":"Boot"},{"floor":21,"key":"Oddly Smooth Stone"}],"event_choices":[{"damage_healed":65,"gold_gain":0,"player_choice":"Upgrade","damage_taken":16,"max_hp_gain":0,"max_hp_loss":82,"event_name":"betterThird:BetterShining","floor":4,"gold_loss":0,"cards_upgraded":["TheCursedMod:CleanUpWorkshop","TheCursedMod:CursedWand"]},{"damage_healed":0,"gold_gain":0,"player_choice":"Take Wound","damage_taken":0,"relics_obtained":["Golden Idol"],"max_hp_gain":0,"max_hp_loss":0,"event_name":"Golden Idol","floor":5,"gold_loss":0,"cards_obtained":["Injury"]},{"cards_removed":["TheCursedMod:Defend_TheCursed"],"damage_healed":0,"gold_gain":0,"player_choice":"Purged","damage_taken":0,"max_hp_gain":0,"max_hp_loss":0,"event_name":"Purifier","floor":22,"gold_loss":0}],"is_beta":false,"boss_relics":[{"not_picked":["Velvet Choker","Empty Cage"],"picked":"SlaversCollar"}],"items_purged_floors":[3,19],"is_endless":false,"potions_floor_spawned":[1,10],"killed_by":"Slavers","ascension_level":8}}