{"host":"uv5ws9rdk87e8i5k","time":1612898730,"event":{"mods":["AchievementEnabler","BaseMod","Colored Map","Minty Spire (QoL Compilation)","Permanent Neow","Quick Restart","StSLib","SuperFastMode","The Necromancer"],"gold_per_floor":[18,18,32,52,64,91,117,117,165,193,206,220,254,272,272,367,417,417,417],"floor_reached":18,"language":"ENG","playtime":679,"items_purged":[],"score":301,"play_id":"e498ffae-7239-4c05-bcc1-3d68a5a2ad6b","local_time":"20210209132530","is_ascension_mode":true,"campfire_choices":[{"floor":8.0,"key":"REST"},{"data":"Noxious Fumes","floor":15.0,"key":"SMITH"}],"circlet_count":0,"master_deck":["AscendersBane","Strike_G+1","Strike_G","Strike_G","Strike_G","Strike_G","Defend_G","Defend_G","Defend_G","Defend_G","Defend_G","Survivor","Neutralize","Backflip","Endless Agony","Backflip","Deadly Poison","Quick Slash","Cloak And Dagger","Distraction","Poisoned Stab","Backstab","Noxious Fumes+1","Bullet Time","Poisoned Stab"],"relics":["Ring of the Snake","FossilizedHelix","WingedGreaves","Eternal Feather","Centennial Puzzle","Blood Vial","Incense Burner","Anchor","Tiny House"],"acts_visited":["Exordium","TheCity"],"potions_floor_usage":[],"damage_taken":[{"damage":7.0,"enemies":"Small Slimes","floor":1.0,"turns":5.0},{"damage":0.0,"enemies":"Cultist","floor":3.0,"turns":4.0},{"damage":0.0,"enemies":"Jaw Worm","floor":4.0,"turns":4.0},{"damage":0.0,"enemies":"Blue Slaver","floor":5.0,"turns":5.0},{"damage":7.0,"enemies":"3 Sentries","floor":6.0,"turns":12.0},{"damage":34.0,"enemies":"Gremlin Nob","floor":7.0,"turns":6.0},{"damage":16.0,"enemies":"Lagavulin","floor":10.0,"turns":7.0},{"damage":13.0,"enemies":"Exordium Wildlife","floor":11.0,"turns":4.0},{"damage":0.0,"enemies":"Large Slime","floor":12.0,"turns":7.0},{"damage":2.0,"enemies":"3 Sentries","floor":13.0,"turns":7.0},{"damage":0.0,"enemies":"2 Fungi Beasts","floor":14.0,"turns":4.0},{"damage":32,"enemies":"Slime Boss","floor":16,"turns":12},{"damage":0,"enemies":"Chosen","floor":18,"turns":1}],"seed_played":"-4683025900632802723","potions_obtained":[{"floor":1.0,"key":"DuplicationPotion"},{"floor":5.0,"key":"DistilledChaos"},{"floor":6.0,"key":"SmokeBomb"},{"floor":10.0,"key":"Block Potion"},{"floor":11.0,"key":"Explosive Potion"},{"floor":17,"key":"Regen Potion"}],"is_trial":false,"path_per_floor":["M","?","M","M","M","E","E","R","T","E","M","M","E","M","R","B",null,"M"],"character_chosen":"THE_SILENT","items_purchased":[],"campfire_rested":1,"item_purchase_floors":[],"current_hp_per_floor":[56,56,56,56,56,49,15,45,45,31,20,22,22,24,36,6,59,61,61],"gold":417,"neow_bonus":"ONE_RARE_RELIC","is_daily":false,"chose_seed":false,"campfire_upgraded":1,"win_rate":0.0,"timestamp":1612898730,"path_taken":["M","?","M","M","M","E","E","R","T","E","M","M","E","M","R","BOSS","M"],"items_purchased_type":[],"build_version":"2020-12-22","purchased_purges":0,"victory":false,"max_hp_per_floor":[70,70,70,70,70,70,70,70,70,70,70,70,70,70,70,70,75,75,75],"card_choices":[{"not_picked":["Blur","Escape Plan"],"picked":"Backflip","floor":1.0},{"not_picked":["Cloak And Dagger","Deflect"],"picked":"Endless Agony","floor":3.0},{"not_picked":["Concentrate","Leg Sweep"],"picked":"Backflip","floor":4.0},{"not_picked":["Acrobatics","Catalyst"],"picked":"Deadly Poison","floor":5.0},{"not_picked":["Blade Dance","Heel Hook","Storm of Steel"],"picked":"SKIP","floor":6.0},{"not_picked":["Storm of Steel","Slice"],"picked":"Quick Slash","floor":7.0},{"not_picked":["Bane","Calculated Gamble"],"picked":"Cloak And Dagger","floor":10.0},{"not_picked":["Sucker Punch","Caltrops"],"picked":"Distraction","floor":11.0},{"not_picked":["Doppelganger","Endless Agony"],"picked":"Poisoned Stab","floor":12.0},{"not_picked":["Skewer","Slice"],"picked":"Backstab","floor":13.0},{"not_picked":["Flying Knee","Eviscerate"],"picked":"Noxious Fumes","floor":14.0},{"not_picked":["Night Terror","Tools of the Trade"],"picked":"Bullet Time","floor":16},{"not_picked":["Acrobatics","Finisher"],"picked":"Poisoned Stab","floor":17}],"player_experience":289698,"relics_obtained":[{"floor":6.0,"key":"Eternal Feather"},{"floor":7.0,"key":"Centennial Puzzle"},{"floor":9.0,"key":"Blood Vial"},{"floor":10.0,"key":"Incense Burner"},{"floor":13.0,"key":"Anchor"}],"event_choices":[{"damage_healed":0.0,"max_hp_gain":0.0,"max_hp_loss":0.0,"gold_gain":0.0,"event_name":"WeMeetAgain","player_choice":"Gave Potion","floor":2.0,"gold_loss":0.0,"damage_taken":0.0,"relics_obtained":["WingedGreaves"]}],"is_beta":false,"boss_relics":[{"not_picked":["SacredBark","Runic Dome"],"picked":"Tiny House"}],"items_purged_floors":[],"is_endless":false,"potions_floor_spawned":[1,5,6,10,11,12],"killed_by":"Chosen","ascension_level":11}}