{"host":"xhy9gc4eyomy2i9o","time":1612835140,"event":{"mods":["AchievementEnabler","Act Like it!","BaseMod","Better Vampires","Minty Spire (QoL Compilation)","Permanent Neow","Quick Restart","Shop Mod","StSLib","Waifu the Spire"],"gold_per_floor":[111,124,124,124,140,140,160,235,258,276,302,302,252,279,279,380,380,394,394,394,394,195,229,229,229,309,335,189,203,203,61,61,157,157,177,188,199,60,0,0,33,49,99,132,132,164,164,174,174,174,174,174,47,73,73,73],"floor_reached":55,"language":"ZHS","playtime":4755,"items_purged":["Dualcast","Undo","Zap+1","Sweeping Beam+1","Recycle","Steam+1"],"score":1583,"play_id":"17d38893-d979-4b90-af9c-5a5f299f2b52","local_time":"20210209094540","is_ascension_mode":true,"campfire_choices":[{"data":"Buffer","floor":6.0,"key":"SMITH"},{"data":"Streamline","floor":15.0,"key":"SMITH"},{"data":"Hologram","floor":24.0,"key":"SMITH"},{"data":"FTL","floor":30.0,"key":"SMITH"},{"data":"Ghostly","floor":32.0,"key":"SMITH"},{"floor":40.0,"key":"RECALL"},{"data":"Coolheaded","floor":45.0,"key":"SMITH"},{"data":"Ghostly","floor":49.0,"key":"SMITH"},{"data":"Capacitor","floor":52.0,"key":"SMITH"}],"circlet_count":0,"master_deck":["AscendersBane","Coolheaded+1","FTL+1","Go for the Eyes+1","Streamline+1","Buffer+1","White Noise","Gash+1","All For One","Seek","Hologram+1","Ghostly","Ghostly+1","Ghostly","Ghostly","Ghostly+1","Genetic Algorithm+1","Madness+1","Rebound","Good Instincts+1","Steam+1","Trip+1","Capacitor+1","All For One","Glacier+1","Defragment","Defragment"],"relics":["Pandora\u0027s Box","Smiling Mask","MealTicket","Juzu Bracelet","TungstenRod","Nuclear Battery","WarpedTongs","Whetstone","White Beast Statue","Toxic Egg 2","Ancient Tea Set","Sozu","Red Mask","DataDisk","Bottled Tornado","Ice Cream","Art of War"],"acts_visited":["Exordium","TheCity","TheBeyond","TheEnding"],"potions_floor_usage":[],"damage_taken":[{"damage":0.0,"enemies":"Jaw Worm","floor":1.0,"turns":3.0},{"damage":0.0,"enemies":"Small Slimes","floor":2.0,"turns":2.0},{"damage":1.0,"enemies":"Cultist","floor":5.0,"turns":3.0},{"damage":0.0,"enemies":"Looter","floor":7.0,"turns":3.0},{"damage":10.0,"enemies":"Red Slaver","floor":10.0,"turns":3.0},{"damage":0.0,"enemies":"Lagavulin","floor":11.0,"turns":6.0},{"damage":0.0,"enemies":"Gremlin Nob","floor":14.0,"turns":4.0},{"damage":6.0,"enemies":"Hexaghost","floor":16.0,"turns":9.0},{"damage":17.0,"enemies":"2 Thieves","floor":18.0,"turns":3.0},{"damage":15.0,"enemies":"Gremlin Leader","floor":23.0,"turns":4.0},{"damage":0.0,"enemies":"Slavers","floor":27.0,"turns":7.0},{"damage":0.0,"enemies":"3 Byrds","floor":29.0,"turns":4.0},{"damage":34.0,"enemies":"Champ","floor":33.0,"turns":10.0},{"damage":0.0,"enemies":"3 Shapes","floor":35.0,"turns":4.0},{"damage":0.0,"enemies":"3 Darklings","floor":36.0,"turns":9.0},{"damage":0.0,"enemies":"Jaw Worm Horde","floor":37.0,"turns":7.0},{"damage":0.0,"enemies":"Reptomancer","floor":41.0,"turns":7.0},{"damage":0.0,"enemies":"4 Shapes","floor":42.0,"turns":7.0},{"damage":0.0,"enemies":"Giant Head","floor":44.0,"turns":7.0},{"damage":0.0,"enemies":"Nemesis","floor":46.0,"turns":7.0},{"damage":0.0,"enemies":"Spire Growth","floor":48.0,"turns":6.0},{"damage":0.0,"enemies":"Time Eater","floor":50.0,"turns":10.0},{"damage":0.0,"enemies":"Shield and Spear","floor":54.0,"turns":8.0},{"damage":42,"enemies":"The Heart","floor":55,"turns":11}],"seed_played":"-2983754897148869523","potions_obtained":[{"floor":1.0,"key":"Explosive Potion"},{"floor":2.0,"key":"Strength Potion"},{"floor":5.0,"key":"PotionOfCapacity"},{"floor":14.0,"key":"Regen Potion"},{"floor":18.0,"key":"SkillPotion"},{"floor":27.0,"key":"FearPotion"},{"floor":29.0,"key":"SkillPotion"},{"floor":33.0,"key":"Regen Potion"}],"is_trial":false,"path_per_floor":["M","M","?","?","M","R","M","?","T","M","E","?","$","E","R","B",null,"M","?","?","?","$","E","R","?","T","E","$","M","R","$","R","B",null,"M","M","M","$","?","R","E","M","T","E","R","E","?","M","R","B",null,"R","$","E","B"],"character_chosen":"DEFECT","items_purchased":["Whetstone","Madness+1","Good Instincts+1","Trip+1","Defragment"],"campfire_rested":0,"item_purchase_floors":[22,28,31,38,53],"current_hp_per_floor":[68,68,73,73,72,72,72,64,64,54,54,38,53,53,53,47,72,55,55,55,55,70,55,55,40,40,40,40,40,40,40,40,6,32,40,40,40,40,40,40,40,40,40,40,40,40,40,40,40,40,40,40,40,40,0,0],"gold":73,"neow_bonus":"BOSS_RELIC","is_daily":false,"chose_seed":false,"campfire_upgraded":8,"win_rate":0.0,"timestamp":1612835140,"path_taken":["M","M","?","?","?","R","M","?","T","M","E","?","$","E","R","BOSS","M","?","?","?","$","E","R","?","T","E","?","M","R","$","R","BOSS","M","M","M","$","?","R","E","M","T","E","R","E","?","M","R","BOSS","R","$","E","BOSS"],"items_purchased_type":["Relic","Card","Card","Card","Card"],"build_version":"2020-12-22","purchased_purges":6,"victory":false,"max_hp_per_floor":[75,75,80,80,80,80,80,80,80,80,80,80,80,80,80,80,80,80,80,80,80,80,80,80,40,40,40,40,40,40,40,40,40,40,40,40,40,40,40,40,40,40,40,40,40,40,40,40,40,40,40,40,40,40,40,40],"card_choices":[{"not_picked":["Capacitor","Turbo"],"picked":"White Noise","floor":1.0},{"not_picked":["Sunder","Compile Driver","Streamline"],"picked":"SKIP","floor":2.0},{"not_picked":["Ball Lightning","Steam Power","Coolheaded"],"picked":"SKIP","floor":5.0},{"not_picked":["Storm","Stack","Sweeping Beam"],"picked":"SKIP","floor":7.0},{"not_picked":["Barrage","Turbo","Chaos"],"picked":"SKIP","floor":10.0},{"not_picked":["Go for the Eyes","Streamline"],"picked":"Gash","floor":11.0},{"not_picked":["Gash","Turbo"],"picked":"All For One","floor":14.0},{"not_picked":["Electrodynamics","Amplify"],"picked":"Seek","floor":16.0},{"not_picked":["Cold Snap","Sweeping Beam"],"picked":"Hologram","floor":18.0},{"not_picked":["Cold Snap","Multi-Cast","Hologram"],"picked":"SKIP","floor":23.0},{"not_picked":["Barrage","Static Discharge"],"picked":"Genetic Algorithm+1","floor":27.0},{"not_picked":["Compile Driver","Reinforced Body+1"],"picked":"Rebound","floor":29.0},{"not_picked":["Conserve Battery+1","Undo+1"],"picked":"Steam+1","floor":35.0},{"not_picked":["Scrape","FTL"],"picked":"Steam+1","floor":36.0},{"not_picked":["Go for the Eyes","Rebound","Tempest+1"],"picked":"SKIP","floor":37.0},{"not_picked":["Stack+1","Storm","Barrage"],"picked":"SKIP","floor":41.0},{"not_picked":["Double Energy+1","Beam Cell","Stack+1"],"picked":"SKIP","floor":42.0},{"not_picked":["Thunder Strike","Defragment"],"picked":"Capacitor","floor":44.0},{"not_picked":["Ball Lightning","Beam Cell","Conserve Battery+1"],"picked":"SKIP","floor":46.0},{"not_picked":["Compile Driver","Ball Lightning"],"picked":"Glacier+1","floor":48.0},{"not_picked":["Glacier+1","Darkness+1"],"picked":"Defragment","floor":54.0}],"player_experience":541279,"relics_obtained":[{"floor":9.0,"key":"MealTicket"},{"floor":11.0,"key":"Juzu Bracelet"},{"floor":14.0,"key":"TungstenRod"},{"floor":23.0,"key":"White Beast Statue"},{"floor":26.0,"key":"Toxic Egg 2"},{"floor":27.0,"key":"Ancient Tea Set"},{"floor":41.0,"key":"DataDisk"},{"floor":44.0,"key":"Bottled Tornado"},{"floor":46.0,"key":"Ice Cream"},{"floor":54.0,"key":"Art of War"}],"event_choices":[{"damage_healed":0.0,"max_hp_gain":5.0,"max_hp_loss":0.0,"gold_gain":0.0,"event_name":"Big Fish","player_choice":"Donut","floor":3.0,"gold_loss":0.0,"damage_taken":0.0},{"damage_healed":0.0,"max_hp_gain":0.0,"max_hp_loss":0.0,"gold_gain":0.0,"event_name":"WeMeetAgain","player_choice":"Gave Potion","floor":4.0,"gold_loss":0.0,"damage_taken":0.0,"relics_obtained":["Smiling Mask"]},{"damage_healed":0.0,"max_hp_gain":0.0,"max_hp_loss":0.0,"gold_gain":75.0,"event_name":"FaceTrader","player_choice":"Touch","floor":8.0,"gold_loss":0.0,"damage_taken":8.0},{"damage_healed":0.0,"max_hp_gain":0.0,"max_hp_loss":0.0,"gold_gain":0.0,"event_name":"Shining Light","player_choice":"Entered Light","floor":12.0,"gold_loss":0.0,"damage_taken":16.0,"cards_upgraded":["Zap","Sweeping Beam"]},{"damage_healed":0.0,"max_hp_gain":0.0,"max_hp_loss":0.0,"gold_gain":0.0,"event_name":"Accursed Blacksmith","player_choice":"Rummage","floor":19.0,"gold_loss":0.0,"damage_taken":0.0,"relics_obtained":["WarpedTongs"],"cards_obtained":["Pain"]},{"cards_removed":["Pain"],"damage_healed":0.0,"max_hp_gain":0.0,"max_hp_loss":0.0,"gold_gain":0.0,"event_name":"Back to Basics","player_choice":"Elegance","floor":20.0,"gold_loss":0.0,"damage_taken":0.0},{"damage_healed":0.0,"max_hp_gain":0.0,"max_hp_loss":0.0,"gold_gain":0.0,"event_name":"Cursed Tome","player_choice":"Ignored","floor":21.0,"gold_loss":0.0,"damage_taken":0.0},{"damage_healed":0.0,"max_hp_gain":0.0,"max_hp_loss":40.0,"gold_gain":0.0,"event_name":"Ghosts","player_choice":"Became a Ghost","floor":25.0,"gold_loss":0.0,"damage_taken":0.0,"cards_obtained":["Ghostly","Ghostly","Ghostly","Ghostly","Ghostly"]},{"damage_healed":0.0,"max_hp_gain":0.0,"max_hp_loss":0.0,"gold_gain":0.0,"event_name":"Tomb of Lord Red Mask","player_choice":"Paid","floor":39.0,"gold_loss":60.0,"damage_taken":0.0,"relics_obtained":["Red Mask"]},{"damage_healed":0.0,"max_hp_gain":0.0,"max_hp_loss":0.0,"gold_gain":0.0,"event_name":"Duplicator","player_choice":"Copied","floor":47.0,"gold_loss":0.0,"damage_taken":0.0,"cards_obtained":["All For One"]}],"is_beta":false,"boss_relics":[{"not_picked":["SlaversCollar","Calling Bell"],"picked":"Nuclear Battery"},{"not_picked":["Inserter","Cursed Key"],"picked":"Sozu"}],"items_purged_floors":[13,22,28,31,38,53],"is_endless":false,"potions_floor_spawned":[1,2,5,14,18,27,29,33,35,36,37,41,42,44,46,48,54],"killed_by":"The Heart","ascension_level":12}}