{"host":"okvf2hy7r209l3k2","time":1612848875,"event":{"mods":["BaseMod","Block Reminder","Colored Map","Colored Powertips","Downfall","Hermit","Highlight Path","Minty Spire (QoL Compilation)","Permanent Neow","Quick Restart","StSLib","The Cursed","The Disciple","The Hierophant","The Necromancer","The Runesmith","The Servant 0.9.4"],"gold_per_floor":[109,124,141,17,30,30,59,84,108,283,298,298,313,213,213,213,213],"floor_reached":16,"language":"ENG","playtime":3748,"items_purged":["Strike_Br","Regret"],"score":104,"play_id":"f844bc6d-7467-43b0-9df5-1639f26e2e8b","local_time":"20210208203435","is_ascension_mode":false,"campfire_choices":[{"data":"LockedCalendar","floor":6,"key":"SMITH"},{"floor":12,"key":"REST"},{"data":"LockedBlood","floor":15,"key":"SMITH"}],"circlet_count":0,"master_deck":["Strike_Br","Strike_Br","Strike_Br","Defend_Br","Defend_Br","Defend_Br","Defend_Br","SecondHand","PatternShift","LockedCalendar+1","LockedMercury","LockedScales","LockedBlood+1","BlueShift","CrunchTime","LockedMawBank","LockedAnchor","Doubt","CrunchTime"],"relics":["Chronometer","Nunchaku","Regal Pillow"],"acts_visited":["Exordium"],"potions_floor_usage":[16,16,16],"damage_taken":[{"damage":10,"enemies":"Small Slimes","floor":1,"turns":6},{"damage":2,"enemies":"2 Louse","floor":2,"turns":3},{"damage":5,"enemies":"Jaw Worm","floor":3,"turns":5},{"damage":9,"enemies":"Blue Slaver","floor":5,"turns":6},{"damage":9,"enemies":"3 Sentries","floor":7,"turns":2},{"damage":16,"enemies":"2 Fungi Beasts","floor":8,"turns":4},{"damage":13,"enemies":"Lots of Slimes","floor":11,"turns":3},{"damage":0,"enemies":"Looter","floor":13,"turns":1},{"damage":57,"enemies":"The Guardian","floor":16,"turns":15}],"seed_played":"-2479886802481003049","potions_obtained":[{"floor":1,"key":"bronze:BurnAndBuffPotion"},{"floor":2,"key":"hexamod:SoulburnPotion"},{"floor":11,"key":"WardPotion"}],"is_trial":false,"path_per_floor":["M","M","M","$","M","R","E","M","T","?","M","R","M","$","R","B"],"character_chosen":"CHRONO_CLASS","items_purchased":["BlueShift"],"campfire_rested":1,"item_purchase_floors":[4],"current_hp_per_floor":[55,53,48,48,45,45,38,22,22,22,9,43,43,43,43,0,0],"gold":213,"neow_bonus":"THREE_RARE_CARDS","is_daily":false,"chose_seed":false,"campfire_upgraded":2,"win_rate":0.0,"timestamp":1612848875,"path_taken":["M","M","M","$","M","R","E","M","T","?","M","R","M","$","R","BOSS"],"items_purchased_type":["Card"],"build_version":"2020-12-22","purchased_purges":2,"victory":false,"max_hp_per_floor":[65,65,65,65,65,65,65,65,65,65,65,65,65,65,65,65,65],"card_choices":[{"not_picked":["Echonomics","RageCommand"],"picked":"LockedCalendar","floor":0},{"not_picked":["PrimeTime","AlternateTimeline"],"picked":"LockedMercury","floor":1},{"not_picked":["WatchCommand","WindUp"],"picked":"LockedScales","floor":2},{"not_picked":["Engulf","WindUp"],"picked":"LockedBlood","floor":3},{"not_picked":["HandsUpC","LockedFlame"],"picked":"CrunchTime","floor":5},{"not_picked":["CrunchTime","BiteCommand"],"picked":"LockedMawBank","floor":7},{"not_picked":["PrimeTime","EscortCommand"],"picked":"LockedAnchor","floor":8},{"not_picked":["Tempo","BlueShift","LockedScales"],"picked":"SKIP","floor":11},{"not_picked":["WindUp","Facsimile"],"picked":"CrunchTime","floor":13}],"player_experience":226525,"relics_obtained":[{"floor":7,"key":"Nunchaku"},{"floor":9,"key":"Regal Pillow"}],"event_choices":[{"damage_healed":0,"gold_gain":175,"player_choice":"AGREE","damage_taken":0,"max_hp_gain":0,"max_hp_loss":0,"event_name":"Liars Game","floor":10,"gold_loss":0,"cards_obtained":["Doubt"]}],"is_beta":false,"boss_relics":[],"items_purged_floors":[4,14],"is_endless":false,"potions_floor_spawned":[1,2,11],"killed_by":"The Guardian","ascension_level":0}}