{"host":"y0i0tbisecj7yjyn","time":1612890440,"event":{"mods":["A Penny For Your Troubles","AlwaysNeverKeys","BaseMod","BetterRewards","Colored Map","Colored Powertips","Curses Come First","Displayed Cursed Tome","Keyboard Shortcuts","Minty Spire (QoL Compilation)","Random Character Button","Rare Cards Sparkle","Relic Sorter","StSLib","SuperFastMode","Transform Curses","Weighted Paths"],"gold_per_floor":[109,109,109,109,59,59,75,85,111,140,140,140,140,156,156,276,276,290,365,65,90,139,139,139,139],"floor_reached":24,"language":"ENG","playtime":960,"items_purged":[],"score":221,"play_id":"379b57cf-777e-40a1-8a3e-b248920498f7","local_time":"20210209110720","is_ascension_mode":true,"campfire_choices":[{"data":"Bandage Up","floor":6.0,"key":"SMITH"},{"data":"Redo","floor":12.0,"key":"SMITH"},{"floor":15.0,"key":"REST"},{"floor":23,"key":"REST"}],"circlet_count":0,"master_deck":["Strike_B","Strike_B","Strike_B","Strike_B","Defend_B","Defend_B","Defend_B+1","Defend_B","Zap+1","Dualcast+1","Bandage Up+1","Conserve Battery+1","Leap","Capacitor","Redo+1","Injury","Self Repair","Meteor Strike","White Noise+1","Capacitor"],"relics":["Cracked Core","HornCleat","PreservedInsect","War Paint","Golden Idol","Emotion Chip","Philosopher\u0027s Stone","Girya","Happy Flower"],"acts_visited":["Exordium","TheCity"],"potions_floor_usage":[],"damage_taken":[{"damage":7.0,"enemies":"Small Slimes","floor":1.0,"turns":4.0},{"damage":0.0,"enemies":"Jaw Worm","floor":7.0,"turns":4.0},{"damage":0.0,"enemies":"2 Louse","floor":8.0,"turns":2.0},{"damage":20.0,"enemies":"Gremlin Nob","floor":10.0,"turns":4.0},{"damage":5.0,"enemies":"Large Slime","floor":14.0,"turns":6.0},{"damage":59.0,"enemies":"The Guardian","floor":16.0,"turns":17.0},{"damage":35.0,"enemies":"Spheric Guardian","floor":18.0,"turns":7.0},{"damage":44,"enemies":"Chosen","floor":21,"turns":7},{"damage":44,"enemies":"3 Cultists","floor":24,"turns":4}],"seed_played":"4207454011901935006","potions_obtained":[{"floor":8.0,"key":"SkillPotion"},{"floor":14.0,"key":"Ancient Potion"}],"is_trial":false,"path_per_floor":["M","?","?","?","$","R","M","M","T","E","?","R","?","M","R","B",null,"M","?","$","M","T","R","M"],"character_chosen":"DEFECT","items_purchased":["ColorlessPotion","Girya"],"campfire_rested":2,"item_purchase_floors":[5,20],"current_hp_per_floor":[72,72,65,50,50,50,56,62,62,48,48,48,41,42,64,18,75,53,46,46,15,15,37,0,0],"gold":139,"neow_bonus":"RANDOM_COLORLESS","is_daily":false,"chose_seed":false,"campfire_upgraded":2,"win_rate":0.0,"timestamp":1612890440,"path_taken":["M","?","?","?","?","R","M","?","T","E","?","R","?","M","R","BOSS","M","?","$","?","?","R","M"],"items_purchased_type":["Potion","Relic"],"build_version":"2020-12-22","purchased_purges":0,"victory":false,"max_hp_per_floor":[75,75,75,75,75,75,75,75,75,75,75,75,75,75,75,75,75,75,75,75,75,75,75,75,75],"card_choices":[{"not_picked":["Deep Breath","Mind Blast"],"picked":"Bandage Up","floor":0.0},{"not_picked":["Rebound","Turbo"],"picked":"Conserve Battery","floor":1.0},{"not_picked":["Blizzard","Compile Driver"],"picked":"Leap","floor":7.0},{"not_picked":["Ball Lightning","Barrage"],"picked":"Capacitor","floor":8.0},{"not_picked":["Steam","Sweeping Beam"],"picked":"Redo","floor":10.0},{"not_picked":["Go for the Eyes","Blizzard"],"picked":"Self Repair","floor":14.0},{"not_picked":["Biased Cognition","Reboot"],"picked":"Meteor Strike","floor":16.0},{"not_picked":["Reinforced Body","Lockon"],"picked":"White Noise+1","floor":18.0},{"not_picked":["Rebound","Beam Cell+1"],"picked":"Capacitor","floor":21}],"player_experience":402699,"relics_obtained":[{"floor":9.0,"key":"PreservedInsect"},{"floor":10.0,"key":"War Paint"},{"floor":22,"key":"Happy Flower"}],"event_choices":[{"damage_healed":0.0,"max_hp_gain":0.0,"max_hp_loss":0.0,"gold_gain":0.0,"event_name":"Big Fish","player_choice":"Box","floor":2.0,"gold_loss":0.0,"damage_taken":0.0,"relics_obtained":["HornCleat"],"cards_obtained":["Regret"]},{"cards_removed":["Regret"],"damage_healed":0.0,"max_hp_gain":0.0,"max_hp_loss":0.0,"gold_gain":0.0,"event_name":"Golden Wing","player_choice":"Card Removal","floor":3.0,"gold_loss":0.0,"damage_taken":7.0},{"damage_healed":0.0,"max_hp_gain":0.0,"max_hp_loss":0.0,"gold_gain":0.0,"event_name":"Shining Light","player_choice":"Entered Light","floor":4.0,"gold_loss":0.0,"damage_taken":15.0,"cards_upgraded":["Zap","Conserve Battery"]},{"damage_healed":0.0,"max_hp_gain":0.0,"max_hp_loss":0.0,"gold_gain":0.0,"event_name":"Golden Idol","player_choice":"Take Wound","floor":11.0,"gold_loss":0.0,"damage_taken":0.0,"relics_obtained":["Golden Idol"],"cards_obtained":["Injury"]},{"damage_healed":0.0,"max_hp_gain":0.0,"max_hp_loss":0.0,"gold_gain":0.0,"event_name":"Scrap Ooze","player_choice":"Success","floor":13.0,"gold_loss":0.0,"damage_taken":7.0,"relics_obtained":["Emotion Chip"]},{"damage_healed":0,"gold_gain":75,"player_choice":"Touch","damage_taken":7,"max_hp_gain":0,"max_hp_loss":0,"event_name":"FaceTrader","floor":19,"gold_loss":0}],"is_beta":false,"boss_relics":[{"not_picked":["Tiny House","Nuclear Battery"],"picked":"Philosopher\u0027s Stone"}],"items_purged_floors":[],"is_endless":false,"potions_floor_spawned":[8,14],"killed_by":"3 Cultists","ascension_level":3}}