{"host":"y7b1p9nkx4idorr2","time":1612894248,"event":{"mods":["AchievementEnabler","Act Like it!","BaseMod","Colored Map","Downfall","GifTheSpireLib","Googly Eyes","Highlight Path","Mimic Mod","Minty Spire (QoL Compilation)","Shop Mod","Spicy Shops","StSLib","Unceasing Turn Reminder"],"gold_per_floor":[99,112,130,145,26,43,76,76,76,76],"floor_reached":8,"language":"ENG","playtime":542,"items_purged":[],"score":55,"play_id":"0d387acd-a3b9-4c5a-8b3f-ccd50d2aca93","local_time":"20210209121048","is_ascension_mode":true,"campfire_choices":[{"floor":1,"key":"RECALL"}],"circlet_count":0,"master_deck":["sneckomod:Strike","sneckomod:Strike","sneckomod:Strike","sneckomod:Defend","sneckomod:Defend","sneckomod:Defend","sneckomod:TailWhip","sneckomod:SnekBite","sneckomod:Unknown","sneckomod:Unknown","sneckomod:MixItUp","sneckomod:UnknownColorless","sneckomod:Restock","sneckomod:UnknownDraw","sneckomod:DiceCrush","sneckomod:UnknownX"],"relics":["sneckomod:SneckoSoul","Omamori"],"acts_visited":["Exordium"],"potions_floor_usage":[5,8],"damage_taken":[{"damage":0,"enemies":"Cultist","floor":2,"turns":3},{"damage":8,"enemies":"2 Louse","floor":3,"turns":3},{"damage":15,"enemies":"Small Slimes","floor":4,"turns":4},{"damage":10,"enemies":"downfall:FleeingMerchant","floor":5,"turns":4},{"damage":12,"enemies":"Exordium Wildlife","floor":6,"turns":3},{"damage":8,"enemies":"Gremlin Gang","floor":7,"turns":9},{"damage":58,"enemies":"3 Sentries","floor":8,"turns":9}],"seed_played":"-6096352150160723924","potions_obtained":[{"floor":4,"key":"Energy Potion"}],"is_trial":false,"path_per_floor":["R","M","M","M","$","M","MIM","E"],"character_chosen":"THE_SNECKO","items_purchased":["Fruit Juice"],"campfire_rested":0,"item_purchase_floors":[5],"current_hp_per_floor":[99,99,91,76,66,54,46,0,0,0],"gold":76,"neow_bonus":"TEN_PERCENT_HP_BONUS","is_daily":false,"chose_seed":false,"campfire_upgraded":0,"win_rate":0.0,"timestamp":1612894248,"path_taken":["R","M","M","M","$","M","MIM","E"],"items_purchased_type":["Potion"],"build_version":"2020-12-22","purchased_purges":0,"victory":false,"max_hp_per_floor":[99,99,99,99,99,99,99,104,104,104],"card_choices":[{"not_picked":["sneckomod:SoulDraw","sneckomod:DiceBlock"],"picked":"sneckomod:MixItUp","floor":2},{"not_picked":["sneckomod:UnknownCommonAttack","sneckomod:MasterEye"],"picked":"sneckomod:UnknownColorless","floor":3},{"not_picked":["sneckomod:QuickMove","sneckomod:DiceCrush"],"picked":"sneckomod:Restock","floor":4},{"not_picked":["sneckomod:DiceCrush","sneckomod:UnknownColorless"],"picked":"sneckomod:UnknownDraw","floor":5},{"not_picked":["sneckomod:IronFang","sneckomod:UnknownBlock"],"picked":"sneckomod:DiceCrush","floor":6},{"not_picked":["sneckomod:UnknownCommonSkill","sneckomod:IronFang"],"picked":"sneckomod:UnknownX","floor":7}],"player_experience":2329278,"relics_obtained":[{"floor":7,"key":"Omamori"}],"event_choices":[],"is_beta":false,"boss_relics":[],"items_purged_floors":[],"is_endless":false,"potions_floor_spawned":[4],"killed_by":"3 Sentries","ascension_level":3}}