{"host":"3mt4w4o4jnuk8q1t","time":1612892772,"event":{"mods":["Act Like it!","BaseMod","Colored Map","Colored Powertips","Decade(王小明)","GungeonMod","Hermit","Jedi Mod","Marisa（F雨　魔理沙）","Minty Spire (QoL Compilation)","Red Circlet Mod","Reimu（博丽灵梦）","Remilia（蕾米莉亚）","Replay The Spire","RumiaBox-露米娅的神秘盒子","Shop Mod","Spicy Shops","StSLib","TestMod","Waifu the Spire","Yakumo Yukari mod","Youmu（魂魄妖梦）","[IsaacMod]以撒尖塔","【功能Mod】混沌之环修复补丁","【功能Mod】聪明的最终Boss"],"gold_per_floor":[111,286,304,304,404,404,404,415,461,495,495,530,530,252,252,363,363,395,47,51,51],"floor_reached":20,"language":"ZHS","playtime":3238,"items_purged":[],"score":230,"play_id":"af3abfc8-8469-4ab4-88e1-b644c005ece4","local_time":"20210210014612","is_ascension_mode":false,"campfire_choices":[{"floor":6,"key":"RECALL"},{"data":"MirrorWorld","floor":13,"key":"SMITH"},{"data":"Blade_Beat","floor":15,"key":"SMITH"}],"circlet_count":0,"master_deck":["EpicFetus","UnarmedAttack1","UnarmedAttack4","Doubt","AutoVajin","UnarmedAttack5","UnarmedAttack6","MirrorWorld+1","Hibiki_Attack1","Blade_Beat+1","Decade_Defend2","DragClaw","Blade_Kick+1","Blade_Beat+1","DragClaw","NMDAZYYGL","Hibiki_FEVER","Hibiki_FEVER","DecadeViolentEmotion","TimeVent","Kabuto_ClockUp","Hibiki_FEVER","Hibiki_FEVER","Kabuto_ClockUp","Kiva_Eat","Kabuto_ClockUp"],"relics":["Decadriver","HushsDoor","testmod-TestBox","YumHeart","testmod-BouquetWithThorns","Baka2","Juzu Bracelet","DemoMod:WhiteGuonStone","Replay:Bandana","MerchantsRug","DemoMod:GnawedKey","Ginger","Coffee Dripper","DemoMod:GlassGuonStoneRelic","Orrery","SumBook"],"acts_visited":["Exordium","TheCity"],"potions_floor_usage":[10,12],"damage_taken":[{"damage":1,"enemies":"Cultist","floor":1,"turns":4},{"damage":15,"enemies":"Small Slimes","floor":3,"turns":2},{"damage":10,"enemies":"2 Louse","floor":8,"turns":4},{"damage":8,"enemies":"Gremlin Nob","floor":10,"turns":4},{"damage":14,"enemies":"Looter","floor":11,"turns":3},{"damage":2,"enemies":"Replay:BlueRogue","floor":12,"turns":6},{"damage":25,"enemies":"The Guardian","floor":16,"turns":6},{"damage":2,"enemies":"Chosen","floor":18,"turns":4},{"damage":0,"enemies":"Spheric Guardian","floor":20,"turns":2}],"seed_played":"4271017901541112775","potions_obtained":[{"floor":3,"key":"Block Potion"},{"floor":10,"key":"Swift Potion"},{"floor":12,"key":"Milkshake"}],"is_trial":false,"path_per_floor":["M","?","M","?","?","R","?","M","T","E","M","E","R","$","R","B",null,"M","$","M"],"character_chosen":"Decade","items_purchased":["MerchantsRug","DemoMod:GnawedKey","Ginger","Orrery","SumBook"],"campfire_rested":0,"item_purchase_floors":[14,14,14,19,19],"current_hp_per_floor":[76,76,61,61,61,77,77,67,67,59,52,22,47,47,47,25,87,85,85,85,85],"gold":51,"neow_bonus":"TEN_PERCENT_HP_BONUS","is_daily":false,"chose_seed":false,"campfire_upgraded":2,"win_rate":0.0,"timestamp":1612892772,"path_taken":["M","?","M","?","?","R","?","M","T","E","M","E","R","$","R","BOSS","M","$","M"],"items_purchased_type":["Relic","Relic","Relic","Relic","Relic"],"build_version":"2020-12-22","purchased_purges":0,"victory":false,"max_hp_per_floor":[77,77,77,77,77,77,77,77,77,77,77,77,77,77,77,87,87,87,87,87,87],"card_choices":[{"not_picked":[],"picked":"EpicFetus","floor":0},{"not_picked":["Decade_Dash2","Decade_Dash1"],"picked":"UnarmedAttack1","floor":1},{"not_picked":["Decade_Invisible","Decade_Defend2"],"picked":"UnarmedAttack4","floor":1},{"not_picked":["Kiva_Frozen","FormRideBasshaa"],"picked":"AutoVajin","floor":3},{"not_picked":["Decade_Dash2","Decade_Defend3"],"picked":"UnarmedAttack5","floor":5},{"not_picked":["DenO_Rod","Hibiki_Attack2"],"picked":"UnarmedAttack6","floor":8},{"not_picked":["KamenRideKabuto","Blade_Kick"],"picked":"MirrorWorld","floor":8},{"not_picked":["DenO_Sword","Bomb"],"picked":"Hibiki_Attack1","floor":10},{"not_picked":["Hibiki_FEVER","PrometheusPower"],"picked":"Blade_Beat","floor":10},{"not_picked":["FormRideTitan","Decade_Invisible"],"picked":"Decade_Defend2","floor":11},{"not_picked":["Blade_Mach","Blade_Metal"],"picked":"DragClaw","floor":12},{"not_picked":["KamenRideBlade","FormRideGaruru","FormRideJack"],"picked":"SKIP","floor":12},{"not_picked":["DenO_Rod","AutoVajin"],"picked":"Blade_Kick+1","floor":18},{"not_picked":["Decade_Dash2","FormRideDragon","KamenRideBlade"],"picked":"SKIP","floor":18},{"not_picked":["DenO_Gun","FormRide"],"picked":"Blade_Beat+1","floor":19},{"not_picked":["Decade_Dash2","Hibiki_Attack3+1"],"picked":"DragClaw","floor":19},{"not_picked":["UnarmedAttack5","Decade_Dash1"],"picked":"NMDAZYYGL","floor":19}],"player_experience":185724,"relics_obtained":[{"floor":1,"key":"Baka"},{"floor":3,"key":"Baka2"},{"floor":9,"key":"DemoMod:WhiteGuonStone"},{"floor":10,"key":"testmod-DragonStarHat"},{"floor":12,"key":"Replay:Bandana"}],"event_choices":[{"damage_healed":0,"gold_gain":175,"player_choice":"AGREE","damage_taken":0,"max_hp_gain":0,"max_hp_loss":0,"event_name":"Liars Game","floor":2,"gold_loss":0,"cards_obtained":["Doubt"]},{"damage_healed":0,"gold_gain":0,"player_choice":"Swap Relic","damage_taken":0,"relics_obtained":["Juzu Bracelet"],"max_hp_gain":0,"max_hp_loss":0,"event_name":"给自己的盒子","floor":4,"relics_lost":["DemoMod:GlassGuonStoneRelic"],"gold_loss":0},{"damage_healed":0,"gold_gain":0,"player_choice":"Leave","damage_taken":0,"max_hp_gain":0,"max_hp_loss":0,"event_name":"The Cleric","floor":7,"gold_loss":0}],"is_beta":false,"boss_relics":[{"not_picked":["Ring of Chaos","testmod-GoldenSoul"],"picked":"Coffee Dripper"},{"not_picked":[]}],"items_purged_floors":[],"is_endless":false,"potions_floor_spawned":[3,10,12],"killed_by":"Spheric Guardian","ascension_level":0}}