{"host":"c0rqchpxu0yjpthq","time":1612851221,"event":{"mods":["100% Spire Juice","BaseMod","Challenge The Spire","Conspire","Downfall","HololiveMod","Minty Spire (QoL Compilation)","Reimu£®≤©¿ˆ¡È√Œ£©","Relic Stats","Reliquary","Spicy Shops","StSLib","Wide Potions","[GremlinLeader]The Maniac"],"gold_per_floor":[99,99,110,122,107,134,134,161,161,161,181,42,42,60,70,175,175,175,185,205,205,223,223,223,249,149,149,48,67,52,87,104,204,84,84,104,7,7,21,41,41,75,75,175,193,210,10,20,32,32,32,46,46,46,46,46],"floor_reached":57,"language":"ZHS","playtime":3729,"items_purged":[],"score":1336,"play_id":"31af2e3c-da2d-4d33-8730-971150448a10","local_time":"20210209141341","is_ascension_mode":false,"campfire_choices":[{"data":"Moonworks:Ambush","floor":1.0,"key":"SMITH"},{"floor":9.0,"key":"REST"},{"data":"Moonworks:Encore","floor":13.0,"key":"SMITH"},{"data":"Moonworks:AccelHyper","floor":18.0,"key":"SMITH"},{"floor":26.0,"key":"RECALL"},{"data":"Moonworks:Encore","floor":35.0,"key":"SMITH"},{"data":"expansioncontent:StudyTheSpire","floor":43.0,"key":"SMITH"},{"data":"Moonworks:Encore","floor":47.0,"key":"SMITH"},{"floor":54.0,"key":"REST"}],"circlet_count":0,"master_deck":["Moonworks:Strike+1","Moonworks:Strike+1","Moonworks:Strike+1","Moonworks:Strike+1","Moonworks:Defend+1","Moonworks:Defend+1","Moonworks:Defend+1","Moonworks:Defend+1","Moonworks:Ambush+1","Moonworks:LongDistanceShot","Moonworks:SakisCookie","Moonworks:Encore+1","Moonworks:MixPhenomenon","Moonworks:JonathanRush","Moonworks:Encore+1","Moonworks:MiracleRedBeanIceCream","Moonworks:NicePresent","Moonworks:JonathanRush","Moonworks:RedAndBlue","Moonworks:AccelHyper+1","Moonworks:NicePresent+1","Moonworks:Flamethrower+1","Moonworks:CloudOfSeagulls+1","Moonworks:Dash","Moonworks:Encore+1","expansioncontent:StudyTheSpire+1","Moonworks:RedAndBlue","Moonworks:EvilSpyWorkPreparation","Moonworks:IntelligenceOfficer","Moonworks:RocketCannon","Blind","Parasite","Moonworks:NicePresent"],"relics":["Moonworks:BrokenBomb","Moonworks:Homemark","reliquary:Sideboard","Moonworks:LittleGull","Busted Crown","Letter Opener","downfall:HeartBlessingBlue","downfall:RedIOU","Pen Nib","Hololive_Finger","reliquary:PartyBalloon","reliquary:SilkGlove","reliquary:Firecrackers","downfall:GremlinSack","downfall:HeartBlessingRed","downfall:HeartBlessingGreen","Lantern"],"acts_visited":["Exordium","TheCity","TheBeyond","TheEnding"],"potions_floor_usage":[],"damage_taken":[{"damage":3.0,"enemies":"Jaw Worm","floor":3.0,"turns":3.0},{"damage":1.0,"enemies":"2 Louse","floor":4.0,"turns":2.0},{"damage":0.0,"enemies":"downfall:FleeingMerchant","floor":5.0,"turns":4.0},{"damage":23.0,"enemies":"Gremlin Nob","floor":6.0,"turns":4.0},{"damage":8.0,"enemies":"Lagavulin","floor":8.0,"turns":7.0},{"damage":0.0,"enemies":"Cultist","floor":11.0,"turns":2.0},{"damage":15.0,"enemies":"downfall:FleeingMerchant","floor":12.0,"turns":4.0},{"damage":0.0,"enemies":"Blue Slaver","floor":14.0,"turns":2.0},{"damage":0.0,"enemies":"Exordium Wildlife","floor":15.0,"turns":3.0},{"damage":36.0,"enemies":"DF_ARCHETYPE_STREAMLINE","floor":16.0,"turns":5.0},{"damage":5.0,"enemies":"3 Byrds","floor":19.0,"turns":4.0},{"damage":0.0,"enemies":"Chosen","floor":20.0,"turns":3.0},{"damage":17.0,"enemies":"Sentry and Sphere","floor":22.0,"turns":4.0},{"damage":21.0,"enemies":"conspire:Head Lice","floor":25.0,"turns":4.0},{"damage":2.0,"enemies":"Centurion and Healer","floor":28.0,"turns":4.0},{"damage":0.0,"enemies":"Snake Plant","floor":29.0,"turns":2.0},{"damage":3.0,"enemies":"downfall:FleeingMerchant","floor":30.0,"turns":4.0},{"damage":18.0,"enemies":"Slavers","floor":31.0,"turns":4.0},{"damage":1.0,"enemies":"Cultist and Chosen","floor":32.0,"turns":3.0},{"damage":29.0,"enemies":"IC_MUSHROOM_ARCHETYPE","floor":33.0,"turns":5.0},{"damage":10.0,"enemies":"Orb Walker","floor":36.0,"turns":2.0},{"damage":0.0,"enemies":"downfall:FleeingMerchant","floor":37.0,"turns":1.0},{"damage":31.0,"enemies":"3 Darklings","floor":39.0,"turns":4.0},{"damage":1.0,"enemies":"Transient","floor":40.0,"turns":5.0},{"damage":0.0,"enemies":"Giant Head","floor":42.0,"turns":5.0},{"damage":0.0,"enemies":"Giant Head","floor":44.0,"turns":2.0},{"damage":21.0,"enemies":"Spire Growth","floor":45.0,"turns":4.0},{"damage":1.0,"enemies":"Maw","floor":46.0,"turns":5.0},{"damage":5.0,"enemies":"3 Darklings","floor":48.0,"turns":3.0},{"damage":15.0,"enemies":"Writhing Mass","floor":49.0,"turns":3.0},{"damage":4.0,"enemies":"SI_POISON_ARCHETYPE","floor":50.0,"turns":5.0},{"damage":80.0,"enemies":"downfall:CharBossMerchant","floor":52.0,"turns":7.0},{"damage":31.0,"enemies":"downfall:NeowBoss","floor":55.0,"turns":9.0},{"damage":0,"enemies":"downfall:NeowBossFinal","floor":56,"turns":2}],"seed_played":"-6750635702391647504","potions_obtained":[{"floor":4.0,"key":"Swift Potion"},{"floor":6.0,"key":"EssenceOfSteel"},{"floor":11.0,"key":"SkillPotion"},{"floor":16.0,"key":"bronze:BurnAndBuffPotion"},{"floor":19.0,"key":"EntropicBrew"},{"floor":20.0,"key":"ColorlessPotion"},{"floor":28.0,"key":"FearPotion"},{"floor":36.0,"key":"Swift Potion"},{"floor":39.0,"key":"SteroidPotion"},{"floor":44.0,"key":"Regen Potion"}],"is_trial":false,"path_per_floor":["R","?","M","M","$","E","T","E","R","?","M","$","R","M","M","B",null,"R","M","M","?","M","?","T","E","R","?","M","M","$","E","M","B",null,"R","M","$","?","M","M","T","E","R","?","M","M","R","M","M","B",null,"E","$","R","B","B",null],"character_chosen":"THE_STARBREAKER","items_purchased":["FairyPotion","Moonworks:JonathanRush","expansioncontent:StudyTheSpire","reliquary:PartyBalloon"],"campfire_rested":2,"item_purchase_floors":[12,12,37,37],"current_hp_per_floor":[66,66,63,64,64,41,41,33,52,52,52,37,37,37,42,11,66,66,63,63,63,51,51,51,37,47,47,50,52,54,41,47,25,76,76,71,76,76,50,56,56,66,66,71,50,58,58,53,43,72,76,1,1,23,22,22],"gold":46,"neow_bonus":"TEN_PERCENT_HP_BONUS","is_daily":false,"chose_seed":false,"campfire_upgraded":6,"win_rate":0.0,"timestamp":1612851221,"path_taken":["R","?","M","M","$","E","T","E","R","?","M","$","R","M","M","BOSS","R","M","M","?","M","?","T","E","R","?","?","M","$","E","M","BOSS","R","M","$","?","M","M","T","E","R","?","M","M","R","?","M","BOSS","E","$","R","BOSS","BOSS"],"items_purchased_type":["Potion","Card","Card","Relic"],"build_version":"2020-12-22","purchased_purges":0,"victory":true,"max_hp_per_floor":[66,66,66,66,66,66,66,66,66,66,66,66,66,66,66,66,66,66,66,66,66,66,66,66,66,76,76,76,76,76,76,76,76,76,76,76,76,76,76,76,76,76,76,76,76,76,76,76,76,76,76,76,76,76,76,76],"relic_stats":{"Busted Crown":42,"counters":[34,128],"Pen Nib":[19],"Letter Opener":[252],"obtain_stats":[{"Lantern":52,"reliquary:SilkGlove":41,"Moonworks:LittleGull":8,"downfall:HeartBlessingRed":47,"reliquary:Sideboard":6,"reliquary:PartyBalloon":37,"reliquary:Firecrackers":42,"downfall:HeartBlessingGreen":47,"Pen Nib":31,"Letter Opener":25,"Anchor":7,"Busted Crown":17,"downfall:GremlinSack":44,"downfall:HeartBlessingBlue":26,"Moonworks:Homemark":0,"downfall:RedIOU":27,"Hololive_Finger":34,"Moonworks:BrokenBomb":0},{"Lantern":32,"reliquary:SilkGlove":24,"Moonworks:LittleGull":5,"downfall:HeartBlessingRed":28,"reliquary:Sideboard":4,"reliquary:PartyBalloon":22,"reliquary:Firecrackers":25,"downfall:HeartBlessingGreen":28,"Pen Nib":18,"Letter Opener":14,"Anchor":4,"Busted Crown":10,"downfall:GremlinSack":26,"downfall:HeartBlessingBlue":14,"Moonworks:Homemark":0,"downfall:RedIOU":14,"Hololive_Finger":20,"Moonworks:BrokenBomb":0},{"Lantern":117,"reliquary:SilkGlove":84,"Moonworks:LittleGull":20,"downfall:HeartBlessingRed":99,"reliquary:Sideboard":13,"reliquary:PartyBalloon":75,"reliquary:Firecrackers":88,"downfall:HeartBlessingGreen":99,"Pen Nib":64,"Letter Opener":50,"Anchor":13,"Busted Crown":36,"downfall:GremlinSack":90,"downfall:HeartBlessingBlue":50,"Moonworks:Homemark":0,"downfall:RedIOU":50,"Hololive_Finger":72,"Moonworks:BrokenBomb":0}]},"card_choices":[{"not_picked":["Moonworks:LulusLuckyEgg","Moonworks:Dash"],"picked":"Moonworks:SakisCookie","floor":3.0},{"not_picked":["Moonworks:BigMagnum","Moonworks:EvilSpyWorkPreparation"],"picked":"Moonworks:Encore","floor":4.0},{"not_picked":["Moonworks:TacticalRetreat","Moonworks:DeployBits"],"picked":"Moonworks:MixPhenomenon","floor":5.0},{"not_picked":["Moonworks:LulusLuckyEgg","Moonworks:DeployBits"],"picked":"Moonworks:JonathanRush","floor":6.0},{"not_picked":["Moonworks:AngelHand","Moonworks:IndiscriminateFireSupport"],"picked":"Moonworks:Dash","floor":8.0},{"not_picked":["Moonworks:ForcedRevival","Moonworks:Assault"],"picked":"Moonworks:MiracleRedBeanIceCream","floor":11.0},{"not_picked":["Moonworks:TreasureThief","Moonworks:SakisCookie"],"picked":"Moonworks:NicePresent","floor":12.0},{"not_picked":["Moonworks:SakisCookie","Moonworks:BigMagnum","Moonworks:LulusLuckyEgg"],"picked":"SKIP","floor":14.0},{"not_picked":["Moonworks:Dinner","Moonworks:Assault"],"picked":"Moonworks:RedAndBlue","floor":15.0},{"not_picked":["Moonworks:Accelerator","Moonworks:PlushieMaster"],"picked":"Moonworks:AccelHyper","floor":16.0},{"not_picked":["Moonworks:LulusLuckyEgg"],"picked":"SKIP","floor":19.0},{"not_picked":[],"picked":"Moonworks:Flamethrower+1","floor":20.0},{"not_picked":[],"picked":"Moonworks:NicePresent+1","floor":22.0},{"not_picked":["Moonworks:Poppoformation"],"picked":"SKIP","floor":25.0},{"not_picked":["Moonworks:SelfDestruct+1"],"picked":"SKIP","floor":28.0},{"not_picked":["Moonworks:SelfDestruct+1"],"picked":"SKIP","floor":28.0},{"not_picked":["Moonworks:IndiscriminateFireSupport+1"],"picked":"SKIP","floor":29.0},{"not_picked":["Moonworks:FinalSurgery"],"picked":"SKIP","floor":30.0},{"not_picked":["Moonworks:SakisCookie"],"picked":"SKIP","floor":31.0},{"not_picked":[],"picked":"Moonworks:CloudOfSeagulls+1","floor":32.0},{"not_picked":[],"picked":"Moonworks:Encore","floor":33.0},{"not_picked":["Moonworks:Assault"],"picked":"SKIP","floor":36.0},{"not_picked":["Moonworks:DeployBits+1"],"picked":"SKIP","floor":37.0},{"not_picked":["Moonworks:CastOff+1"],"picked":"SKIP","floor":39.0},{"not_picked":["Moonworks:BigMagnum+1"],"picked":"SKIP","floor":40.0},{"not_picked":["Moonworks:ImmovableObject"],"picked":"SKIP","floor":42.0},{"not_picked":[],"picked":"Moonworks:NicePresent","floor":45.0},{"not_picked":["Moonworks:BigMagnum+1"],"picked":"SKIP","floor":46.0},{"not_picked":["Moonworks:ImOnFire+1"],"picked":"SKIP","floor":48.0},{"not_picked":["Moonworks:UnpaidWork+1"],"picked":"SKIP","floor":49.0},{"not_picked":["Moonworks:RocketCannon"],"picked":"SKIP","floor":52.0}],"player_experience":42685,"relics_obtained":[{"floor":6.0,"key":"reliquary:Sideboard"},{"floor":7.0,"key":"Anchor"},{"floor":8.0,"key":"Moonworks:LittleGull"},{"floor":25.0,"key":"Letter Opener"},{"floor":31.0,"key":"Pen Nib"},{"floor":41.0,"key":"reliquary:SilkGlove"},{"floor":42.0,"key":"reliquary:Firecrackers"},{"floor":44.0,"key":"downfall:GremlinSack"},{"floor":52.0,"key":"Lantern"}],"event_choices":[{"damage_healed":0.0,"max_hp_gain":0.0,"max_hp_loss":0.0,"gold_gain":0.0,"event_name":"conspire:LoneGhost","player_choice":"Disagree","floor":2.0,"gold_loss":0.0,"damage_taken":0.0},{"damage_healed":0.0,"max_hp_gain":0.0,"max_hp_loss":0.0,"gold_gain":0.0,"event_name":"Back to Basics","player_choice":"Simplicity","floor":21.0,"gold_loss":0.0,"damage_taken":0.0,"cards_upgraded":["Moonworks:Strike","Moonworks:Strike","Moonworks:Strike","Moonworks:Strike","Moonworks:Defend","Moonworks:Defend","Moonworks:Defend","Moonworks:Defend"]},{"damage_healed":0.0,"max_hp_gain":0.0,"max_hp_loss":0.0,"gold_gain":0.0,"event_name":"Vampires","player_choice":"Ignored","floor":23.0,"gold_loss":0.0,"damage_taken":0.0}],"is_beta":false,"boss_relics":[{"not_picked":["SacredBark","Philosopher\u0027s Stone"],"picked":"Busted Crown"},{"not_picked":["Snecko Eye","reliquary:Ember"],"picked":"Hololive_Finger"}],"items_purged_floors":[],"is_endless":false,"potions_floor_spawned":[4,6,11,16,19,20,28,29,36,39,42,44,46,49],"ascension_level":0}}