{"host":"b7dyfc527bmrkvbm","time":1612882448,"event":{"mods":["2.2 Compatiblity","Act Like it!","BaseMod","BetterRewards","Conspire","Downfall","Hubris","Infinite Spire","Mimic Mod","Minty Spire (QoL Compilation)","Replay The Spire","Shop Mod","StSLib","The Jungle"],"gold_per_floor":[99,115,27,47,167,178,229,248,248,248,248],"floor_reached":9,"language":"ENG","playtime":3112,"items_purged":[],"score":53,"play_id":"893a98ff-249f-4c4d-a6ca-8ca80c883b1f","local_time":"20210209095408","is_ascension_mode":false,"campfire_choices":[{"floor":1.0,"key":"DIG"}],"circlet_count":0,"master_deck":["sneckomod:Strike","sneckomod:Strike","sneckomod:Strike","sneckomod:Defend","sneckomod:Defend","sneckomod:Defend","sneckomod:TailWhip","sneckomod:SnekBite","sneckomod:Unknown","sneckomod:Unknown","sneckomod:SoulRoll+1","sneckomod:RainOfDice","sneckomod:UnknownRarePower","sneckomod:SerpentIdol","sneckomod:UnknownUncommonPower","sneckomod:Unknown0Cost"],"relics":["sneckomod:SneckoSoul","ReplayTheSpireMod:Ninjato","downfall:GremlinWheel","Gremlin Food"],"acts_visited":["Exordium"],"potions_floor_usage":[5],"damage_taken":[{"damage":6.0,"enemies":"Jaw Worm","floor":2.0,"turns":6.0},{"damage":3.0,"enemies":"downfall:FleeingMerchant","floor":3.0,"turns":4.0},{"damage":6,"enemies":"Cultist","floor":4,"turns":3},{"damage":41,"enemies":"Cultist","floor":5,"turns":5},{"damage":2,"enemies":"2 Louse","floor":6,"turns":3},{"damage":10,"enemies":"2 Fungi Beasts","floor":8,"turns":3},{"damage":39,"enemies":"Lagavulin","floor":9,"turns":7}],"seed_played":"8262156252218811404","potions_obtained":[{"floor":4,"key":"ColorlessPotion"},{"floor":8,"key":"FearPotion"}],"is_trial":false,"path_per_floor":["R","M","$","M","?","M","T","M","E"],"character_chosen":"THE_SNECKO","items_purchased":["sneckomod:UnknownRarePower"],"campfire_rested":0,"item_purchase_floors":[3],"current_hp_per_floor":[99,93,90,84,43,41,41,31,0,0,0],"gold":248,"neow_bonus":"TEN_PERCENT_HP_BONUS","is_daily":false,"chose_seed":false,"campfire_upgraded":0,"win_rate":0.0,"timestamp":1612882448,"path_taken":["R","M","$","M","?","M","T","?","E"],"items_purchased_type":["Card"],"build_version":"2020-12-22","purchased_purges":0,"victory":false,"max_hp_per_floor":[99,99,99,99,99,99,99,99,99,99,99],"card_choices":[{"not_picked":["sneckomod:UnknownCommonAttack","sneckomod:IronFang"],"picked":"sneckomod:SoulRoll","floor":2.0},{"not_picked":["sneckomod:UnknownUncommonAttack","sneckomod:IronFang"],"picked":"sneckomod:RainOfDice","floor":3},{"not_picked":["sneckomod:MasterEye","sneckomod:QuickBite"],"picked":"sneckomod:SerpentIdol","floor":4},{"not_picked":["sneckomod:DiceBlock","sneckomod:UnknownBlock"],"picked":"sneckomod:UnknownUncommonPower","floor":6},{"not_picked":["sneckomod:QuickMove","sneckomod:Unknown2Cost"],"picked":"sneckomod:Unknown0Cost","floor":8}],"player_experience":371396,"relics_obtained":[{"floor":1.0,"key":"ReplayTheSpireMod:Ninjato"},{"floor":5,"key":"downfall:GremlinWheel"},{"floor":7,"key":"Gremlin Food"}],"event_choices":[],"is_beta":false,"boss_relics":[],"items_purged_floors":[],"is_endless":false,"potions_floor_spawned":[4,8],"killed_by":"Lagavulin","ascension_level":0}}