{"host":"xi8yg1ddhptuxb9d","time":1612898757,"event":{"mods":["AchievementEnabler","BaseMod","Block Reminder","Minty Spire (QoL Compilation)","Relic Sorter","StSLib"],"gold_per_floor":[117,117,137,191,206,206,236,236,236,236,65,79,111,53,53,127,127,156,246,168,193,193,193,219,104,104,104,129,154,183,212,212,295,295,310,323,292,150,184,184,184,184,233,233,60,103,103,103,103,103,103],"floor_reached":50,"language":"ENG","playtime":1750,"items_purged":["Omniscience"],"score":1109,"play_id":"03907899-f53b-4658-bdfc-f0f6a944cd3f","local_time":"20210209142557","is_ascension_mode":true,"campfire_choices":[{"data":"Eruption","floor":6,"key":"SMITH"},{"data":"BattleHymn","floor":8,"key":"SMITH"},{"data":"Protect","floor":10,"key":"SMITH"},{"data":"TalkToTheHand","floor":15,"key":"SMITH"},{"data":"Blasphemy","floor":23,"key":"SMITH"},{"data":"ClearTheMind","floor":32,"key":"SMITH"},{"data":"MentalFortress","floor":40,"key":"SMITH"},{"data":"Ragnarok","floor":44,"key":"SMITH"},{"data":"Vault","floor":49,"key":"SMITH"}],"circlet_count":0,"master_deck":["AscendersBane","Strike_P","Strike_P","Strike_P","Defend_P","Defend_P","Eruption+1","Vigilance","Protect+1","BattleHymn+1","EmptyBody","TalkToTheHand+1","Blasphemy+1","Crescendo","CutThroughFate","Tantrum","EmptyMind","TalkToTheHand","FlyingSleeves","Protect+1","ClearTheMind+1","Establishment","TalkToTheHand","Ragnarok+1","MentalFortress+1","EmptyBody+1","Vault+1"],"relics":["Coffee Dripper","Centennial Puzzle","Pen Nib","Bronze Scales","MealTicket","Omamori","Calling Bell","CeramicFish","Shuriken","Du-Vu Doll","Smiling Mask","Matryoshka","Bag of Marbles","WingedGreaves","PreservedInsect","Blood Vial","Empty Cage","Juzu Bracelet","Toy Ornithopter","Oddly Smooth Stone","Nunchaku"],"acts_visited":["Exordium","TheCity","TheBeyond"],"potions_floor_usage":[33,50,50],"damage_taken":[{"damage":0,"enemies":"Small Slimes","floor":1,"turns":2},{"damage":0,"enemies":"Cultist","floor":3,"turns":4},{"damage":2,"enemies":"Jaw Worm","floor":5,"turns":4},{"damage":8,"enemies":"Lagavulin","floor":7,"turns":7},{"damage":0,"enemies":"2 Fungi Beasts","floor":12,"turns":3},{"damage":12,"enemies":"3 Sentries","floor":13,"turns":5},{"damage":0,"enemies":"Slime Boss","floor":16,"turns":3},{"damage":7,"enemies":"3 Byrds","floor":18,"turns":3},{"damage":0,"enemies":"Spheric Guardian","floor":21,"turns":2},{"damage":11,"enemies":"Book of Stabbing","floor":24,"turns":3},{"damage":5,"enemies":"Centurion and Healer","floor":28,"turns":4},{"damage":0,"enemies":"Snecko","floor":30,"turns":3},{"damage":6,"enemies":"Sentry and Sphere","floor":31,"turns":3},{"damage":36,"enemies":"Collector","floor":33,"turns":6},{"damage":7,"enemies":"Orb Walker","floor":35,"turns":2},{"damage":30,"enemies":"3 Darklings","floor":36,"turns":5},{"damage":0,"enemies":"Mind Bloom Boss Battle","floor":39,"turns":5},{"damage":7,"enemies":"Nemesis","floor":46,"turns":5},{"damage":89,"enemies":"Awakened One","floor":50,"turns":5}],"seed_played":"-1520617607378505821","potions_obtained":[{"floor":2,"key":"LiquidBronze"},{"floor":2,"key":"CultistPotion"},{"floor":21,"key":"Strength Potion"},{"floor":33,"key":"LiquidBronze"}],"is_trial":false,"path_per_floor":["M","?","M","T","M","R","E","R","T","R","$","M","E","$","R","B",null,"M","?","$","M","?","R","E","$","T","$","M","T","M","M","R","B",null,"M","M","$","$","?","R","?","?","T","R","$","E","?","?","R","B"],"character_chosen":"WATCHER","items_purchased":["MealTicket","Crescendo","Tantrum","TalkToTheHand","TalkToTheHand","Ragnarok","MentalFortress","Oddly Smooth Stone"],"campfire_rested":0,"item_purchase_floors":[11,14,20,25,37,38,38,45],"current_hp_per_floor":[61,61,61,61,59,59,51,51,51,51,51,51,39,54,54,54,65,58,46,61,61,61,61,50,65,65,68,63,63,65,61,61,27,58,53,25,40,55,57,57,57,57,57,57,68,61,61,61,61,0,0],"gold":103,"neow_bonus":"BOSS_RELIC","is_daily":false,"chose_seed":false,"campfire_upgraded":9,"win_rate":0.0,"timestamp":1612898757,"path_taken":["M","?","?","?","M","R","E","R","T","R","$","M","E","?","R","BOSS","M","?","$","?","?","R","E","?","T","$","M","?","?","M","R","BOSS","M","?","$","$","?","R","?","?","T","R","$","E","?","?","R","BOSS"],"items_purchased_type":["Relic","Card","Card","Card","Card","Card","Card","Relic"],"build_version":"2020-12-22","purchased_purges":1,"victory":false,"max_hp_per_floor":[68,68,68,68,68,68,68,68,68,68,68,68,68,68,68,68,68,68,68,68,68,68,68,68,68,68,68,68,68,68,68,68,68,68,68,68,68,68,68,68,68,68,68,68,68,68,68,65,65,65,65],"card_choices":[{"not_picked":["FlurryOfBlows","ClearTheMind"],"picked":"Protect","floor":1},{"not_picked":["Collect","Protect"],"picked":"BattleHymn","floor":3},{"not_picked":["SashWhip","BowlingBash"],"picked":"EmptyBody","floor":5},{"not_picked":["Wireheading","ConjureBlade","Study"],"picked":"SKIP","floor":7},{"not_picked":["FollowUp","Collect"],"picked":"TalkToTheHand","floor":12},{"not_picked":["Pray","CarveReality"],"picked":"Blasphemy","floor":13},{"not_picked":["Ragnarok","DeusExMachina"],"picked":"Omniscience","floor":16},{"not_picked":["JustLucky","Indignation+1"],"picked":"CutThroughFate","floor":18},{"not_picked":["Prostrate","Nirvana"],"picked":"EmptyMind","floor":21},{"not_picked":["Indignation","Pray","EmptyBody"],"picked":"SKIP","floor":24},{"not_picked":["EmptyFist","BowlingBash"],"picked":"FlyingSleeves","floor":28},{"not_picked":["CrushJoints","WindmillStrike"],"picked":"Protect+1","floor":30},{"not_picked":["FlurryOfBlows","ThirdEye"],"picked":"ClearTheMind","floor":31},{"not_picked":["DeusExMachina","Alpha"],"picked":"Establishment","floor":33},{"not_picked":["Collect","Halt","FollowUp+1"],"picked":"SKIP","floor":35},{"not_picked":["Nirvana","Prostrate","FlyingSleeves"],"picked":"SKIP","floor":36},{"not_picked":["JustLucky","CrushJoints"],"picked":"EmptyBody+1","floor":39},{"not_picked":["Halt","Protect"],"picked":"Vault","floor":46}],"player_experience":704038,"relics_obtained":[{"floor":4,"key":"Centennial Puzzle"},{"floor":7,"key":"Pen Nib"},{"floor":9,"key":"Bronze Scales"},{"floor":13,"key":"Omamori"},{"floor":17,"key":"CeramicFish"},{"floor":17,"key":"Shuriken"},{"floor":17,"key":"Du-Vu Doll"},{"floor":24,"key":"Matryoshka"},{"floor":26,"key":"Bag of Marbles"},{"floor":26,"key":"WingedGreaves"},{"floor":29,"key":"PreservedInsect"},{"floor":29,"key":"Blood Vial"},{"floor":42,"key":"Juzu Bracelet"},{"floor":43,"key":"Toy Ornithopter"},{"floor":46,"key":"Nunchaku"}],"event_choices":[{"damage_healed":0,"gold_gain":0,"player_choice":"Got Potions","damage_taken":0,"max_hp_gain":0,"max_hp_loss":0,"event_name":"Lab","floor":2,"gold_loss":0},{"damage_healed":0,"gold_gain":90,"player_choice":"GOLD ","damage_taken":12,"max_hp_gain":0,"max_hp_loss":0,"event_name":"Knowing Skull","floor":19,"potions_obtained":[],"gold_loss":0,"cards_obtained":[]},{"damage_healed":0,"gold_gain":0,"player_choice":"Opened","damage_taken":0,"relics_obtained":["Smiling Mask"],"max_hp_gain":0,"max_hp_loss":0,"event_name":"The Mausoleum","floor":22,"gold_loss":0,"cards_obtained":["Writhe"]},{"damage_healed":0,"gold_gain":0,"player_choice":"Fight","damage_taken":0,"max_hp_gain":0,"max_hp_loss":0,"event_name":"MindBloom","floor":39,"gold_loss":0},{"cards_removed":["Defend_P"],"damage_healed":0,"gold_gain":0,"player_choice":"Removed Skill","damage_taken":0,"max_hp_gain":0,"max_hp_loss":0,"event_name":"Falling","floor":41,"gold_loss":0},{"damage_healed":0,"gold_gain":0,"player_choice":"Relic","damage_taken":0,"max_hp_gain":0,"max_hp_loss":0,"event_name":"Wheel of Change","floor":42,"gold_loss":0},{"damage_healed":0,"gold_gain":0,"player_choice":"Memory 1","damage_taken":0,"max_hp_gain":0,"max_hp_loss":0,"event_name":"SensoryStone","floor":47,"gold_loss":0},{"damage_healed":0,"gold_gain":0,"player_choice":"Max HP","damage_taken":0,"max_hp_gain":0,"max_hp_loss":3,"event_name":"Winding Halls","floor":48,"gold_loss":0}],"is_beta":false,"boss_relics":[{"not_picked":["Sozu","Black Star"],"picked":"Calling Bell"},{"not_picked":["Tiny House","Runic Dome"],"picked":"Empty Cage"}],"items_purged_floors":[25],"is_endless":false,"potions_floor_spawned":[3,5,7,12,21,24,31,33,46],"killed_by":"Awakened One","ascension_level":20}}