{"host":"1mv6gj0zv8k9e9tz","time":1612841934,"event":{"mods":["AchievementEnabler","BaseMod","Better Third Choice","Colored Map","DeckTracker","Highlight Path","KOR Keyword Fix","Keyboard Shortcuts","Minty Spire (QoL Compilation)","Permanent Neow","Quick Restart","Rare Cards Sparkle","StSLib","SuperFastMode","everything is the same but u backflip on backflip"],"gold_per_floor":[17,32,48,67,83,83,108,143,143,143,161,161,180,205,205,279,279,298,316,316,68,82,82,82,82],"floor_reached":24,"language":"KOR","playtime":523,"items_purged":[],"score":494,"play_id":"570819e9-5ad3-4b80-8817-82cba9bc1fb3","local_time":"20210209123854","is_ascension_mode":true,"campfire_choices":[{"data":"Sunder","floor":6.0,"key":"SMITH"},{"floor":10.0,"key":"REST"},{"data":"Defragment","floor":15.0,"key":"SMITH"},{"data":"Zap","floor":23.0,"key":"SMITH"}],"circlet_count":0,"master_deck":["AscendersBane","Strike_B","Strike_B","Strike_B","Defend_B","Defend_B","Defend_B","Zap+1","Dualcast","Cold Snap","Ball Lightning","Sunder+1","Sweeping Beam","Hologram","Ball Lightning","White Noise","Defragment+1","Electrodynamics","Conserve Battery","Defragment","Melter"],"relics":["Cracked Core","DataDisk","Bag of Preparation","Tiny Chest","Philosopher\u0027s Stone","ClockworkSouvenir"],"acts_visited":["Exordium","TheCity"],"potions_floor_usage":[24],"damage_taken":[{"damage":0.0,"enemies":"Cultist","floor":1.0,"turns":3.0},{"damage":0.0,"enemies":"Small Slimes","floor":2.0,"turns":3.0},{"damage":7.0,"enemies":"Jaw Worm","floor":3.0,"turns":3.0},{"damage":17.0,"enemies":"Exordium Wildlife","floor":4.0,"turns":5.0},{"damage":11.0,"enemies":"Looter","floor":5.0,"turns":2.0},{"damage":32.0,"enemies":"3 Sentries","floor":8.0,"turns":5.0},{"damage":4.0,"enemies":"Red Slaver","floor":11.0,"turns":4.0},{"damage":0.0,"enemies":"2 Fungi Beasts","floor":13.0,"turns":1.0},{"damage":5.0,"enemies":"Gremlin Nob","floor":14.0,"turns":3.0},{"damage":0.0,"enemies":"Slime Boss","floor":16.0,"turns":6.0},{"damage":17.0,"enemies":"Shell Parasite","floor":18.0,"turns":2.0},{"damage":0.0,"enemies":"Chosen","floor":19.0,"turns":3.0},{"damage":7.0,"enemies":"3 Cultists","floor":22.0,"turns":3.0},{"damage":37,"enemies":"Book of Stabbing","floor":24,"turns":3}],"seed_played":"-3052126286084180477","potions_obtained":[{"floor":1.0,"key":"Regen Potion"},{"floor":8.0,"key":"ColorlessPotion"},{"floor":13.0,"key":"Block Potion"},{"floor":22.0,"key":"CultistPotion"}],"is_trial":false,"path_per_floor":["M","M","M","M","M","R","T","E","T","R","M","?","M","E","R","B",null,"M","M","?","$","M","R","E"],"character_chosen":"DEFECT","items_purchased":["Defragment","ClockworkSouvenir"],"campfire_rested":1,"item_purchase_floors":[21,21],"current_hp_per_floor":[64,64,57,54,43,43,43,11,11,32,28,28,28,23,23,23,59,42,42,42,42,35,35,0,0],"gold":82,"neow_bonus":"TRANSFORM_TWO_CARDS","is_daily":false,"chose_seed":false,"campfire_upgraded":3,"win_rate":0.0,"timestamp":1612841934,"path_taken":["M","M","?","M","M","R","?","E","T","R","M","?","M","E","R","BOSS","M","M","?","$","M","R","E"],"items_purchased_type":["Card","Relic"],"build_version":"2020-12-22","purchased_purges":0,"victory":false,"max_hp_per_floor":[71,71,71,71,71,71,71,71,71,71,71,71,71,71,71,71,71,71,71,71,71,71,71,71,71],"card_choices":[{"not_picked":["Storm","Coolheaded"],"picked":"Sunder","floor":1.0},{"not_picked":["Fusion","Turbo"],"picked":"Sweeping Beam","floor":2.0},{"not_picked":["Reinforced Body","Undo","Redo"],"picked":"SKIP","floor":3.0},{"not_picked":["Beam Cell","Rebound","Redo"],"picked":"SKIP","floor":4.0},{"not_picked":["Streamline","Gash"],"picked":"Hologram","floor":5.0},{"not_picked":["Fusion","Thunder Strike","Go for the Eyes"],"picked":"SKIP","floor":8.0},{"not_picked":["Compile Driver","Hologram"],"picked":"Ball Lightning","floor":11.0},{"not_picked":["Rebound","Ball Lightning"],"picked":"White Noise","floor":13.0},{"not_picked":["Turbo","BootSequence"],"picked":"Defragment","floor":14.0},{"not_picked":["Thunder Strike","Amplify"],"picked":"Electrodynamics","floor":16.0},{"not_picked":["Storm","Stack","Gash+1"],"picked":"SKIP","floor":18.0},{"not_picked":["Leap","Stack"],"picked":"Conserve Battery","floor":19.0},{"not_picked":["Electrodynamics","Streamline"],"picked":"Melter","floor":22.0}],"player_experience":636295,"relics_obtained":[{"floor":7.0,"key":"DataDisk"},{"floor":8.0,"key":"Bag of Preparation"},{"floor":14.0,"key":"Tiny Chest"}],"event_choices":[{"damage_healed":0.0,"max_hp_gain":0.0,"max_hp_loss":0.0,"gold_gain":0.0,"event_name":"betterThird:BetterSerpent","player_choice":"Ignored","floor":12.0,"gold_loss":0.0,"damage_taken":161.0},{"damage_healed":0.0,"max_hp_gain":0.0,"max_hp_loss":0.0,"gold_gain":0.0,"event_name":"Cursed Tome","player_choice":"Ignored","floor":20.0,"gold_loss":0.0,"damage_taken":0.0}],"is_beta":false,"boss_relics":[{"not_picked":["FrozenCore","Cursed Key"],"picked":"Philosopher\u0027s Stone"}],"items_purged_floors":[],"is_endless":false,"potions_floor_spawned":[1,8,13,22],"killed_by":"Book of Stabbing","ascension_level":18}}