{"host":"gc6vr5n3q8f0hswe","time":1612854751,"event":{"mods":["Act Like it!","Aspiration","BaseMod","Better Altar","Better Sensory Stone","Better Skull","Better Third Choice","Block Reminder","Conspire","Fox Events","Gensokyo","Hallownest","Highlight Path","Hubris","Infinite Spire","Jedi Mod","Lobotomy","LobotomyExtend","MarisaÅiñ∂âJÅ@ñÇóùçπÅj","Minty Spire (QoL Compilation)","Pale of the Ancients","Relic Stats","Reliquary","Replay The Spire","Somnambulant","StSLib","The Alterego","The Blue Laboratory","The Bug Knight","The Jungle","The Poker Player","The Wild Card","Uncapped","Wandering Minibosses"],"gold_per_floor":[117,47,47,26,37,37,37,37,83,3,3,334,347,372,372,467,467,504,504,547,587,215,274,274,274,274,330,378,442,442,484,484,544,544],"floor_reached":33,"language":"ENG","playtime":2983,"items_purged":["Clumsy"],"score":351,"play_id":"0cded925-1a79-4638-9ffc-bda8b3ed9443","local_time":"20210209071230","is_ascension_mode":true,"campfire_choices":[{"data":"Eruption","floor":6.0,"key":"SMITH"},{"data":"Vigilance","floor":8.0,"key":"SMITH"},{"data":"Wallop","floor":11.0,"key":"SMITH"},{"data":"Wish","floor":25,"key":"SMITH"},{"data":"WheelKick","floor":30,"key":"SMITH"},{"data":"LikeWater","floor":32,"key":"SMITH"}],"circlet_count":0,"master_deck":["Strike_P+1","Strike_P+1","Strike_P+1","Strike_P+1","Defend_P+1","Defend_P","Defend_P","Eruption+1","Vigilance+1","Prostrate","Wallop+1","DeceiveReality","WheelKick+1","Replay:Vibes","Wish+1","Consecrate","LikeWater+1","LikeWater","Omniscience","EmptyBody+1","FlurryOfBlows"],"relics":["PureWater","aspiration:Nostalgia","Burning Blood","LetterFromLob","Gensokyo:YoukaiFlower","Gensokyo:NagashiBinaDoll","infinitespire:Satchel","Replay:Bottled Eggs","reliquary:Aerogel","ChewingGum","MealTicket","hubris:EmptyBottle","hubris:Reverence","Ancient Tea Set","ReplayTheSpireMod:TigerMarble","jedi:matchstick"],"acts_visited":["Exordium","TheCity"],"potions_floor_usage":[14,16,16,20,27,27,31,31,31,31,33,33],"damage_taken":[{"damage":10.0,"enemies":"Gensokyo:3_Fairies","floor":1.0,"turns":3.0},{"damage":17.0,"enemies":"Gensokyo:Gryphon","floor":5.0,"turns":6.0},{"damage":14,"enemies":"Gensokyo:Aya","floor":12,"turns":5},{"damage":0,"enemies":"Gensokyo:Python","floor":13,"turns":3},{"damage":7,"enemies":"Gensokyo:Cirno","floor":14,"turns":7},{"damage":39,"enemies":"Gensokyo:Yukari","floor":16,"turns":10},{"damage":5,"enemies":"Spheric Guardian","floor":18,"turns":4},{"damage":4,"enemies":"2 Thieves","floor":20,"turns":4},{"damage":15,"enemies":"Snake Plant","floor":21,"turns":6},{"damage":3,"enemies":"conspire:SneckoGhost","floor":23,"turns":13},{"damage":23,"enemies":"Replay:Snechameleon","floor":27,"turns":7},{"damage":0,"enemies":"conspire:HollyBat","floor":28,"turns":8},{"damage":8,"enemies":"Nightmare","floor":29,"turns":17},{"damage":0,"enemies":"Sentry and Sphere","floor":31,"turns":7},{"damage":112,"enemies":"hubris:MusketHawk","floor":33,"turns":11}],"seed_played":"-2944452277472817849","potions_obtained":[{"floor":1.0,"key":"blueLaboratory:FaithlessPotion"},{"floor":13,"key":"blueLaboratory:LouseDecoction"},{"floor":15,"key":"Languid Potion"},{"floor":15,"key":"Death Potion"},{"floor":16,"key":"blueLaboratory:FruitPunch"},{"floor":20,"key":"Dexterity Potion"},{"floor":27,"key":"blueLaboratory:PolymorphPotion"},{"floor":29,"key":"PowerPotion"}],"is_trial":false,"path_per_floor":["M","?","?","COS","M","R","?","R","T","$","R","E","M","E","R","B",null,"M","?","M","M","$","E","?","R","T","E","M","NM","R","M","R","B"],"character_chosen":"WATCHER","items_purchased":["Wallop","hubris:EmptyBottle","LikeWater","EssenceOfSteel"],"campfire_rested":0,"item_purchase_floors":[10,22,22,22],"current_hp_per_floor":[68,68,68,68,57,57,57,57,57,57,57,49,55,54,54,21,72,72,72,74,65,74,74,74,74,74,57,63,61,61,67,67,0,0],"gold":544,"neow_bonus":"NOSTALGIA","is_daily":false,"chose_seed":false,"campfire_upgraded":6,"win_rate":0.0,"timestamp":1612854750,"path_taken":["M","?","?","COS","M","R","?","R","T","?","R","E","M","E","R","BOSS","M","?","M","M","$","E","?","R","T","E","M","NM","R","M","R","BOSS"],"items_purchased_type":["Card","Relic","Card","Potion"],"build_version":"2020-12-22","purchased_purges":1,"victory":false,"max_hp_per_floor":[72,72,72,72,72,72,72,72,72,72,72,72,72,72,72,72,72,72,72,74,74,74,74,74,74,74,74,74,74,74,74,74,74,74],"relic_stats":{"counters":[15,111],"MealTicket":9,"obtain_stats":[{"aspiration:Nostalgia":0,"reliquary:Aerogel":14,"Gensokyo:NagashiBinaDoll":7,"hubris:EmptyBottle":22,"Ancient Tea Set":26,"Burning Blood":0,"Gensokyo:YoukaiFlower":3,"infinitespire:Satchel":9,"ChewingGum":17,"MealTicket":19,"jedi:matchstick":29,"LetterFromLob":1,"ReplayTheSpireMod:TigerMarble":27,"PureWater":0,"Replay:Bottled Eggs":12,"hubris:Reverence":23},{"aspiration:Nostalgia":0,"reliquary:Aerogel":5,"Gensokyo:NagashiBinaDoll":2,"hubris:EmptyBottle":9,"Ancient Tea Set":10,"Burning Blood":0,"Gensokyo:YoukaiFlower":1,"infinitespire:Satchel":2,"ChewingGum":6,"MealTicket":7,"jedi:matchstick":13,"LetterFromLob":1,"ReplayTheSpireMod:TigerMarble":11,"PureWater":0,"Replay:Bottled Eggs":3,"hubris:Reverence":10},{"aspiration:Nostalgia":0,"reliquary:Aerogel":24,"Gensokyo:NagashiBinaDoll":9,"hubris:EmptyBottle":48,"Ancient Tea Set":61,"Burning Blood":0,"Gensokyo:YoukaiFlower":3,"infinitespire:Satchel":9,"ChewingGum":34,"MealTicket":38,"jedi:matchstick":93,"LetterFromLob":3,"ReplayTheSpireMod:TigerMarble":68,"PureWater":0,"Replay:Bottled Eggs":14,"hubris:Reverence":61}],"Burning Blood":78},"card_choices":[{"not_picked":["JustLucky","WheelKick"],"picked":"EmptyFist","floor":1.0},{"not_picked":["Replay:ManipulateFuture","Replay:Hum"],"picked":"Prostrate","floor":5.0},{"not_picked":["Wireheading","EmptyBody"],"picked":"DeceiveReality","floor":12},{"not_picked":["Fasting2","CrushJoints"],"picked":"WheelKick","floor":13},{"not_picked":["ClearTheMind","PathToVictory"],"picked":"Replay:Vibes","floor":14},{"not_picked":["jedi:nirvanicrebirth","Replay:LoomingThreat"],"picked":"Wish","floor":16},{"not_picked":["EmptyFist","ThirdEye+1"],"picked":"Consecrate","floor":18},{"not_picked":["FollowUp","EmptyFist"],"picked":"LikeWater","floor":20},{"not_picked":["BowlingBash+1","Collect","Replay:AtTheReady"],"picked":"SKIP","floor":21},{"not_picked":["InnerPeace","FollowUp"],"picked":"Omniscience","floor":23},{"not_picked":["CrushJoints+1","JustLucky+1","Protect"],"picked":"SKIP","floor":27},{"not_picked":["ThirdEye","Consecrate+1"],"picked":"EmptyBody+1","floor":28},{"not_picked":["ThirdEye+1","Swivel","SignatureMove"],"picked":"SKIP","floor":29},{"not_picked":["CarveReality","BowlingBash"],"picked":"FlurryOfBlows","floor":31}],"player_experience":480439,"relics_obtained":[{"floor":1.0,"key":"LetterFromLob"},{"floor":9.0,"key":"infinitespire:Satchel"},{"floor":12,"key":"Replay:Bottled Eggs"},{"floor":14,"key":"reliquary:Aerogel"},{"floor":19,"key":"MealTicket"},{"floor":23,"key":"hubris:Reverence"},{"floor":26,"key":"Ancient Tea Set"},{"floor":27,"key":"ReplayTheSpireMod:TigerMarble"},{"floor":29,"key":"jedi:matchstick"}],"event_choices":[{"cards_removed":["Defend_P"],"damage_healed":0,"gold_gain":0,"player_choice":"Purged","damage_taken":0,"max_hp_gain":0,"max_hp_loss":0,"event_name":"Purifier","floor":24,"gold_loss":0}],"is_beta":false,"boss_relics":[{"not_picked":["ReplayTheSpireMod:DimensionalGlitch","hubris:CrackedHourglass"],"picked":"ChewingGum"}],"items_purged_floors":[22],"is_endless":true,"potions_floor_spawned":[1,13,16,20,27,29],"killed_by":"hubris:MusketHawk","ascension_level":1}}