{"host":"sc0o2qwpf9j16a4i","time":1612876759,"event":{"mods":["AchievementEnabler","BaseMod","BetterRewards","Block Reminder","Colored Map","Colored Powertips","Custom Start","Highlight Path","Minty Spire (QoL Compilation)","Relic Stats"],"gold_per_floor":[115,115,115,115,40,40,73,86,86,86,130,205,218,234,234,353,353,377,206,206,406,429,429,429],"floor_reached":23,"language":"ENG","playtime":574,"items_purged":["Undo","Injury"],"score":247,"play_id":"b84c967c-1895-4904-a04c-7a04adec8846","local_time":"20210209151919","daily_mods":["Specialized","Colorless Cards","Night Terrors"],"is_ascension_mode":false,"campfire_choices":[{"data":"Zap","floor":6,"key":"SMITH"},{"floor":15,"key":"REST"}],"circlet_count":0,"master_deck":["Strike_B","Strike_B","Strike_B+1","Strike_B+1","Defend_B","Defend_B","Defend_B","Defend_B","Zap+1","Dualcast","Undo","Undo","Undo","Undo","Gash","Beam Cell+1","Coolheaded","Compile Driver","Stack","Sweeping Beam","Capacitor","Force Field","Stack"],"relics":["Cracked Core","Golden Idol","Symbiotic Virus","Ancient Tea Set","Regal Pillow","Pear","Snecko Eye"],"acts_visited":["Exordium","TheCity"],"potions_floor_usage":[23,23,23],"damage_taken":[{"damage":0,"enemies":"Cultist","floor":1,"turns":4},{"damage":31,"enemies":"Gremlin Nob","floor":7,"turns":5},{"damage":0,"enemies":"Jaw Worm","floor":8,"turns":5},{"damage":0,"enemies":"Lagavulin","floor":11,"turns":7},{"damage":0,"enemies":"2 Louse","floor":13,"turns":2},{"damage":0,"enemies":"Exordium Wildlife","floor":14,"turns":3},{"damage":20,"enemies":"Slime Boss","floor":16,"turns":9},{"damage":34,"enemies":"Spheric Guardian","floor":18,"turns":6},{"damage":0,"enemies":"Shell Parasite","floor":22,"turns":5},{"damage":46,"enemies":"Book of Stabbing","floor":23,"turns":8}],"seed_played":"1778748172190304388","potions_obtained":[{"floor":8,"key":"Explosive Potion"},{"floor":14,"key":"Explosive Potion"},{"floor":16,"key":"Strength Potion"}],"is_trial":true,"path_per_floor":["M","?","T","?","$","R","E","M","T","?","E","?","M","M","R","B",null,"M","$","?","?","M","E"],"character_chosen":"DEFECT","items_purchased":["Capacitor"],"campfire_rested":1,"item_purchase_floors":[19],"current_hp_per_floor":[75,75,75,60,60,60,29,29,29,29,39,28,28,28,80,60,80,46,46,46,46,46,0,0],"gold":429,"neow_bonus":"","is_daily":false,"chose_seed":false,"campfire_upgraded":1,"win_rate":0.0,"timestamp":1612876759,"path_taken":["M","?","?","?","?","R","E","M","T","?","E","?","M","M","R","BOSS","M","$","?","?","M","E"],"items_purchased_type":["Card"],"build_version":"2020-12-22","purchased_purges":2,"victory":false,"max_hp_per_floor":[75,75,75,75,75,75,75,75,75,75,85,85,85,85,80,80,80,80,80,80,80,80,80,80],"relic_stats":{"Regal Pillow":0,"counters":[10,54],"Golden Idol":59,"Snecko Eye":[27,29,18,30],"obtain_stats":[{"Regal Pillow":9,"Pear":11,"Golden Idol":2,"Snecko Eye":17,"Cracked Core":0,"Symbiotic Virus":3,"Ancient Tea Set":7},{"Regal Pillow":3,"Pear":4,"Golden Idol":1,"Snecko Eye":7,"Cracked Core":0,"Symbiotic Virus":1,"Ancient Tea Set":2},{"Regal Pillow":14,"Pear":21,"Golden Idol":4,"Snecko Eye":35,"Cracked Core":0,"Symbiotic Virus":4,"Ancient Tea Set":9}]},"card_choices":[{"not_picked":["Stack","Tempest"],"picked":"Gash","floor":1},{"not_picked":["Deep Breath","Streamline"],"picked":"Beam Cell","floor":7},{"not_picked":["Compile Driver","FTL"],"picked":"Coolheaded","floor":8},{"not_picked":["Turbo","Leap"],"picked":"Compile Driver","floor":11},{"not_picked":["Fusion","Beam Cell"],"picked":"Stack","floor":13},{"not_picked":["Gash","Conserve Battery"],"picked":"Sweeping Beam","floor":14},{"not_picked":["Compile Driver","Beam Cell","Good Instincts"],"picked":"SKIP","floor":18},{"not_picked":["Go for the Eyes+1","Rebound"],"picked":"Stack","floor":22}],"player_experience":1296312,"relics_obtained":[{"floor":3,"key":"Symbiotic Virus"},{"floor":7,"key":"Ancient Tea Set"},{"floor":9,"key":"Regal Pillow"},{"floor":11,"key":"Pear"}],"event_choices":[{"damage_healed":0,"gold_gain":0,"player_choice":"Take Wound","damage_taken":0,"relics_obtained":["Golden Idol"],"max_hp_gain":0,"max_hp_loss":0,"event_name":"Golden Idol","floor":2,"gold_loss":0,"cards_obtained":["Injury"]},{"damage_healed":0,"gold_gain":0,"player_choice":"Entered Light","damage_taken":15,"max_hp_gain":0,"max_hp_loss":0,"event_name":"Shining Light","floor":4,"gold_loss":0,"cards_upgraded":["Strike_B","Strike_B"]},{"damage_healed":0,"gold_gain":0,"player_choice":"Grow","damage_taken":0,"max_hp_gain":0,"max_hp_loss":0,"event_name":"Living Wall","floor":10,"gold_loss":0,"cards_upgraded":["Beam Cell"]},{"damage_healed":0,"gold_gain":75,"player_choice":"Gather Gold","damage_taken":11,"max_hp_gain":0,"max_hp_loss":0,"event_name":"World of Goop","floor":12,"gold_loss":0},{"damage_healed":0,"gold_gain":0,"player_choice":"Read","damage_taken":0,"max_hp_gain":0,"max_hp_loss":0,"event_name":"The Library","floor":20,"gold_loss":0,"cards_obtained":["Force Field"]},{"damage_healed":0,"gold_gain":250,"player_choice":"Bet on Owner","damage_taken":0,"max_hp_gain":0,"max_hp_loss":0,"event_name":"The Joust","floor":21,"gold_loss":50}],"is_beta":false,"boss_relics":[{"not_picked":["Black Star","Nuclear Battery"],"picked":"Snecko Eye"}],"items_purged_floors":[5,19],"is_endless":false,"potions_floor_spawned":[8,14,16,18],"killed_by":"Book of Stabbing","ascension_level":0}}