{"host":"favrcuc0pmi4z15q","time":1612896457,"event":{"mods":["Act Like it!","BaseMod","Bestiary","Colored Powertips","Minty Spire (QoL Compilation)","Reliquary","Replay The Spire","Shop Mod","StSLib","The Animator","The Jungle"],"gold_per_floor":[110,120,71,71,71,101,1,1,27,54,86,114,125,151,151,253,253,285,159,159,159,159,188,206,247,247,247,263,263,282,282,282,385,385,404,158,177,190,190,225,225,308,335,335,171,206,219,229,229,229,229,316,432,432,432],"floor_reached":54,"language":"ENG","playtime":4135,"items_purged":["animator:Vesta","animator:Defend","ReplayTheSpireMod:Splinters"],"score":778,"play_id":"6bf34873-063f-4739-b274-fc8fec1ebb81","local_time":"20210209194737","is_ascension_mode":false,"campfire_choices":[{"data":"animator:Sloth","floor":8.0,"key":"SMITH"},{"floor":15.0,"key":"DIG"},{"floor":27.0,"key":"RECALL"},{"data":"animator:Gluttony","floor":29.0,"key":"SMITH"},{"data":"animator:Vanir","floor":32.0,"key":"SMITH"},{"floor":44,"key":"DIG"},{"data":"animator:Strike","floor":49,"key":"PURGE"}],"circlet_count":0,"master_deck":["animator:Strike_Katanagatari","animator:Defend_Katanagatari","animator:Defend","animator:Azekura","animator:Emonzaemon","animator:Shigure","animator:CrowleyEusford","animator:Benimaru","animator:Gluttony","animator:Sloth","animator:KyokoSakura","animator:Kaijin","animator:Togame","animator:Emonzaemon","animator:Shuna","animator:Eve","animator:GazelDwargon","animator:Vesta","animator:IrohaTamaki","animator:Chung","animator:Mitsuba","animator:Mitsurugi","animator:Hakurou","animator:Vanir","animator:ChaikaBohdan","animator:UneriGinkaku","animator:Shion","animator:HigakiRinne","animator:Sonic","animator:Darkness","animator:YunYun","animator:Shuna","animator:Shuna"],"relics":["animator:TheEgnaroPiece","animator:LivingPicture","animator:TheMissingPiece"],"acts_visited":["Exordium","TheCity","TheBeyond","TheEnding","EYB:TheUnnamedReign"],"potions_floor_usage":[38],"damage_taken":[{"damage":1.0,"enemies":"Cultist","floor":1.0,"turns":4.0},{"damage":9.0,"enemies":"Jaw Worm","floor":2.0,"turns":4.0},{"damage":13.0,"enemies":"Replay:BlueRogue","floor":6.0,"turns":6.0},{"damage":0.0,"enemies":"2 Louse","floor":10.0,"turns":2.0},{"damage":4.0,"enemies":"2 Fungi Beasts","floor":11.0,"turns":2.0},{"damage":6.0,"enemies":"3 Sentries","floor":12.0,"turns":8.0},{"damage":0.0,"enemies":"Large Slime","floor":13.0,"turns":4.0},{"damage":4.0,"enemies":"Lagavulin","floor":14.0,"turns":6.0},{"damage":2.0,"enemies":"Hexaghost","floor":16.0,"turns":9.0},{"damage":0.0,"enemies":"2 Thieves","floor":18.0,"turns":5.0},{"damage":0.0,"enemies":"Replay:Snechameleon","floor":23.0,"turns":8.0},{"damage":0.0,"enemies":"Chosen","floor":24.0,"turns":6.0},{"damage":9.0,"enemies":"Slavers","floor":25.0,"turns":7.0},{"damage":0.0,"enemies":"Centurion and Healer","floor":28.0,"turns":7.0},{"damage":7.0,"enemies":"Snake Plant","floor":30.0,"turns":3.0},{"damage":7.0,"enemies":"Pondfish","floor":33.0,"turns":11.0},{"damage":6.0,"enemies":"3 Darklings","floor":35.0,"turns":4.0},{"damage":0,"enemies":"Orb Walker","floor":37,"turns":3},{"damage":2,"enemies":"Transient","floor":38,"turns":5},{"damage":31,"enemies":"Reptomancer","floor":40,"turns":6},{"damage":1,"enemies":"Giant Head","floor":46,"turns":6},{"damage":0,"enemies":"4 Shapes","floor":47,"turns":3},{"damage":11,"enemies":"Jaw Worm Horde","floor":48,"turns":4},{"damage":12,"enemies":"Replay:Hell Engine","floor":50,"turns":15},{"damage":98,"enemies":"animator:TRIPLE_SHAPES_WEAK","floor":54,"turns":6}],"seed_played":"4740655249971692070","potions_obtained":[{"floor":1.0,"key":"AttackPotion"},{"floor":6.0,"key":"FearPotion"},{"floor":12.0,"key":"Toxic Potion"},{"floor":13.0,"key":"Weak Potion"},{"floor":28.0,"key":"Strength Potion"},{"floor":33.0,"key":"Fire Potion"}],"is_trial":false,"path_per_floor":["M","M","$","?","?","E","$","R","T","M","M","E","M","E","R","B",null,"M","$","?","$","?","E","M","E","T","R","M","R","M","?","R","B",null,"M","$","M","M","?","E","R","?","T","R","$","E","M","M","R","B",null,"R","??","M"],"character_chosen":"THE_ANIMATOR","items_purchased":["animator:Benimaru","animator:Sloth","animator:KyokoSakura","animator:Chung","ReplayTheSpireMod:TigerMarble","animator:Darkness"],"campfire_rested":0,"item_purchase_floors":[3,7,7,19,36,45],"current_hp_per_floor":[65,56,56,56,38,25,25,25,25,29,29,27,31,32,32,34,67,67,67,67,67,67,67,67,62,62,62,66,66,60,60,60,53,67,66,66,68,67,58,31,51,57,57,57,57,60,60,57,57,49,75,75,86,0,0],"gold":432,"neow_bonus":"RANDOM_COMMON_RELIC","is_daily":false,"chose_seed":false,"campfire_upgraded":3,"win_rate":0.0,"timestamp":1612896457,"path_taken":["M","M","$","?","?","E","?","R","T","M","M","E","M","E","R","BOSS","M","$","?","$","?","E","M","E","T","R","M","R","M","?","R","BOSS","M","$","M","?","?","E","R","?","T","R","$","E","M","M","R","BOSS","R","??","M"],"items_purchased_type":["Card","Card","Card","Card","Relic","Card"],"build_version":"2020-12-22","purchased_purges":3,"victory":false,"max_hp_per_floor":[66,66,66,66,66,66,66,66,66,66,66,66,66,67,67,67,67,67,67,67,67,67,67,67,67,67,67,67,67,67,67,67,67,67,68,68,68,69,69,69,69,75,75,75,75,75,75,75,75,75,75,75,86,86,86],"card_choices":[{"not_picked":["animator:Sonic","animator:ElricAlphonse"],"picked":"animator:Shigure","floor":1.0},{"not_picked":["animator:Hakurou","animator:Kazuma"],"picked":"animator:CrowleyEusford","floor":2.0},{"not_picked":["animator:Tatsumaki","animator:ZankiKiguchi"],"picked":"animator:Gluttony","floor":6.0},{"not_picked":["animator:Shion","animator:Souei"],"picked":"animator:Kaijin","floor":10.0},{"not_picked":["animator:TsurugaMeisai","animator:Yuuichirou"],"picked":"animator:Togame","floor":11.0},{"not_picked":["animator:ChaikaBohdan","animator:Sloth"],"picked":"animator:Emonzaemon","floor":12.0},{"not_picked":["animator:Sloth","animator:MumenRider","animator:Togame"],"picked":"SKIP","floor":13.0},{"not_picked":["animator:Sloth","animator:MumenRider","animator:Togame"],"picked":"SKIP","floor":13.0},{"not_picked":["animator:Hakurou","animator:Shion"],"picked":"animator:Shuna","floor":14.0},{"not_picked":["animator:Greed","animator:Boros"],"picked":"animator:Eve","floor":16.0},{"not_picked":["animator:ChaikaBohdan","animator:Rena"],"picked":"animator:IrohaTamaki","floor":18.0},{"not_picked":["animator:Ara","animator:Hakurou"],"picked":"animator:Mitsuba","floor":23.0},{"not_picked":["animator:MaesHughes","animator:Lu"],"picked":"animator:Mitsurugi","floor":24.0},{"not_picked":["animator:Shion","animator:Shuna"],"picked":"animator:Hakurou","floor":25.0},{"not_picked":["animator:Mitsurugi","animator:Chris"],"picked":"animator:Vanir","floor":28.0},{"not_picked":["animator:Mitsuba","animator:SilverFang"],"picked":"animator:ChaikaBohdan+1","floor":30.0},{"not_picked":["animator:Lu+1","animator:Chung+1"],"picked":"animator:UneriGinkaku","floor":35.0},{"not_picked":["animator:Kazuma","animator:Shigure"],"picked":"animator:Shion","floor":38},{"not_picked":["animator:Chung","animator:Chris"],"picked":"animator:Sonic","floor":40},{"not_picked":["animator:Chung+1","animator:SayakaMiki"],"picked":"animator:YunYun","floor":46},{"not_picked":["animator:Shion","animator:Hakurou"],"picked":"animator:Shuna","floor":47},{"not_picked":["animator:Chris","animator:Hakurou+1"],"picked":"animator:Shuna+1","floor":48}],"player_experience":1214798,"relics_obtained":[{"floor":6.0,"key":"reliquary:FerryPass"},{"floor":9.0,"key":"Lantern"},{"floor":12.0,"key":"ReplayTheSpireMod:Shallot"},{"floor":14.0,"key":"Torii"},{"floor":15.0,"key":"Onion Ring"},{"floor":16.0,"key":"Replay:Multitool"},{"floor":23.0,"key":"animator:BattleDrones"},{"floor":25.0,"key":"Incense Burner"},{"floor":40,"key":"Paper Crane"},{"floor":43,"key":"reliquary:Aerogel"},{"floor":44,"key":"Whetstone"},{"floor":46,"key":"White Beast Statue"},{"floor":53,"key":"animator:TheEgnaroPiece"}],"event_choices":[{"damage_healed":0.0,"max_hp_gain":0.0,"max_hp_loss":0.0,"gold_gain":0.0,"event_name":"Living Wall","player_choice":"Grow","floor":4.0,"gold_loss":0.0,"damage_taken":0.0,"cards_upgraded":["animator:Benimaru"]},{"damage_healed":0.0,"max_hp_gain":0.0,"max_hp_loss":0.0,"gold_gain":0.0,"event_name":"Scrap Ooze","player_choice":"Success","floor":5.0,"gold_loss":0.0,"damage_taken":18.0,"relics_obtained":["Darkstone Periapt"]},{"damage_healed":0.0,"max_hp_gain":0.0,"max_hp_loss":0.0,"gold_gain":0.0,"event_name":"Cursed Tome","player_choice":"Ignored","floor":20.0,"gold_loss":0.0,"damage_taken":0.0},{"damage_healed":0.0,"max_hp_gain":0.0,"max_hp_loss":0.0,"gold_gain":0.0,"event_name":"Vampires","player_choice":"Ignored","floor":22.0,"gold_loss":0.0,"damage_taken":0.0},{"damage_healed":0.0,"max_hp_gain":0.0,"max_hp_loss":0.0,"gold_gain":0.0,"event_name":"Upgrade Shrine","player_choice":"Upgraded","floor":31.0,"gold_loss":0.0,"damage_taken":0.0,"cards_upgraded":["animator:Vesta"]},{"damage_healed":0,"gold_gain":0,"player_choice":"Embrace Madness","damage_taken":9,"max_hp_gain":0,"max_hp_loss":0,"event_name":"Winding Halls","floor":39,"gold_loss":0,"cards_obtained":["animator:HigakiRinne"]}],"is_beta":false,"boss_relics":[{"not_picked":["Black Star","Replay:Wanted Poster"],"picked":"animator:RacePiece"},{"not_picked":["Replay:Drink Me","Honey Jar"],"picked":"Sozu"}],"items_purged_floors":[19,36,45],"is_endless":false,"potions_floor_spawned":[1,6,12,13,16,23,28,33,38,47,48],"killed_by":"animator:TRIPLE_SHAPES_WEAK","ascension_level":0}}