{"host":"5dk97cf2ubw2v967","time":1612865734,"event":{"mods":["AlwaysNeverKeys","BaseMod","Better Altar","Better Vampires","Block Reminder","Card Filter","Colored Powertips","Downfall","Googly Eyes","Highlight Path","Minty Spire (QoL Compilation)","Permanent Neow","Potion Indicator Mod","Quick Restart","Relic Filter","Relic Stats","Say the Spire","Spicy Shops","StSLib","Waifu the Spire","everything is the same but u backflip on backflip"],"gold_per_floor":[113,113,113,13,23,23,53,53,53,53,69,82,97,247,247,320,320,330,330,346,366,18,49,49,49,49],"floor_reached":25,"language":"ENG","playtime":1069,"items_purged":["Doubt","Writhe"],"score":442,"play_id":"0256f392-885a-4d30-95c6-7cdd035f8863","local_time":"20210209101534","is_ascension_mode":true,"campfire_choices":[{"data":"1","floor":6,"key":"LIFT"},{"data":"2","floor":8,"key":"LIFT"},{"floor":10,"key":"REST"},{"data":"3","floor":15,"key":"LIFT"},{"floor":24,"key":"REST"}],"circlet_count":0,"master_deck":["AscendersBane","Strike_R","Strike_R","Strike_R","Strike_R","Strike_R","Defend_R","Defend_R","Defend_R","Defend_R","Bash","Fire Breathing","Swift Strike","Heavy Blade","Bloodletting","Inflame","Wild Strike","Pummel","Reckless Charge","Disarm","Intimidate","Inflame","Feed","Armaments+1","Iron Wave+1","True Grit+1"],"relics":["Burning Blood","Girya","Prayer Wheel","Centennial Puzzle","Strawberry","SlaversCollar","Oddly Smooth Stone","Nunchaku"],"acts_visited":["Exordium","TheCity"],"potions_floor_usage":[7,12,23,23,25],"damage_taken":[{"damage":7,"enemies":"Cultist","floor":1,"turns":4},{"damage":9,"enemies":"Jaw Worm","floor":5,"turns":3},{"damage":33,"enemies":"Lagavulin","floor":7,"turns":6},{"damage":0,"enemies":"Small Slimes","floor":11,"turns":2},{"damage":11,"enemies":"Exordium Thugs","floor":12,"turns":3},{"damage":3,"enemies":"Large Slime","floor":13,"turns":4},{"damage":15,"enemies":"Slime Boss","floor":16,"turns":7},{"damage":22,"enemies":"Chosen","floor":18,"turns":4},{"damage":52,"enemies":"Shell Parasite","floor":20,"turns":6},{"damage":17,"enemies":"Centurion and Healer","floor":21,"turns":4},{"damage":5,"enemies":"Slavers","floor":23,"turns":4},{"damage":0,"enemies":"Gremlin Leader","floor":25,"turns":3}],"seed_played":"7452624923697963839","potions_obtained":[{"floor":5,"key":"Swift Potion"},{"floor":11,"key":"Strength Potion"},{"floor":16,"key":"HeartOfIron"},{"floor":20,"key":"ElixirPotion"},{"floor":21,"key":"Fire Potion"},{"floor":23,"key":"BlessingOfTheForge"}],"is_trial":false,"path_per_floor":["M","$","?","$","M","R","E","R","T","R","M","M","M","?","R","B",null,"M","?","M","M","$","E","R","E"],"character_chosen":"IRONCLAD","items_purchased":["Swift Strike","Oddly Smooth Stone"],"campfire_rested":2,"item_purchase_floors":[4,22],"current_hp_per_floor":[67,67,56,56,53,53,26,26,33,57,63,58,61,61,61,52,75,62,62,16,8,8,9,35,35,35],"gold":49,"neow_bonus":"ONE_RARE_RELIC","is_daily":false,"chose_seed":false,"campfire_upgraded":0,"win_rate":0.0,"timestamp":1612865734,"path_taken":["M","?","?","?","M","R","E","R","T","R","M","M","M","?","R","BOSS","M","?","M","M","?","E","R","E"],"items_purchased_type":["Card","Relic"],"build_version":"2020-12-22","purchased_purges":2,"victory":false,"max_hp_per_floor":[75,75,75,75,75,75,75,75,82,82,82,82,82,82,82,82,82,85,85,85,88,88,88,88,88,88],"relic_stats":{"Centennial Puzzle":[21],"Nunchaku":[0],"counters":[12,50],"Prayer Wheel":7,"obtain_stats":[{"Girya":0,"SlaversCollar":17,"Centennial Puzzle":7,"Nunchaku":23,"Strawberry":9,"Oddly Smooth Stone":22,"Prayer Wheel":3,"Burning Blood":0},{"Girya":0,"SlaversCollar":7,"Centennial Puzzle":3,"Nunchaku":11,"Strawberry":3,"Oddly Smooth Stone":10,"Prayer Wheel":1,"Burning Blood":0},{"Girya":0,"SlaversCollar":29,"Centennial Puzzle":13,"Nunchaku":47,"Strawberry":13,"Oddly Smooth Stone":43,"Prayer Wheel":4,"Burning Blood":0}],"Burning Blood":66},"card_choices":[{"not_picked":["Reckless Charge","Flex"],"picked":"Fire Breathing","floor":1},{"not_picked":["Pommel Strike","Body Slam"],"picked":"Heavy Blade","floor":5},{"not_picked":["Shrug It Off","Flex"],"picked":"Bloodletting","floor":5},{"not_picked":["Sword Boomerang","Warcry"],"picked":"Inflame","floor":7},{"not_picked":["True Grit","Clothesline"],"picked":"Wild Strike","floor":11},{"not_picked":["Warcry","Clash"],"picked":"Pummel","floor":11},{"not_picked":["Thunderclap","Headbutt"],"picked":"Reckless Charge","floor":12},{"not_picked":["Demon Form","Havoc"],"picked":"Disarm","floor":12},{"not_picked":["Body Slam","Rupture"],"picked":"Intimidate","floor":13},{"not_picked":["Clothesline","Pommel Strike"],"picked":"Inflame","floor":13},{"not_picked":["Juggernaut","Barricade"],"picked":"Feed","floor":16},{"not_picked":["True Grit","Wild Strike"],"picked":"Armaments+1","floor":18},{"not_picked":["Armaments","Blood for Blood","True Grit"],"picked":"SKIP","floor":18},{"not_picked":["Sentinel","Twin Strike"],"picked":"Iron Wave+1","floor":20},{"not_picked":["Sword Boomerang","Disarm","True Grit"],"picked":"SKIP","floor":20},{"not_picked":["Cleave","Shrug It Off","Thunderclap"],"picked":"SKIP","floor":21},{"not_picked":["Body Slam+1","Heavy Blade","True Grit"],"picked":"SKIP","floor":21},{"not_picked":["Corruption","Dual Wield"],"picked":"True Grit+1","floor":23}],"player_experience":1301169,"relics_obtained":[{"floor":7,"key":"Centennial Puzzle"},{"floor":9,"key":"Strawberry"},{"floor":23,"key":"Nunchaku"}],"event_choices":[{"damage_healed":0,"gold_gain":0,"player_choice":"Success","damage_taken":11,"relics_obtained":["Prayer Wheel"],"max_hp_gain":0,"max_hp_loss":0,"event_name":"Scrap Ooze","floor":3,"gold_loss":0},{"damage_healed":0,"gold_gain":150,"player_choice":"AGREE","damage_taken":0,"max_hp_gain":0,"max_hp_loss":0,"event_name":"Liars Game","floor":14,"gold_loss":0,"cards_obtained":["Doubt"]}],"is_beta":false,"boss_relics":[{"not_picked":["SacredBark","Empty Cage"],"picked":"SlaversCollar"}],"items_purged_floors":[22,22],"is_endless":false,"potions_floor_spawned":[5,11,16,20,21,23],"killed_by":"Gremlin Leader","ascension_level":20}}