{"host":"q6ff4ns2kep02ti6","time":1612896105,"event":{"mods":["AchievementEnabler","BaseMod","Minty Spire (QoL Compilation)","Relic Stats","StSLib","Unceasing Turn Reminder"],"gold_per_floor":[109,109,34,45,63,63,90,108,108,121,42,59,75,102,102,180,180,195,215,233,247,172,172,172],"floor_reached":23,"language":"ENG","playtime":7017,"items_purged":[],"score":464,"play_id":"7dae37a3-1b7d-4064-acd4-75278142cdc4","local_time":"20210209194145","is_ascension_mode":true,"campfire_choices":[{"data":"Iron Wave","floor":6,"key":"SMITH"},{"data":"Demon Form","floor":15,"key":"SMITH"}],"circlet_count":0,"master_deck":["AscendersBane","Strike_R","Strike_R","Strike_R","Defend_R","Defend_R","Defend_R","Defend_R","Bash","Power Through","Iron Wave+1","Battle Trance","True Grit","Clothesline","Spot Weakness","Pummel","Demon Form+1","Heavy Blade","Reaper","Shrug It Off","Anger"],"relics":["Burning Blood","Bronze Scales","Vajra","Kunai","Calipers","Runic Dome"],"acts_visited":["Exordium","TheCity"],"potions_floor_usage":[7,14,23,23],"damage_taken":[{"damage":5,"enemies":"2 Louse","floor":1,"turns":4},{"damage":5,"enemies":"Small Slimes","floor":4,"turns":4},{"damage":0,"enemies":"Jaw Worm","floor":5,"turns":6},{"damage":49,"enemies":"Gremlin Nob","floor":7,"turns":6},{"damage":4,"enemies":"Exordium Thugs","floor":8,"turns":5},{"damage":0,"enemies":"Looter","floor":10,"turns":3},{"damage":10,"enemies":"Lots of Slimes","floor":12,"turns":5},{"damage":1,"enemies":"Blue Slaver","floor":13,"turns":4},{"damage":0,"enemies":"3 Sentries","floor":14,"turns":6},{"damage":18,"enemies":"The Guardian","floor":16,"turns":8},{"damage":5,"enemies":"Spheric Guardian","floor":18,"turns":4},{"damage":20,"enemies":"3 Byrds","floor":19,"turns":3},{"damage":34,"enemies":"Centurion and Healer","floor":20,"turns":6},{"damage":24,"enemies":"Snake Plant","floor":21,"turns":5},{"damage":46,"enemies":"Slavers","floor":23,"turns":6}],"seed_played":"-7274885899617132073","potions_obtained":[{"floor":1,"key":"HeartOfIron"},{"floor":4,"key":"Fire Potion"},{"floor":18,"key":"HeartOfIron"},{"floor":20,"key":"PowerPotion"}],"is_trial":false,"path_per_floor":["M","?","?","M","M","R","E","M","T","M","$","M","M","E","R","B",null,"M","M","M","M","?","E"],"character_chosen":"IRONCLAD","items_purchased":["Spot Weakness"],"campfire_rested":0,"item_purchase_floors":[11],"current_hp_per_floor":[69,69,69,70,75,75,32,34,34,40,40,36,41,47,47,35,65,66,52,64,46,46,0,0],"gold":172,"neow_bonus":"RANDOM_COMMON_RELIC","is_daily":false,"chose_seed":false,"campfire_upgraded":2,"win_rate":0.0,"timestamp":1612896105,"path_taken":["M","?","?","M","M","R","E","M","T","M","?","M","M","E","R","BOSS","M","M","M","M","?","E"],"items_purchased_type":["Card"],"build_version":"2020-12-22","purchased_purges":0,"victory":false,"max_hp_per_floor":[75,75,75,75,75,75,75,75,75,75,75,75,75,75,75,75,75,75,75,75,75,75,75,75],"relic_stats":{"counters":[15,75],"Bronze Scales":[293],"Kunai":[2],"obtain_stats":[{"Runic Dome":17,"Calipers":14,"Bronze Scales":0,"Vajra":7,"Kunai":9,"Burning Blood":0},{"Runic Dome":10,"Calipers":9,"Bronze Scales":0,"Vajra":4,"Kunai":5,"Burning Blood":0},{"Runic Dome":51,"Calipers":43,"Bronze Scales":0,"Vajra":20,"Kunai":25,"Burning Blood":0}],"Burning Blood":83},"card_choices":[{"not_picked":["Metallicize","Armaments"],"picked":"Power Through","floor":1},{"not_picked":["Intimidate","Pommel Strike"],"picked":"Iron Wave","floor":4},{"not_picked":["Flex","Shrug It Off"],"picked":"Battle Trance","floor":5},{"not_picked":["Thunderclap","Dropkick"],"picked":"True Grit","floor":7},{"not_picked":["Havoc","Iron Wave","Intimidate"],"picked":"SKIP","floor":8},{"not_picked":["Rampage","Shrug It Off"],"picked":"Clothesline","floor":10},{"not_picked":["Sword Boomerang","Body Slam"],"picked":"Pummel","floor":12},{"not_picked":["Burning Pact","Cleave"],"picked":"Demon Form","floor":13},{"not_picked":["Combust","Sever Soul"],"picked":"Heavy Blade","floor":14},{"not_picked":["Demon Form","Offering"],"picked":"Reaper","floor":16},{"not_picked":["Reckless Charge","Whirlwind"],"picked":"Shrug It Off","floor":18},{"not_picked":["Pommel Strike","Dropkick","Heavy Blade"],"picked":"SKIP","floor":19},{"not_picked":["Warcry","Cleave"],"picked":"Anger","floor":20},{"not_picked":["Shrug It Off","Entrench","Metallicize"],"picked":"SKIP","floor":21}],"player_experience":1046522,"relics_obtained":[{"floor":7,"key":"Vajra"},{"floor":9,"key":"Kunai"},{"floor":14,"key":"Calipers"}],"event_choices":[{"damage_healed":0,"gold_gain":0,"player_choice":"Ignored","damage_taken":0,"max_hp_gain":0,"max_hp_loss":0,"event_name":"Liars Game","floor":2,"gold_loss":0},{"cards_removed":["Strike_R"],"damage_healed":0,"gold_gain":0,"player_choice":"Card Removal","damage_taken":0,"max_hp_gain":0,"max_hp_loss":0,"event_name":"The Cleric","floor":3,"gold_loss":75},{"cards_removed":["Strike_R"],"damage_healed":0,"gold_gain":0,"player_choice":"Gave Gold","damage_taken":0,"max_hp_gain":0,"max_hp_loss":0,"event_name":"Beggar","floor":22,"gold_loss":75}],"is_beta":false,"boss_relics":[{"not_picked":["Astrolabe","Runic Cube"],"picked":"Runic Dome"}],"items_purged_floors":[],"is_endless":false,"potions_floor_spawned":[1,4,5,18,20,21],"killed_by":"Slavers","ascension_level":20}}