{"host":"77zln4ypx3njw523","time":1612830131,"event":{"mods":["AchievementEnabler","BaseMod","Better Altar","Better Match","Better Note","Better Sensory Stone","Better Skull","Better Third Choice","Colored Powertips","Highlight Path","Minty Spire (QoL Compilation)","StSLib"],"gold_per_floor":[115,128,128,78,3,30,30,47,47,75,88,88,108,128,128,232,232,247,247,261,274,274,274],"floor_reached":22,"language":"ENG","playtime":661,"items_purged":["Strike_B"],"score":245,"play_id":"3064acb0-b990-4fa2-a989-425449f85d2e","local_time":"20210208212211","is_ascension_mode":true,"campfire_choices":[{"data":"Static Discharge","floor":7,"key":"SMITH"},{"floor":12,"key":"REST"},{"floor":15,"key":"REST"}],"circlet_count":0,"master_deck":["Strike_B","Strike_B","Strike_B","Defend_B","Defend_B","Defend_B","Defend_B","Zap","Dualcast","Static Discharge+1","Storm","Hologram","Storm","Sweeping Beam","Heatsinks","Sweeping Beam","Machine Learning","Gash+1","Pain","Gash","Hologram+1"],"relics":["Cracked Core","NeowsBlessing","WingedGreaves","The Courier","Bottled Tornado","Mummified Hand","Inserter","WarpedTongs"],"acts_visited":["Exordium","TheCity"],"potions_floor_usage":[11,14,16,21],"damage_taken":[{"damage":0,"enemies":"Cultist","floor":1,"turns":1},{"damage":0,"enemies":"2 Louse","floor":2,"turns":1},{"damage":0,"enemies":"Gremlin Nob","floor":6,"turns":1},{"damage":7,"enemies":"Jaw Worm","floor":8,"turns":3},{"damage":45,"enemies":"Lagavulin","floor":10,"turns":6},{"damage":9,"enemies":"Exordium Thugs","floor":11,"turns":3},{"damage":8,"enemies":"Exordium Wildlife","floor":13,"turns":3},{"damage":0,"enemies":"Lots of Slimes","floor":14,"turns":1},{"damage":24,"enemies":"The Guardian","floor":16,"turns":9},{"damage":1,"enemies":"Spheric Guardian","floor":18,"turns":3},{"damage":41,"enemies":"Shell Parasite","floor":20,"turns":3},{"damage":21,"enemies":"Shelled Parasite and Fungi","floor":21,"turns":3},{"damage":12,"enemies":"Snake Plant","floor":22,"turns":2}],"seed_played":"-6634702289004158107","potions_obtained":[{"floor":8,"key":"Energy Potion"},{"floor":10,"key":"Weak Potion"},{"floor":13,"key":"SkillPotion"},{"floor":16,"key":"Weak Potion"}],"is_trial":false,"path_per_floor":["M","M","?","?","$","E","R","M","T","E","M","R","M","M","R","B",null,"M","?","M","M","M"],"character_chosen":"DEFECT","items_purchased":[],"campfire_rested":2,"item_purchase_floors":[],"current_hp_per_floor":[75,75,75,75,75,75,75,68,68,23,14,36,28,28,50,26,75,74,74,33,12,0,0],"gold":274,"neow_bonus":"THREE_ENEMY_KILL","is_daily":false,"chose_seed":false,"campfire_upgraded":1,"win_rate":0.0,"timestamp":1612830131,"path_taken":["M","?","?","?","$","E","R","M","T","E","M","R","M","?","R","BOSS","M","?","M","?","M"],"items_purchased_type":[],"build_version":"2020-12-22","purchased_purges":1,"victory":false,"max_hp_per_floor":[75,75,75,75,75,75,75,75,75,75,75,75,75,75,75,75,75,75,75,75,75,75,75],"card_choices":[{"not_picked":["Stack","BootSequence"],"picked":"Static Discharge","floor":1},{"not_picked":["Reinforced Body","Blizzard"],"picked":"Storm","floor":2},{"not_picked":["Stack","Barrage","Tempest"],"picked":"SKIP","floor":6},{"not_picked":["Streamline","Redo"],"picked":"Hologram","floor":8},{"not_picked":["Undo","White Noise"],"picked":"Storm","floor":10},{"not_picked":["Fusion","Barrage"],"picked":"Sweeping Beam","floor":11},{"not_picked":["Chaos","Cold Snap"],"picked":"Heatsinks","floor":13},{"not_picked":["Recycle","Beam Cell"],"picked":"Sweeping Beam","floor":14},{"not_picked":["Thunder Strike","Reboot"],"picked":"Machine Learning","floor":16},{"not_picked":["Go for the Eyes+1","Streamline"],"picked":"Gash+1","floor":18},{"not_picked":["Stack","Redo"],"picked":"Gash","floor":20},{"not_picked":["Steam","Redo+1"],"picked":"Hologram+1","floor":21}],"player_experience":157900,"relics_obtained":[{"floor":6,"key":"The Courier"},{"floor":9,"key":"Bottled Tornado"},{"floor":10,"key":"Mummified Hand"}],"event_choices":[{"damage_healed":0,"gold_gain":0,"player_choice":"Box","damage_taken":0,"relics_obtained":["WingedGreaves"],"max_hp_gain":0,"max_hp_loss":0,"event_name":"Big Fish","floor":3,"gold_loss":0,"cards_obtained":["Regret"]},{"cards_removed":["Regret"],"damage_healed":0,"gold_gain":0,"player_choice":"Card Removal","damage_taken":0,"max_hp_gain":0,"max_hp_loss":0,"event_name":"The Cleric","floor":4,"gold_loss":50},{"damage_healed":0,"gold_gain":0,"player_choice":"Rummage","damage_taken":0,"relics_obtained":["WarpedTongs"],"max_hp_gain":0,"max_hp_loss":0,"event_name":"Accursed Blacksmith","floor":19,"gold_loss":0,"cards_obtained":["Pain"]}],"is_beta":false,"boss_relics":[{"not_picked":["Nuclear Battery","SlaversCollar"],"picked":"Inserter"}],"items_purged_floors":[5],"is_endless":false,"potions_floor_spawned":[8,10,13,16],"killed_by":"Snake Plant","ascension_level":2}}