{"host":"uv5ws9rdk87e8i5k","time":1612829656,"event":{"mods":["AchievementEnabler","BaseMod","Colored Map","Minty Spire (QoL Compilation)","Permanent Neow","Quick Restart","StSLib","SuperFastMode","The Necromancer"],"gold_per_floor":[111,128,139,149,160,187,187,216,216,233,259,269,234,269,269,373,373,392,407,407,426,503,503,503],"floor_reached":23,"language":"ENG","playtime":16284,"items_purged":[],"score":426,"play_id":"78fd20ab-7988-4ed0-94e7-a9bd6d9e891c","local_time":"20210208181416","is_ascension_mode":true,"campfire_choices":[{"data":"Corpse Explosion","floor":7.0,"key":"SMITH"},{"data":"Crippling Poison","floor":15.0,"key":"SMITH"}],"circlet_count":0,"master_deck":["AscendersBane","Strike_G","Strike_G","Strike_G","Strike_G","Strike_G","Defend_G","Defend_G","Defend_G","Defend_G","Defend_G","Survivor","Neutralize","Backflip","Quick Slash","Dagger Throw","PiercingWail","Underhanded Strike","Corpse Explosion+1","Crippling Poison+1","Poisoned Stab","Acrobatics","Dash","Corpse Explosion+1","PiercingWail+1"],"relics":["Ring of the Snake","FossilizedHelix","Pen Nib","Tiny Chest","Question Card","Ornamental Fan","Eternal Feather","Black Star","Pear"],"acts_visited":["Exordium","TheCity"],"potions_floor_usage":[21,23],"damage_taken":[{"damage":0.0,"enemies":"2 Louse","floor":1.0,"turns":3.0},{"damage":0.0,"enemies":"Cultist","floor":2.0,"turns":6.0},{"damage":0.0,"enemies":"Jaw Worm","floor":3.0,"turns":5.0},{"damage":2.0,"enemies":"3 Louse","floor":4.0,"turns":4.0},{"damage":0.0,"enemies":"Exordium Thugs","floor":5.0,"turns":4.0},{"damage":12.0,"enemies":"3 Sentries","floor":6.0,"turns":7.0},{"damage":0.0,"enemies":"Gremlin Nob","floor":8.0,"turns":4.0},{"damage":0.0,"enemies":"Large Slime","floor":10.0,"turns":5.0},{"damage":0.0,"enemies":"Lagavulin","floor":11.0,"turns":7.0},{"damage":0.0,"enemies":"3 Louse","floor":12.0,"turns":1.0},{"damage":13.0,"enemies":"3 Sentries","floor":14.0,"turns":5.0},{"damage":5,"enemies":"The Guardian","floor":16,"turns":11},{"damage":15,"enemies":"3 Byrds","floor":18,"turns":3},{"damage":0,"enemies":"2 Thieves","floor":19,"turns":3},{"damage":20,"enemies":"Snake Plant","floor":21,"turns":3},{"damage":26,"enemies":"Book of Stabbing","floor":23,"turns":6}],"seed_played":"-8331113047791838344","potions_obtained":[{"floor":3.0,"key":"CunningPotion"},{"floor":4.0,"key":"BlessingOfTheForge"},{"floor":5.0,"key":"EssenceOfSteel"},{"floor":6.0,"key":"Dexterity Potion"},{"floor":14.0,"key":"Dexterity Potion"},{"floor":19,"key":"ColorlessPotion"}],"is_trial":false,"path_per_floor":["M","M","M","M","M","E","R","E","T","M","E","M","?","E","R","B",null,"M","M","?","M","T","E"],"character_chosen":"THE_SILENT","items_purchased":[],"campfire_rested":0,"item_purchase_floors":[],"current_hp_per_floor":[45,45,45,43,43,31,31,31,31,31,31,31,48,35,47,42,63,48,48,48,28,38,12,12],"gold":503,"neow_bonus":"ONE_RARE_RELIC","is_daily":false,"chose_seed":false,"campfire_upgraded":2,"win_rate":0.0,"timestamp":1612829656,"path_taken":["M","M","M","M","M","E","R","E","T","M","E","M","?","E","R","BOSS","M","M","?","?","?","E"],"items_purchased_type":[],"build_version":"2020-12-22","purchased_purges":0,"victory":false,"max_hp_per_floor":[70,70,70,70,70,70,70,70,70,70,70,70,70,70,70,70,70,70,70,70,70,80,80,80],"card_choices":[{"not_picked":["Accuracy","All Out Attack"],"picked":"Backflip","floor":1.0},{"not_picked":["Escape Plan","Bane"],"picked":"Quick Slash","floor":2.0},{"not_picked":["Quick Slash","Dodge and Roll"],"picked":"Dagger Throw","floor":3.0},{"not_picked":["Tools of the Trade","Well Laid Plans"],"picked":"PiercingWail","floor":4.0},{"not_picked":["Outmaneuver","Bane"],"picked":"Underhanded Strike","floor":5.0},{"not_picked":["Cloak And Dagger","Crippling Poison"],"picked":"Corpse Explosion","floor":6.0},{"not_picked":["Bane","Blade Dance"],"picked":"Crippling Poison","floor":8.0},{"not_picked":["Caltrops","Blade Dance","Flying Knee","Dagger Spray"],"picked":"SKIP","floor":10.0},{"not_picked":["Finisher","Sucker Punch","Deflect"],"picked":"Poisoned Stab","floor":11.0},{"not_picked":["All Out Attack","Choke","Sucker Punch"],"picked":"Acrobatics","floor":12.0},{"not_picked":["Phantasmal Killer","PiercingWail","Acrobatics"],"picked":"Dash","floor":14.0},{"not_picked":["Doppelganger","Grand Finale","Malaise"],"picked":"Corpse Explosion","floor":16},{"not_picked":["Dodge and Roll","Dagger Spray","Bane+1","Underhanded Strike"],"picked":"SKIP","floor":18},{"not_picked":["Eviscerate","Blade Dance","Dagger Throw+1","Flying Knee"],"picked":"SKIP","floor":19},{"not_picked":["Escape Plan","Outmaneuver","Backstab"],"picked":"PiercingWail+1","floor":21}],"player_experience":255644,"relics_obtained":[{"floor":6.0,"key":"Pen Nib"},{"floor":8.0,"key":"Tiny Chest"},{"floor":9.0,"key":"Question Card"},{"floor":11.0,"key":"Ornamental Fan"},{"floor":14.0,"key":"Eternal Feather"},{"floor":22,"key":"Pear"}],"event_choices":[{"damage_healed":17.0,"max_hp_gain":0.0,"max_hp_loss":0.0,"gold_gain":0.0,"event_name":"The Cleric","player_choice":"Healed","floor":13.0,"gold_loss":35.0,"damage_taken":0.0},{"damage_healed":0,"gold_gain":0,"player_choice":"Upgraded","damage_taken":0,"max_hp_gain":0,"max_hp_loss":0,"event_name":"Upgrade Shrine","floor":20,"gold_loss":0,"cards_upgraded":["Corpse Explosion"]}],"is_beta":false,"boss_relics":[{"not_picked":["Coffee Dripper","WristBlade"],"picked":"Black Star"}],"items_purged_floors":[],"is_endless":false,"potions_floor_spawned":[3,4,5,6,14,19],"killed_by":"Book of Stabbing","ascension_level":11}}