{"host":"13ii7kifcsv20hya","time":1612854200,"event":{"mods":["BaseMod","Downfall","Hermit","Minty Spire (QoL Compilation)","Replay The Spire","StSLib","The Cursed"],"gold_per_floor":[109,54,72,247,328,361,361,361,361,413,422,447,466,500,500,500,500],"floor_reached":16,"language":"ENG","playtime":941,"items_purged":[],"score":125,"play_id":"927cad64-03ab-470c-b8d4-7a9f20abfdcb","local_time":"20210209080320","is_ascension_mode":false,"campfire_choices":[{"data":"hermit:FullyLoaded","floor":7,"key":"SMITH"},{"data":"hermit:Showdown","floor":15,"key":"SMITH"}],"circlet_count":0,"master_deck":["hermit:Strike_Hermit","hermit:Strike_Hermit","hermit:Strike_Hermit","hermit:Strike_Hermit","hermit:Defend_Hermit","hermit:Defend_Hermit","hermit:Defend_Hermit","hermit:Defend_Hermit","hermit:Snapshot","hermit:Covet","hermit:Gestalt","hermit:Cheat+1","hermit:FullyLoaded+1","Doubt","hermit:Snipe","Delirium","hermit:Showdown+1"],"relics":["hermit:Momento","NeowsBlessing","Centennial Puzzle","Replay:Bottled Flurry","Golden Idol","CaptainsWheel","CeramicFish"],"acts_visited":["Exordium"],"potions_floor_usage":[16,16],"damage_taken":[{"damage":0,"enemies":"2 Louse","floor":1,"turns":1},{"damage":0,"enemies":"Small Slimes","floor":3,"turns":1},{"damage":0,"enemies":"3 Sentries","floor":6,"turns":1},{"damage":1,"enemies":"Jaw Worm","floor":12,"turns":6},{"damage":11,"enemies":"Looter","floor":13,"turns":3},{"damage":8,"enemies":"3 Louse","floor":14,"turns":5},{"damage":45,"enemies":"Slime Boss","floor":16,"turns":9}],"seed_played":"4690002460208480022","potions_obtained":[{"floor":3,"key":"SpeedPotion"},{"floor":5,"key":"Adrenaline Potion"},{"floor":5,"key":"hermit:Tonic"},{"floor":14,"key":"Elixir"}],"is_trial":false,"path_per_floor":["M","$","M","?","?","E","R","?","T","T","?","M","M","M","R","B"],"character_chosen":"HERMIT","items_purchased":["hermit:Cheat+1"],"campfire_rested":0,"item_purchase_floors":[2],"current_hp_per_floor":[75,75,75,75,75,75,75,57,57,57,57,56,45,37,37,0,0],"gold":500,"neow_bonus":"THREE_ENEMY_KILL","is_daily":false,"chose_seed":false,"campfire_upgraded":2,"win_rate":0.0,"timestamp":1612854200,"path_taken":["M","$","M","?","?","E","R","?","T","?","?","?","M","M","R","BOSS"],"items_purchased_type":["Card"],"build_version":"2020-12-22","purchased_purges":0,"victory":false,"max_hp_per_floor":[75,75,75,75,75,75,75,75,75,75,75,75,75,75,75,75,75],"card_choices":[{"not_picked":["hermit:Vantage","hermit:Desperado"],"picked":"hermit:Gestalt","floor":1},{"not_picked":["hermit:Glare","hermit:WideOpen"],"picked":"hermit:FullyLoaded","floor":3},{"not_picked":["hermit:HighCaliber","hermit:EyeOfTheStorm"],"picked":"hermit:Snipe","floor":5},{"not_picked":["hermit:Horror","hermit:ShadowCloak","hermit:WideOpen"],"picked":"SKIP","floor":6},{"not_picked":["hermit:Manifest","hermit:WideOpen","hermit:TakeCover"],"picked":"SKIP","floor":12},{"not_picked":["hermit:LoneWolf","hermit:TakeCover","hermit:Spite"],"picked":"SKIP","floor":13},{"not_picked":["hermit:Headshot","hermit:FullyLoaded"],"picked":"hermit:Showdown","floor":14}],"player_experience":145630,"relics_obtained":[{"floor":5,"key":"Centennial Puzzle"},{"floor":6,"key":"Replay:Bottled Flurry"},{"floor":9,"key":"CaptainsWheel"},{"floor":10,"key":"CeramicFish"}],"event_choices":[{"damage_healed":0,"gold_gain":175,"player_choice":"AGREE","damage_taken":0,"max_hp_gain":0,"max_hp_loss":0,"event_name":"Liars Game","floor":4,"gold_loss":0,"cards_obtained":["Doubt"]},{"damage_healed":0,"gold_gain":0,"player_choice":"Take Damage","damage_taken":18,"relics_obtained":["Golden Idol"],"max_hp_gain":0,"max_hp_loss":0,"event_name":"Golden Idol","floor":8,"gold_loss":0}],"is_beta":false,"boss_relics":[],"items_purged_floors":[],"is_endless":false,"potions_floor_spawned":[3,14],"killed_by":"Slime Boss","ascension_level":0}}