{"host":"rmt60uil2jppa14k","time":1612880625,"event":{"mods":["AchievementEnabler","BaseMod","Better Third Choice","Colored Powertips","Highlight Path","Minty Spire (QoL Compilation)","Quick Restart","Rare Cards Sparkle","Shop Mod","StSLib"],"gold_per_floor":[110,123,143,91,91,91,110,110,133,133,133,197,116,116,116,211,211,222,222,222],"floor_reached":19,"language":"ENG","playtime":794,"items_purged":[],"score":155,"play_id":"e717a2e0-54cd-411e-8a2f-4cdc8a071894","local_time":"20210209142345","is_ascension_mode":false,"campfire_choices":[{"floor":6,"key":"REST"},{"data":"EmptyBody","floor":8,"key":"SMITH"},{"data":"FollowUp","floor":11,"key":"SMITH"},{"floor":15,"key":"REST"}],"circlet_count":0,"master_deck":["Strike_P","Strike_P","Strike_P","Strike_P","Defend_P","Defend_P","Defend_P","Defend_P","Eruption+1","Vigilance","EmptyBody+1","ReachHeaven","Halt","FollowUp+1","FlyingSleeves","Prostrate+1","Brilliance","Alpha","CurseOfTheBell","EmptyFist"],"relics":["PureWater","Toy Ornithopter","Ornamental Fan","Bag of Preparation","Calling Bell","Blood Vial","Pear","Lizard Tail"],"acts_visited":["Exordium","TheCity"],"potions_floor_usage":[12,16],"damage_taken":[{"damage":0,"enemies":"2 Louse","floor":1,"turns":2},{"damage":5,"enemies":"Cultist","floor":2,"turns":4},{"damage":9,"enemies":"Small Slimes","floor":3,"turns":4},{"damage":2,"enemies":"Blue Slaver","floor":7,"turns":3},{"damage":14,"enemies":"Lagavulin Event","floor":12,"turns":4},{"damage":55,"enemies":"Slime Boss","floor":16,"turns":13},{"damage":39,"enemies":"Spheric Guardian","floor":18,"turns":6}],"seed_played":"-2904417139016236176","potions_obtained":[{"floor":5,"key":"FairyPotion"},{"floor":5,"key":"FearPotion"},{"floor":5,"key":"BottledMiracle"},{"floor":12,"key":"Weak Potion"},{"floor":18,"key":"PowerPotion"}],"is_trial":false,"path_per_floor":["M","M","M","$","?","R","M","R","T","T","R","?","$","?","R","B",null,"M","?"],"character_chosen":"WATCHER","items_purchased":["FollowUp","Brilliance"],"campfire_rested":2,"item_purchase_floors":[4,13],"current_hp_per_floor":[72,67,58,58,58,72,70,70,70,70,70,58,58,58,72,17,82,43,43,43],"gold":222,"neow_bonus":"UPGRADE_CARD","is_daily":false,"chose_seed":false,"campfire_upgraded":2,"win_rate":0.0,"timestamp":1612880625,"path_taken":["M","M","M","$","?","R","?","R","T","?","R","?","?","?","R","BOSS","M","?"],"items_purchased_type":["Card","Card"],"build_version":"2020-12-22","purchased_purges":0,"victory":false,"max_hp_per_floor":[72,72,72,72,72,72,72,72,72,72,72,72,72,72,72,72,82,82,82,82],"card_choices":[{"not_picked":["Prostrate","FearNoEvil"],"picked":"EmptyBody","floor":1},{"not_picked":["Protect","ClearTheMind"],"picked":"ReachHeaven","floor":2},{"not_picked":["CutThroughFate","ThirdEye"],"picked":"Halt","floor":3},{"not_picked":["Perseverance","CutThroughFate"],"picked":"FlyingSleeves","floor":7},{"not_picked":["ThirdEye","Halt"],"picked":"Prostrate","floor":12},{"not_picked":["Judgement","DevaForm"],"picked":"Alpha","floor":16},{"not_picked":["Perseverance","Weave+1"],"picked":"EmptyFist","floor":18}],"player_experience":149475,"relics_obtained":[{"floor":9,"key":"Toy Ornithopter"},{"floor":10,"key":"Ornamental Fan"},{"floor":12,"key":"Bag of Preparation"},{"floor":17,"key":"Blood Vial"},{"floor":17,"key":"Pear"},{"floor":17,"key":"Lizard Tail"}],"event_choices":[{"damage_healed":0,"gold_gain":0,"player_choice":"Got Potions","damage_taken":0,"max_hp_gain":0,"max_hp_loss":0,"event_name":"Lab","floor":5,"gold_loss":0},{"damage_healed":0,"gold_gain":0,"player_choice":"Searched \u00271\u0027 times","damage_taken":0,"max_hp_gain":0,"max_hp_loss":0,"event_name":"Dead Adventurer","floor":12,"gold_loss":0},{"damage_healed":0,"gold_gain":0,"player_choice":"Upgraded","damage_taken":0,"max_hp_gain":0,"max_hp_loss":0,"event_name":"Upgrade Shrine","floor":14,"gold_loss":0,"cards_upgraded":["Prostrate"]}],"is_beta":false,"boss_relics":[{"not_picked":["Runic Dome","Sozu"],"picked":"Calling Bell"}],"items_purged_floors":[],"is_endless":false,"potions_floor_spawned":[7,12,18],"ascension_level":0}}