{"host":"swn8ychr123rw3gf","time":1612849687,"event":{"mods":["BaseMod","Minty Spire (QoL Compilation)","StSLib"],"gold_per_floor":[109,184,184,24,41,41,55,55,107,132,132,132,148,182,182,257,257,268,285,299,155,166,166,195,195,245,289,305,305,305,322,322,408,408,434,448,464,29,58,58,93,121,421,421,451,187,187,202,202,202,202,202],"floor_reached":51,"language":"ZHS","playtime":2211,"items_purged":["Strike_P","Strike_P","Defend_P","Strike_P+1"],"score":1589,"play_id":"376d1a18-1485-4757-b262-d08d6f80e7c8","local_time":"20210209134807","is_ascension_mode":true,"campfire_choices":[{"data":"Tantrum","floor":6.0,"key":"SMITH"},{"data":"Eruption","floor":8.0,"key":"SMITH"},{"floor":11.0,"key":"REST"},{"data":"Fasting2","floor":15.0,"key":"SMITH"},{"floor":23.0,"key":"REST"},{"floor":25.0,"key":"REST"},{"floor":29.0,"key":"REST"},{"floor":32.0,"key":"REST"},{"floor":40.0,"key":"REST"},{"floor":44.0,"key":"REST"},{"floor":47.0,"key":"RECALL"},{"floor":49.0,"key":"REST"}],"circlet_count":0,"master_deck":["AscendersBane","Strike_P+1","Defend_P+1","Defend_P+1","Eruption+1","Vigilance+1","Consecrate+1","Tantrum+1","Fasting2+1","FlurryOfBlows+1","WreathOfFlame+1","EmptyFist","LessonLearned","Halt","Collect","EmptyBody+1","MentalFortress+1","EmptyMind+1","DeusExMachina","EmptyMind+1","Ragnarok+1","CutThroughFate","Scrawl","JustLucky+1","SpiritShield"],"relics":["PureWater","Matryoshka","Lantern","Centennial Puzzle","White Beast Statue","Ornamental Fan","Fusion Hammer","Vajra","Bronze Scales","Smiling Mask","CeramicFish","Busted Crown","Membership Card","Question Card","Eternal Feather","Old Coin","Gremlin Horn","Anchor","Pantograph"],"acts_visited":["Exordium","TheCity","TheBeyond"],"potions_floor_usage":[],"damage_taken":[{"damage":0.0,"enemies":"2 Louse","floor":1.0,"turns":2.0},{"damage":0.0,"enemies":"Jaw Worm","floor":5.0,"turns":1.0},{"damage":0.0,"enemies":"Cultist","floor":7.0,"turns":2.0},{"damage":14.0,"enemies":"Gremlin Nob","floor":10.0,"turns":3.0},{"damage":0.0,"enemies":"Gremlin Gang","floor":13.0,"turns":3.0},{"damage":0.0,"enemies":"3 Sentries","floor":14.0,"turns":3.0},{"damage":0.0,"enemies":"Hexaghost","floor":16.0,"turns":4.0},{"damage":0.0,"enemies":"Spheric Guardian","floor":18.0,"turns":2.0},{"damage":0.0,"enemies":"3 Byrds","floor":19.0,"turns":3.0},{"damage":4.0,"enemies":"Snake Plant","floor":20.0,"turns":3.0},{"damage":34.0,"enemies":"Snecko","floor":22.0,"turns":7.0},{"damage":21.0,"enemies":"Book of Stabbing","floor":24.0,"turns":3.0},{"damage":17.0,"enemies":"Gremlin Leader","floor":27.0,"turns":3.0},{"damage":4.0,"enemies":"3 Cultists","floor":28.0,"turns":3.0},{"damage":11.0,"enemies":"Centurion and Healer","floor":31.0,"turns":3.0},{"damage":14.0,"enemies":"Champ","floor":33.0,"turns":6.0},{"damage":0.0,"enemies":"Orb Walker","floor":35.0,"turns":1.0},{"damage":2.0,"enemies":"3 Darklings","floor":36.0,"turns":3.0},{"damage":5.0,"enemies":"Writhing Mass","floor":37.0,"turns":6.0},{"damage":0.0,"enemies":"Jaw Worm Horde","floor":39.0,"turns":1.0},{"damage":9.0,"enemies":"Nemesis","floor":41.0,"turns":3.0},{"damage":0.0,"enemies":"Maw","floor":42.0,"turns":2.0},{"damage":9.0,"enemies":"Giant Head","floor":45.0,"turns":5.0},{"damage":0.0,"enemies":"Spire Growth","floor":48.0,"turns":3.0},{"damage":67.0,"enemies":"Donu and Deca","floor":50.0,"turns":5.0},{"damage":39,"enemies":"Time Eater","floor":51,"turns":5}],"seed_played":"6238258109314490183","potions_obtained":[{"floor":1.0,"key":"DuplicationPotion"},{"floor":7.0,"key":"LiquidMemories"},{"floor":10.0,"key":"Energy Potion"},{"floor":16.0,"key":"Energy Potion"},{"floor":18.0,"key":"Weak Potion"},{"floor":20.0,"key":"Weak Potion"},{"floor":22.0,"key":"Swift Potion"},{"floor":24.0,"key":"Energy Potion"},{"floor":31.0,"key":"Swift Potion"},{"floor":33.0,"key":"SpeedPotion"},{"floor":39.0,"key":"Fruit Juice"},{"floor":41.0,"key":"GamblersBrew"},{"floor":42.0,"key":"BottledMiracle"},{"floor":45.0,"key":"Strength Potion"},{"floor":48.0,"key":"PowerPotion"}],"is_trial":false,"path_per_floor":["M","?","?","$","M","R","M","R","T","E","R","?","M","E","R","B",null,"M","M","M","$","M","R","E","R","T","E","M","R","?","M","R","B",null,"M","M","M","$","M","R","E","M","T","R","E","$","R","M","R","B","B"],"character_chosen":"WATCHER","items_purchased":["Tantrum","MentalFortress","Membership Card","Question Card","Scrawl","Anchor","Pantograph"],"campfire_rested":8,"item_purchase_floors":[4,21,38,38,38,46,46],"current_hp_per_floor":[61,50,32,32,32,32,32,32,32,18,38,18,18,18,18,18,56,56,56,52,52,18,38,17,37,37,20,16,36,50,39,59,45,62,62,60,55,55,55,68,64,64,64,73,64,64,73,73,73,6,0,0],"gold":202,"neow_bonus":"REMOVE_CARD","is_daily":false,"chose_seed":false,"campfire_upgraded":3,"win_rate":0.0,"timestamp":1612849687,"path_taken":["M","?","?","?","M","R","M","R","T","E","R","?","?","E","R","BOSS","M","M","M","$","M","R","E","R","T","E","M","R","?","M","R","BOSS","M","M","M","$","M","R","E","M","T","R","E","$","R","M","R","BOSS","BOSS"],"items_purchased_type":["Card","Card","Relic","Relic","Card","Relic","Relic"],"build_version":"2020-12-22","purchased_purges":4,"victory":false,"max_hp_per_floor":[68,68,68,68,68,68,68,68,68,68,68,68,68,68,68,68,68,68,68,68,68,68,68,68,68,68,68,68,68,68,68,68,68,68,68,68,68,68,68,68,73,73,73,73,73,73,73,73,73,73,73,73],"card_choices":[{"not_picked":["WreathOfFlame","Weave"],"picked":"Consecrate","floor":1.0},{"not_picked":["Consecrate","CutThroughFate"],"picked":"Fasting2","floor":5.0},{"not_picked":["Perseverance","PathToVictory","Fasting2"],"picked":"SKIP","floor":7.0},{"not_picked":["LikeWater","FearNoEvil"],"picked":"FlurryOfBlows","floor":10.0},{"not_picked":["CarveReality","Consecrate"],"picked":"WreathOfFlame","floor":13.0},{"not_picked":["Ragnarok","BowlingBash"],"picked":"EmptyFist","floor":14.0},{"not_picked":["Devotion","Vault"],"picked":"LessonLearned","floor":16.0},{"not_picked":["ForeignInfluence","Consecrate"],"picked":"Halt","floor":18.0},{"not_picked":["Tantrum","SignatureMove"],"picked":"Collect","floor":19.0},{"not_picked":["Worship","PathToVictory"],"picked":"EmptyBody","floor":20.0},{"not_picked":["Crescendo","CutThroughFate"],"picked":"EmptyMind+1","floor":22.0},{"not_picked":["WindmillStrike","CutThroughFate"],"picked":"DeusExMachina","floor":24.0},{"not_picked":["JustLucky","Pray+1"],"picked":"EmptyMind","floor":27.0},{"not_picked":["Prostrate","ClearTheMind","FlyingSleeves"],"picked":"SKIP","floor":28.0},{"not_picked":["Worship","SandsOfTime","FollowUp"],"picked":"SKIP","floor":31.0},{"not_picked":["Brilliance","Wish"],"picked":"Ragnarok","floor":33.0},{"not_picked":[],"picked":"CutThroughFate","floor":35.0},{"not_picked":["EmptyFist"],"picked":"SKIP","floor":36.0},{"not_picked":["JustLucky"],"picked":"SKIP","floor":37.0},{"not_picked":["CrushJoints"],"picked":"JustLucky+1","floor":39.0},{"not_picked":["JustLucky+1","CrushJoints"],"picked":"SKIP","floor":41.0},{"not_picked":["FearNoEvil"],"picked":"SpiritShield","floor":42.0},{"not_picked":["EmptyMind+1","Collect"],"picked":"SKIP","floor":45.0},{"not_picked":["Swivel+1","Consecrate+1"],"picked":"SKIP","floor":48.0}],"player_experience":437624,"relics_obtained":[{"floor":9.0,"key":"Lantern"},{"floor":9.0,"key":"Centennial Puzzle"},{"floor":10.0,"key":"White Beast Statue"},{"floor":14.0,"key":"Ornamental Fan"},{"floor":24.0,"key":"Vajra"},{"floor":26.0,"key":"Bronze Scales"},{"floor":26.0,"key":"Smiling Mask"},{"floor":27.0,"key":"CeramicFish"},{"floor":41.0,"key":"Eternal Feather"},{"floor":43.0,"key":"Old Coin"},{"floor":45.0,"key":"Gremlin Horn"}],"event_choices":[{"damage_healed":0.0,"max_hp_gain":0.0,"max_hp_loss":0.0,"gold_gain":75.0,"event_name":"World of Goop","player_choice":"Gather Gold","floor":2.0,"gold_loss":0.0,"damage_taken":11.0},{"damage_healed":0.0,"max_hp_gain":0.0,"max_hp_loss":0.0,"gold_gain":0.0,"event_name":"Scrap Ooze","player_choice":"Success","floor":3.0,"gold_loss":0.0,"damage_taken":18.0,"relics_obtained":["Matryoshka"]},{"damage_healed":0.0,"max_hp_gain":0.0,"max_hp_loss":0.0,"gold_gain":0.0,"event_name":"Shining Light","player_choice":"Entered Light","floor":12.0,"gold_loss":0.0,"damage_taken":20.0,"cards_upgraded":["Defend_P","Strike_P"]},{"damage_healed":14.0,"max_hp_gain":0.0,"max_hp_loss":0.0,"gold_gain":0.0,"event_name":"The Library","player_choice":"Heal","floor":30.0,"gold_loss":0.0,"damage_taken":0.0}],"is_beta":false,"boss_relics":[{"not_picked":["Runic Pyramid","Sozu"],"picked":"Fusion Hammer"},{"not_picked":["Snecko Eye","Velvet Choker"],"picked":"Busted Crown"}],"items_purged_floors":[4,21,38,46],"is_endless":false,"potions_floor_spawned":[1,7,10,13,14,16,18,19,20,22,24,27,28,31,33,35,36,37,39,41,42,45,48],"killed_by":"Time Eater","ascension_level":20}}