{"host":"4udtejx3ummmwg8f","time":1612858935,"event":{"mods":["BaseMod","Minty Spire (QoL Compilation)"],"gold_per_floor":[118,136,136,155,11,54,54,77,77,77,112,191,191,205,205,324,324,344,269,303,328,349,393,409,409,409,423,464,478,522,543,543,671,671,694,714,80,104,125,125,169,169,195,528,561,561,28,47,47,47],"floor_reached":51,"language":"ENG","playtime":5463,"items_purged":["Strike_B","Defend_B"],"score":944,"play_id":"6ec140b2-6c76-432c-92c4-49c187edc843","local_time":"20210209185215","daily_mods":["Heirloom"],"is_ascension_mode":true,"campfire_choices":[{"data":"Doom and Gloom","floor":7,"key":"SMITH"},{"floor":10,"key":"REST"},{"floor":13,"key":"REST"},{"data":"Sunder","floor":15,"key":"SMITH"},{"floor":25,"key":"REST"},{"floor":32,"key":"REST"},{"floor":40,"key":"REST"},{"data":"1","floor":42,"key":"LIFT"},{"data":"2","floor":46,"key":"LIFT"},{"data":"3","floor":49,"key":"LIFT"}],"circlet_count":0,"master_deck":["Strike_B","Strike_B","Strike_B","Defend_B","Defend_B","Defend_B","Zap","Dualcast","Doom and Gloom+1","Leap","Auto Shields","Streamline+1","Sunder+1","White Noise+1","Genetic Algorithm+1","Ball Lightning","Creative AI+1","Rebound+1","Creative AI+1","Coolheaded+1","Hologram+1","Darkness+1","Tempest+1","Sweeping Beam+1","Amplify+1","Melter+1","Stack+1","Redo+1","Core Surge","Leap+1","Lockon+1","Stack+1","Stack+1","Steam+1","Parasite","Ball Lightning+1","Force Field+1","Coolheaded+1","Rainbow+1","Pain","Loop+1","Capacitor+1","Capacitor+1","Enlightenment+1","Dark Shackles+1","Recycle+1"],"relics":["Cracked Core","Thread and Needle","Membership Card","Frozen Egg 2","Toxic Egg 2","The Courier","Bronze Scales","Nuclear Battery","Red Mask","Strawberry","Shuriken","Torii","Pocketwatch","Cursed Key","TungstenRod","OrangePellets","Pen Nib","Dream Catcher","Centennial Puzzle","FossilizedHelix","Blood Vial","Girya","DataDisk","StrikeDummy","Symbiotic Virus","Lee\u0027s Waffle","CeramicFish","Art of War","Whetstone","Potion Belt"],"acts_visited":["Exordium","TheCity","TheBeyond"],"potions_floor_usage":[6,16,20,22,24,29,33,38,50],"damage_taken":[{"damage":0,"enemies":"Small Slimes","floor":1,"turns":3},{"damage":9,"enemies":"2 Louse","floor":2,"turns":2},{"damage":0,"enemies":"Jaw Worm","floor":4,"turns":3},{"damage":4,"enemies":"Lagavulin","floor":6,"turns":5},{"damage":0,"enemies":"Exordium Thugs","floor":8,"turns":4},{"damage":8,"enemies":"Gremlin Nob","floor":11,"turns":4},{"damage":19,"enemies":"Gremlin Nob","floor":12,"turns":4},{"damage":0,"enemies":"Lots of Slimes","floor":14,"turns":1},{"damage":30,"enemies":"Hexaghost","floor":16,"turns":8},{"damage":2,"enemies":"3 Byrds","floor":18,"turns":3},{"damage":2,"enemies":"Masked Bandits","floor":20,"turns":3},{"damage":7,"enemies":"Chosen","floor":21,"turns":5},{"damage":11,"enemies":"Snake Plant","floor":22,"turns":4},{"damage":9,"enemies":"Gremlin Leader","floor":23,"turns":6},{"damage":8,"enemies":"Centurion and Healer","floor":24,"turns":6},{"damage":14,"enemies":"Shelled Parasite and Fungi","floor":27,"turns":5},{"damage":4,"enemies":"Book of Stabbing","floor":28,"turns":5},{"damage":1,"enemies":"Snake Plant","floor":29,"turns":4},{"damage":20,"enemies":"Gremlin Leader","floor":30,"turns":6},{"damage":21,"enemies":"3 Cultists","floor":31,"turns":5},{"damage":29,"enemies":"Collector","floor":33,"turns":9},{"damage":10,"enemies":"3 Shapes","floor":35,"turns":3},{"damage":9,"enemies":"3 Darklings","floor":36,"turns":3},{"damage":0,"enemies":"Writhing Mass","floor":38,"turns":5},{"damage":0,"enemies":"Sphere and 2 Shapes","floor":39,"turns":3},{"damage":0,"enemies":"Reptomancer","floor":41,"turns":6},{"damage":0,"enemies":"Giant Head","floor":45,"turns":10},{"damage":0,"enemies":"Spire Growth","floor":48,"turns":4},{"damage":34,"enemies":"Donu and Deca","floor":50,"turns":8}],"seed_played":"-6603915999266584638","potions_obtained":[{"floor":1,"key":"Energy Potion"},{"floor":2,"key":"FairyPotion"},{"floor":12,"key":"FearPotion"},{"floor":14,"key":"Fire Potion"},{"floor":16,"key":"PotionOfCapacity"},{"floor":20,"key":"Dexterity Potion"},{"floor":24,"key":"SpeedPotion"},{"floor":31,"key":"DuplicationPotion"},{"floor":33,"key":"Swift Potion"},{"floor":36,"key":"Ancient Potion"},{"floor":38,"key":"LiquidBronze"},{"floor":41,"key":"BlessingOfTheForge"}],"is_trial":true,"path_per_floor":["M","M","?","M","$","E","R","M","T","R","E","?","R","M","R","B",null,"M","?","?","M","M","E","M","R","T","M","E","M","E","M","R","B",null,"M","M","$","M","M","R","E","R","T","?","E","R","$","M","R","B",null],"character_chosen":"DEFECT","items_purchased":["Membership Card","TungstenRod","Stack+1","OrangePellets","Stack+1","Steam+1","Pen Nib","Dream Catcher","Centennial Puzzle","FossilizedHelix","Blood Vial","Capacitor+1","Symbiotic Virus","Lee\u0027s Waffle","CeramicFish","Art of War","Whetstone","Capacitor+1","Enlightenment+1","Dark Shackles+1","Potion Belt"],"campfire_rested":5,"item_purchase_floors":[5,37,37,37,37,37,37,37,37,37,37,47,47,47,47,47,47,47,47,47,47],"current_hp_per_floor":[75,66,66,66,66,62,62,62,62,75,67,48,70,70,70,40,75,73,73,71,64,53,51,43,67,67,53,49,48,28,7,31,2,82,72,63,63,65,67,82,82,82,82,82,82,82,89,89,89,55],"gold":47,"neow_bonus":"","is_daily":false,"chose_seed":false,"campfire_upgraded":2,"win_rate":0.0,"timestamp":1612858935,"path_taken":["M","M","?","M","$","E","R","M","T","R","E","?","R","M","R","BOSS","M","?","?","?","M","E","M","R","T","M","E","M","E","?","R","BOSS","M","M","$","M","M","R","E","R","T","?","E","R","$","M","R","BOSS"],"items_purchased_type":["Relic","Relic","Card","Relic","Card","Card","Relic","Relic","Relic","Relic","Relic","Card","Relic","Relic","Relic","Relic","Relic","Card","Card","Card","Relic"],"build_version":"2020-12-22","purchased_purges":2,"victory":true,"max_hp_per_floor":[75,75,75,75,75,75,75,75,75,75,75,75,75,75,75,75,75,75,75,75,75,75,82,82,82,82,82,82,82,82,82,82,82,82,82,82,82,82,82,82,82,82,82,82,82,82,89,89,89,89],"card_choices":[{"not_picked":["Conserve Battery","Coolheaded"],"picked":"Doom and Gloom","floor":1},{"not_picked":["Conserve Battery","Coolheaded"],"picked":"Leap","floor":2},{"not_picked":["Scrape","Steam"],"picked":"Auto Shields","floor":4},{"not_picked":["Hyperbeam","Force Field"],"picked":"Streamline","floor":6},{"not_picked":["Beam Cell","Ball Lightning"],"picked":"Sunder","floor":8},{"not_picked":["Beam Cell","Force Field+1"],"picked":"White Noise+1","floor":11},{"not_picked":["Tempest+1","Chill+1"],"picked":"Genetic Algorithm+1","floor":12},{"not_picked":["Go for the Eyes","Streamline"],"picked":"Ball Lightning","floor":14},{"not_picked":["Core Surge","Hyperbeam"],"picked":"Creative AI+1","floor":16},{"not_picked":["Gash","Barrage"],"picked":"Rebound+1","floor":18},{"not_picked":["Gash","Cold Snap"],"picked":"Creative AI+1","floor":20},{"not_picked":["Conserve Battery+1","Beam Cell"],"picked":"Coolheaded+1","floor":21},{"not_picked":["Doom and Gloom","Turbo+1"],"picked":"Hologram+1","floor":22},{"not_picked":["Streamline","Sweeping Beam+1"],"picked":"Darkness+1","floor":23},{"not_picked":["Turbo+1","Blizzard"],"picked":"Tempest+1","floor":24},{"not_picked":["Rebound+1","Tempest+1"],"picked":"Sweeping Beam+1","floor":27},{"not_picked":["Gash","Cold Snap+1"],"picked":"Amplify+1","floor":28},{"not_picked":["Cold Snap","Barrage"],"picked":"Melter","floor":29},{"not_picked":["Blizzard+1","Turbo+1"],"picked":"Stack+1","floor":30},{"not_picked":["FTL","Reprogram+1"],"picked":"Redo+1","floor":31},{"not_picked":["Creative AI+1","Hyperbeam"],"picked":"Core Surge","floor":33},{"not_picked":["Beam Cell+1","Redo+1"],"picked":"Leap+1","floor":35},{"not_picked":["BootSequence+1","Stack+1"],"picked":"Lockon+1","floor":36},{"not_picked":["Barrage+1","Compile Driver+1"],"picked":"Ball Lightning+1","floor":38},{"not_picked":["Static Discharge+1","Gash+1"],"picked":"Force Field+1","floor":39},{"not_picked":["Hologram+1","Ball Lightning"],"picked":"Coolheaded+1","floor":40},{"not_picked":["Undo+1","Chaos+1"],"picked":"Rainbow+1","floor":41},{"not_picked":["Rebound","Stack+1"],"picked":"Loop+1","floor":45},{"not_picked":["Stack+1","Coolheaded+1"],"picked":"Recycle+1","floor":48}],"player_experience":134865,"relics_obtained":[{"floor":6,"key":"Frozen Egg 2"},{"floor":9,"key":"Toxic Egg 2"},{"floor":11,"key":"The Courier"},{"floor":20,"key":"Red Mask"},{"floor":23,"key":"Strawberry"},{"floor":26,"key":"Shuriken"},{"floor":28,"key":"Torii"},{"floor":30,"key":"Pocketwatch"},{"floor":41,"key":"Girya"},{"floor":43,"key":"DataDisk"},{"floor":45,"key":"StrikeDummy"}],"event_choices":[{"damage_healed":0,"gold_gain":0,"player_choice":"Take Wound","damage_taken":0,"relics_obtained":["Golden Idol"],"max_hp_gain":0,"max_hp_loss":0,"event_name":"Golden Idol","floor":3,"gold_loss":0,"cards_obtained":["Injury"]},{"damage_healed":0,"gold_gain":0,"player_choice":"Searched \u00273\u0027 times","damage_taken":0,"relics_obtained":["Bronze Scales"],"max_hp_gain":0,"max_hp_loss":0,"event_name":"Dead Adventurer","floor":12,"gold_loss":0},{"cards_removed":["Injury"],"damage_healed":0,"gold_gain":0,"player_choice":"Gave Gold","damage_taken":0,"max_hp_gain":0,"max_hp_loss":0,"event_name":"Beggar","floor":19,"gold_loss":75},{"damage_healed":0,"gold_gain":0,"player_choice":"Fought Bandits","damage_taken":0,"max_hp_gain":0,"max_hp_loss":0,"event_name":"Masked Bandits","floor":20,"gold_loss":0},{"damage_healed":0,"gold_gain":333,"player_choice":"Gave Idol","damage_taken":0,"max_hp_gain":0,"max_hp_loss":0,"event_name":"The Moai Head","floor":44,"relics_lost":["Golden Idol"],"gold_loss":0}],"is_beta":false,"boss_relics":[{"not_picked":["Empty Cage","Sozu"],"picked":"Nuclear Battery"},{"not_picked":["Tiny House","Snecko Eye"],"picked":"Cursed Key"}],"items_purged_floors":[37,47],"is_endless":false,"potions_floor_spawned":[1,2,12,14,16,18,20,21,24,31,33,36,38,41],"ascension_level":1}}