{"host":"cc6r8m2qe4jvlwua","time":1612904049,"event":{"mods":["BaseMod","Hubris","Marisa????????","Minty Spire (QoL Compilation)","Replay The Spire","Spicy Shops","StSLib","The Cursed","The Marked","The Necromancer"],"gold_per_floor":[117,128,203,221,298,329,345,345,345,345,364,380,106,124,124,221,221,239,254,9,28,40,40,74,74,101,136,146,61,61,61],"floor_reached":30,"language":"ENG","playtime":1238,"items_purged":["Strike_R","Strike_R"],"score":338,"play_id":"b0b79a3d-2a5c-48f9-bc36-f4e8d3caa7a7","local_time":"20210209145409","is_ascension_mode":true,"campfire_choices":[{"data":"Bash","floor":8,"key":"SMITH"},{"data":"Twin Strike","floor":10,"key":"SMITH"},{"data":"True Grit","floor":15,"key":"SMITH"},{"data":"Replay:Many Hands","floor":23,"key":"SMITH"},{"data":"Bludgeon","floor":25,"key":"SMITH"}],"circlet_count":0,"master_deck":["Strike_R","Strike_R","Strike_R","Defend_R","Defend_R","Defend_R","Defend_R","Bash+1","Twin Strike+1","Headbutt","Bludgeon+1","Disarm","True Grit+1","Wild Strike","Replay:Many Hands+1","Defy Death","Fire Breathing+1","Pot Of Greed","Pot Of Greed","Pummel","Flame Barrier","Warcry"],"relics":["Burning Blood","NeowsBlessing","Replay:Ringing Soul","Replay:Kaleidoscope","Bronze Scales","Chemical X","Grinning Jar","Happy Flower","Bag of Marbles","PreservedInsect","Bag of Preparation"],"acts_visited":["Exordium","TheCity"],"potions_floor_usage":[6,24,24,27,28,30],"damage_taken":[{"damage":0,"enemies":"Cultist","floor":1,"turns":1},{"damage":0,"enemies":"2 Louse","floor":2,"turns":1},{"damage":0,"enemies":"Jaw Worm","floor":4,"turns":1},{"damage":9,"enemies":"Replay:BlueRogue","floor":6,"turns":7},{"damage":22,"enemies":"Lots of Slimes","floor":7,"turns":5},{"damage":8,"enemies":"Looter","floor":11,"turns":3},{"damage":11,"enemies":"2 Fungi Beasts","floor":12,"turns":3},{"damage":7,"enemies":"3 Louse","floor":14,"turns":3},{"damage":45,"enemies":"Slime Boss","floor":16,"turns":9},{"damage":10,"enemies":"Spheric Guardian","floor":18,"turns":3},{"damage":24,"enemies":"3 Byrds","floor":19,"turns":4},{"damage":45,"enemies":"3 Cultists","floor":21,"turns":6},{"damage":25,"enemies":"Snecko","floor":22,"turns":5},{"damage":4,"enemies":"Gremlin Leader","floor":24,"turns":5},{"damage":27,"enemies":"Replay:Snechameleon","floor":27,"turns":3},{"damage":3,"enemies":"Centurion and Healer","floor":28,"turns":5},{"damage":17,"enemies":"Colosseum Slavers","floor":30,"turns":3}],"seed_played":"3301024113966469103","potions_obtained":[{"floor":1,"key":"Fire Potion"},{"floor":4,"key":"Venom Potion"},{"floor":6,"key":"Strength Potion"},{"floor":11,"key":"Explosive Potion"},{"floor":16,"key":"Toxic Potion"},{"floor":27,"key":"Block Potion"},{"floor":28,"key":"Reflective Coating"}],"is_trial":false,"path_per_floor":["M","M","?","M","T","E","M","R","T","R","M","M","$","M","R","B",null,"M","M","$","M","M","R","E","R","T","E","M","?","?"],"character_chosen":"IRONCLAD","items_purchased":["Chemical X","True Grit","Grinning Jar"],"campfire_rested":0,"item_purchase_floors":[13,13,20],"current_hp_per_floor":[80,80,72,78,78,78,65,65,65,65,63,58,61,63,63,27,95,94,79,82,46,27,27,32,32,32,14,17,17,0,0],"gold":61,"neow_bonus":"THREE_ENEMY_KILL","is_daily":false,"chose_seed":false,"campfire_upgraded":5,"win_rate":0.0,"timestamp":1612904049,"path_taken":["M","?","?","?","?","E","M","R","T","R","M","M","$","M","R","BOSS","M","M","$","M","M","R","E","R","T","E","?","?","?"],"items_purchased_type":["Relic","Card","Relic"],"build_version":"2020-12-22","purchased_purges":2,"victory":false,"max_hp_per_floor":[80,80,80,80,80,83,86,86,86,86,86,86,89,92,92,95,95,98,101,104,107,107,107,110,110,110,113,113,113,113,113],"card_choices":[{"not_picked":["Feel No Pain","Evolve","Seeing Red"],"picked":"SKIP","floor":1},{"not_picked":["Battle Trance","Headbutt"],"picked":"Twin Strike","floor":2},{"not_picked":["Sword Boomerang","Heavy Blade"],"picked":"Headbutt","floor":4},{"not_picked":["Body Slam","Defy Death"],"picked":"Bludgeon","floor":6},{"not_picked":["Combust","Thunderclap"],"picked":"Disarm","floor":7},{"not_picked":["Thunderclap","Clash","Cleave"],"picked":"SKIP","floor":11},{"not_picked":["Thunderclap","Clothesline","ReplayTheSpireMod:Stacked"],"picked":"SKIP","floor":12},{"not_picked":["Feel No Pain","True Grit"],"picked":"Wild Strike","floor":14},{"not_picked":["Hemogenesis","Juggernaut"],"picked":"Replay:Many Hands","floor":16},{"not_picked":["Twin Strike","Anger"],"picked":"Defy Death","floor":18},{"not_picked":["hubris:ReadiedAction+1","Run Through"],"picked":"Fire Breathing+1","floor":19},{"not_picked":["Armaments+1","Blood for Blood"],"picked":"Pummel","floor":21},{"not_picked":["Sword Boomerang","ReplayTheSpireMod:Corrosion Curse+1","Clothesline+1"],"picked":"SKIP","floor":22},{"not_picked":["hubris:StunningStrike","Clothesline"],"picked":"Flame Barrier","floor":24},{"not_picked":["Rampage","Burning Pact"],"picked":"Warcry","floor":27},{"not_picked":["Pommel Strike","Flex","Sword Boomerang"],"picked":"SKIP","floor":28}],"player_experience":250039,"relics_obtained":[{"floor":5,"key":"Replay:Ringing Soul"},{"floor":6,"key":"Replay:Kaleidoscope"},{"floor":9,"key":"Bronze Scales"},{"floor":24,"key":"Happy Flower"},{"floor":26,"key":"Bag of Marbles"},{"floor":27,"key":"PreservedInsect"}],"event_choices":[{"damage_healed":0,"gold_gain":75,"player_choice":"Touch","damage_taken":8,"max_hp_gain":0,"max_hp_loss":0,"event_name":"FaceTrader","floor":3,"gold_loss":0},{"damage_healed":0,"gold_gain":0,"player_choice":"Obtained Relic","damage_taken":0,"relics_obtained":["Bag of Preparation"],"max_hp_gain":0,"max_hp_loss":0,"event_name":"Addict","floor":29,"gold_loss":85},{"damage_healed":0,"gold_gain":0,"player_choice":"Fight","damage_taken":0,"max_hp_gain":0,"max_hp_loss":0,"event_name":"Colosseum","floor":30,"gold_loss":0}],"is_beta":false,"boss_relics":[{"not_picked":["Astrolabe","Replay:Ancient Bell","hubris:BlackHole"]}],"items_purged_floors":[13,20],"is_endless":false,"potions_floor_spawned":[1,4,6,11,16,22,27,28],"killed_by":"Colosseum Slavers","ascension_level":1}}