{"host":"fvfv74rwxn7g5wli","time":1612851636,"event":{"mods":["BaseMod","Better Third Choice","Colored Powertips","DeckTracker","Downfall","GifTheSpireLib","Minty Spire (QoL Compilation)","Potionbrewer","Quick Restart","Reliquary","StSLib"],"gold_per_floor":[114,114,114,130,141,141,72,72,72,72,102,102,114,125,125,227,227,244,166,177,20,20,20,20,20,43,59,71,81,99,99,99,194,194,210,210,210,226,226,226,258,290,290,290,343,343,343,343,343,343],"floor_reached":51,"language":"ENG","playtime":1009,"items_purged":[],"score":875,"play_id":"2a64775d-5b5c-4247-a2e5-9fb261ca60c0","local_time":"20210208222036","daily_mods":["SealedDeck","Specialized","Vintage","Heirloom","Time Dilation","Flight"],"is_ascension_mode":false,"campfire_choices":[{"data":"Consecrate","floor":6,"key":"SMITH"},{"data":"SignatureMove","floor":8,"key":"SMITH"},{"data":"Consecrate","floor":10,"key":"SMITH"},{"data":"Consecrate","floor":12,"key":"SMITH"},{"data":"Consecrate","floor":15,"key":"SMITH"},{"data":"Tantrum","floor":23,"key":"SMITH"},{"data":"LessonLearned","floor":24,"key":"SMITH"},{"data":"Consecrate","floor":25,"key":"SMITH"},{"floor":32,"key":"REST"},{"floor":40,"key":"REST"},{"data":"SignatureMove+1","floor":49,"key":"SMITH"}],"circlet_count":0,"master_deck":["Consecrate+1","Consecrate+1","Consecrate+1","Consecrate+1","Consecrate+1","SignatureMove+2","LessonLearned+1","Tantrum+1","Prostrate+1","DeusExMachina","ForeignInfluence","downfall:Haunted","Pain","MasterReality"],"relics":["PureWater","Guardian:GemstoneGun","Dream Catcher","Bottled Flame","reliquary:Dhvaja","hexamod:CandleOfCauterizing","Ornamental Fan","Strawberry","potionbrewer:Torch","expansioncontent:StudyCardRelic","hexamod:BolsterEngine","reliquary:Aerogel","Juzu Bracelet","reliquary:SilkGlove","CloakClasp","Pantograph","Tiny Chest","Nloth\u0027s Gift","Philosopher\u0027s Stone","reliquary:PartyBalloon","Meat on the Bone","StoneCalendar","StrikeDummy","reliquary:TatteredRug","reliquary:MudwinsCradle","TeardropLocket","Dead Branch","Darkstone Periapt","Spirit Poop","reliquary:Solitaire"],"acts_visited":["Exordium","TheCity","TheBeyond"],"potions_floor_usage":[50,50],"damage_taken":[{"damage":0,"enemies":"Jaw Worm","floor":1,"turns":1},{"damage":0,"enemies":"2 Louse","floor":4,"turns":1},{"damage":0,"enemies":"Small Slimes","floor":5,"turns":1},{"damage":0,"enemies":"Lagavulin","floor":11,"turns":1},{"damage":0,"enemies":"Gremlin Gang","floor":13,"turns":1},{"damage":0,"enemies":"Red Slaver","floor":14,"turns":1},{"damage":38,"enemies":"Hexaghost","floor":16,"turns":3},{"damage":6,"enemies":"Chosen","floor":18,"turns":2},{"damage":0,"enemies":"Spheric Guardian","floor":20,"turns":1},{"damage":0,"enemies":"Centurion and Healer","floor":27,"turns":1},{"damage":0,"enemies":"Snake Plant","floor":28,"turns":1},{"damage":0,"enemies":"Sentry and Sphere","floor":29,"turns":1},{"damage":0,"enemies":"Centurion and Healer","floor":30,"turns":1},{"damage":5,"enemies":"Champ","floor":33,"turns":2},{"damage":0,"enemies":"3 Darklings","floor":35,"turns":1},{"damage":0,"enemies":"3 Shapes","floor":38,"turns":1},{"damage":0,"enemies":"Reptomancer","floor":41,"turns":1},{"damage":15,"enemies":"Giant Head","floor":42,"turns":3},{"damage":0,"enemies":"2 Orb Walkers","floor":45,"turns":2},{"damage":81,"enemies":"Awakened One","floor":50,"turns":6}],"seed_played":"-2623235063088615758","potions_obtained":[{"floor":1,"key":"potionbrewer:AcidPotion"},{"floor":5,"key":"potionbrewer:MidasPotion"},{"floor":20,"key":"BlessingOfTheForge"}],"is_trial":true,"path_per_floor":["M","?","$","M","M","R","$","R","T","R","E","R","M","M","R","B",null,"M","$","M","$","?","R","R","R","T","M","M","M","M","?","R","B",null,"M","?","$","M","$","R","E","E","T","T","?","?","?","T","R","B",null],"character_chosen":"WATCHER","items_purchased":["SignatureMove","Tantrum","sneckomod:BlankCard"],"campfire_rested":2,"item_purchase_floors":[7,19,21],"current_hp_per_floor":[72,72,72,72,72,72,72,72,72,72,72,72,79,79,79,41,79,73,73,73,73,73,73,73,73,73,73,73,73,73,73,79,74,79,79,79,79,79,79,79,79,64,64,64,64,82,82,82,82,28],"gold":343,"neow_bonus":"","is_daily":false,"chose_seed":false,"campfire_upgraded":9,"win_rate":0.0,"timestamp":1612851636,"path_taken":["M","?","$","M","M","R","$","R","T","R","E","R","M","M","R","BOSS","M","$","M","$","?","R","R","R","T","M","M","M","M","?","R","BOSS","M","?","$","M","?","R","E","E","T","?","?","?","?","?","R","BOSS"],"items_purchased_type":["Card","Card","Relic"],"build_version":"2020-12-22","purchased_purges":0,"victory":true,"max_hp_per_floor":[72,72,72,72,72,72,72,72,72,72,72,72,79,79,79,79,79,79,79,79,79,79,79,79,79,79,79,79,79,79,79,79,79,79,79,79,79,79,79,79,79,79,79,79,79,97,97,97,97,97],"card_choices":[{"not_picked":["WreathOfFlame","SashWhip","EmptyBody"],"picked":"SKIP","floor":11},{"not_picked":["SpiritShield","Blasphemy"],"picked":"LessonLearned","floor":16},{"not_picked":["Indignation","FlyingSleeves+1"],"picked":"Prostrate","floor":40},{"not_picked":["Adaptation","MasterReality","Vengeance+1"],"picked":"SKIP","floor":41},{"not_picked":["Evaluate+1","PathToVictory+1"],"picked":"DeusExMachina","floor":42},{"not_picked":["Evaluate+1","InnerPeace+1"],"picked":"ForeignInfluence","floor":45}],"player_experience":101974,"relics_obtained":[{"floor":1,"key":"Dream Catcher"},{"floor":4,"key":"Bottled Flame"},{"floor":5,"key":"reliquary:Dhvaja"},{"floor":9,"key":"hexamod:CandleOfCauterizing"},{"floor":11,"key":"Ornamental Fan"},{"floor":13,"key":"Strawberry"},{"floor":14,"key":"potionbrewer:Torch"},{"floor":18,"key":"hexamod:BolsterEngine"},{"floor":20,"key":"reliquary:Aerogel"},{"floor":26,"key":"Juzu Bracelet"},{"floor":27,"key":"reliquary:SilkGlove"},{"floor":28,"key":"CloakClasp"},{"floor":29,"key":"Pantograph"},{"floor":30,"key":"Tiny Chest"},{"floor":35,"key":"reliquary:PartyBalloon"},{"floor":38,"key":"StoneCalendar"},{"floor":41,"key":"StrikeDummy"},{"floor":42,"key":"reliquary:TatteredRug"},{"floor":43,"key":"reliquary:MudwinsCradle"},{"floor":44,"key":"TeardropLocket"},{"floor":45,"key":"Dead Branch"},{"floor":48,"key":"reliquary:Solitaire"}],"event_choices":[{"damage_healed":0,"gold_gain":0,"player_choice":"Ignored","damage_taken":0,"max_hp_gain":0,"max_hp_loss":0,"event_name":"Golden Idol","floor":2,"gold_loss":0},{"damage_healed":0,"gold_gain":0,"player_choice":"Ignored","damage_taken":0,"max_hp_gain":0,"max_hp_loss":0,"event_name":"Vampires","floor":22,"gold_loss":0},{"damage_healed":0,"gold_gain":0,"player_choice":"Traded Relic","damage_taken":0,"relics_obtained":["Nloth\u0027s Gift"],"max_hp_gain":0,"max_hp_loss":0,"event_name":"N\u0027loth","floor":31,"relics_lost":["sneckomod:BlankCard"],"gold_loss":0},{"damage_healed":0,"gold_gain":0,"player_choice":"Gave Potion","damage_taken":0,"relics_obtained":["Meat on the Bone"],"max_hp_gain":0,"max_hp_loss":0,"event_name":"WeMeetAgain","floor":36,"gold_loss":0},{"damage_healed":0,"gold_gain":0,"player_choice":"Fight","damage_taken":0,"max_hp_gain":0,"max_hp_loss":0,"event_name":"Mysterious Sphere","floor":45,"gold_loss":0},{"cards_removed":["downfall:Haunted"],"damage_healed":0,"gold_gain":0,"player_choice":"Offered Curse","damage_taken":0,"relics_obtained":["Spirit Poop"],"max_hp_gain":0,"max_hp_loss":0,"event_name":"Bonfire Elementals","floor":47,"gold_loss":0}],"is_beta":false,"boss_relics":[{"not_picked":["Velvet Choker","Tiny House"],"picked":"expansioncontent:StudyCardRelic"},{"not_picked":["reliquary:WritOfMandamus","SacredBark"],"picked":"Philosopher\u0027s Stone"}],"items_purged_floors":[],"is_endless":false,"potions_floor_spawned":[1,5,20,28,30,33],"ascension_level":0}}