{"host":"rnys9sj607vajavv","time":1612841162,"event":{"mods":["BaseMod","Colored Map","Downfall","Minty Spire (QoL Compilation)","StSLib"],"gold_per_floor":[99,118,134,134,146,162,162,58,68,85,85,98,98,115,134,233,233,233,245,261,275,290,290,290,310,310,328,170,205,215,215,225,329,329,329,341,251,601,429,463,463,473,491,525,48,48,48,76,86,86],"floor_reached":51,"language":"ENG","playtime":4815,"items_purged":["Guardian:Strike_Guardian","Guardian:Strike_Guardian"],"score":1034,"play_id":"f797c57e-3ebf-4857-8e4e-10d032fb9095","local_time":"20210208192602","is_ascension_mode":true,"campfire_choices":[{"data":"Guardian:CurlUp","floor":1.0,"key":"SMITH"},{"data":"Guardian:BodySlam","floor":11.0,"key":"SMITH"},{"data":"Guardian:BodySlam","floor":13.0,"key":"SMITH"},{"data":"Guardian:TemporalShield","floor":18.0,"key":"SMITH"},{"floor":23.0,"key":"REST"},{"data":"Guardian:PrismaticBarrier","floor":26.0,"key":"SMITH"},{"floor":35.0,"key":"RECALL"},{"data":"Sadistic Nature","floor":47,"key":"SMITH"}],"circlet_count":0,"master_deck":["Guardian:Strike_Guardian","Guardian:Strike_Guardian","Guardian:Defend_Guardian","Guardian:Defend_Guardian","Guardian:Defend_Guardian","Guardian:Defend_Guardian","Guardian:CurlUp+1","Guardian:TwinSlam","Guardian:SentryBeam","Guardian:PiercingHide","Guardian:SentryBeam","Guardian:PiercingHide","Guardian:TemporalShield+1","Guardian:BodySlam+1","Guardian:BodySlam+1","Guardian:PrismaticBarrier+1","Guardian:Incinerate","Guardian:ChargeUp+1","Guardian:SentryBeam","Guardian:FloatingOrbs","Sadistic Nature+1","Guardian:RevengeProtocol","Guardian:ChargeUp+1","Guardian:Repulse","Guardian:Gem_Fragmented"],"relics":["Guardian:ModeShifter","Omamori","Oddly Smooth Stone","SlaversCollar","Bag of Preparation","Guardian:BottledStasis","Pear","Pocketwatch","Calling Bell","Orichalcum","Eternal Feather","Ginger","Old Coin","Toxic Egg 2","PreservedInsect","Darkstone Periapt","Boot","Orrery","Calipers","Blood Vial"],"acts_visited":["Exordium","TheCity","TheBeyond"],"potions_floor_usage":[40,44,45,50,50,50],"damage_taken":[{"damage":7.0,"enemies":"Small Slimes","floor":2.0,"turns":4.0},{"damage":1.0,"enemies":"Cultist","floor":3.0,"turns":4.0},{"damage":4.0,"enemies":"2 Louse","floor":5.0,"turns":3.0},{"damage":1.0,"enemies":"Large Slime","floor":6.0,"turns":7.0},{"damage":0.0,"enemies":"downfall:FleeingMerchant","floor":8.0,"turns":4.0},{"damage":6.0,"enemies":"Blue Slaver","floor":9.0,"turns":4.0},{"damage":6.0,"enemies":"2 Fungi Beasts","floor":10.0,"turns":3.0},{"damage":0.0,"enemies":"Large Slime","floor":12.0,"turns":4.0},{"damage":0.0,"enemies":"3 Louse","floor":14.0,"turns":4.0},{"damage":0.0,"enemies":"Lots of Slimes","floor":15.0,"turns":3.0},{"damage":16.0,"enemies":"DF_ARCHETYPE_STREAMLINE","floor":16.0,"turns":9.0},{"damage":12.0,"enemies":"Spheric Guardian","floor":19.0,"turns":4.0},{"damage":15.0,"enemies":"Snake Plant","floor":20.0,"turns":4.0},{"damage":4.0,"enemies":"3 Cultists","floor":21.0,"turns":6.0},{"damage":27.0,"enemies":"Snecko","floor":22.0,"turns":6.0},{"damage":1.0,"enemies":"Centurion and Healer","floor":25.0,"turns":5.0},{"damage":0.0,"enemies":"3 Cultists","floor":27.0,"turns":5.0},{"damage":0.0,"enemies":"downfall:FleeingMerchant","floor":28.0,"turns":4.0},{"damage":9.0,"enemies":"Gremlin Leader","floor":29.0,"turns":5.0},{"damage":0.0,"enemies":"Cultist and Chosen","floor":30.0,"turns":4.0},{"damage":0.0,"enemies":"Snake Plant","floor":32.0,"turns":3.0},{"damage":24.0,"enemies":"IC_MUSHROOM_ARCHETYPE","floor":33.0,"turns":6.0},{"damage":0.0,"enemies":"3 Darklings","floor":36.0,"turns":4.0},{"damage":0.0,"enemies":"downfall:FleeingMerchant","floor":37.0,"turns":4.0},{"damage":0,"enemies":"downfall:FleeingMerchant","floor":38,"turns":5},{"damage":0,"enemies":"downfall:FleeingMerchant","floor":39,"turns":2},{"damage":6,"enemies":"Nemesis","floor":40,"turns":5},{"damage":0,"enemies":"Orb Walker","floor":42,"turns":3},{"damage":8,"enemies":"Spire Growth","floor":43,"turns":4},{"damage":1,"enemies":"Reptomancer","floor":44,"turns":5},{"damage":0,"enemies":"Giant Head","floor":48,"turns":4},{"damage":0,"enemies":"Jaw Worm Horde","floor":49,"turns":4},{"damage":34,"enemies":"WA_ARCHETYPE_DIVINITY","floor":50,"turns":5}],"seed_played":"7609366989109899832","potions_obtained":[{"floor":6.0,"key":"Swift Potion"},{"floor":12.0,"key":"Weak Potion"},{"floor":14.0,"key":"PowerPotion"},{"floor":19.0,"key":"Guardian:AcceleratePotion"},{"floor":22.0,"key":"GamblersBrew"},{"floor":38,"key":"Regen Potion"},{"floor":40,"key":"hexamod:SoulburnPotion"},{"floor":48,"key":"FearPotion"}],"is_trial":false,"path_per_floor":["R","M","M","?","M","M","T","$","M","M","R","M","R","M","M","B",null,"R","M","M","M","M","R","T","M","R","M","$","E","M","?","M","B",null,"R","M","$","?","$","E","T","M","M","E","$","?","R","E","M","B",null],"character_chosen":"GUARDIAN","items_purchased":["Guardian:TemporalShield","Guardian:BodySlam","Guardian:BottledStasis","Sadistic Nature","Toxic Egg 2","Fruit Juice","Boot","Orrery","Guardian:Repulse"],"campfire_rested":1,"item_purchase_floors":[8,8,28,39,39,45,45,45,45],"current_hp_per_floor":[72,65,64,64,60,59,59,59,53,47,47,47,47,47,47,31,68,68,56,41,37,10,34,34,33,33,33,33,34,34,34,34,10,70,82,82,82,82,82,76,76,76,68,81,86,86,95,95,95,61],"gold":86,"neow_bonus":"RANDOM_COMMON_RELIC","is_daily":false,"chose_seed":false,"campfire_upgraded":6,"win_rate":0.0,"timestamp":1612841162,"path_taken":["R","M","M","?","M","M","T","$","M","M","R","M","R","M","M","BOSS","R","M","M","?","M","R","T","M","R","?","$","E","M","?","M","BOSS","R","M","$","?","$","E","T","M","M","E","$","?","R","E","M","BOSS"],"items_purchased_type":["Card","Card","Relic","Card","Relic","Potion","Relic","Relic","Card"],"build_version":"2020-12-22","purchased_purges":2,"victory":true,"max_hp_per_floor":[80,80,80,80,80,80,80,80,80,80,80,80,80,80,80,80,80,80,80,80,80,80,80,80,80,80,80,80,90,90,90,90,90,90,90,90,90,90,90,90,90,90,90,90,95,95,95,95,95,95],"card_choices":[{"not_picked":["Guardian:RollAttack","Guardian:PiercingHide"],"picked":"Guardian:SentryBeam","floor":2.0},{"not_picked":["Guardian:Gem_Crimson","Guardian:VentSteam"],"picked":"Guardian:PiercingHide","floor":3.0},{"not_picked":["Guardian:TemporalStrike","Guardian:Recover"],"picked":"Guardian:Gem_Yellow","floor":5.0},{"not_picked":["Guardian:PolyBeam","Guardian:Gem_Red","Guardian:ShieldSpikes"],"picked":"SKIP","floor":6.0},{"not_picked":["Guardian:ShieldCharger","Guardian:Reroute","Guardian:VentSteam"],"picked":"SKIP","floor":8.0},{"not_picked":["Guardian:Emergency","Guardian:TemporalShield"],"picked":"Guardian:BodySlam","floor":9.0},{"not_picked":["Guardian:Recover","Guardian:TemporalStrike"],"picked":"Guardian:Gem_Purple","floor":10.0},{"not_picked":["Guardian:Gem_Lightblue","Guardian:Harden"],"picked":"Guardian:PrismaticBarrier","floor":12.0},{"not_picked":["Guardian:Suspension","Guardian:PiercingHide"],"picked":"Guardian:Incinerate","floor":14.0},{"not_picked":["Guardian:WalkerClaw","Guardian:Planning","Guardian:TemporalStrike"],"picked":"SKIP","floor":15.0},{"not_picked":["Guardian:ExploitGems","Guardian:StasisStrike"],"picked":"Guardian:Gem_Orange","floor":16.0},{"not_picked":["Guardian:PrimingBeam+1","Guardian:VentSteam"],"picked":"Guardian:ChargeUp+1","floor":19.0},{"not_picked":["Guardian:Incinerate","Guardian:ShieldSpikes"],"picked":"Guardian:Gem_Cyan","floor":20.0},{"not_picked":["Guardian:TemporalShield","Guardian:PrismaticBarrier"],"picked":"Guardian:Gem_Cyan","floor":21.0},{"not_picked":["Guardian:PrimingBeam","Guardian:PrismaticBarrier"],"picked":"Guardian:Gem_Fragmented","floor":22.0},{"not_picked":["Guardian:Planning","Guardian:Gem_Green","Guardian:Gem_Crimson"],"picked":"SKIP","floor":25.0},{"not_picked":["Guardian:WalkerClaw+1","Guardian:Gem_Lightblue"],"picked":"Guardian:SentryBeam","floor":27.0},{"not_picked":["Guardian:StasisField","Guardian:Harden"],"picked":"Guardian:FloatingOrbs","floor":28.0},{"not_picked":["Guardian:Gem_Green","Guardian:Reroute"],"picked":"Guardian:Gem_Cyan","floor":29.0},{"not_picked":["Guardian:Emergency","Guardian:RollAttack","Guardian:TemporalStrike"],"picked":"SKIP","floor":30.0},{"not_picked":["Guardian:BronzeArmor","Guardian:PrismaticBeam","Guardian:RefractedBeam"],"picked":"SKIP","floor":32.0},{"not_picked":["Guardian:Gem_Synthetic","Guardian:StasisStrike"],"picked":"Guardian:Gem_Orange","floor":33.0},{"not_picked":["Guardian:RollAttack+1","Guardian:CrystalBeam+1","Guardian:TemporalShield+1"],"picked":"SKIP","floor":36.0},{"not_picked":["Guardian:PolyBeam","Guardian:GemFire","Guardian:PrismaticBeam+1"],"picked":"SKIP","floor":37},{"not_picked":["Guardian:Harden+1","Guardian:ArmoredProtocol","Guardian:Gem_Green"],"picked":"SKIP","floor":39},{"not_picked":["Guardian:PrismaticBeam+1","Guardian:ArmoredProtocol+1","Guardian:Reroute"],"picked":"SKIP","floor":40},{"not_picked":["Guardian:Gem_Cyan","Guardian:Gem_Crimson","Guardian:Gem_Red"],"picked":"SKIP","floor":42},{"not_picked":["Guardian:Orbwalk","Guardian:EvasiveProtocol+1","Guardian:FuturePlans"],"picked":"SKIP","floor":43},{"not_picked":["Guardian:Clone+1","Guardian:Recover+1","Guardian:Suspension+1"],"picked":"SKIP","floor":44},{"not_picked":["Guardian:GuardianWhirl","Guardian:WalkerClaw"],"picked":"Guardian:RevengeProtocol","floor":45},{"not_picked":["Guardian:Suspension+1","Guardian:BronzeArmor+1"],"picked":"Guardian:ChargeUp+1","floor":45},{"not_picked":["Guardian:Suspension+1","Guardian:PrimingBeam"],"picked":"Guardian:Gem_Fragmented","floor":45},{"not_picked":["Guardian:Gem_Orange","Guardian:DonusPower+1","Guardian:Incinerate"],"picked":"SKIP","floor":48},{"not_picked":["Guardian:PrimingBeam+1","Guardian:BodySlam+1","Guardian:PolyBeam+1"],"picked":"SKIP","floor":49}],"player_experience":698815,"relics_obtained":[{"floor":7.0,"key":"Oddly Smooth Stone"},{"floor":24.0,"key":"Bag of Preparation"},{"floor":29.0,"key":"Pear"},{"floor":34.0,"key":"Orichalcum"},{"floor":34.0,"key":"Eternal Feather"},{"floor":34.0,"key":"Ginger"},{"floor":38,"key":"Old Coin"},{"floor":40,"key":"PreservedInsect"},{"floor":44,"key":"Darkstone Periapt"},{"floor":46,"key":"Calipers"},{"floor":48,"key":"Blood Vial"}],"event_choices":[],"is_beta":false,"boss_relics":[{"not_picked":["Pandora\u0027s Box","Runic Dome"],"picked":"SlaversCollar"},{"not_picked":["Velvet Choker","SacredBark"],"picked":"Calling Bell"}],"items_purged_floors":[37,39],"is_endless":false,"potions_floor_spawned":[6,12,14,15,16,19,22,25,27,30,32,38,40,42,43,48,49],"ascension_level":6}}