{"host":"6p0attdrtjqaih7v","time":1612856712,"event":{"mods":["2.2 Compatiblity","AchievementEnabler","Bard","BaseMod","Better Skull","Better Third Choice","Colored Powertips","Hermit","Highlight Path","Key Reminder","Minty Spire (QoL Compilation)","Permanent Neow","Quick Restart","Random Character Button","Relic Stats","Reliquary","Replay The Spire","Robot Space Explorer","StSLib","The Hayseed","The Witch"],"gold_per_floor":[360,18,29,44,63,63,98,98,98,432,432,449,462,462,462,540,540,551,571,262,262,53,81,94,94,120,120,136,154,104,104,104,178,178,191,205,205,222,238,238,264,264,264,57,74,24,43,59,59,59,59],"floor_reached":52,"language":"ENG","playtime":3145,"items_purged":["Strike_B","All For One+1","Defend_B","Defend_B"],"score":1832,"play_id":"0276ce9e-e557-4085-9e74-7b2b05c67c88","local_time":"20210209024512","is_ascension_mode":true,"campfire_choices":[{"data":"Lockon","floor":6,"key":"SMITH"},{"floor":8,"key":"REST"},{"data":"Coolheaded","floor":11,"key":"SMITH"},{"data":"ReplayTheSpireMod:Calculation Training","floor":15,"key":"SMITH"},{"floor":25,"key":"REST"},{"data":"Coolheaded","floor":27,"key":"SMITH"},{"data":"Biased Cognition","floor":27,"key":"SMITH"},{"data":"Hologram","floor":32,"key":"SMITH"},{"data":"Genetic Algorithm","floor":32,"key":"SMITH"},{"floor":40,"key":"REST"},{"floor":42,"key":"REST"},{"floor":49,"key":"REST"}],"circlet_count":0,"master_deck":["AscendersBane","Defend_B","Defend_B","Zap","Dualcast","Compile Driver","Cold Snap","Coolheaded+1","Turbo","Barrage","ReplayTheSpireMod:Calculation Training+1","Biased Cognition+1","Multi-Cast+1","Biased Cognition+1","Coolheaded+1","Capacitor","FIFO Queue","Turbo","Compile Driver","Core Surge","Coolheaded+1","Genetic Algorithm+1","Hologram+1","Redo+1","Glacier+1","Electrodynamics","Turbo","Doom and Gloom"],"relics":["Cracked Core","ClockworkSouvenir","Bag of Marbles","StrikeDummy","Old Coin","Astrolabe","Replay:Arrowhead","Dead Branch","MealTicket","reliquary:Firecrackers","Smiling Mask","Ancient Tea Set"],"acts_visited":["Exordium","TheCity","TheBeyond"],"potions_floor_usage":[13,16,19,29,33,50,50],"damage_taken":[{"damage":0,"enemies":"Cultist","floor":1,"turns":3},{"damage":3,"enemies":"Small Slimes","floor":3,"turns":4},{"damage":7,"enemies":"Jaw Worm","floor":4,"turns":3},{"damage":4,"enemies":"Looter","floor":5,"turns":4},{"damage":1,"enemies":"Replay:BlueRogue","floor":7,"turns":9},{"damage":6,"enemies":"Gremlin Nob","floor":10,"turns":3},{"damage":0,"enemies":"2 Fungi Beasts","floor":12,"turns":3},{"damage":0,"enemies":"Lots of Slimes","floor":13,"turns":3},{"damage":20,"enemies":"Hexaghost","floor":16,"turns":9},{"damage":0,"enemies":"Chosen","floor":18,"turns":5},{"damage":8,"enemies":"3 Byrds","floor":19,"turns":4},{"damage":2,"enemies":"Replay:Snechameleon","floor":23,"turns":9},{"damage":25,"enemies":"Snake Plant","floor":24,"turns":6},{"damage":11,"enemies":"Centurion and Healer","floor":28,"turns":10},{"damage":9,"enemies":"Cultist and Chosen","floor":29,"turns":7},{"damage":3,"enemies":"Collector","floor":33,"turns":14},{"damage":8,"enemies":"3 Darklings","floor":35,"turns":7},{"damage":16,"enemies":"Orb Walker","floor":36,"turns":5},{"damage":41,"enemies":"Sphere and 2 Shapes","floor":38,"turns":5},{"damage":9,"enemies":"Transient","floor":39,"turns":6},{"damage":20,"enemies":"Nemesis","floor":41,"turns":11},{"damage":22,"enemies":"3 Darklings","floor":45,"turns":6},{"damage":0,"enemies":"Maw","floor":47,"turns":7},{"damage":0,"enemies":"4 Shapes","floor":48,"turns":7},{"damage":46,"enemies":"Time Eater","floor":50,"turns":18},{"damage":14,"enemies":"Awakened One","floor":51,"turns":24}],"seed_played":"-8225457368255335522","potions_obtained":[{"floor":3,"key":"PotionOfCapacity"},{"floor":16,"key":"FocusPotion"},{"floor":29,"key":"SkillPotion"},{"floor":33,"key":"Strength Potion"},{"floor":45,"key":"PowerPotion"}],"is_trial":false,"path_per_floor":["M","$","M","M","M","R","E","R","T","E","R","M","M","?","R","B",null,"M","M","$","?","$","E","M","R","T","R","M","M","?","?","R","B",null,"M","M","?","M","M","R","E","R","T","$","M","$","M","M","R","B","B",null],"character_chosen":"DEFECT","items_purchased":["ClockworkSouvenir","Cold Snap","Fire Potion","FIFO Queue","Turbo","Compile Driver","Fire Potion","Core Surge","Coolheaded","Ancient Tea Set"],"campfire_rested":5,"item_purchase_floors":[2,2,2,20,20,20,20,22,22,44],"current_hp_per_floor":[46,46,43,36,32,32,31,52,52,46,46,46,46,46,46,26,60,60,52,52,52,52,50,25,46,46,46,35,26,46,46,46,43,64,56,40,81,40,31,55,35,59,59,74,52,67,67,67,81,35,21],"gold":59,"neow_bonus":"TWO_FIFTY_GOLD","is_daily":false,"chose_seed":false,"campfire_upgraded":7,"win_rate":0.0,"timestamp":1612856712,"path_taken":["M","$","?","M","M","R","E","R","T","E","R","M","M","?","R","BOSS","M","M","$","?","?","E","?","R","T","R","M","M","?","?","R","BOSS","M","M","?","?","M","R","E","R","T","$","M","?","M","M","R","BOSS","BOSS"],"items_purchased_type":["Relic","Card","Potion","Card","Card","Card","Potion","Card","Card","Relic"],"build_version":"2020-12-22","purchased_purges":4,"victory":true,"max_hp_per_floor":[71,71,71,71,71,71,71,71,71,71,71,71,71,71,71,71,71,71,71,71,71,71,71,71,71,71,71,71,71,71,71,71,71,71,71,71,81,81,81,81,81,81,81,81,81,81,81,81,81,81,81],"relic_stats":{"counters":[26,192],"Astrolabe":["Multi-Cast","All For One","Biased Cognition"],"Dead Branch":[76],"MealTicket":30,"Smiling Mask":175,"obtain_stats":[{"Astrolabe":17,"Dead Branch":28,"reliquary:Firecrackers":41,"Smiling Mask":43,"Ancient Tea Set":44,"Replay:Arrowhead":23,"ClockworkSouvenir":2,"Old Coin":10,"reliquary:FerryPass":26,"MealTicket":31,"Bag of Marbles":7,"Cracked Core":0,"StrikeDummy":9},{"Astrolabe":9,"Dead Branch":14,"reliquary:Firecrackers":21,"Smiling Mask":21,"Ancient Tea Set":21,"Replay:Arrowhead":12,"ClockworkSouvenir":1,"Old Coin":6,"reliquary:FerryPass":13,"MealTicket":15,"Bag of Marbles":5,"Cracked Core":0,"StrikeDummy":5},{"Astrolabe":41,"Dead Branch":75,"reliquary:Firecrackers":130,"Smiling Mask":130,"Ancient Tea Set":130,"Replay:Arrowhead":59,"ClockworkSouvenir":3,"Old Coin":26,"reliquary:FerryPass":65,"MealTicket":82,"Bag of Marbles":23,"Cracked Core":0,"StrikeDummy":23}]},"card_choices":[{"not_picked":["Stack","Heatsinks"],"picked":"Compile Driver","floor":1},{"not_picked":["Stack","Double Energy"],"picked":"Coolheaded","floor":3},{"not_picked":["Chaos","ReplayTheSpireMod:System Scan"],"picked":"Turbo","floor":4},{"not_picked":["Rebound","Conserve Battery"],"picked":"Lockon","floor":5},{"not_picked":["Storm","ReplayTheSpireMod:System Scan"],"picked":"Barrage","floor":7},{"not_picked":["Leap","Amplify"],"picked":"ReplayTheSpireMod:Calculation Training","floor":10},{"not_picked":["White Noise","Steam","Leap"],"picked":"SKIP","floor":12},{"not_picked":["Barrage","All For One","Turbo"],"picked":"SKIP","floor":13},{"not_picked":["Buffer","Reboot"],"picked":"Biased Cognition","floor":16},{"not_picked":["Reprogram","Doom and Gloom"],"picked":"Coolheaded","floor":18},{"not_picked":["BasicCrystalCard","Ball Lightning"],"picked":"Capacitor","floor":19},{"not_picked":["Compile Driver","Redo","FTL"],"picked":"SKIP","floor":23},{"not_picked":["Capacitor","ReplayTheSpireMod:System Scan","Steam Power+1"],"picked":"SKIP","floor":24},{"not_picked":["Lockon","Steam+1"],"picked":"Genetic Algorithm","floor":28},{"not_picked":["Conserve Battery","Sweeping Beam"],"picked":"Hologram","floor":29},{"not_picked":["Creative AI","Biased Cognition"],"picked":"Seek","floor":33},{"not_picked":["Gash+1","Cold Snap"],"picked":"Redo+1","floor":35},{"not_picked":["Rebound+1","Leap","Chill"],"picked":"SKIP","floor":36},{"not_picked":["Scrape+1","Barrage"],"picked":"Glacier+1","floor":38},{"not_picked":["Recycle+1","Beam Cell"],"picked":"Electrodynamics","floor":39},{"not_picked":["Redo","Leap"],"picked":"Turbo","floor":41},{"not_picked":["Stack","Double Energy","Beam Cell"],"picked":"SKIP","floor":45},{"not_picked":["Gash","Auto Shields","Reinforced Body"],"picked":"SKIP","floor":47},{"not_picked":["Ball Lightning","BootSequence"],"picked":"Doom and Gloom","floor":48}],"player_experience":1088971,"relics_obtained":[{"floor":7,"key":"Bag of Marbles"},{"floor":9,"key":"StrikeDummy"},{"floor":10,"key":"Old Coin"},{"floor":23,"key":"Replay:Arrowhead"},{"floor":26,"key":"reliquary:FerryPass"},{"floor":28,"key":"Dead Branch"},{"floor":41,"key":"reliquary:Firecrackers"},{"floor":43,"key":"Smiling Mask"}],"event_choices":[{"damage_healed":0,"gold_gain":0,"player_choice":"Upgraded","damage_taken":0,"max_hp_gain":0,"max_hp_loss":0,"event_name":"Upgrade Shrine","floor":21,"gold_loss":0,"cards_upgraded":["Coolheaded"]},{"cards_removed":["Seek"],"damage_healed":31,"gold_gain":0,"player_choice":"Offered Rare","damage_taken":0,"max_hp_gain":10,"max_hp_loss":0,"event_name":"Bonfire Elementals","floor":37,"gold_loss":0}],"is_beta":false,"boss_relics":[{"not_picked":["reliquary:RedPaperclip","Busted Crown"],"picked":"Astrolabe"},{"not_picked":["Abe\u0027s Treasure","Replay:Drink Me","Velvet Choker"]}],"items_purged_floors":[2,20,44,46],"is_endless":false,"potions_floor_spawned":[3,5,7,16,23,28,29,33,45,47,48],"ascension_level":20}}