{"host":"2fgwwnzqc97k7iys","time":1612905738,"event":{"mods":["BaseMod","Colored Map","Minty Spire (QoL Compilation)","Quick Restart","Relic Stats"],"gold_per_floor":[113,123,123,135,151,151,170,198,198,198,198,211,236,248,260,272,272],"floor_reached":16,"language":"ENG","playtime":886,"items_purged":[],"score":168,"play_id":"f86aecf1-851e-4228-9c92-937260b0b958","local_time":"20210209152218","is_ascension_mode":true,"campfire_choices":[{"data":"Rampage","floor":6,"key":"SMITH"},{"data":"Pommel Strike","floor":10,"key":"SMITH"},{"data":"Flame Barrier","floor":15,"key":"SMITH"}],"circlet_count":0,"master_deck":["AscendersBane","Strike_R","Strike_R","Strike_R","Strike_R","Strike_R","Defend_R","Defend_R","Defend_R","Defend_R","Bash","Shrug It Off","Pommel Strike+1","Rampage+1","Cleave","Pommel Strike","Flame Barrier+1","Flame Barrier"],"relics":["Burning Blood","NeowsBlessing","FaceOfCleric","Bottled Lightning","Sundial","Lizard Tail","MawBank"],"acts_visited":["Exordium"],"potions_floor_usage":[8,13],"damage_taken":[{"damage":0,"enemies":"2 Louse","floor":1,"turns":1},{"damage":0,"enemies":"Cultist","floor":2,"turns":1},{"damage":0,"enemies":"Jaw Worm","floor":4,"turns":1},{"damage":8,"enemies":"Looter","floor":5,"turns":4},{"damage":12,"enemies":"Large Slime","floor":7,"turns":4},{"damage":27,"enemies":"3 Sentries","floor":8,"turns":9},{"damage":19,"enemies":"Lots of Slimes","floor":12,"turns":4},{"damage":10,"enemies":"Lagavulin","floor":13,"turns":7},{"damage":32,"enemies":"Hexaghost","floor":16,"turns":8}],"seed_played":"-5859878405384946894","potions_obtained":[{"floor":2,"key":"PowerPotion"},{"floor":4,"key":"Fruit Juice"},{"floor":5,"key":"Dexterity Potion"},{"floor":8,"key":"Swift Potion"},{"floor":13,"key":"AttackPotion"}],"is_trial":false,"path_per_floor":["M","M","?","M","M","R","M","E","T","R","T","M","E","$","R","B"],"character_chosen":"IRONCLAD","items_purchased":[],"campfire_rested":0,"item_purchase_floors":[],"current_hp_per_floor":[78,80,80,81,80,80,75,60,60,60,60,48,45,45,45,13,13],"gold":272,"neow_bonus":"THREE_ENEMY_KILL","is_daily":false,"chose_seed":false,"campfire_upgraded":3,"win_rate":0.0,"timestamp":1612905738,"path_taken":["M","M","?","M","?","R","M","E","T","R","?","M","E","$","R","BOSS"],"items_purchased_type":[],"build_version":"2020-12-22","purchased_purges":0,"victory":false,"max_hp_per_floor":[80,80,80,81,82,82,83,89,89,89,89,90,91,91,91,91,91],"relic_stats":{"Lizard Tail":0,"FaceOfCleric":6,"counters":[9,38],"Sundial":[2],"MawBank":36,"obtain_stats":[{"Lizard Tail":11,"NeowsBlessing":0,"FaceOfCleric":3,"Sundial":9,"Bottled Lightning":8,"MawBank":13,"Burning Blood":0},{"Lizard Tail":6,"NeowsBlessing":0,"FaceOfCleric":2,"Sundial":6,"Bottled Lightning":6,"MawBank":8,"Burning Blood":0},{"Lizard Tail":20,"NeowsBlessing":0,"FaceOfCleric":2,"Sundial":20,"Bottled Lightning":20,"MawBank":31,"Burning Blood":0}],"Burning Blood":38},"card_choices":[{"not_picked":["Thunderclap","Bloodletting"],"picked":"Shrug It Off","floor":1},{"not_picked":["Warcry","Armaments"],"picked":"Pommel Strike","floor":2},{"not_picked":["Clash","Headbutt"],"picked":"Rampage","floor":4},{"not_picked":["Intimidate","Wild Strike"],"picked":"Cleave","floor":5},{"not_picked":["Uppercut","Infernal Blade"],"picked":"Pommel Strike","floor":7},{"not_picked":["Rampage","Berserk"],"picked":"Flame Barrier","floor":8},{"not_picked":["Warcry","Body Slam"],"picked":"Flame Barrier","floor":12},{"not_picked":["Evolve","Carnage","Clothesline"],"picked":"SKIP","floor":13}],"player_experience":560320,"relics_obtained":[{"floor":8,"key":"Bottled Lightning"},{"floor":9,"key":"Sundial"},{"floor":11,"key":"Lizard Tail"},{"floor":13,"key":"MawBank"}],"event_choices":[{"damage_healed":0,"gold_gain":0,"player_choice":"Trade","damage_taken":0,"relics_obtained":["FaceOfCleric"],"max_hp_gain":0,"max_hp_loss":0,"event_name":"FaceTrader","floor":3,"gold_loss":0}],"is_beta":false,"boss_relics":[],"items_purged_floors":[],"is_endless":false,"potions_floor_spawned":[2,4,5,8,13],"killed_by":"Hexaghost","ascension_level":10}}