{"host":"3gyvhg7mg6y9ble1","time":1612845344,"event":{"mods":["BaseMod","Block Reminder","Colored Powertips","Highlight Path","Minty Spire (QoL Compilation)","Rare Cards Sparkle","Relic Sorter","Relic Stats","StSLib"],"gold_per_floor":[99,17,17,17,17,17,17,17,17],"floor_reached":8,"language":"ENG","playtime":548,"items_purged":[],"score":59,"play_id":"784346ce-25a0-4600-ba6e-60869ddef639","local_time":"20210208233544","is_ascension_mode":true,"campfire_choices":[],"circlet_count":0,"master_deck":["Strike_B","Strike_B","Strike_B","Strike_B","Defend_B","Defend_B","Defend_B","Defend_B","Zap","Dualcast","Loop","Undo","Conserve Battery","Hologram"],"relics":["Ectoplasm","Golden Idol","Toy Ornithopter"],"acts_visited":["Exordium"],"potions_floor_usage":[],"damage_taken":[{"damage":6,"enemies":"Cultist","floor":1,"turns":3},{"damage":0,"enemies":"2 Louse","floor":3,"turns":3},{"damage":0,"enemies":"Small Slimes","floor":4,"turns":4},{"damage":15,"enemies":"Lagavulin","floor":6,"turns":9},{"damage":39,"enemies":"3 Sentries","floor":8,"turns":9}],"seed_played":"7383879469420177458","potions_obtained":[{"floor":1,"key":"FearPotion"},{"floor":3,"key":"Dexterity Potion"}],"is_trial":false,"path_per_floor":["M","$","M","M","?","E","$","E"],"character_chosen":"DEFECT","items_purchased":["Undo"],"campfire_rested":0,"item_purchase_floors":[2],"current_hp_per_floor":[69,69,69,69,51,36,36,0,0],"gold":17,"neow_bonus":"BOSS_RELIC","is_daily":false,"chose_seed":false,"campfire_upgraded":0,"win_rate":0.0,"timestamp":1612845344,"path_taken":["M","?","M","M","?","E","$","E"],"items_purchased_type":["Card"],"build_version":"2020-12-22","purchased_purges":0,"victory":false,"max_hp_per_floor":[75,75,75,75,75,75,75,75,75],"relic_stats":{"counters":[5,28],"Golden Idol":9,"Ectoplasm":88,"obtain_stats":[{"Golden Idol":5,"Ectoplasm":0,"Cracked Core":0,"Toy Ornithopter":6},{"Golden Idol":3,"Ectoplasm":0,"Cracked Core":0,"Toy Ornithopter":4},{"Golden Idol":10,"Ectoplasm":0,"Cracked Core":0,"Toy Ornithopter":19}],"Toy Ornithopter":0},"card_choices":[{"not_picked":["FTL","Hologram"],"picked":"Loop","floor":1},{"not_picked":["Go for the Eyes","Streamline"],"picked":"Conserve Battery","floor":3},{"not_picked":["Melter","Sweeping Beam"],"picked":"Hologram","floor":4},{"not_picked":["Rebound","Turbo","Blizzard"],"picked":"SKIP","floor":6}],"player_experience":339036,"relics_obtained":[{"floor":6,"key":"Toy Ornithopter"}],"event_choices":[{"damage_healed":0,"gold_gain":0,"player_choice":"Take Damage","damage_taken":18,"relics_obtained":["Golden Idol"],"max_hp_gain":0,"max_hp_loss":0,"event_name":"Golden Idol","floor":5,"gold_loss":0}],"is_beta":false,"boss_relics":[],"items_purged_floors":[],"is_endless":false,"potions_floor_spawned":[1,3],"killed_by":"3 Sentries","ascension_level":1}}