{"host":"aycoqeinteywlvmx","time":1612897033,"event":{"mods":["2.2 Compatiblity","AchievementEnabler","Act Like it!","BaseMod","Beaked The Cultist","Challenge The Spire","Colored Map","Colored Powertips","Conspire","Custom Start","Duelist Mod","GifTheSpireLib","Gremlin Mod","GungeonMod","Halation","Hermit","Hubris","Infinite Spire","Jorbs\u0027s Wanderer Trilogy","Mad Scientist","Minty Spire (QoL Compilation)","Prisma Mod","READ ME - Snecko Mod","Relic Stats","Replay The Spire","StSLib","The Bladedancer","The Cursed","The Hayseed","The Mystic","The Necromancer","The Poker Player","The Runesmith","TheBandit","Yuri Mod"],"gold_per_floor":[119,48,48,59,10,40,55,81,81,81,81],"floor_reached":10,"language":"ENG","playtime":249,"items_purged":[],"score":116,"play_id":"f42aa692-6164-4bf5-b50c-6e530abe6453","local_time":"20210209195713","is_ascension_mode":true,"campfire_choices":[],"circlet_count":0,"master_deck":["Strike_B","Strike_B","Strike_B","Strike_B","Defend_B","Defend_B","Defend_B","Defend_B","Zap","Dualcast","Gash","Defragment+1","Capacitor","Redo","Redo","Leap","Melter"],"relics":["Cracked Core","NeowsBlessing","DemoMod:Orange","DemoMod:Bottle"],"acts_visited":["Exordium"],"potions_floor_usage":[8,10],"damage_taken":[{"damage":0,"enemies":"conspire:RoseBush","floor":1,"turns":1},{"damage":0,"enemies":"2 Louse","floor":4,"turns":1},{"damage":0,"enemies":"Replay:BlueRogue","floor":6,"turns":1},{"damage":0,"enemies":"Cultist","floor":7,"turns":3},{"damage":52,"enemies":"Gremlin Nob","floor":8,"turns":5},{"damage":45,"enemies":"Lagavulin","floor":10,"turns":6}],"seed_played":"6097838315432505911","potions_obtained":[{"floor":1,"key":"BlessingOfTheForge"},{"floor":7,"key":"DemoMod:LeadSkinPotion"}],"is_trial":false,"path_per_floor":["M","$","?","M","$","E","M","E","T","E"],"character_chosen":"DEFECT","items_purchased":["Defragment","Redo"],"campfire_rested":0,"item_purchase_floors":[2,5],"current_hp_per_floor":[75,75,75,75,75,87,87,35,35,0,0],"gold":81,"neow_bonus":"THREE_ENEMY_KILL","is_daily":false,"chose_seed":false,"campfire_upgraded":0,"win_rate":0.0,"timestamp":1612897033,"path_taken":["M","$","?","M","$","E","M","E","T","E"],"items_purchased_type":["Card","Card"],"build_version":"2020-12-22","purchased_purges":0,"victory":false,"max_hp_per_floor":[75,75,75,75,75,87,87,87,87,87,87],"relic_stats":{"counters":[6,17],"obtain_stats":[{"NeowsBlessing":0,"DemoMod:Orange":6,"DemoMod:GlassGuonStoneRelic":1,"Cracked Core":0,"DemoMod:Bottle":8},{"NeowsBlessing":0,"DemoMod:Orange":3,"DemoMod:GlassGuonStoneRelic":1,"Cracked Core":0,"DemoMod:Bottle":5},{"NeowsBlessing":0,"DemoMod:Orange":3,"DemoMod:GlassGuonStoneRelic":1,"Cracked Core":0,"DemoMod:Bottle":11}]},"card_choices":[{"not_picked":["Fusion","Stack"],"picked":"Gash","floor":1},{"not_picked":["BasicCrystalCard","Time Bomb"],"picked":"Capacitor","floor":4},{"not_picked":["Turbo","Rebound"],"picked":"Redo","floor":6},{"not_picked":["Rebound","Chaos"],"picked":"Leap","floor":7},{"not_picked":["Steam","Thunder Strike"],"picked":"Melter","floor":8}],"player_experience":213344,"relics_obtained":[{"floor":6,"key":"DemoMod:Orange"},{"floor":8,"key":"DemoMod:Bottle"}],"event_choices":[],"is_beta":false,"boss_relics":[],"items_purged_floors":[],"is_endless":false,"potions_floor_spawned":[1,7],"killed_by":"Lagavulin","ascension_level":3}}