{"host":"06x7ibqulglyn97c","time":1612874648,"event":{"mods":["AchievementEnabler","BaseMod","Minty Spire (QoL Compilation)","Rare Cards Sparkle","Relic Sorter","Relic Stats","StSLib","The Awakened One except there are too many feathers"],"gold_per_floor":[114,189,203,220,235,235,45,113,113,130,143,153,153,166,166,262,262,272,292,292,319,319,319,244,244,244],"floor_reached":25,"language":"ENG","playtime":1159,"items_purged":["Strike_R"],"score":195,"play_id":"c90c0835-549f-41ad-9d99-54302d228e03","local_time":"20210209124408","is_ascension_mode":false,"campfire_choices":[{"data":"Clash","floor":6.0,"key":"SMITH"},{"data":"Sadistic Nature","floor":13.0,"key":"SMITH"},{"data":"Armaments","floor":15.0,"key":"SMITH"},{"floor":23,"key":"REST"}],"circlet_count":0,"master_deck":["Strike_R","Strike_R","Strike_R","Strike_R","Defend_R","Defend_R","Defend_R","Defend_R","Bash+1","Thunderclap","Clash+1","Demon Form","Armaments+1","Sadistic Nature+1","Uppercut"],"relics":["Burning Blood"],"acts_visited":["Exordium","TheCity"],"potions_floor_usage":[25],"damage_taken":[{"damage":0.0,"enemies":"2 Louse","floor":1.0,"turns":3.0},{"damage":0.0,"enemies":"Cultist","floor":3.0,"turns":4.0},{"damage":1.0,"enemies":"Jaw Worm","floor":4.0,"turns":3.0},{"damage":1.0,"enemies":"Exordium Wildlife","floor":5.0,"turns":2.0},{"damage":0.0,"enemies":"Looter","floor":10.0,"turns":3.0},{"damage":28.0,"enemies":"Large Slime","floor":11.0,"turns":6.0},{"damage":3.0,"enemies":"Red Slaver","floor":12.0,"turns":3.0},{"damage":0.0,"enemies":"Exordium Wildlife","floor":14.0,"turns":2.0},{"damage":60.0,"enemies":"Slime Boss","floor":16.0,"turns":12.0},{"damage":20.0,"enemies":"Shell Parasite","floor":18.0,"turns":6.0},{"damage":5.0,"enemies":"Chosen","floor":19.0,"turns":4.0},{"damage":52.0,"enemies":"Masked Bandits","floor":21.0,"turns":5.0},{"damage":56,"enemies":"Book of Stabbing","floor":25,"turns":5}],"seed_played":"5505070008209861592","potions_obtained":[{"floor":4.0,"key":"Dexterity Potion"},{"floor":12.0,"key":"EntropicBrew"},{"floor":14.0,"key":"Weak Potion"},{"floor":21,"key":"Regen Potion"}],"is_trial":false,"path_per_floor":["M","?","M","M","M","R","$","?","T","M","M","M","R","M","R","B",null,"M","M","?","?","?","R","$","E"],"character_chosen":"IRONCLAD","items_purchased":["Armaments","Sadistic Nature"],"campfire_rested":1,"item_purchase_floors":[7,7],"current_hp_per_floor":[80,72,78,80,80,80,80,80,80,80,58,61,61,67,67,13,80,66,67,67,21,15,39,39,0,0],"gold":244,"neow_bonus":"UPGRADE_CARD","is_daily":false,"chose_seed":false,"campfire_upgraded":3,"win_rate":0.0,"timestamp":1612874648,"path_taken":["M","?","M","?","M","R","$","?","T","M","M","M","R","M","R","BOSS","M","M","?","?","?","R","$","E"],"items_purchased_type":["Card","Card"],"build_version":"2020-12-22","purchased_purges":1,"victory":false,"max_hp_per_floor":[80,80,80,80,80,80,80,80,80,80,80,80,80,80,80,80,80,80,80,80,80,80,80,80,80,80],"relic_stats":{"counters":[13,58],"obtain_stats":[{"Burning Blood":0},{"Burning Blood":0},{"Burning Blood":0}],"Burning Blood":52},"card_choices":[{"not_picked":["Wild Strike","Rage"],"picked":"Thunderclap","floor":1.0},{"not_picked":["Shrug It Off","Iron Wave"],"picked":"Clash","floor":3.0},{"not_picked":["Feel No Pain","Shrug It Off","Thunderclap"],"picked":"SKIP","floor":4.0},{"not_picked":["Armaments","Thunderclap"],"picked":"Demon Form","floor":5.0},{"not_picked":["True Grit","Perfected Strike","Anger"],"picked":"SKIP","floor":10.0},{"not_picked":["Thunderclap","Rampage","Anger"],"picked":"SKIP","floor":11.0},{"not_picked":["Iron Wave","Disarm","Flex"],"picked":"SKIP","floor":12.0},{"not_picked":["Intimidate","Anger","Clothesline"],"picked":"SKIP","floor":14.0},{"not_picked":["Hemokinesis+1","Perfected Strike","Heavy Blade+1"],"picked":"SKIP","floor":18.0},{"not_picked":["Bloodletting+1","Infernal Blade","Anger+1"],"picked":"SKIP","floor":19.0}],"player_experience":682435,"relics_obtained":[],"event_choices":[{"damage_healed":0.0,"max_hp_gain":0.0,"max_hp_loss":0.0,"gold_gain":75.0,"event_name":"FaceTrader","player_choice":"Touch","floor":2.0,"gold_loss":0.0,"damage_taken":8.0},{"damage_healed":0.0,"max_hp_gain":0.0,"max_hp_loss":0.0,"gold_gain":68.0,"event_name":"Golden Wing","player_choice":"Gained Gold","floor":8.0,"gold_loss":0.0,"damage_taken":0.0},{"damage_healed":0.0,"max_hp_gain":0.0,"max_hp_loss":0.0,"gold_gain":0.0,"event_name":"The Library","player_choice":"Read","floor":20.0,"gold_loss":0.0,"damage_taken":0.0,"cards_obtained":["Uppercut"]},{"damage_healed":0.0,"max_hp_gain":0.0,"max_hp_loss":0.0,"gold_gain":0.0,"event_name":"Masked Bandits","player_choice":"Fought Bandits","floor":21.0,"gold_loss":0.0,"damage_taken":0.0},{"damage_healed":0,"gold_gain":0,"player_choice":"","damage_taken":6,"max_hp_gain":0,"max_hp_loss":0,"event_name":"Knowing Skull","floor":22,"potions_obtained":[],"gold_loss":0,"cards_obtained":[]}],"is_beta":false,"boss_relics":[{"not_picked":[]}],"items_purged_floors":[24],"is_endless":false,"potions_floor_spawned":[4,12,14,21],"killed_by":"Book of Stabbing","ascension_level":0}}