{"host":"nsc6ozq3atyrdr3m","time":1612911166,"event":{"mods":["BaseMod","Colored Map","Minty Spire (QoL Compilation)"],"gold_per_floor":[110,185,185,185,185,185,221,221,302,302,321,346,372,405,405,530,530,546,567,131,230,230,274,274,274],"floor_reached":24,"language":"FRA","playtime":738,"items_purged":["Rupture"],"score":284,"play_id":"f96d9f63-913a-4969-9bcd-832639d0f91c","local_time":"20210209235246","is_ascension_mode":true,"campfire_choices":[{"data":"Demon Form","floor":6,"key":"SMITH"},{"floor":8,"key":"REST"},{"data":"Bash","floor":10,"key":"SMITH"},{"floor":15,"key":"REST"}],"circlet_count":0,"master_deck":["Strike_R","Strike_R","Strike_R","Strike_R","Strike_R+1","Defend_R","Defend_R","Defend_R+1","Defend_R","Bash+1","Demon Form+1","Burning Pact","Thunderclap","Cleave","Reaper","Limit Break","Sword Boomerang","Intimidate"],"relics":["Burning Blood","Golden Idol","Pen Nib","Self Forming Clay","Odd Mushroom","Peace Pipe","Black Star","Torii","Nilry\u0027s Codex","Centennial Puzzle","Thread and Needle"],"acts_visited":["Exordium","TheCity"],"potions_floor_usage":[14,16,23,24,24,24],"damage_taken":[{"damage":5,"enemies":"Small Slimes","floor":1,"turns":4},{"damage":36,"enemies":"3 Sentries","floor":7,"turns":7},{"damage":14,"enemies":"2 Louse","floor":11,"turns":3},{"damage":0,"enemies":"Jaw Worm","floor":12,"turns":4},{"damage":21,"enemies":"The Mushroom Lair","floor":13,"turns":4},{"damage":5,"enemies":"Lagavulin","floor":14,"turns":5},{"damage":0,"enemies":"Slime Boss","floor":16,"turns":6},{"damage":21,"enemies":"3 Byrds","floor":18,"turns":7},{"damage":25,"enemies":"Shell Parasite","floor":19,"turns":7},{"damage":31,"enemies":"Gremlin Leader","floor":23,"turns":6},{"damage":36,"enemies":"Sentry and Sphere","floor":24,"turns":7}],"seed_played":"8913149592901387740","potions_obtained":[{"floor":12,"key":"Weak Potion"},{"floor":13,"key":"Block Potion"},{"floor":14,"key":"GamblersBrew"},{"floor":19,"key":"BlessingOfTheForge"},{"floor":23,"key":"Weak Potion"}],"is_trial":false,"path_per_floor":["M","?","?","?","?","R","E","R","T","R","M","M","?","E","R","B",null,"M","M","$","?","?","E","M"],"character_chosen":"IRONCLAD","items_purchased":["Torii","Swift Potion"],"campfire_rested":2,"item_purchase_floors":[20,20],"current_hp_per_floor":[57,46,30,30,54,54,24,46,46,46,38,44,29,30,52,74,74,71,52,52,52,36,31,0,0],"gold":274,"neow_bonus":"THREE_RARE_CARDS","is_daily":false,"chose_seed":false,"campfire_upgraded":2,"win_rate":0.0,"timestamp":1612911166,"path_taken":["M","?","?","?","?","R","E","R","T","R","M","M","?","E","R","BOSS","M","M","$","?","?","E","M"],"items_purchased_type":["Relic","Potion"],"build_version":"2020-12-22","purchased_purges":1,"victory":false,"max_hp_per_floor":[80,80,80,74,74,74,74,74,74,74,74,74,74,74,74,74,74,74,74,74,74,74,74,74,74],"card_choices":[{"not_picked":["Fiend Fire","Corruption"],"picked":"Demon Form","floor":0},{"not_picked":["Shrug It Off","Iron Wave","Metallicize"],"picked":"SKIP","floor":1},{"not_picked":["Perfected Strike","Anger"],"picked":"Burning Pact","floor":7},{"not_picked":["Combust","Sentinel"],"picked":"Thunderclap","floor":11},{"not_picked":["Iron Wave","Perfected Strike"],"picked":"Rupture","floor":12},{"not_picked":["Body Slam","Carnage"],"picked":"Cleave","floor":13},{"not_picked":["Clash","Perfected Strike"],"picked":"Reaper","floor":14},{"not_picked":["Demon Form","Exhume"],"picked":"Limit Break","floor":16},{"not_picked":["Body Slam","Pummel"],"picked":"Sword Boomerang","floor":18},{"not_picked":["Warcry","Inflame"],"picked":"Intimidate","floor":19},{"not_picked":["Clash","Iron Wave","Warcry"],"picked":"SKIP","floor":23}],"player_experience":385745,"relics_obtained":[{"floor":7,"key":"Pen Nib"},{"floor":9,"key":"Self Forming Clay"},{"floor":13,"key":"Odd Mushroom"},{"floor":14,"key":"Peace Pipe"},{"floor":22,"key":"Nilry\u0027s Codex"},{"floor":23,"key":"Centennial Puzzle"},{"floor":23,"key":"Thread and Needle"}],"event_choices":[{"damage_healed":0,"gold_gain":75,"player_choice":"Gather Gold","damage_taken":11,"max_hp_gain":0,"max_hp_loss":0,"event_name":"World of Goop","floor":2,"gold_loss":0},{"damage_healed":0,"gold_gain":0,"player_choice":"Entered Light","damage_taken":16,"max_hp_gain":0,"max_hp_loss":0,"event_name":"Shining Light","floor":3,"gold_loss":0,"cards_upgraded":["Defend_R","Strike_R"]},{"damage_healed":0,"gold_gain":0,"player_choice":"Lose Max HP","damage_taken":0,"relics_obtained":["Golden Idol"],"max_hp_gain":0,"max_hp_loss":6,"event_name":"Golden Idol","floor":4,"gold_loss":0},{"damage_healed":24,"gold_gain":0,"player_choice":"Banana","damage_taken":0,"max_hp_gain":0,"max_hp_loss":0,"event_name":"Big Fish","floor":5,"gold_loss":0},{"damage_healed":0,"gold_gain":0,"player_choice":"Fought Mushrooms","damage_taken":0,"max_hp_gain":0,"max_hp_loss":0,"event_name":"Mushrooms","floor":13,"gold_loss":0},{"damage_healed":0,"gold_gain":99,"player_choice":"Stole From Cult","damage_taken":0,"max_hp_gain":0,"max_hp_loss":0,"event_name":"Nest","floor":21,"gold_loss":0},{"damage_healed":0,"gold_gain":0,"player_choice":"Obtained Book","damage_taken":16,"max_hp_gain":0,"max_hp_loss":0,"event_name":"Cursed Tome","floor":22,"gold_loss":0}],"is_beta":false,"boss_relics":[{"not_picked":["Runic Cube","Calling Bell"],"picked":"Black Star"}],"items_purged_floors":[20],"is_endless":false,"potions_floor_spawned":[12,13,14,19,23],"killed_by":"Sentry and Sphere","ascension_level":1}}