{"host":"06e3yyzgn8o619wl","time":1612885483,"event":{"mods":["BaseMod","Block Reminder","Colored Map","Colored Powertips","DeckTracker","Minty Spire (QoL Compilation)","Permanent Neow","Relic Stats","StSLib"],"gold_per_floor":[416,435,448,459,475,475,475],"floor_reached":6,"language":"JPN","playtime":346,"items_purged":[],"score":42,"play_id":"e56bf31b-052b-43c2-a7d4-8dbb55dbd104","local_time":"20210210004443","is_ascension_mode":true,"campfire_choices":[],"circlet_count":0,"master_deck":["Strike_R","Strike_R","Strike_R","Strike_R","Strike_R","Defend_R","Defend_R","Defend_R","Defend_R","Bash","Dual Wield","Spot Weakness","Shrug It Off","Armaments","Cleave"],"relics":["Burning Blood","Old Coin"],"acts_visited":["Exordium"],"potions_floor_usage":[],"damage_taken":[{"damage":7,"enemies":"Small Slimes","floor":1,"turns":5},{"damage":25,"enemies":"Jaw Worm","floor":2,"turns":5},{"damage":13,"enemies":"Cultist","floor":3,"turns":5},{"damage":13,"enemies":"Exordium Wildlife","floor":4,"turns":7},{"damage":18,"enemies":"Exordium Thugs","floor":5,"turns":6},{"damage":18,"enemies":"Lagavulin","floor":6,"turns":3}],"seed_played":"-450370235611844034","potions_obtained":[{"floor":1,"key":"CultistPotion"},{"floor":4,"key":"Explosive Potion"}],"is_trial":false,"path_per_floor":["M","M","M","M","M","E"],"character_chosen":"IRONCLAD","items_purchased":[],"campfire_rested":0,"item_purchase_floors":[],"current_hp_per_floor":[55,36,29,22,10,0,0],"gold":475,"neow_bonus":"ONE_RARE_RELIC","is_daily":false,"chose_seed":false,"campfire_upgraded":0,"win_rate":0.0,"timestamp":1612885483,"path_taken":["M","M","M","M","M","E"],"items_purchased_type":[],"build_version":"2020-12-22","purchased_purges":0,"victory":false,"max_hp_per_floor":[80,80,80,80,80,80,80],"relic_stats":{"counters":[6,31],"obtain_stats":[{"Burning Blood":0,"Old Coin":0},{"Burning Blood":0,"Old Coin":0},{"Burning Blood":0,"Old Coin":0}],"Burning Blood":30},"card_choices":[{"not_picked":["Body Slam","Thunderclap"],"picked":"Dual Wield","floor":1},{"not_picked":["Pummel","Clash"],"picked":"Spot Weakness","floor":2},{"not_picked":["Carnage","Power Through"],"picked":"Shrug It Off","floor":3},{"not_picked":["Cleave","Battle Trance"],"picked":"Armaments","floor":4},{"not_picked":["Rage","Body Slam"],"picked":"Cleave","floor":5}],"player_experience":183495,"relics_obtained":[],"event_choices":[],"is_beta":false,"boss_relics":[],"items_purged_floors":[],"is_endless":false,"potions_floor_spawned":[1,4],"killed_by":"Lagavulin","ascension_level":1}}