{"host":"d52brwsy6af8zvaq","time":1612856149,"event":{"mods":["AchievementEnabler","BaseMod","Bestiary","Highlight Path","Minty Spire (QoL Compilation)","Quick Restart","Relic Stats","ojb\u0027s Better Paths Mod"],"gold_per_floor":[112,112,76,93,109,144,44,44,44,77,94,109,126,126,126,197,197,213,232,90,90,90],"floor_reached":21,"language":"ENG","playtime":892,"items_purged":["Strike_B","Strike_B"],"score":382,"play_id":"4419c450-41bd-4f0b-b0ac-040ac8e25ff8","local_time":"20210209003549","is_ascension_mode":true,"campfire_choices":[{"data":"Zap","floor":8,"key":"SMITH"},{"floor":15,"key":"REST"}],"circlet_count":0,"master_deck":["AscendersBane","Strike_B","Defend_B","Defend_B","Defend_B","Defend_B","Zap+1","Dualcast","Doom and Gloom","Auto Shields","BootSequence","White Noise","Multi-Cast","Go for the Eyes","Cold Snap","Hologram","Loop","Core Surge","Ball Lightning+1","Turbo","Tempest"],"relics":["Cracked Core","The Courier","HornCleat","Sozu"],"acts_visited":["Exordium","TheCity"],"potions_floor_usage":[10,10,14,16],"damage_taken":[{"damage":0,"enemies":"Cultist","floor":1,"turns":3},{"damage":0,"enemies":"2 Louse","floor":4,"turns":2},{"damage":0,"enemies":"Small Slimes","floor":5,"turns":3},{"damage":9,"enemies":"Lagavulin","floor":6,"turns":5},{"damage":55,"enemies":"Gremlin Nob","floor":10,"turns":5},{"damage":0,"enemies":"Looter","floor":11,"turns":3},{"damage":0,"enemies":"3 Louse","floor":12,"turns":3},{"damage":0,"enemies":"Red Slaver","floor":13,"turns":4},{"damage":0,"enemies":"The Mushroom Lair","floor":14,"turns":3},{"damage":6,"enemies":"Hexaghost","floor":16,"turns":8},{"damage":25,"enemies":"Spheric Guardian","floor":18,"turns":6},{"damage":11,"enemies":"Shell Parasite","floor":19,"turns":3},{"damage":40,"enemies":"3 Cultists","floor":21,"turns":4}],"seed_played":"2004142838183353390","potions_obtained":[{"floor":4,"key":"ColorlessPotion"},{"floor":5,"key":"Weak Potion"},{"floor":10,"key":"SmokeBomb"},{"floor":11,"key":"Energy Potion"},{"floor":13,"key":"Regen Potion"},{"floor":16,"key":"EssenceOfSteel"}],"is_trial":false,"path_per_floor":["M","?","$","M","M","E","$","R","T","E","M","M","M","?","R","B",null,"M","M","$","M"],"character_chosen":"DEFECT","items_purchased":["Auto Shields","Go for the Eyes","Tempest"],"campfire_rested":1,"item_purchase_floors":[3,7,20],"current_hp_per_floor":[71,71,71,71,71,62,62,62,62,7,7,7,7,7,30,39,68,43,32,32,0,0],"gold":90,"neow_bonus":"TEN_PERCENT_HP_BONUS","is_daily":false,"chose_seed":false,"campfire_upgraded":1,"win_rate":0.0,"timestamp":1612856149,"path_taken":["M","?","$","?","M","E","?","R","T","E","M","M","?","?","R","BOSS","M","M","$","M"],"items_purchased_type":["Card","Card","Card"],"build_version":"2020-12-22","purchased_purges":2,"victory":false,"max_hp_per_floor":[78,78,78,78,78,78,78,78,78,78,78,78,78,78,78,78,78,78,78,78,78,78],"relic_stats":{"Sozu":1,"counters":[13,52],"obtain_stats":[{"Sozu":17,"HornCleat":10,"The Courier":6,"Cracked Core":0},{"Sozu":10,"HornCleat":5,"The Courier":4,"Cracked Core":0},{"Sozu":39,"HornCleat":18,"The Courier":13,"Cracked Core":0}]},"card_choices":[{"not_picked":["Streamline","Stack"],"picked":"Doom and Gloom","floor":1},{"not_picked":["Conserve Battery","Storm"],"picked":"BootSequence","floor":4},{"not_picked":["Auto Shields","Sweeping Beam"],"picked":"White Noise","floor":5},{"not_picked":["Stack","Machine Learning"],"picked":"Multi-Cast","floor":6},{"not_picked":["Beam Cell","Rebound","Sunder"],"picked":"SKIP","floor":10},{"not_picked":["Gash","Sweeping Beam"],"picked":"Cold Snap","floor":11},{"not_picked":["Streamline","Barrage"],"picked":"Hologram","floor":12},{"not_picked":["Consume","Skim"],"picked":"Loop","floor":13},{"not_picked":["Meteor Strike","Machine Learning"],"picked":"Core Surge","floor":16},{"not_picked":["Sweeping Beam","Chaos"],"picked":"Ball Lightning+1","floor":18},{"not_picked":["Compile Driver","Recycle"],"picked":"Turbo","floor":19}],"player_experience":2199790,"relics_obtained":[{"floor":6,"key":"The Courier"},{"floor":10,"key":"HornCleat"}],"event_choices":[{"cards_removed":["Strike_B"],"damage_healed":0,"gold_gain":0,"player_choice":"Offered Basic","damage_taken":0,"max_hp_gain":0,"max_hp_loss":0,"event_name":"Bonfire Elementals","floor":2,"gold_loss":0},{"damage_healed":0,"gold_gain":0,"player_choice":"Fought Mushrooms","damage_taken":0,"max_hp_gain":0,"max_hp_loss":0,"event_name":"Mushrooms","floor":14,"gold_loss":0}],"is_beta":false,"boss_relics":[{"not_picked":["Velvet Choker","Pandora\u0027s Box"],"picked":"Sozu"}],"items_purged_floors":[7,20],"is_endless":false,"potions_floor_spawned":[4,5,10,11,13,14,16,18],"killed_by":"3 Cultists","ascension_level":20}}