{"host":"sav7uxregyirlf69","time":1612881980,"event":{"mods":["AchievementEnabler","BaseMod","Colored Map","DeckTracker","Keyboard Shortcuts","Minty Spire (QoL Compilation)","READ ME - Guardian Mod","StSLib","SuperFastMode"],"gold_per_floor":[116,116,116,136,149,149,161,161,231,248,248,248,277,290,290,366,366,384,384,384,384,163,163,190,190,217,248,266,297,0,13,13,86,86,104,104,62,62,79,79,108,108,135,152,152,168,193,193,193,193,193,193,193,47,78,78],"floor_reached":57,"language":"KOR","playtime":2118,"items_purged":["Defend_G","Strike_G"],"score":2817,"play_id":"a405b24c-bdc6-4478-83fa-e4f270664d17","local_time":"20210209234620","is_ascension_mode":true,"campfire_choices":[{"data":"Eviscerate","floor":6.0,"key":"SMITH"},{"data":"Concentrate","floor":12.0,"key":"SMITH"},{"floor":15.0,"key":"REST"},{"data":"Cloak And Dagger","floor":23.0,"key":"SMITH"},{"floor":25.0,"key":"REST"},{"floor":32.0,"key":"REST"},{"data":"Apotheosis","floor":40.0,"key":"SMITH"},{"floor":49,"key":"RECALL"},{"data":"Acrobatics","floor":53,"key":"SMITH"}],"circlet_count":0,"master_deck":["AscendersBane","Strike_G+1","Defend_G","Defend_G","Defend_G+1","Survivor","Neutralize","Eviscerate+1","Dagger Throw","Blur","Backstab","Tactician","Concentrate+1","Malaise","After Image","Cloak And Dagger+1","Burst","Acrobatics+1","Apotheosis+1","Footwork","After Image","Acrobatics","Reflex","Reflex+1","Master of Strategy","Purity","PiercingWail","Prepared","PiercingWail"],"relics":["Ring of the Snake","NeowsBlessing","Shuriken","Toy Ornithopter","Runic Pyramid","Membership Card","Boot","Omamori","Potion Belt","Bag of Marbles","Ninja Scroll","Empty Cage","Ginger","Juzu Bracelet","The Courier","Nunchaku"],"acts_visited":["Exordium","TheCity","TheBeyond","TheEnding"],"potions_floor_usage":[46,50,50,51,55,56,56],"damage_taken":[{"damage":0.0,"enemies":"Jaw Worm","floor":1.0,"turns":1.0},{"damage":0.0,"enemies":"2 Louse","floor":4.0,"turns":1.0},{"damage":0.0,"enemies":"Cultist","floor":5.0,"turns":1.0},{"damage":0.0,"enemies":"Gremlin Gang","floor":7.0,"turns":5.0},{"damage":0.0,"enemies":"2 Fungi Beasts","floor":10.0,"turns":4.0},{"damage":32.0,"enemies":"Lagavulin","floor":13.0,"turns":6.0},{"damage":9.0,"enemies":"Red Slaver","floor":14.0,"turns":3.0},{"damage":24.0,"enemies":"Hexaghost","floor":16.0,"turns":9.0},{"damage":5.0,"enemies":"Shell Parasite","floor":18.0,"turns":7.0},{"damage":15.0,"enemies":"Gremlin Leader","floor":27.0,"turns":7.0},{"damage":0.0,"enemies":"Spheric Guardian","floor":28.0,"turns":5.0},{"damage":34.0,"enemies":"Book of Stabbing","floor":29.0,"turns":8.0},{"damage":0.0,"enemies":"Chosen and Byrds","floor":31.0,"turns":6.0},{"damage":3.0,"enemies":"Automaton","floor":33.0,"turns":11.0},{"damage":25.0,"enemies":"3 Shapes","floor":35.0,"turns":3.0},{"damage":0.0,"enemies":"3 Darklings","floor":39.0,"turns":3.0},{"damage":0,"enemies":"Reptomancer","floor":41,"turns":5},{"damage":10,"enemies":"Sphere and 2 Shapes","floor":44,"turns":4},{"damage":0,"enemies":"4 Shapes","floor":46,"turns":3},{"damage":0,"enemies":"Giant Head","floor":47,"turns":4},{"damage":13,"enemies":"Donu and Deca","floor":50,"turns":7},{"damage":34,"enemies":"Awakened One","floor":51,"turns":6},{"damage":10,"enemies":"Shield and Spear","floor":55,"turns":5},{"damage":38,"enemies":"The Heart","floor":56,"turns":11}],"seed_played":"-4012912185416216254","potions_obtained":[{"floor":1.0,"key":"SneckoOil"},{"floor":4.0,"key":"Block Potion"},{"floor":7.0,"key":"Strength Potion"},{"floor":13.0,"key":"PowerPotion"},{"floor":18.0,"key":"Fire Potion"},{"floor":28.0,"key":"SteroidPotion"},{"floor":31.0,"key":"Weak Potion"},{"floor":38.0,"key":"Dexterity Potion"},{"floor":38.0,"key":"SpeedPotion"},{"floor":41,"key":"SpeedPotion"},{"floor":46,"key":"SkillPotion"},{"floor":47,"key":"DistilledChaos"}],"is_trial":false,"path_per_floor":["M","?","?","M","M","R","M","?","T","M","?","R","E","M","R","B",null,"M","?","?","?","$","R","T","R","T","E","M","E","$","M","R","B",null,"M","?","$","?","M","R","E","?","T","M","?","M","E","?","R","B","B",null,"R","$","E","B",null],"character_chosen":"THE_SILENT","items_purchased":["Membership Card","Cloak And Dagger","Acrobatics","Apotheosis","Ninja Scroll","Footwork","Reflex","Prepared","Swift Potion","Weak Potion","CunningPotion"],"campfire_rested":3,"item_purchase_floors":[22,22,30,30,30,30,37,54,54,54,54],"current_hp_per_floor":[59,39,39,39,39,39,39,44,44,44,44,44,12,3,24,5,55,50,30,30,30,30,30,30,52,52,42,42,8,8,8,30,27,64,49,49,49,49,49,49,49,39,39,29,29,34,34,76,76,64,35,66,66,66,61,33],"gold":78,"neow_bonus":"THREE_ENEMY_KILL","is_daily":false,"chose_seed":false,"campfire_upgraded":5,"win_rate":0.0,"timestamp":1612881980,"path_taken":["M","?","?","M","?","R","?","?","T","M","?","R","E","M","R","BOSS","M","?","?","?","$","R","?","R","T","E","M","E","$","M","R","BOSS","M","?","$","?","M","R","E","?","T","M","?","M","E","?","R","BOSS","BOSS","R","$","E","BOSS"],"items_purchased_type":["Relic","Card","Card","Card","Relic","Card","Card","Card","Potion","Potion","Potion"],"build_version":"2020-12-22","purchased_purges":2,"victory":true,"max_hp_per_floor":[66,66,66,66,66,66,66,71,71,71,71,71,71,71,71,71,71,71,76,76,76,76,76,76,76,76,76,76,76,76,76,76,76,76,76,76,76,76,76,76,76,76,76,76,76,76,76,76,76,76,76,76,76,76,76,76],"card_choices":[{"not_picked":["PiercingWail","Acrobatics"],"picked":"Eviscerate","floor":1.0},{"not_picked":["Dagger Spray","Accuracy"],"picked":"Dagger Throw","floor":4.0},{"not_picked":["Flechettes","Heel Hook"],"picked":"Blur","floor":5.0},{"not_picked":["Caltrops","PiercingWail"],"picked":"Backstab","floor":7.0},{"not_picked":["Poisoned Stab","All Out Attack"],"picked":"Tactician","floor":10.0},{"not_picked":["Deflect","Distraction"],"picked":"Malaise","floor":13.0},{"not_picked":["Underhanded Strike","Slice","Dagger Spray"],"picked":"SKIP","floor":14.0},{"not_picked":["Envenom","Burst"],"picked":"After Image","floor":16.0},{"not_picked":["Deadly Poison","Bane","Concentrate"],"picked":"SKIP","floor":18.0},{"not_picked":["Noxious Fumes","Expertise+1"],"picked":"Burst","floor":27.0},{"not_picked":["Dodge and Roll","Well Laid Plans","Skewer"],"picked":"SKIP","floor":28.0},{"not_picked":["Eviscerate","Bane+1","Flechettes"],"picked":"SKIP","floor":29.0},{"not_picked":["PiercingWail","Deadly Poison","Bane+1"],"picked":"SKIP","floor":31.0},{"not_picked":["Wraith Form v2","Phantasmal Killer"],"picked":"After Image","floor":33.0},{"not_picked":["Deadly Poison","Outmaneuver+1"],"picked":"Acrobatics","floor":35.0},{"not_picked":["Dagger Throw","Accuracy"],"picked":"Reflex+1","floor":39.0},{"not_picked":["Backstab","Cloak And Dagger+1","PiercingWail"],"picked":"SKIP","floor":41},{"not_picked":["Backstab","Cloak And Dagger+1","PiercingWail"],"picked":"SKIP","floor":41},{"not_picked":["Thinking Ahead","Secret Weapon"],"picked":"Master of Strategy","floor":42},{"not_picked":["Violence","Finesse"],"picked":"Purity","floor":42},{"not_picked":["Dagger Throw","Crippling Poison","Slice"],"picked":"SKIP","floor":44},{"not_picked":["Poisoned Stab","Bane"],"picked":"PiercingWail","floor":46},{"not_picked":["Dagger Throw+1","Outmaneuver","Infinite Blades"],"picked":"SKIP","floor":47},{"not_picked":["Backflip","Slice"],"picked":"PiercingWail","floor":55}],"player_experience":1545801,"relics_obtained":[{"floor":9.0,"key":"Shuriken"},{"floor":13.0,"key":"Toy Ornithopter"},{"floor":24.0,"key":"Boot"},{"floor":26.0,"key":"Omamori"},{"floor":27.0,"key":"Potion Belt"},{"floor":29.0,"key":"Bag of Marbles"},{"floor":36.0,"key":"Ginger"},{"floor":41,"key":"Juzu Bracelet"},{"floor":47,"key":"The Courier"},{"floor":55,"key":"Nunchaku"}],"event_choices":[{"damage_healed":0.0,"max_hp_gain":0.0,"max_hp_loss":0.0,"gold_gain":0.0,"event_name":"Shining Light","player_choice":"Entered Light","floor":2.0,"gold_loss":0.0,"damage_taken":20.0,"cards_upgraded":["Defend_G","Strike_G"]},{"damage_healed":0.0,"max_hp_gain":0.0,"max_hp_loss":0.0,"gold_gain":0.0,"event_name":"Match and Keep!","player_choice":"0 cards matched","floor":3.0,"gold_loss":0.0,"damage_taken":0.0,"cards_obtained":[]},{"damage_healed":0.0,"max_hp_gain":5.0,"max_hp_loss":0.0,"gold_gain":0.0,"event_name":"Big Fish","player_choice":"Donut","floor":8.0,"gold_loss":0.0,"damage_taken":0.0},{"damage_healed":0.0,"max_hp_gain":0.0,"max_hp_loss":0.0,"gold_gain":0.0,"cards_transformed":["Strike_G"],"event_name":"Transmorgrifier","player_choice":"Transformed","floor":11.0,"gold_loss":0.0,"damage_taken":0.0,"cards_obtained":["Concentrate"]},{"damage_healed":0.0,"max_hp_gain":5.0,"max_hp_loss":0.0,"gold_gain":0.0,"event_name":"Forgotten Altar","player_choice":"Shed Blood","floor":19.0,"gold_loss":0.0,"damage_taken":25.0},{"damage_healed":0.0,"max_hp_gain":0.0,"max_hp_loss":0.0,"gold_gain":0.0,"event_name":"Cursed Tome","player_choice":"Ignored","floor":20.0,"gold_loss":0.0,"damage_taken":0.0},{"cards_removed":["Strike_G"],"damage_healed":0.0,"max_hp_gain":0.0,"max_hp_loss":0.0,"gold_gain":0.0,"event_name":"Back to Basics","player_choice":"Elegance","floor":21.0,"gold_loss":0.0,"damage_taken":0.0},{"damage_healed":0.0,"max_hp_gain":0.0,"max_hp_loss":0.0,"gold_gain":0.0,"event_name":"Wheel of Change","player_choice":"Relic","floor":36.0,"gold_loss":0.0,"damage_taken":0.0},{"damage_healed":0.0,"max_hp_gain":0.0,"max_hp_loss":0.0,"gold_gain":0.0,"event_name":"Lab","player_choice":"Got Potions","floor":38.0,"gold_loss":0.0,"damage_taken":0.0},{"damage_healed":0,"gold_gain":0,"player_choice":"Memory 3","damage_taken":10,"max_hp_gain":0,"max_hp_loss":0,"event_name":"SensoryStone","floor":42,"gold_loss":0},{"damage_healed":0,"gold_gain":0,"player_choice":"Ignored","damage_taken":0,"max_hp_gain":0,"max_hp_loss":0,"event_name":"The Moai Head","floor":45,"gold_loss":0},{"damage_healed":42,"gold_gain":0,"player_choice":"Heal","damage_taken":0,"max_hp_gain":0,"max_hp_loss":0,"event_name":"MindBloom","floor":48,"gold_loss":0,"cards_obtained":["Doubt"]}],"is_beta":false,"boss_relics":[{"not_picked":["SlaversCollar","Fusion Hammer"],"picked":"Runic Pyramid"},{"not_picked":["HoveringKite","Cursed Key"],"picked":"Empty Cage"}],"items_purged_floors":[22,54],"is_endless":false,"potions_floor_spawned":[1,4,7,13,18,28,31,41,46,47],"ascension_level":20}}