{"host":"ypphcgdomtfqpc2w","time":1612877664,"event":{"mods":["BaseMod","Minty Spire (QoL Compilation)","StSLib"],"gold_per_floor":[114,114,131,145,220,220,235,260,272,296,308,349,380,392,404,516,528,552,584,120,135,146,146,156,190,213,242,262,316,348,358,358,460,460,479,498,498,498],"floor_reached":37,"language":"ENG","playtime":2765,"items_purged":["Pain"],"score":712,"play_id":"47c0c649-a90f-4ca8-bf30-34cae243404a","local_time":"20210209223424","is_ascension_mode":true,"campfire_choices":[{"data":"Vigilance","floor":6.0,"key":"SMITH"},{"floor":11,"key":"REST"},{"data":"Consecrate","floor":15,"key":"SMITH"},{"floor":23,"key":"REST"},{"data":"Forethought","floor":32,"key":"SMITH"}],"circlet_count":0,"master_deck":["AscendersBane","Strike_P","Strike_P","Strike_P","Strike_P","Defend_P","Defend_P","Defend_P","Defend_P","Eruption+1","Vigilance+1","Meditate","MentalFortress","Consecrate+1","Halt","FlurryOfBlows","SpiritShield","TalkToTheHand","Protect","Blasphemy","CutThroughFate","FlurryOfBlows","Forethought+1","WheelKick","TalkToTheHand","ThirdEye","Tantrum","SashWhip","Prostrate","Establishment","Consecrate"],"relics":["PureWater","MawBank","Bronze Scales","StrikeDummy","WarpedTongs","Runic Pyramid","Vajra","OrangePellets","Centennial Puzzle","Bag of Marbles","Strawberry","Unceasing Top","Black Star"],"acts_visited":["Exordium","TheCity","TheBeyond"],"potions_floor_usage":[12,12,16,37,37],"damage_taken":[{"damage":0.0,"enemies":"Small Slimes","floor":1.0,"turns":2.0},{"damage":0.0,"enemies":"Cultist","floor":3.0,"turns":2.0},{"damage":0.0,"enemies":"Jaw Worm","floor":4.0,"turns":3.0},{"damage":8.0,"enemies":"Looter","floor":7.0,"turns":5.0},{"damage":26,"enemies":"Lagavulin","floor":8,"turns":8},{"damage":13,"enemies":"Blue Slaver","floor":10,"turns":2},{"damage":8,"enemies":"Gremlin Nob","floor":12,"turns":4},{"damage":0,"enemies":"Large Slime","floor":13,"turns":4},{"damage":23,"enemies":"Slime Boss","floor":16,"turns":12},{"damage":12,"enemies":"Chosen","floor":18,"turns":3},{"damage":11,"enemies":"Spheric Guardian","floor":19,"turns":3},{"damage":0,"enemies":"Snake Plant","floor":21,"turns":3},{"damage":0,"enemies":"Centurion and Healer","floor":22,"turns":4},{"damage":12,"enemies":"Shelled Parasite and Fungi","floor":24,"turns":4},{"damage":19,"enemies":"Slavers","floor":25,"turns":2},{"damage":4,"enemies":"Gremlin Leader","floor":27,"turns":4},{"damage":10,"enemies":"Snake Plant","floor":28,"turns":3},{"damage":11,"enemies":"Slavers","floor":30,"turns":4},{"damage":0,"enemies":"Snecko","floor":31,"turns":4},{"damage":11,"enemies":"Automaton","floor":33,"turns":8},{"damage":1,"enemies":"3 Shapes","floor":35,"turns":4},{"damage":8,"enemies":"3 Darklings","floor":36,"turns":4},{"damage":60,"enemies":"2 Orb Walkers","floor":37,"turns":4}],"seed_played":"6650692116306598713","potions_obtained":[{"floor":1.0,"key":"LiquidMemories"},{"floor":7.0,"key":"StancePotion"},{"floor":12,"key":"BottledMiracle"},{"floor":19,"key":"FairyPotion"},{"floor":28,"key":"BottledMiracle"},{"floor":33,"key":"BottledMiracle"}],"is_trial":false,"path_per_floor":["M","?","M","M","?","R","M","E","T","M","R","E","M","?","R","B",null,"M","M","$","M","M","R","M","E","T","E","M","T","E","M","R","B",null,"M","M","?"],"character_chosen":"WATCHER","items_purchased":["Vajra","OrangePellets","Forethought"],"campfire_rested":2,"item_purchase_floors":[20,20,20],"current_hp_per_floor":[65,70,70,70,59,59,51,25,25,12,35,27,27,27,27,4,59,47,36,36,36,36,59,47,28,28,24,14,21,10,10,10,25,69,68,60,0,0],"gold":498,"neow_bonus":"UPGRADE_CARD","is_daily":false,"chose_seed":false,"campfire_upgraded":3,"win_rate":0.0,"timestamp":1612877664,"path_taken":["M","?","M","M","?","R","M","E","T","M","R","E","M","?","R","BOSS","M","M","$","M","M","R","M","E","T","E","M","?","E","M","R","BOSS","M","M","?"],"items_purchased_type":["Relic","Relic","Card"],"build_version":"2020-12-22","purchased_purges":1,"victory":false,"max_hp_per_floor":[72,77,77,77,77,77,77,77,77,77,77,77,77,77,77,77,77,77,77,77,77,77,77,77,77,77,77,77,84,84,84,84,84,84,84,84,84,84],"card_choices":[{"not_picked":["EmptyFist","FlyingSleeves"],"picked":"Meditate","floor":1.0},{"not_picked":["FollowUp","Adaptation"],"picked":"MentalFortress","floor":3.0},{"not_picked":["JustLucky","WreathOfFlame"],"picked":"Consecrate","floor":4.0},{"not_picked":["Protect","Crescendo"],"picked":"Halt","floor":7.0},{"not_picked":["WaveOfTheHand","FlyingSleeves"],"picked":"FlurryOfBlows","floor":8},{"not_picked":["Protect","BowlingBash"],"picked":"SpiritShield","floor":10},{"not_picked":["InnerPeace","SandsOfTime"],"picked":"TalkToTheHand","floor":12},{"not_picked":["BowlingBash","Meditate"],"picked":"Protect","floor":13},{"not_picked":["Brilliance","Omniscience"],"picked":"Blasphemy","floor":16},{"not_picked":["ThirdEye+1","EmptyBody"],"picked":"CutThroughFate","floor":18},{"not_picked":["ForeignInfluence","FollowUp"],"picked":"FlurryOfBlows","floor":19},{"not_picked":["SashWhip","FearNoEvil"],"picked":"WheelKick","floor":21},{"not_picked":["Indignation","ForeignInfluence"],"picked":"TalkToTheHand","floor":22},{"not_picked":["FollowUp","FlurryOfBlows"],"picked":"ThirdEye","floor":24},{"not_picked":["Blasphemy","Wireheading"],"picked":"Tantrum","floor":25},{"not_picked":["JustLucky","PathToVictory+1"],"picked":"SashWhip","floor":27},{"not_picked":["ClearTheMind+1","Crescendo"],"picked":"Prostrate","floor":28},{"not_picked":["Brilliance","Pray","Halt"],"picked":"SKIP","floor":30},{"not_picked":["Halt","ThirdEye","SashWhip"],"picked":"SKIP","floor":31},{"not_picked":["SpiritShield","Devotion"],"picked":"Establishment","floor":33},{"not_picked":["Vengeance","SashWhip","PathToVictory+1"],"picked":"SKIP","floor":35},{"not_picked":["ThirdEye","SashWhip","Consecrate"],"picked":"SKIP","floor":36},{"not_picked":["ThirdEye","SashWhip"],"picked":"Consecrate","floor":36}],"player_experience":2170269,"relics_obtained":[{"floor":8,"key":"MawBank"},{"floor":9,"key":"Bronze Scales"},{"floor":12,"key":"StrikeDummy"},{"floor":25,"key":"Centennial Puzzle"},{"floor":27,"key":"Bag of Marbles"},{"floor":29,"key":"Strawberry"},{"floor":30,"key":"Unceasing Top"}],"event_choices":[{"damage_healed":0.0,"max_hp_gain":5.0,"max_hp_loss":0.0,"gold_gain":0.0,"event_name":"Big Fish","player_choice":"Donut","floor":2.0,"gold_loss":0.0,"damage_taken":0.0},{"damage_healed":0.0,"max_hp_gain":0.0,"max_hp_loss":0.0,"gold_gain":75.0,"event_name":"World of Goop","player_choice":"Gather Gold","floor":5.0,"gold_loss":0.0,"damage_taken":11.0},{"damage_healed":0,"gold_gain":0,"player_choice":"Rummage","damage_taken":0,"relics_obtained":["WarpedTongs"],"max_hp_gain":0,"max_hp_loss":0,"event_name":"Accursed Blacksmith","floor":14,"gold_loss":0,"cards_obtained":["Pain"]},{"damage_healed":0,"gold_gain":0,"player_choice":"Fight","damage_taken":0,"max_hp_gain":0,"max_hp_loss":0,"event_name":"Mysterious Sphere","floor":37,"gold_loss":0}],"is_beta":false,"boss_relics":[{"not_picked":["Busted Crown","Velvet Choker"],"picked":"Runic Pyramid"},{"not_picked":["Empty Cage","Tiny House"],"picked":"Black Star"}],"items_purged_floors":[20],"is_endless":false,"potions_floor_spawned":[1,7,12,19,28,30,33,35],"killed_by":"2 Orb Walkers","ascension_level":12}}