{"host":"kk6i5v7sjcm8i50x","time":1612903429,"event":{"mods":["BaseMod","Bestiary","Colored Map","Downfall","Hubris","Minty Spire (QoL Compilation)","Reliquary","StSLib","The Saiyan"],"gold_per_floor":[114,33,45,45,45,70,87,87,87,113,113,126,126,144,144,249,249,268,268,193,212,224,255,255,255,255,25,42,70,87,47,47,147,147],"floor_reached":33,"language":"ENG","playtime":1298,"items_purged":["Defend_G"],"score":320,"play_id":"3d3a814f-fc92-43a7-986f-5fefea80caf2","local_time":"20210209154349","is_ascension_mode":false,"campfire_choices":[{"data":"Noxious Fumes","floor":8,"key":"SMITH"},{"floor":11,"key":"REST"},{"data":"Poisoned Stab","floor":13,"key":"SMITH"},{"data":"Envenom","floor":15,"key":"SMITH"},{"floor":24,"key":"REST"},{"floor":32,"key":"REST"}],"circlet_count":0,"master_deck":["Strike_G","Strike_G","Strike_G","Strike_G","Strike_G","Defend_G","Survivor","Neutralize","Quick Slash","Noxious Fumes+1","Noxious Fumes+1","Slice","Poisoned Stab+1","Envenom+1","Adrenaline+1","Cloak And Dagger+1","Die Die Die","Blade Dance","Catalyst","Deadly Poison","Infinite Blades","Flash of Steel","Escape Plan","Bouncing Flask"],"relics":["Ring of the Snake","NeowsBlessing","Membership Card","Bag of Marbles","Toy Ornithopter","Ancient Tea Set","Empty Cage","hubris:Icosahedron","Art of War","hubris:Towel","reliquary:SharkskinSheath","reliquary:RadioactivePellet"],"acts_visited":["Exordium","TheCity"],"potions_floor_usage":[16,16,16,23,29,29,29,30],"damage_taken":[{"damage":0,"enemies":"2 Louse","floor":1,"turns":1},{"damage":0,"enemies":"Cultist","floor":3,"turns":1},{"damage":0,"enemies":"Lagavulin","floor":6,"turns":2},{"damage":9,"enemies":"Small Slimes","floor":7,"turns":3},{"damage":23,"enemies":"Gremlin Nob","floor":10,"turns":4},{"damage":3,"enemies":"Blue Slaver","floor":12,"turns":3},{"damage":0,"enemies":"3 Louse","floor":14,"turns":2},{"damage":39,"enemies":"The Guardian","floor":16,"turns":6},{"damage":20,"enemies":"3 Byrds","floor":18,"turns":4},{"damage":4,"enemies":"Chosen","floor":21,"turns":4},{"damage":10,"enemies":"Centurion and Healer","floor":22,"turns":5},{"damage":23,"enemies":"Gremlin Leader","floor":23,"turns":5},{"damage":5,"enemies":"Cultist and Chosen","floor":28,"turns":4},{"damage":32,"enemies":"Slavers","floor":29,"turns":3},{"damage":0,"enemies":"3 Cultists","floor":30,"turns":3},{"damage":81,"enemies":"Automaton","floor":33,"turns":6}],"seed_played":"-3186853131210126911","potions_obtained":[{"floor":1,"key":"Poison Potion"},{"floor":7,"key":"champ:CounterPotion"},{"floor":10,"key":"AttackPotion"},{"floor":23,"key":"ColorlessPotion"},{"floor":29,"key":"Poison Potion"}],"is_trial":false,"path_per_floor":["M","$","M","?","$","E","M","R","T","E","R","M","R","M","R","B",null,"M","?","?","M","M","E","R","?","T","$","M","E","M","?","R","B"],"character_chosen":"THE_SILENT","items_purchased":["Noxious Fumes","Membership Card","Catalyst","Deadly Poison","Infinite Blades","Flash of Steel","Poison Potion","Poison Potion"],"campfire_rested":3,"item_purchase_floors":[2,5,27,27,27,27,27,27],"current_hp_per_floor":[70,70,70,70,60,60,51,51,51,28,49,46,46,46,46,22,70,50,50,50,46,36,18,39,39,39,39,34,17,22,22,43,0,0],"gold":147,"neow_bonus":"THREE_ENEMY_KILL","is_daily":false,"chose_seed":false,"campfire_upgraded":3,"win_rate":0.0,"timestamp":1612903429,"path_taken":["M","$","M","?","?","E","M","R","T","E","R","?","R","M","R","BOSS","M","?","?","M","M","E","R","?","T","$","M","E","M","?","R","BOSS"],"items_purchased_type":["Card","Relic","Card","Card","Card","Card","Potion","Potion"],"build_version":"2020-12-22","purchased_purges":1,"victory":false,"max_hp_per_floor":[70,70,70,70,70,70,70,70,70,70,70,70,70,70,70,70,70,70,70,70,70,70,70,70,70,70,70,70,70,70,70,70,70,70],"card_choices":[{"not_picked":["Riddle With Holes","Skewer"],"picked":"Quick Slash","floor":1},{"not_picked":["Caltrops","Acrobatics"],"picked":"Noxious Fumes","floor":3},{"not_picked":["Reflex","Wraith Form v2","Flying Knee"],"picked":"SKIP","floor":6},{"not_picked":["Bane","Flying Knee"],"picked":"Slice","floor":7},{"not_picked":["Dagger Spray","Sucker Punch","Flying Knee"],"picked":"SKIP","floor":10},{"not_picked":["Quick Slash","Deflect"],"picked":"Poisoned Stab","floor":12},{"not_picked":["Sucker Punch","Dodge and Roll"],"picked":"Envenom","floor":14},{"not_picked":["Doppelganger","Wraith Form v2"],"picked":"Adrenaline","floor":16},{"not_picked":["Flying Knee","Dagger Throw+1"],"picked":"Cloak And Dagger","floor":18},{"not_picked":["Heel Hook+1","Deflect"],"picked":"Die Die Die","floor":21},{"not_picked":["Backflip+1","Predator+1","PiercingWail"],"picked":"SKIP","floor":22},{"not_picked":["Flying Knee","Cloak And Dagger"],"picked":"Blade Dance","floor":23},{"not_picked":["Finisher","Outmaneuver+1","Dash"],"picked":"SKIP","floor":28},{"not_picked":["Backflip","hubris:SlightOfHand"],"picked":"Escape Plan","floor":29},{"not_picked":["hubris:TrickCloak","Accuracy"],"picked":"Bouncing Flask","floor":30}],"player_experience":183880,"relics_obtained":[{"floor":6,"key":"Bag of Marbles"},{"floor":9,"key":"Toy Ornithopter"},{"floor":10,"key":"Ancient Tea Set"},{"floor":23,"key":"Art of War"},{"floor":26,"key":"reliquary:SharkskinSheath"},{"floor":29,"key":"reliquary:RadioactivePellet"}],"event_choices":[{"damage_healed":0,"gold_gain":0,"player_choice":"Forge","damage_taken":0,"max_hp_gain":0,"max_hp_loss":0,"event_name":"Accursed Blacksmith","floor":4,"gold_loss":0,"cards_upgraded":["Noxious Fumes"]},{"cards_removed":["Defend_G"],"damage_healed":0,"gold_gain":0,"player_choice":"Gave Gold","damage_taken":0,"max_hp_gain":0,"max_hp_loss":0,"event_name":"Beggar","floor":20,"gold_loss":75},{"damage_healed":0,"gold_gain":0,"player_choice":"Upgraded Two","damage_taken":0,"max_hp_gain":0,"max_hp_loss":0,"event_name":"Designer","floor":31,"gold_loss":40,"cards_upgraded":["Adrenaline","Cloak And Dagger"]}],"is_beta":false,"boss_relics":[{"not_picked":["Runic Dome","hubris:Stopwatch"],"picked":"Empty Cage"}],"items_purged_floors":[27],"is_endless":false,"potions_floor_spawned":[1,7,10,12,14,23,28,29],"killed_by":"Automaton","ascension_level":0}}