{"host":"yans4pr1zf0lm9bx","time":1612891986,"event":{"mods":["AchievementEnabler","Act Like it!","BaseMod","Hallownest","Minty Spire (QoL Compilation)","Replay The Spire","StSLib","SuperFastMode","The Bug Knight"],"gold_per_floor":[111,124,151,76,94,119,119,148,173,191,225,240,256,256,256,359,359,374,392,392,302,313,339,294,310,310,310,335,59,59,94,94,199,199,217,217,217,117,17,46,58,58,112,112,143,153,206,224,224,224,224,224,39,67,67],"floor_reached":56,"language":"ENG","playtime":4904,"items_purged":["HollowMod:NailStrikeStart","Hallucinations","HollowMod:QuickDashStart"],"score":1354,"play_id":"ecbc18b7-3a07-4d38-8786-0944588ae177","local_time":"20210209123306","is_ascension_mode":true,"campfire_choices":[{"data":"HollowMod:FocusHealStart","floor":7,"key":"SMITH"},{"data":"HollowMod:HeavyBlow","floor":15,"key":"SMITH"},{"floor":27,"key":"RECALL"},{"data":"HollowMod:InfectedCysts","floor":30,"key":"SMITH"},{"data":"HollowMod:InfectedCysts","floor":42,"key":"SMITH"},{"data":"HollowMod:SiblingsSouls","floor":44,"key":"SMITH"},{"floor":49,"key":"DIG"},{"data":"HollowMod:FastStrike","floor":52,"key":"SMITH"}],"circlet_count":0,"master_deck":["HollowMod:NailStrikeStart","HollowMod:NailStrikeStart","HollowMod:NailStrikeStart","HollowMod:QuickDashStart","HollowMod:QuickDashStart","HollowMod:QuickDashStart","HollowMod:FocusHealStart+1","HollowMod:DungDefenderAura","HollowMod:NewGlowingWomb+1","HollowMod:SiblingsSouls+1","HollowMod:CrystalDash","HollowMod:HeavyBlow+1","HollowMod:SharpenedNail","HollowMod:Weaversong+1","HollowMod:GreatSlash+1","HollowMod:DungDefenderAura+1","HollowMod:PerfectDash","HollowMod:InfectedCysts+1","HollowMod:InfectedCysts+1","Flash of Steel","HollowMod:ZotesMagnificence","Flash of Steel","Flash of Steel","HollowMod:FastStrike+1","HollowMod:LuriensSpire+1","HollowMod:CrystalDash+1"],"relics":["Busted Crown","Frozen Egg 2","Centennial Puzzle","Replay:Baseball","Happy Flower","Coffee Dripper","Hallownest:StagBellRelic1","Art of War","Garlic","Snack Pack","Strange Spoon","Orichalcum","ReplayTheSpireMod:Ring of Exchange","Ring of Peace","Lee\u0027s Waffle","Ring of Searing","StrikeDummy","CaptainsWheel","Omamori","Mirror","Potion Belt","Bottled Lightning","Pantograph"],"acts_visited":["Hallownest:Greenpath","Hallownest:CityofTears","Hallownest:KingdomsEdge","TheEnding"],"potions_floor_usage":[6,16,41,50,50,55,55],"damage_taken":[{"damage":3,"enemies":"Hallownest:2_Baldur","floor":1,"turns":3},{"damage":0,"enemies":"Hallownest:2_Tiktiks_and_1_Crawlid","floor":2,"turns":2},{"damage":7,"enemies":"Hallownest:eliteMossKnight","floor":3,"turns":18},{"damage":0,"enemies":"Hallownest:monsterHuskWarrior","floor":5,"turns":5},{"damage":6,"enemies":"Hallownest:eliteCrystalGuardian","floor":6,"turns":8},{"damage":5,"enemies":"Hallownest:eliteVengeflyKing","floor":8,"turns":12},{"damage":0,"enemies":"Hallownest:monsterAspidMother","floor":10,"turns":7},{"damage":12,"enemies":"Hallownest:eliteMossKnight","floor":11,"turns":21},{"damage":0,"enemies":"Hallownest:MossCreep_and_Mosskin","floor":12,"turns":5},{"damage":0,"enemies":"Hallownest:monsterMossCharger","floor":13,"turns":4},{"damage":2,"enemies":"Hallownest:BossBrokenVessel","floor":16,"turns":13},{"damage":1,"enemies":"Hallownest:Guard_and_Sentry","floor":18,"turns":6},{"damage":0,"enemies":"Hallownest:3_Youths","floor":19,"turns":5},{"damage":10,"enemies":"Hallownest:2_Husk_Sentries","floor":22,"turns":6},{"damage":19,"enemies":"Hallownest:eliteWatcherKnight","floor":23,"turns":12},{"damage":6,"enemies":"Hallownest:2_Flukemon","floor":25,"turns":5},{"damage":0,"enemies":"Hallownest:Nosk","floor":28,"turns":7},{"damage":7,"enemies":"Hallownest:eliteSoulWarrior","floor":31,"turns":6},{"damage":22,"enemies":"Hallownest:BossGrimm","floor":33,"turns":11},{"damage":0,"enemies":"Hallownest:2_Littles","floor":35,"turns":5},{"damage":33,"enemies":"Hallownest:eliteHiveKnight","floor":40,"turns":7},{"damage":5,"enemies":"Hallownest:Shield_Heavy","floor":41,"turns":4},{"damage":15,"enemies":"Hallownest:StalkingDevout","floor":45,"turns":5},{"damage":5,"enemies":"Hallownest:Shield_Sturdy","floor":46,"turns":3},{"damage":13,"enemies":"Hallownest:2_Soldiers_and_1_Guardian","floor":48,"turns":4},{"damage":58,"enemies":"Hallownest:BossHollowKnight","floor":50,"turns":9},{"damage":52,"enemies":"Shield and Spear","floor":54,"turns":8},{"damage":80,"enemies":"The Heart","floor":55,"turns":10}],"seed_played":"-8357441854432272670","potions_obtained":[{"floor":1,"key":"SteroidPotion"},{"floor":2,"key":"SkillPotion"},{"floor":3,"key":"Reflective Coating"},{"floor":10,"key":"Reflective Coating"},{"floor":23,"key":"SteroidPotion"},{"floor":31,"key":"LifebloodPotion"},{"floor":35,"key":"Dexterity Potion"},{"floor":46,"key":"Energy Potion"},{"floor":48,"key":"Block Potion"}],"is_trial":false,"path_per_floor":["M","M","?","$","M","E","R","E","T","M","E","M","M","?","R","B",null,"M","M","?","?","M","E","?","M","T","R","E","$","R","E","R","B",null,"M","?","?","?","$","E","M","R","T","R","E","M","T","M","R","B",null,"R","$","E","B",null],"character_chosen":"THE_BUGKNIGHT","items_purchased":["HollowMod:InfectedCysts","Flash of Steel","Strange Spoon","HollowMod:LuriensSpire+1"],"campfire_rested":0,"item_purchase_floors":[29,29,29,53],"current_hp_per_floor":[72,72,65,65,65,59,59,66,66,75,73,75,75,66,66,75,75,75,75,75,75,71,60,60,60,60,60,72,72,72,65,65,63,82,82,82,82,82,82,59,62,62,62,62,67,70,70,71,71,31,82,82,82,44,15],"gold":67,"neow_bonus":"BOSS_RELIC","is_daily":false,"chose_seed":false,"campfire_upgraded":6,"win_rate":0.0,"timestamp":1612891986,"path_taken":["M","M","?","$","M","E","R","E","T","M","E","M","M","?","R","BOSS","M","M","?","?","M","E","?","?","T","R","E","$","R","E","R","BOSS","M","?","?","?","$","E","?","R","T","R","E","M","?","?","R","BOSS","R","$","E","BOSS"],"items_purchased_type":["Card","Card","Relic","Card"],"build_version":"2020-12-22","purchased_purges":3,"victory":true,"max_hp_per_floor":[75,75,75,75,75,75,75,75,75,75,75,75,75,75,75,75,75,75,75,75,75,75,75,75,75,75,75,75,75,75,75,75,75,82,82,82,82,82,82,82,82,82,82,82,82,82,82,82,82,82,82,82,82,82,82],"card_choices":[{"not_picked":["HollowMod:DesolateDive"],"picked":"SKIP","floor":1},{"not_picked":[],"picked":"HollowMod:DungDefenderAura","floor":2},{"not_picked":[],"picked":"HollowMod:NewGlowingWomb+1","floor":3},{"not_picked":["HollowMod:CornifersMapStart"],"picked":"SKIP","floor":5},{"not_picked":[],"picked":"HollowMod:SiblingsSouls","floor":6},{"not_picked":[],"picked":"HollowMod:CrystalDash","floor":8},{"not_picked":[],"picked":"HollowMod:NewJinnsSoul","floor":10},{"not_picked":[],"picked":"HollowMod:HeavyBlow","floor":11},{"not_picked":[],"picked":"HollowMod:SharpenedNail","floor":12},{"not_picked":["HollowMod:SoulStrike"],"picked":"SKIP","floor":13},{"not_picked":[],"picked":"HollowMod:Weaversong+1","floor":16},{"not_picked":[],"picked":"HollowMod:GreatSlash+1","floor":18},{"not_picked":["HollowMod:SiblingsSouls"],"picked":"SKIP","floor":19},{"not_picked":[],"picked":"HollowMod:DungDefenderAura+1","floor":22},{"not_picked":["HollowMod:TaintedHusks+1"],"picked":"SKIP","floor":23},{"not_picked":["HollowMod:BaldurShell+1"],"picked":"SKIP","floor":25},{"not_picked":[],"picked":"HollowMod:PerfectDash","floor":28},{"not_picked":["HollowMod:SiblingsSouls"],"picked":"SKIP","floor":31},{"not_picked":[],"picked":"HollowMod:ZotesMagnificence","floor":33},{"not_picked":["HollowMod:InfectionAssault"],"picked":"SKIP","floor":35},{"not_picked":["HollowMod:RadiancesLament"],"picked":"SKIP","floor":40},{"not_picked":["HollowMod:TaintedHusks"],"picked":"SKIP","floor":41},{"not_picked":["HollowMod:MonarchWings"],"picked":"SKIP","floor":45},{"not_picked":["HollowMod:SiblingsSouls"],"picked":"SKIP","floor":46},{"not_picked":[],"picked":"HollowMod:FastStrike","floor":48},{"not_picked":[],"picked":"HollowMod:CrystalDash+1","floor":54}],"player_experience":292148,"relics_obtained":[{"floor":3,"key":"Frozen Egg 2"},{"floor":6,"key":"Centennial Puzzle"},{"floor":8,"key":"Replay:Baseball"},{"floor":11,"key":"Happy Flower"},{"floor":23,"key":"Art of War"},{"floor":26,"key":"Garlic"},{"floor":28,"key":"Snack Pack"},{"floor":31,"key":"Orichalcum"},{"floor":32,"key":"ReplayTheSpireMod:Ring of Exchange"},{"floor":32,"key":"Ring of Peace"},{"floor":37,"key":"Ring of Searing"},{"floor":40,"key":"CaptainsWheel"},{"floor":43,"key":"Omamori"},{"floor":45,"key":"Mirror"},{"floor":47,"key":"Potion Belt"},{"floor":49,"key":"Bottled Lightning"},{"floor":54,"key":"Pantograph"}],"event_choices":[],"is_beta":false,"boss_relics":[{"not_picked":["Replay:Wanted Poster","Snecko Eye"],"picked":"Coffee Dripper"},{"not_picked":["Replay:Bronze Core","ReplayTheSpireMod:DimensionalGlitch"],"picked":"Lee\u0027s Waffle"}],"items_purged_floors":[4,39,53],"is_endless":false,"potions_floor_spawned":[1,2,3,10,23,31,33,35,46,48],"ascension_level":2}}