{"host":"ty7uytdfitsmf36k","time":1612833047,"event":{"mods":["AchievementEnabler","BaseMod","Colored Map","Colored Powertips","DeckTracker","Downfall","Infinite Spire","Keyboard Shortcuts","Minty Spire (QoL Compilation)","Relic Stats","Replay The Spire","Spire Arcade","StSLib","SuperFastMode","The Jungle","Wandering Minibosses"],"gold_per_floor":[99,99,109,128,128,128,203,203,216,234,159,188,188,220,233,233,233,233],"floor_reached":16,"language":"ENG","playtime":574,"items_purged":["Slimebound:Strike_Slimebound"],"score":143,"play_id":"fc06a603-986d-4364-a061-728481b46752","local_time":"20210208201047","is_ascension_mode":true,"campfire_choices":[{"data":"Slimebound:Split","floor":1,"key":"SMITH"},{"data":"Slimebound:LeadByExample","floor":8,"key":"SMITH"},{"data":"Slimebound:DuplicatedForm","floor":13,"key":"SMITH"}],"circlet_count":0,"master_deck":["Slimebound:Strike_Slimebound","Slimebound:Strike_Slimebound","Slimebound:Tackle","Slimebound:Defend_Slimebound","Slimebound:Defend_Slimebound","Slimebound:Defend_Slimebound","Slimebound:Split+1","Slimebound:CorrosiveSpit","Slimebound:LeadByExample+1","Slimebound:Schlurp","Slimebound:ComboTackle","Slimebound:GoopSpray","Slimebound:DuplicatedForm+1","Slimebound:SplitBruiser"],"relics":["Slimebound:AbsorbEndCombat","Matryoshka","infinitespire:Lucky Rock","The Courier","WingedGreaves","Bag of Preparation"],"acts_visited":["Exordium"],"potions_floor_usage":[12,14],"damage_taken":[{"damage":10,"enemies":"Jaw Worm","floor":3,"turns":4},{"damage":1,"enemies":"Cultist","floor":4,"turns":4},{"damage":11,"enemies":"Small Slimes","floor":9,"turns":3},{"damage":2,"enemies":"Exordium Wildlife","floor":10,"turns":5},{"damage":0,"enemies":"downfall:FleeingMerchant","floor":11,"turns":4},{"damage":58,"enemies":"Gremlin Nob","floor":12,"turns":3},{"damage":25,"enemies":"3 Sentries","floor":14,"turns":8},{"damage":18,"enemies":"Red Slaver","floor":15,"turns":4},{"damage":42,"enemies":"WA_ARCHETYPE_RETAIN","floor":16,"turns":7}],"seed_played":"4415259039433479166","potions_obtained":[{"floor":9,"key":"DuplicationPotion"},{"floor":10,"key":"LiquidBronze"}],"is_trial":false,"path_per_floor":["R","?","M","M","T","?","T","R","M","M","$","E","R","E","M","B"],"character_chosen":"SLIMEBOUND","items_purchased":[],"campfire_rested":0,"item_purchase_floors":[],"current_hp_per_floor":[65,65,59,62,62,62,62,62,51,55,63,37,37,33,32,0,0,0],"gold":233,"neow_bonus":"TEN_PERCENT_HP_BONUS","is_daily":false,"chose_seed":false,"campfire_upgraded":3,"win_rate":0.0,"timestamp":1612833047,"path_taken":["R","?","M","M","?","?","T","R","?","M","?","E","R","E","M","BOSS"],"items_purchased_type":[],"build_version":"2020-12-22","purchased_purges":1,"victory":false,"max_hp_per_floor":[71,71,71,71,71,71,71,71,71,71,71,71,71,71,71,71,71,71],"relic_stats":{"counters":[9,41],"Bag of Preparation":[4],"obtain_stats":[{"Matryoshka":5,"The Courier":7,"WingedGreaves":12,"Slimebound:AbsorbEndCombat":0,"Bag of Preparation":14,"infinitespire:Lucky Rock":7},{"Matryoshka":2,"The Courier":2,"WingedGreaves":6,"Slimebound:AbsorbEndCombat":0,"Bag of Preparation":7,"infinitespire:Lucky Rock":2},{"Matryoshka":8,"The Courier":8,"WingedGreaves":22,"Slimebound:AbsorbEndCombat":0,"Bag of Preparation":30,"infinitespire:Lucky Rock":8}]},"card_choices":[{"not_picked":["Slimebound:ComboTackle","Slimebound:BestDefense"],"picked":"Slimebound:LeadByExample","floor":3},{"not_picked":["Slimebound:RollThrough","Slimebound:ItLooksTasty"],"picked":"Slimebound:Schlurp","floor":4},{"not_picked":["Slimebound:SplitBruiser","Slimebound:RollThrough"],"picked":"Slimebound:ComboTackle","floor":9},{"not_picked":["Slimebound:Prepare","Slimebound:GoopTackle"],"picked":"Slimebound:GoopSpray","floor":10},{"not_picked":["Slimebound:LivingWall","Slimebound:SlimeTap"],"picked":"Slimebound:DuplicatedForm","floor":11},{"not_picked":["Slimebound:SplitMire","Slimebound:ForwardTackle","Slimebound:LeechingTouch"],"picked":"SKIP","floor":12},{"not_picked":["Slimebound:SlimeTap","Slimebound:LeechingTouch","Slimebound:HauntingLick"],"picked":"SKIP","floor":14},{"not_picked":["Slimebound:MegaLick","Slimebound:RejuvenatingLick"],"picked":"Slimebound:SplitBruiser","floor":15}],"player_experience":216071,"relics_obtained":[{"floor":5,"key":"Matryoshka"},{"floor":7,"key":"infinitespire:Lucky Rock"},{"floor":7,"key":"The Courier"},{"floor":12,"key":"WingedGreaves"},{"floor":14,"key":"Bag of Preparation"}],"event_choices":[],"is_beta":false,"boss_relics":[],"items_purged_floors":[11],"is_endless":false,"potions_floor_spawned":[9,10],"killed_by":"WA_ARCHETYPE_RETAIN","ascension_level":6}}