{"host":"cy3pd5cut10e7v8y","time":1612829179,"event":{"mods":["AchievementEnabler","Act Like it!","BaseMod","Colored Map","Colored Powertips","Koishi","Minty Spire (QoL Compilation)","StSLib","The Animator","Waifu the Spire"],"gold_per_floor":[129,304,321,321,336,348,361,139,162,162,162,81,81,99,99,199,249,261,531,561,572,77,77,105,118,143,143,154,154,170,241,241,345,345,361,435,446,446,406,406,417,417,417,435,451,180,211,8,8,8,8],"floor_reached":50,"language":"ENG","playtime":4571,"items_purged":["animator:Strike","Regret","animator:Strike"],"score":505,"play_id":"0eba079c-dc8d-4486-8a53-c0cc2a4b9c74","local_time":"20210209010619","is_ascension_mode":false,"campfire_choices":[{"data":"animator:Eve","floor":10,"key":"SMITH"},{"floor":15,"key":"REST"},{"floor":23,"key":"REST"},{"floor":29,"key":"REST"},{"floor":32,"key":"REST"},{"data":"animator:PinaCoLada","floor":40,"key":"SMITH"},{"floor":42,"key":"RECALL"},{"floor":49,"key":"REST"}],"circlet_count":0,"master_deck":["animator:Strike_MadokaMagica","animator:Defend_MadokaMagica","animator:Strike+1","animator:Defend","animator:Defend","animator:Defend+1","animator:IrohaTamaki+1","animator:YuiTsuruno","animator:OrikoMikuni","animator:Aisha+1","animator:KyokoSakura+1","animator:Eve+1","animator:Arpeggio","animator:NagisaMomoe","animator:PinaCoLada+1","animator:SayakaMiki","animator:Shiro+1","animator:MamiTomoe+1","animator:CowGirl+1","animator:YachiyoNanami+1"],"relics":["animator:LivingPicture","animator:TheMissingPiece","Spirit Poop","Whetstone","animator:WornHelmet","animator:BattleDrones","animator:HeavyHalberd","Tiny House","PreservedInsect","Bottled Tornado","Sundial","Vajra","Pocketwatch","Frozen Egg 2","SacredBark","Charon\u0027s Ashes","Lantern","animator:CerealBox"],"acts_visited":["Exordium","TheCity","TheBeyond"],"potions_floor_usage":[0,7,16,21,24,28,33,47,50,50,50,50],"damage_taken":[{"damage":0,"enemies":"Small Slimes","floor":1,"turns":3},{"damage":1,"enemies":"Jaw Worm","floor":3,"turns":5},{"damage":0,"enemies":"Cultist","floor":5,"turns":4},{"damage":14,"enemies":"Gremlin Gang","floor":6,"turns":6},{"damage":10,"enemies":"3 Louse","floor":7,"turns":3},{"damage":1,"enemies":"Exordium Wildlife","floor":14,"turns":2},{"damage":21,"enemies":"Hexaghost","floor":16,"turns":7},{"damage":4,"enemies":"Chosen","floor":18,"turns":4},{"damage":8,"enemies":"Shell Parasite","floor":20,"turns":5},{"damage":26,"enemies":"Sentry and Sphere","floor":21,"turns":4},{"damage":16,"enemies":"Book of Stabbing","floor":24,"turns":4},{"damage":6,"enemies":"Cultist and Chosen","floor":25,"turns":6},{"damage":8,"enemies":"Chosen and Byrds","floor":28,"turns":4},{"damage":13,"enemies":"Snake Plant","floor":30,"turns":4},{"damage":15,"enemies":"Collector","floor":33,"turns":7},{"damage":28,"enemies":"3 Darklings","floor":35,"turns":5},{"damage":15,"enemies":"Mind Bloom Boss Battle","floor":36,"turns":6},{"damage":1,"enemies":"Orb Walker","floor":37,"turns":3},{"damage":3,"enemies":"4 Shapes","floor":41,"turns":4},{"damage":44,"enemies":"Transient","floor":44,"turns":5},{"damage":16,"enemies":"Spire Growth","floor":45,"turns":7},{"damage":8,"enemies":"Jaw Worm Horde","floor":47,"turns":4},{"damage":92,"enemies":"Awakened One","floor":50,"turns":8}],"seed_played":"5796831837786808662","potions_obtained":[{"floor":0,"key":"SpeedPotion"},{"floor":0,"key":"PowerPotion"},{"floor":0,"key":"Fruit Juice"},{"floor":3,"key":"Block Potion"},{"floor":6,"key":"FairyPotion"},{"floor":7,"key":"animator:FalseLifePotion"},{"floor":16,"key":"Regen Potion"},{"floor":17,"key":"EntropicBrew"},{"floor":21,"key":"ColorlessPotion"},{"floor":24,"key":"Dexterity Potion"},{"floor":30,"key":"animator:GrowthPotion"},{"floor":33,"key":"Swift Potion"}],"is_trial":false,"path_per_floor":["M","?","M","?","M","M","M","$","T","R","?","$","?","M","R","B",null,"M","?","M","M","$","R","E","M","T","?","M","R","M","T","R","B",null,"M","?","M","?","?","R","M","R","T","M","M","$","M","$","R","B"],"character_chosen":"THE_ANIMATOR","items_purchased":["Whetstone","animator:Arpeggio","PreservedInsect","Bottled Tornado","Lantern","animator:CerealBox","animator:YachiyoNanami+1"],"campfire_rested":5,"item_purchase_floors":[8,12,22,22,46,46,48],"current_hp_per_floor":[71,71,70,70,70,57,47,47,47,47,40,40,40,39,60,39,77,73,46,38,21,21,44,28,22,22,22,15,38,25,25,48,33,78,50,35,34,68,68,68,65,65,65,21,5,9,17,25,45,0,0],"gold":8,"neow_bonus":"THREE_SMALL_POTIONS","is_daily":false,"chose_seed":false,"campfire_upgraded":2,"win_rate":0.0,"timestamp":1612829179,"path_taken":["M","?","M","?","M","?","?","$","T","R","?","$","?","M","R","BOSS","M","?","?","M","$","R","E","M","T","?","M","R","M","?","R","BOSS","M","?","M","?","?","R","?","R","T","M","M","?","?","$","R","BOSS"],"items_purchased_type":["Relic","Card","Relic","Relic","Relic","Relic","Card"],"build_version":"2020-12-22","purchased_purges":3,"victory":false,"max_hp_per_floor":[71,71,71,71,71,72,72,72,72,72,72,72,72,72,72,72,77,77,77,77,77,77,77,77,77,77,77,78,78,78,78,78,78,78,78,78,78,68,68,68,68,68,68,68,68,68,68,68,68,68,68],"card_choices":[{"not_picked":["animator:MaesHughes","animator:Kuribayashi"],"picked":"animator:OrikoMikuni","floor":1},{"not_picked":["animator:YuiTsuruno","animator:Tet"],"picked":"animator:Aisha","floor":3},{"not_picked":["animator:Rena","animator:Aisha","animator:Shigure"],"picked":"SKIP","floor":5},{"not_picked":["animator:YuiTsuruno","animator:OrikoMikuni"],"picked":"animator:KyokoSakura","floor":6},{"not_picked":["animator:SuzuneAmano","animator:Ciel"],"picked":"animator:Eve","floor":7},{"not_picked":["animator:FielNirvalen","animator:Shigure","animator:CrowleyEusford"],"picked":"SKIP","floor":14},{"not_picked":["animator:Laby","animator:Bozes","animator:DolaCouronne+1"],"picked":"SKIP","floor":18},{"not_picked":["animator:IrohaTamaki","animator:KyokoSakura"],"picked":"animator:NagisaMomoe","floor":20},{"not_picked":["animator:Ain+1","animator:Tyuule"],"picked":"animator:PinaCoLada","floor":21},{"not_picked":["animator:OrikoMikuni","animator:Elsword+1","animator:HiiragiShinya+1"],"picked":"SKIP","floor":24},{"not_picked":["animator:HighElfArcher+1","animator:Mikaela","animator:Shinoa"],"picked":"SKIP","floor":25},{"not_picked":["animator:YuiTsuruno","animator:NagisaMomoe"],"picked":"animator:SayakaMiki","floor":28},{"not_picked":["animator:Envy","animator:Shigure","animator:Kuribayashi"],"picked":"SKIP","floor":30},{"not_picked":["animator:Elesis","animator:Father"],"picked":"animator:Shiro+1","floor":33},{"not_picked":["animator:Laby+1","animator:MaesHughes+1","animator:Pride+1"],"picked":"SKIP","floor":35},{"not_picked":["animator:Laby+1","animator:Lu"],"picked":"animator:MamiTomoe+1","floor":36},{"not_picked":["animator:Chung","animator:Kuribayashi","animator:MaesHughes+1"],"picked":"SKIP","floor":37},{"not_picked":["animator:IrohaTamaki","animator:IzunaHatsuse+1","animator:Tyuule+1"],"picked":"SKIP","floor":44},{"not_picked":["animator:Elsword","animator:MamiTomoe","animator:Mikaela+1"],"picked":"SKIP","floor":45},{"not_picked":["animator:MamiTomoe","animator:Tyuule+1"],"picked":"animator:CowGirl+1","floor":47}],"player_experience":176663,"relics_obtained":[{"floor":9,"key":"animator:WornHelmet"},{"floor":24,"key":"Sundial"},{"floor":26,"key":"Vajra"},{"floor":31,"key":"Frozen Egg 2"},{"floor":36,"key":"Charon\u0027s Ashes"}],"event_choices":[{"damage_healed":0,"gold_gain":175,"player_choice":"AGREE","damage_taken":0,"max_hp_gain":0,"max_hp_loss":0,"event_name":"Liars Game","floor":2,"gold_loss":0,"cards_obtained":["Doubt"]},{"cards_removed":["Doubt"],"damage_healed":0,"gold_gain":0,"player_choice":"Offered Curse","damage_taken":0,"relics_obtained":["Spirit Poop"],"max_hp_gain":0,"max_hp_loss":0,"event_name":"Bonfire Elementals","floor":4,"gold_loss":0},{"damage_healed":0,"gold_gain":0,"player_choice":"Success","damage_taken":7,"relics_obtained":["animator:BattleDrones"],"max_hp_gain":0,"max_hp_loss":0,"event_name":"Scrap Ooze","floor":11,"gold_loss":0},{"damage_healed":0,"gold_gain":0,"player_choice":"Box","damage_taken":0,"relics_obtained":["animator:HeavyHalberd"],"max_hp_gain":0,"max_hp_loss":0,"event_name":"Big Fish","floor":13,"gold_loss":0,"cards_obtained":["Regret"]},{"damage_healed":0,"gold_gain":270,"player_choice":"GOLD GOLD GOLD ","damage_taken":27,"max_hp_gain":0,"max_hp_loss":0,"event_name":"Knowing Skull","floor":19,"potions_obtained":[],"gold_loss":0,"cards_obtained":[]},{"damage_healed":0,"gold_gain":0,"player_choice":"Opened","damage_taken":0,"relics_obtained":["Pocketwatch"],"max_hp_gain":0,"max_hp_loss":0,"event_name":"The Mausoleum","floor":27,"gold_loss":0},{"damage_healed":0,"gold_gain":0,"player_choice":"Fight","damage_taken":0,"max_hp_gain":0,"max_hp_loss":0,"event_name":"MindBloom","floor":36,"gold_loss":0},{"damage_healed":68,"gold_gain":0,"player_choice":"Heal","damage_taken":0,"max_hp_gain":0,"max_hp_loss":10,"event_name":"The Moai Head","floor":38,"gold_loss":0},{"damage_healed":0,"gold_gain":0,"player_choice":"Upgraded Two","damage_taken":0,"max_hp_gain":0,"max_hp_loss":0,"event_name":"Designer","floor":39,"gold_loss":40,"cards_upgraded":["animator:Defend","animator:Strike"]}],"is_beta":false,"boss_relics":[{"not_picked":["Coffee Dripper","animator:CursedBlade"],"picked":"Tiny House"},{"not_picked":["animator:HolyGrailRelic","Mark of Pain"],"picked":"SacredBark"}],"items_purged_floors":[8,22,48],"is_endless":false,"potions_floor_spawned":[3,6,7,16,21,24,25,30,33,35,37,41],"killed_by":"Awakened One","ascension_level":0}}