{"host":"c44ey07ufggfw2m8","time":1612880543,"event":{"mods":["2.2 Compatiblity","BaseMod","Colored Map","DeckTracker","Highlight Path","Keyboard Shortcuts","Minty Spire (QoL Compilation)","Permanent Neow","Quick Restart","StSLib","SuperFastMode","UnlockEverythingMod"],"gold_per_floor":[219,219,90,165,179,179,211,225,225,225,225,242,73,88,88,186,186,201,221,96,96,108,108,141,154,179,179,179,179],"floor_reached":28,"language":"KOR","playtime":937,"items_purged":["Strike_P","Strike_P","Defend_P"],"score":389,"play_id":"2c1ea0a9-fafc-448e-bf68-f3cc49c52689","local_time":"20210209232223","is_ascension_mode":true,"campfire_choices":[{"data":"Eruption","floor":6.0,"key":"SMITH"},{"data":"Pray","floor":10.0,"key":"SMITH"},{"data":"Tantrum","floor":15.0,"key":"SMITH"},{"data":"Omniscience","floor":23.0,"key":"SMITH"}],"circlet_count":0,"master_deck":["Strike_P","Defend_P","Defend_P","Defend_P","Eruption+1","Vigilance","EmptyBody","CutThroughFate","Pray+1","ThirdEye","InnerPeace","WreathOfFlame","WheelKick","Tantrum+1","Omniscience+1","Halt","ClearTheMind"],"relics":["HolyWater","Pantograph","Sundial","White Beast Statue","Smiling Mask","Regal Pillow"],"acts_visited":["Exordium","TheCity"],"potions_floor_usage":[],"damage_taken":[{"damage":0.0,"enemies":"Small Slimes","floor":1.0,"turns":4.0},{"damage":0.0,"enemies":"Jaw Worm","floor":5.0,"turns":3.0},{"damage":15.0,"enemies":"Gremlin Nob","floor":7.0,"turns":3.0},{"damage":3.0,"enemies":"Cultist","floor":8.0,"turns":4.0},{"damage":3.0,"enemies":"Red Slaver","floor":12.0,"turns":3.0},{"damage":0.0,"enemies":"Blue Slaver","floor":14.0,"turns":2.0},{"damage":0.0,"enemies":"Slime Boss","floor":16.0,"turns":5.0},{"damage":13.0,"enemies":"3 Byrds","floor":18.0,"turns":6.0},{"damage":0.0,"enemies":"Spheric Guardian","floor":19.0,"turns":3.0},{"damage":3.0,"enemies":"Centurion and Healer","floor":22.0,"turns":5.0},{"damage":18.0,"enemies":"Gremlin Leader","floor":24.0,"turns":5.0},{"damage":15.0,"enemies":"Snake Plant","floor":25.0,"turns":3.0},{"damage":0.0,"enemies":"Colosseum Slavers","floor":27.0,"turns":2.0},{"damage":11,"enemies":"Book of Stabbing","floor":28,"turns":4}],"seed_played":"-7005472754908166399","potions_obtained":[{"floor":5.0,"key":"AttackPotion"},{"floor":7.0,"key":"DuplicationPotion"},{"floor":12.0,"key":"Explosive Potion"},{"floor":14.0,"key":"SpeedPotion"},{"floor":18.0,"key":"SkillPotion"},{"floor":22.0,"key":"BottledMiracle"},{"floor":24.0,"key":"BottledMiracle"},{"floor":25.0,"key":"SkillPotion"}],"is_trial":false,"path_per_floor":["M","?","$","?","M","R","E","M","T","R","?","M","$","M","R","B",null,"M","M","$","$","M","R","E","M","T","?","E"],"character_chosen":"WATCHER","items_purchased":["CutThroughFate","Tantrum"],"campfire_rested":0,"item_purchase_floors":[3,13],"current_hp_per_floor":[65,62,62,51,51,51,36,33,33,33,33,30,30,30,30,55,68,55,55,55,55,52,52,34,19,19,19,8,8],"gold":179,"neow_bonus":"HUNDRED_GOLD","is_daily":false,"chose_seed":false,"campfire_upgraded":4,"win_rate":0.0,"timestamp":1612880543,"path_taken":["M","?","$","?","M","R","E","M","T","R","?","?","$","M","R","BOSS","M","M","?","$","M","R","E","M","T","?","E"],"items_purchased_type":["Card","Card"],"build_version":"2020-12-22","purchased_purges":3,"victory":false,"max_hp_per_floor":[72,72,72,72,72,72,72,72,72,72,72,72,72,72,72,72,72,72,72,72,72,72,72,72,72,72,72,72,72],"card_choices":[{"not_picked":["FlyingSleeves","Halt"],"picked":"EmptyBody","floor":1.0},{"not_picked":["Fasting2","WindmillStrike"],"picked":"Pray","floor":5.0},{"not_picked":["FollowUp","Worship"],"picked":"ThirdEye","floor":7.0},{"not_picked":["ThirdEye","Alpha"],"picked":"InnerPeace","floor":8.0},{"not_picked":["Consecrate","JustLucky"],"picked":"WheelKick","floor":12.0},{"not_picked":["WaveOfTheHand","Evaluate","Consecrate"],"picked":"SKIP","floor":14.0},{"not_picked":["Wish","SpiritShield"],"picked":"Omniscience","floor":16.0},{"not_picked":["JustLucky","Weave","Worship"],"picked":"SKIP","floor":18.0},{"not_picked":["WaveOfTheHand","ClearTheMind"],"picked":"Halt","floor":19.0},{"not_picked":["CarveReality","Protect+1"],"picked":"ClearTheMind","floor":22.0},{"not_picked":["Weave","JustLucky","PathToVictory"],"picked":"SKIP","floor":24.0},{"not_picked":["FollowUp","ForeignInfluence","BowlingBash"],"picked":"SKIP","floor":25.0}],"player_experience":121532,"relics_obtained":[{"floor":7.0,"key":"Sundial"},{"floor":9.0,"key":"White Beast Statue"},{"floor":24.0,"key":"Smiling Mask"},{"floor":26.0,"key":"Regal Pillow"}],"event_choices":[{"damage_healed":0.0,"max_hp_gain":0.0,"max_hp_loss":0.0,"gold_gain":0.0,"event_name":"Scrap Ooze","player_choice":"Success","floor":2.0,"gold_loss":0.0,"damage_taken":3.0,"relics_obtained":["Pantograph"]},{"damage_healed":0.0,"max_hp_gain":0.0,"max_hp_loss":0.0,"gold_gain":75.0,"event_name":"World of Goop","player_choice":"Gather Gold","floor":4.0,"gold_loss":0.0,"damage_taken":11.0},{"damage_healed":0.0,"max_hp_gain":0.0,"max_hp_loss":0.0,"gold_gain":0.0,"cards_transformed":["Strike_P"],"event_name":"Transmorgrifier","player_choice":"Transformed","floor":11.0,"gold_loss":0.0,"damage_taken":0.0,"cards_obtained":["WreathOfFlame"]},{"damage_healed":0.0,"max_hp_gain":0.0,"max_hp_loss":0.0,"gold_gain":0.0,"event_name":"Colosseum","player_choice":"Fight","floor":27.0,"gold_loss":0.0,"damage_taken":0.0},{"damage_healed":0.0,"max_hp_gain":0.0,"max_hp_loss":0.0,"gold_gain":0.0,"event_name":"Colosseum","player_choice":"Fled From Nobs","floor":27.0,"gold_loss":0.0,"damage_taken":0.0}],"is_beta":false,"boss_relics":[{"not_picked":["SlaversCollar","Runic Dome"],"picked":"HolyWater"}],"items_purged_floors":[3,13,20],"is_endless":false,"potions_floor_spawned":[5,7,12,14,16,18,19,22,24,25,27],"killed_by":"Book of Stabbing","ascension_level":7}}