{"host":"o3n4et6u1y1w2h5j","time":1612855558,"event":{"mods":["AchievementEnabler","BaseMod","Block Reminder","Minty Spire (QoL Compilation)","Rare Cards Sparkle","Relic Stats","StSLib"],"gold_per_floor":[112,124,10,10,23,23,33,65,65,80,93,128,148,162,162,267,267,284,274,225,225,225,250,250,250,250],"floor_reached":25,"language":"ENG","playtime":1538,"items_purged":["Strike_B"],"score":247,"play_id":"c76e1d2c-d05a-4df1-a1d8-b8b522b32593","local_time":"20210208232558","is_ascension_mode":true,"campfire_choices":[{"data":"Defragment","floor":6,"key":"SMITH"},{"floor":15,"key":"REST"},{"data":"Creative AI","floor":24,"key":"SMITH"}],"circlet_count":0,"master_deck":["Defend_B","Defend_B","Defend_B","Defend_B","Zap","Dualcast","Self Repair","Static Discharge","Doom and Gloom","Defragment+1","Defragment","Loop","Reinforced Body","Cold Snap","Glacier","Rebound","Multi-Cast","Consume","BootSequence","Hologram","Creative AI+1"],"relics":["Cracked Core","Vajra","Bronze Scales","White Beast Statue","Inserter","Regal Pillow"],"acts_visited":["Exordium","TheCity"],"potions_floor_usage":[12,12,13,16,16,18,23],"damage_taken":[{"damage":8,"enemies":"Small Slimes","floor":1,"turns":3},{"damage":0,"enemies":"Cultist","floor":2,"turns":4},{"damage":8,"enemies":"Jaw Worm","floor":5,"turns":3},{"damage":10,"enemies":"Lots of Slimes","floor":7,"turns":2},{"damage":14,"enemies":"Gremlin Nob","floor":8,"turns":4},{"damage":23,"enemies":"Red Slaver","floor":10,"turns":4},{"damage":21,"enemies":"Large Slime","floor":11,"turns":6},{"damage":10,"enemies":"3 Sentries","floor":12,"turns":4},{"damage":14,"enemies":"3 Louse","floor":13,"turns":4},{"damage":11,"enemies":"Looter","floor":14,"turns":3},{"damage":10,"enemies":"Slime Boss","floor":16,"turns":9},{"damage":18,"enemies":"Shell Parasite","floor":18,"turns":5},{"damage":24,"enemies":"2 Thieves","floor":19,"turns":4},{"damage":12,"enemies":"Book of Stabbing","floor":23,"turns":7},{"damage":43,"enemies":"Gremlin Leader","floor":25,"turns":6}],"seed_played":"-3314888734958735196","potions_obtained":[{"floor":2,"key":"BlessingOfTheForge"},{"floor":5,"key":"FearPotion"},{"floor":11,"key":"Explosive Potion"},{"floor":12,"key":"BlessingOfTheForge"},{"floor":13,"key":"Fire Potion"},{"floor":14,"key":"Energy Potion"},{"floor":16,"key":"Fire Potion"},{"floor":18,"key":"DuplicationPotion"},{"floor":19,"key":"PotionOfCapacity"},{"floor":23,"key":"SpeedPotion"}],"is_trial":false,"path_per_floor":["M","M","$","?","M","R","M","E","T","M","M","E","M","M","R","B",null,"M","M","$","?","?","E","R","E"],"character_chosen":"DEFECT","items_purchased":["Doom and Gloom","Hologram"],"campfire_rested":1,"item_purchase_floors":[3,20],"current_hp_per_floor":[67,74,74,74,66,66,63,56,56,40,26,26,22,18,40,37,75,64,40,40,40,40,35,35,0,0],"gold":250,"neow_bonus":"TRANSFORM_CARD","is_daily":false,"chose_seed":false,"campfire_upgraded":2,"win_rate":0.0,"timestamp":1612855558,"path_taken":["M","M","$","?","M","R","M","E","T","M","M","E","M","M","R","BOSS","M","M","$","?","?","E","R","E"],"items_purchased_type":["Card","Card"],"build_version":"2020-12-22","purchased_purges":1,"victory":false,"max_hp_per_floor":[75,75,75,75,75,75,75,75,75,75,75,75,75,75,75,75,75,75,75,75,75,75,75,75,75,75],"relic_stats":{"Regal Pillow":0,"Inserter":[11],"counters":[15,67],"Bronze Scales":[152],"obtain_stats":[{"Regal Pillow":23,"Inserter":17,"Bronze Scales":9,"Vajra":8,"Cracked Core":0,"White Beast Statue":12},{"Regal Pillow":14,"Inserter":11,"Bronze Scales":5,"Vajra":5,"Cracked Core":0,"White Beast Statue":8},{"Regal Pillow":61,"Inserter":45,"Bronze Scales":16,"Vajra":16,"Cracked Core":0,"White Beast Statue":29}]},"card_choices":[{"not_picked":["Cold Snap","Lockon"],"picked":"Self Repair","floor":1},{"not_picked":["Sweeping Beam","Gash"],"picked":"Static Discharge","floor":2},{"not_picked":["Ball Lightning","Fusion"],"picked":"Defragment","floor":5},{"not_picked":["Streamline","Leap"],"picked":"Defragment","floor":7},{"not_picked":["Ball Lightning","Coolheaded"],"picked":"Loop","floor":8},{"not_picked":["Ball Lightning","Barrage"],"picked":"Reinforced Body","floor":10},{"not_picked":["Sweeping Beam","Conserve Battery"],"picked":"Cold Snap","floor":11},{"not_picked":["Ball Lightning","Storm","Undo"],"picked":"SKIP","floor":12},{"not_picked":["Steam","Rebound"],"picked":"Glacier","floor":13},{"not_picked":["Force Field","Doom and Gloom"],"picked":"Rebound","floor":14},{"not_picked":["Reboot","Fission"],"picked":"Multi-Cast","floor":16},{"not_picked":["Double Energy","Lockon"],"picked":"Consume","floor":18},{"not_picked":["Force Field","Sweeping Beam"],"picked":"BootSequence","floor":19},{"not_picked":["Static Discharge","Ball Lightning"],"picked":"Creative AI","floor":23}],"player_experience":53115,"relics_obtained":[{"floor":8,"key":"Vajra"},{"floor":9,"key":"Bronze Scales"},{"floor":12,"key":"White Beast Statue"},{"floor":23,"key":"Regal Pillow"}],"event_choices":[{"cards_removed":["Strike_B"],"damage_healed":0,"gold_gain":0,"player_choice":"Purged","damage_taken":0,"max_hp_gain":0,"max_hp_loss":0,"event_name":"Purifier","floor":4,"gold_loss":0},{"cards_removed":["Strike_B"],"damage_healed":0,"gold_gain":0,"player_choice":"Elegance","damage_taken":0,"max_hp_gain":0,"max_hp_loss":0,"event_name":"Back to Basics","floor":21,"gold_loss":0},{"cards_removed":["Stack"],"damage_healed":0,"gold_gain":0,"player_choice":"Purged","damage_taken":0,"max_hp_gain":0,"max_hp_loss":0,"event_name":"Purifier","floor":22,"gold_loss":0}],"is_beta":false,"boss_relics":[{"not_picked":["Runic Dome","FrozenCore"],"picked":"Inserter"}],"items_purged_floors":[3],"is_endless":false,"potions_floor_spawned":[2,5,11,12,13,14,16,18,19,23],"killed_by":"Gremlin Leader","ascension_level":1}}