{"host":"uy3vg6glkp8m6iit","time":1612857513,"event":{"mods":["AchievementEnabler","BaseMod","Colored Map","DeckTracker","Highlight Path","Keyboard Shortcuts","Minty Spire (QoL Compilation)","Quick Restart","Random Character Button","Rare Cards Sparkle","Relic Stats","StSLib","everything is the same but u backflip on backflip"],"gold_per_floor":[114,129,148,158,158,158,21,41,41,41,60,60,60,80,80,156,156,176,226,63,77,19,19,37,37,37,37,55,89,10,29,29,102,102,116,126,26,44,64,96,96,15,15,35,35,53,66,91,91,91,91,91,6,6,6],"floor_reached":54,"language":"KOR","playtime":2733,"items_purged":["Defend_G","Strike_G"],"score":1495,"play_id":"f36435a9-ec01-4d1a-a801-65e6271f072c","local_time":"20210209165833","is_ascension_mode":true,"campfire_choices":[{"data":"Neutralize","floor":6.0,"key":"SMITH"},{"data":"Deadly Poison","floor":13.0,"key":"SMITH"},{"floor":15.0,"key":"REST"},{"data":"Tactician","floor":23.0,"key":"SMITH"},{"floor":25.0,"key":"REST"},{"data":"Tools of the Trade","floor":27.0,"key":"SMITH"},{"floor":32.0,"key":"REST"},{"data":"Calculated Gamble","floor":41.0,"key":"SMITH"},{"floor":45.0,"key":"RECALL"},{"floor":49.0,"key":"REST"},{"data":"Prepared","floor":52,"key":"SMITH"}],"circlet_count":0,"master_deck":["AscendersBane","Defend_G","Defend_G","Defend_G","Defend_G","Survivor","Neutralize+1","Reflex","Glass Knife+1","Poisoned Stab","Escape Plan","Tools of the Trade+1","Deadly Poison+1","Tactician+1","Backflip","Grand Finale","Well Laid Plans","Acrobatics","Prepared+1","Grand Finale","Calculated Gamble+1","Adrenaline","Well Laid Plans+1","Reflex+1"],"relics":["Ring of the Snake","Bronze Scales","Empty Cage","Gremlin Horn","Boot","Runic Dome","Frozen Egg 2","Torii"],"acts_visited":["Exordium","TheCity","TheBeyond","TheEnding"],"potions_floor_usage":[50,50,54],"damage_taken":[{"damage":2.0,"enemies":"Cultist","floor":1.0,"turns":5.0},{"damage":0.0,"enemies":"2 Louse","floor":2.0,"turns":3.0},{"damage":0.0,"enemies":"Jaw Worm","floor":3.0,"turns":4.0},{"damage":12.0,"enemies":"Exordium Thugs","floor":4.0,"turns":6.0},{"damage":6.0,"enemies":"2 Fungi Beasts","floor":8.0,"turns":4.0},{"damage":3.0,"enemies":"3 Louse","floor":11.0,"turns":3.0},{"damage":8.0,"enemies":"Blue Slaver","floor":14.0,"turns":3.0},{"damage":0.0,"enemies":"Hexaghost","floor":16.0,"turns":8.0},{"damage":14.0,"enemies":"Shell Parasite","floor":18.0,"turns":6.0},{"damage":6.0,"enemies":"Spheric Guardian","floor":21.0,"turns":3.0},{"damage":10.0,"enemies":"Snake Plant","floor":24.0,"turns":2.0},{"damage":7.0,"enemies":"Cultist and Chosen","floor":28.0,"turns":5.0},{"damage":19.0,"enemies":"Gremlin Leader","floor":29.0,"turns":3.0},{"damage":7.0,"enemies":"Centurion and Healer","floor":31.0,"turns":5.0},{"damage":0.0,"enemies":"Automaton","floor":33.0,"turns":5.0},{"damage":5.0,"enemies":"Orb Walker","floor":35.0,"turns":3.0},{"damage":0.0,"enemies":"3 Shapes","floor":36.0,"turns":8.0},{"damage":15.0,"enemies":"3 Darklings","floor":38.0,"turns":4.0},{"damage":9.0,"enemies":"4 Shapes","floor":39.0,"turns":4.0},{"damage":0.0,"enemies":"Giant Head","floor":40.0,"turns":5.0},{"damage":1.0,"enemies":"Sphere and 2 Shapes","floor":44.0,"turns":5.0},{"damage":5.0,"enemies":"Writhing Mass","floor":46.0,"turns":3.0},{"damage":0.0,"enemies":"Transient","floor":47.0,"turns":6.0},{"damage":0.0,"enemies":"Mind Bloom Boss Battle","floor":48.0,"turns":8.0},{"damage":31,"enemies":"Time Eater","floor":50,"turns":5},{"damage":63,"enemies":"Shield and Spear","floor":54,"turns":3}],"seed_played":"-3535692444356943264","potions_obtained":[{"floor":2.0,"key":"Weak Potion"},{"floor":4.0,"key":"SmokeBomb"},{"floor":11.0,"key":"Dexterity Potion"},{"floor":28.0,"key":"LiquidMemories"},{"floor":44.0,"key":"AttackPotion"}],"is_trial":false,"path_per_floor":["M","M","M","M","?","R","$","M","T","?","M","$","R","M","R","B",null,"M","?","$","M","$","R","M","R","T","R","M","E","$","M","R","B",null,"M","M","$","M","M","E","R","$","T","M","R","M","M","?","R","B",null,"R","$","E"],"character_chosen":"THE_SILENT","items_purchased":["Deadly Poison","Tactician","Well Laid Plans","Prepared","Calculated Gamble","Regen Potion","Regen Potion"],"campfire_rested":4,"item_purchase_floors":[7,7,20,22,30,42,53],"current_hp_per_floor":[42,42,42,30,30,30,30,24,24,24,21,21,21,13,32,32,58,44,44,44,38,38,38,28,47,47,47,40,21,21,14,33,33,58,53,53,53,38,29,29,29,29,29,42,42,37,37,37,56,25,56,56,56,0,0],"gold":6,"neow_bonus":"TRANSFORM_TWO_CARDS","is_daily":false,"chose_seed":false,"campfire_upgraded":6,"win_rate":0.0,"timestamp":1612857513,"path_taken":["M","?","M","?","?","R","?","?","T","?","M","$","R","M","R","BOSS","M","?","$","M","?","R","M","R","T","R","M","E","$","M","R","BOSS","M","M","$","M","M","E","R","$","T","M","R","M","M","?","R","BOSS","R","$","E"],"items_purchased_type":["Card","Card","Card","Card","Card","Potion","Potion"],"build_version":"2020-12-22","purchased_purges":2,"victory":false,"max_hp_per_floor":[66,66,66,66,66,66,66,66,66,66,66,66,66,66,66,66,66,66,66,66,66,66,66,66,66,66,66,66,66,66,66,66,66,66,66,66,66,66,66,66,66,66,66,66,66,66,66,66,66,66,66,66,66,66,66],"relic_stats":{"Gremlin Horn":[15,15],"Torii":9,"counters":[26,119],"Bronze Scales":[278],"Boot":[37],"obtain_stats":[{"Runic Dome":34,"Gremlin Horn":26,"Torii":48,"Bronze Scales":9,"Frozen Egg 2":40,"Empty Cage":17,"Boot":29,"Ring of the Snake":0},{"Runic Dome":15,"Gremlin Horn":11,"Torii":24,"Bronze Scales":5,"Frozen Egg 2":20,"Empty Cage":8,"Boot":13,"Ring of the Snake":0},{"Runic Dome":65,"Gremlin Horn":47,"Torii":111,"Bronze Scales":22,"Frozen Egg 2":89,"Empty Cage":36,"Boot":55,"Ring of the Snake":0}],"Ring of the Snake":[52]},"card_choices":[{"not_picked":["Deflect","Slice"],"picked":"Poisoned Stab","floor":1.0},{"not_picked":["Expertise","Poisoned Stab"],"picked":"Escape Plan","floor":2.0},{"not_picked":["Distraction","Quick Slash","Infinite Blades"],"picked":"SKIP","floor":3.0},{"not_picked":["Cloak And Dagger","Expertise"],"picked":"Tools of the Trade","floor":4.0},{"not_picked":["Reflex","Underhanded Strike","Outmaneuver"],"picked":"SKIP","floor":8.0},{"not_picked":["Dodge and Roll","Slice"],"picked":"Backflip","floor":11.0},{"not_picked":["Deflect","Dagger Spray","Caltrops"],"picked":"SKIP","floor":14.0},{"not_picked":["Storm of Steel","Envenom"],"picked":"Grand Finale","floor":16.0},{"not_picked":["Slice","Choke","Backflip"],"picked":"SKIP","floor":18.0},{"not_picked":["Slice+1","Dagger Throw"],"picked":"Acrobatics","floor":21.0},{"not_picked":["All Out Attack","Heel Hook","Underhanded Strike"],"picked":"SKIP","floor":24.0},{"not_picked":["Prepared","Noxious Fumes","Dagger Spray"],"picked":"SKIP","floor":28.0},{"not_picked":["Dagger Throw","Reflex"],"picked":"Grand Finale","floor":29.0},{"not_picked":["Noxious Fumes","Eviscerate","Flying Knee"],"picked":"SKIP","floor":31.0},{"not_picked":["Die Die Die","Grand Finale"],"picked":"Adrenaline","floor":33.0},{"not_picked":["Dagger Spray","Bouncing Flask"],"picked":"Well Laid Plans+1","floor":35.0},{"not_picked":["Choke","Backstab","Prepared"],"picked":"SKIP","floor":36.0},{"not_picked":["Underhanded Strike","Reflex","Poisoned Stab"],"picked":"SKIP","floor":38.0},{"not_picked":["Expertise","Deadly Poison","Bane+1"],"picked":"SKIP","floor":39.0},{"not_picked":["Well Laid Plans+1","Poisoned Stab","PiercingWail+1"],"picked":"SKIP","floor":40.0},{"not_picked":["Bane","Blade Dance","Flying Knee"],"picked":"SKIP","floor":44.0},{"not_picked":["Skewer","Riddle With Holes+1"],"picked":"Reflex+1","floor":46.0},{"not_picked":["Deflect+1","Flechettes","Dagger Spray"],"picked":"SKIP","floor":47.0}],"player_experience":1509015,"relics_obtained":[{"floor":9.0,"key":"Bronze Scales"},{"floor":26.0,"key":"Gremlin Horn"},{"floor":29.0,"key":"Boot"},{"floor":40.0,"key":"Frozen Egg 2"},{"floor":48.0,"key":"Torii"}],"event_choices":[{"damage_healed":0.0,"max_hp_gain":0.0,"max_hp_loss":0.0,"gold_gain":0.0,"event_name":"Living Wall","player_choice":"Grow","floor":5.0,"gold_loss":0.0,"damage_taken":0.0,"cards_upgraded":["Glass Knife"]},{"damage_healed":0.0,"max_hp_gain":0.0,"max_hp_loss":0.0,"gold_gain":0.0,"event_name":"Liars Game","player_choice":"Ignored","floor":10.0,"gold_loss":0.0,"damage_taken":0.0},{"damage_healed":0.0,"max_hp_gain":0.0,"max_hp_loss":0.0,"gold_gain":50.0,"event_name":"Nest","player_choice":"Stole From Cult","floor":19.0,"gold_loss":0.0,"damage_taken":0.0},{"damage_healed":0.0,"max_hp_gain":0.0,"max_hp_loss":0.0,"gold_gain":0.0,"event_name":"MindBloom","player_choice":"Fight","floor":48.0,"gold_loss":0.0,"damage_taken":0.0}],"is_beta":false,"boss_relics":[{"not_picked":["Velvet Choker","Coffee Dripper"],"picked":"Empty Cage"},{"not_picked":["Astrolabe","Ring of the Serpent"],"picked":"Runic Dome"}],"items_purged_floors":[20,37],"is_endless":false,"potions_floor_spawned":[2,4,11,14,18,28,29,31,36,39,40,44],"killed_by":"Shield and Spear","ascension_level":17}}