{"host":"5h6e4l6hpn0p5lap","time":1612871923,"event":{"mods":["AchievementEnabler","BaseMod","Better Altar","Better Match","Better Sensory Stone","Better Skull","Better Third Choice","Colored Map","Filter the Spire","Minty Spire (QoL Compilation)","StSLib"],"gold_per_floor":[119,131,146,146,156,156,166,166,166,166,23,123,133,163,163,268,268,283,295,305,129,148,174,185,185,185],"floor_reached":25,"language":"ENG","playtime":1210,"items_purged":["Strike_B"],"score":318,"play_id":"896b6191-4aa8-4443-bddc-39340a3ada5c","local_time":"20210209065843","is_ascension_mode":true,"campfire_choices":[{"data":"Zap","floor":6,"key":"SMITH"},{"floor":8,"key":"REST"},{"data":"Hologram","floor":15,"key":"SMITH"}],"circlet_count":0,"master_deck":["Strike_B","Strike_B","Strike_B","Defend_B","Defend_B","Defend_B","Defend_B","Zap+1","Dualcast","Reinforced Body","Rebound","Gash","Genetic Algorithm","Go for the Eyes","Auto Shields","Hologram+1","Electrodynamics","FTL","Ball Lightning","Redo+1","Core Surge","Self Repair","Chaos+1","Biased Cognition","Stack"],"relics":["Cracked Core","Centennial Puzzle","Regal Pillow","HornCleat","Runic Capacitor","The Courier","Velvet Choker","PreservedInsect"],"acts_visited":["Exordium","TheCity"],"potions_floor_usage":[16,23],"damage_taken":[{"damage":7,"enemies":"Jaw Worm","floor":1,"turns":2},{"damage":2,"enemies":"2 Louse","floor":2,"turns":3},{"damage":1,"enemies":"Cultist","floor":3,"turns":3},{"damage":6,"enemies":"Looter","floor":5,"turns":3},{"damage":25,"enemies":"Large Slime","floor":7,"turns":6},{"damage":5,"enemies":"Blue Slaver","floor":13,"turns":3},{"damage":24,"enemies":"3 Sentries","floor":14,"turns":9},{"damage":38,"enemies":"Slime Boss","floor":16,"turns":8},{"damage":2,"enemies":"Chosen","floor":18,"turns":6},{"damage":4,"enemies":"Shell Parasite","floor":19,"turns":4},{"damage":15,"enemies":"Sentry and Sphere","floor":20,"turns":6},{"damage":8,"enemies":"Cultist and Chosen","floor":22,"turns":5},{"damage":22,"enemies":"Book of Stabbing","floor":23,"turns":6},{"damage":0,"enemies":"Chosen and Byrds","floor":24,"turns":4},{"damage":18,"enemies":"Shelled Parasite and Fungi","floor":25,"turns":5}],"seed_played":"-4986842038486330746","potions_obtained":[{"floor":2,"key":"Dexterity Potion"},{"floor":7,"key":"FearPotion"},{"floor":14,"key":"ColorlessPotion"},{"floor":16,"key":"Fire Potion"},{"floor":20,"key":"SteroidPotion"},{"floor":22,"key":"AttackPotion"}],"is_trial":false,"path_per_floor":["M","M","M","?","M","R","M","R","T","?","$","?","M","E","R","B",null,"M","M","M","$","M","E","M","M"],"character_chosen":"DEFECT","items_purchased":["Runic Capacitor","Core Surge","Self Repair"],"campfire_rested":1,"item_purchase_floors":[11,21,21],"current_hp_per_floor":[61,59,58,55,49,49,24,61,61,75,75,75,70,46,46,8,58,56,52,37,37,36,21,28,10,10],"gold":185,"neow_bonus":"RANDOM_COMMON_RELIC","is_daily":false,"chose_seed":false,"campfire_upgraded":2,"win_rate":0.0,"timestamp":1612871923,"path_taken":["M","M","M","?","M","R","M","R","T","?","$","?","M","E","R","BOSS","M","?","M","$","M","E","M","M"],"items_purchased_type":["Relic","Card","Card"],"build_version":"2020-12-22","purchased_purges":1,"victory":false,"max_hp_per_floor":[75,75,75,75,75,75,75,75,75,75,75,75,75,75,75,75,75,75,75,75,75,75,75,75,75,75],"card_choices":[{"not_picked":["Conserve Battery","Barrage"],"picked":"Reinforced Body","floor":1},{"not_picked":["Turbo","Conserve Battery"],"picked":"Rebound","floor":2},{"not_picked":["Self Repair","Sweeping Beam"],"picked":"Gash","floor":3},{"not_picked":["Leap","Consume"],"picked":"Genetic Algorithm","floor":5},{"not_picked":["Stack","Force Field"],"picked":"Go for the Eyes","floor":7},{"not_picked":["Hello World","Reboot"],"picked":"Auto Shields","floor":13},{"not_picked":["White Noise","Self Repair"],"picked":"Hologram","floor":14},{"not_picked":["Multi-Cast","Biased Cognition"],"picked":"Electrodynamics","floor":16},{"not_picked":["Hello World","Turbo"],"picked":"FTL","floor":18},{"not_picked":["Streamline","Coolheaded"],"picked":"Ball Lightning","floor":19},{"not_picked":["Conserve Battery","Sweeping Beam"],"picked":"Redo+1","floor":20},{"not_picked":["Streamline+1","Capacitor+1"],"picked":"Chaos+1","floor":22},{"not_picked":["Compile Driver","Static Discharge"],"picked":"Biased Cognition","floor":23},{"not_picked":["Barrage","Double Energy"],"picked":"Stack","floor":24}],"player_experience":1087888,"relics_obtained":[{"floor":9,"key":"HornCleat"},{"floor":14,"key":"The Courier"},{"floor":23,"key":"PreservedInsect"}],"event_choices":[{"damage_healed":0,"gold_gain":0,"player_choice":"Relic ","damage_taken":3,"max_hp_gain":0,"max_hp_loss":0,"event_name":"betterThird:BetterScrap","floor":4,"gold_loss":0,"cards_obtained":["Juggernaut"]},{"damage_healed":25,"gold_gain":0,"player_choice":"Banana","damage_taken":0,"max_hp_gain":0,"max_hp_loss":0,"event_name":"Big Fish","floor":10,"gold_loss":0},{"damage_healed":0,"gold_gain":100,"player_choice":"Pray","damage_taken":0,"max_hp_gain":0,"max_hp_loss":0,"event_name":"Golden Shrine","floor":12,"gold_loss":0}],"is_beta":false,"boss_relics":[{"not_picked":["Busted Crown","SacredBark"],"picked":"Velvet Choker"}],"items_purged_floors":[21],"is_endless":false,"potions_floor_spawned":[2,7,14,16,20,22],"killed_by":"Shelled Parasite and Fungi","ascension_level":8}}