{"host":"6drv1qzpbnls60z2","time":1612865644,"event":{"mods":["ATMod(°¢èªMod)","Act Like it!","BaseMod","Hallownest","Jedi Mod","Minty Spire (QoL Compilation)","Reliquary","Replay The Spire","Shop Mod","Spicy Shops","StSLib","The Dragon Tamer","Uncapped","¡¾ÒÅÎï¿¨ÅÆ¡¿REMEMod","²ÐÁôÖ®Îï","óô»ðÖ¸ÄÏ"],"gold_per_floor":[111,55,68,68,84,117,117,117,117,201,201,220,105,130,130,130,130,130],"floor_reached":16,"language":"ZHS","playtime":1071,"items_purged":[],"score":296,"play_id":"00489620-8aac-47dd-aa35-add4084f60f1","local_time":"20210209181404","daily_mods":["SealedDeck","Flight"],"is_ascension_mode":true,"metric_token":1047,"campfire_choices":[{"data":"AT_Dispersion","floor":7,"key":"SMITH"},{"data":"DTMod:CrossStep","floor":11,"key":"SMITH"},{"floor":15,"key":"DIG"}],"dtmod_dragon_data":[0,46,-1,-1,0,0],"circlet_count":0,"master_deck":["AscendersBane","DTMod:MasterPlan","DTMod:LastStand","DTMod:ComboAttack","DTMod:Conduct","DTMod:CleansingStrike","DTMod:BurningEnergy","DTMod:BurningEnergy","DTMod:Coolant","DTMod:Haste","DTMod:Coolant","AT_Dispersion+1","DTMod:ShieldDrain+1","DTMod:WarmUp","DTMod:QuickFly+1","DTMod:HeatWave","DTMod:BuildUp","DTMod:LightShield","Hallownest:curseDreamersLament","DTMod:Punisher","DTMod:CrossStep+1","DTMod:DarkBreath","DTMod:BalancedStrike","DTMod:DragonDance","DTMod:Threaten","DTMod:CleansingStrike"],"relics":["DTMod:PactStone","AT_ATBox","REME_ComplimentaryCards","jedi:purplefairy","Hallownest:TeacherSealRelic","Mummified Hand","Lizard Tail","jedi:angrymask"],"acts_visited":["Hallownest:Greenpath"],"potions_floor_usage":[12,14],"damage_taken":[{"damage":8,"enemies":"Hallownest:monsterHuskGuard","floor":1,"turns":5},{"damage":0,"enemies":"Hallownest:2_MossCreeps","floor":3,"turns":5},{"damage":0,"enemies":"Hallownest:2_Baldur","floor":5,"turns":4},{"damage":2,"enemies":"Hallownest:eliteVengeflyKing","floor":6,"turns":6},{"damage":0,"enemies":"Hallownest:Guard_and_Warrior","floor":12,"turns":7},{"damage":4,"enemies":"Hallownest:eliteCrystalGuardian","floor":14,"turns":4},{"damage":14,"enemies":"Hallownest:BossBrokenVessel","floor":16,"turns":7}],"seed_played":"-569097747830258685","potions_obtained":[{"floor":3,"key":"jedi:wingpotion"},{"floor":6,"key":"FearPotion"},{"floor":12,"key":"FearPotion"}],"is_trial":true,"path_per_floor":["M","$","M","?","M","E","R","?","T","?","R","M","R","E","R","B"],"character_chosen":"THE_DT","items_purchased":["DTMod:QuickFly","DTMod:DragonDance","DTMod:Threaten"],"campfire_rested":0,"item_purchase_floors":[2,13,13],"current_hp_per_floor":[29,29,29,29,29,27,28,28,28,28,33,33,33,29,29,15,15,15],"gold":130,"neow_bonus":"","is_daily":false,"chose_seed":false,"campfire_upgraded":2,"win_rate":0.0,"timestamp":1612865644,"path_taken":["M","$","M","?","M","E","R","?","T","?","R","?","R","E","R","BOSS"],"items_purchased_type":["Card","Card","Card"],"build_version":"2020-12-22","purchased_purges":0,"victory":false,"max_hp_per_floor":[41,41,41,41,41,41,41,41,41,41,41,41,41,41,41,41,41,41],"card_choices":[{"not_picked":["DTMod:CleansingStrike","DTMod:DragonDance"],"picked":"DTMod:WarmUp","floor":1},{"not_picked":["DTMod:BlazingStrike","DTMod:Weaken"],"picked":"DTMod:HeatWave","floor":3},{"not_picked":["DTMod:BurningEnergy","DTMod:BalancedStrike"],"picked":"DTMod:BuildUp","floor":5},{"not_picked":["DTMod:Training","DTMod:Feint"],"picked":"DTMod:LightShield","floor":6},{"not_picked":["DTMod:BlazingStrike","DTMod:Feint"],"picked":"DTMod:Punisher","floor":10},{"not_picked":["DTMod:MasterPlan","DTMod:ComboAttack"],"picked":"DTMod:CrossStep","floor":10},{"not_picked":["DTMod:GhostSkin","DTMod:Feint"],"picked":"DTMod:DarkBreath","floor":10},{"not_picked":["DTMod:Haste","DTMod:CleansingStrike"],"picked":"DTMod:BalancedStrike","floor":12},{"not_picked":["DTMod:QuickFly","DTMod:Weaken"],"picked":"DTMod:CleansingStrike","floor":14}],"player_experience":9113,"relics_obtained":[{"floor":6,"key":"jedi:purplefairy"},{"floor":9,"key":"Mummified Hand"},{"floor":14,"key":"Lizard Tail"},{"floor":15,"key":"jedi:angrymask"}],"event_choices":[],"is_beta":false,"boss_relics":[],"items_purged_floors":[],"is_endless":true,"potions_floor_spawned":[3,6,12],"killed_by":"Hallownest:BossBrokenVessel","ascension_level":20}}