{"host":"8zow35rkxv448q2r","time":1612893447,"event":{"mods":["AchievementEnabler","BaseMod","Colored Map","Colored Powertips","Minty Spire (QoL Compilation)","Relic Stats"],"gold_per_floor":[119,999182,999182,999182,999182,999215,999215,999215,999242,999256,999256,999283,998590,998615,998615,998718,998718,998734,997827,997112,997147,997147,997147,997179,997190,997213,997213,997223,997254,997254,997169,997181,997295,997307,997337,997364,996662,996736,996736,996736,996958,996433,996433,996448,996448,996448,995894,995003,995003,995003],"floor_reached":51,"language":"ENG","playtime":2469,"items_purged":["Strike_B","Strike_B"],"score":989,"play_id":"34b62ff2-deff-408f-95c4-ae63dbb4990c","local_time":"20210209125727","is_ascension_mode":true,"campfire_choices":[{"data":"Mayhem","floor":7,"key":"SMITH"},{"data":"Static Discharge","floor":11,"key":"SMITH"},{"floor":15,"key":"REST"},{"data":"Loop","floor":23,"key":"SMITH"},{"data":"Defragment","floor":27,"key":"SMITH"},{"data":"Zap","floor":32,"key":"SMITH"},{"data":"Electrodynamics","floor":40,"key":"SMITH"},{"data":"Buffer","floor":46,"key":"SMITH"},{"data":"Apotheosis","floor":49,"key":"SMITH"}],"circlet_count":0,"master_deck":["Defend_B","Defend_B","Defend_B","Defend_B","Zap+1","Dualcast","CurseOfTheBell","Ball Lightning","Static Discharge+1","Mayhem+1","Self Repair","Redo","Defragment+1","Hello World","Thunder Strike","Buffer+1","Static Discharge+1","Loop+1","Tempest","Electrodynamics+1","Capacitor","Electrodynamics+1","Apotheosis+1"],"relics":["Calling Bell","PreservedInsect","Sundial","Ginger","Strawberry","Strange Spoon","InkBottle","Anchor","Bag of Preparation","Art of War","Orichalcum","TheAbacus","HornCleat","Pen Nib","Nunchaku","Nuclear Battery","Bronze Scales","Lee\u0027s Waffle","WingedGreaves","Chemical X","Centennial Puzzle","MealTicket","Red Mask","Tiny Chest","Shuriken","Ancient Tea Set","DataDisk","MawBank","Empty Cage","StoneCalendar","Juzu Bracelet","Frozen Eye","Symbiotic Virus","Runic Capacitor","Dream Catcher","Boot","Eternal Feather","Frozen Egg 2","Blood Vial","Mummified Hand","DollysMirror","Sling","StrikeDummy","Cables"],"acts_visited":["Exordium","TheCity","TheBeyond"],"potions_floor_usage":[12,14,16,16,16,20,24,33,33,33,50,50],"damage_taken":[{"damage":0,"enemies":"Small Slimes","floor":1,"turns":3},{"damage":35,"enemies":"3 Sentries","floor":6,"turns":5},{"damage":2,"enemies":"Jaw Worm","floor":10,"turns":3},{"damage":20,"enemies":"Lagavulin","floor":12,"turns":4},{"damage":15,"enemies":"Gremlin Nob","floor":14,"turns":4},{"damage":16,"enemies":"The Guardian","floor":16,"turns":6},{"damage":2,"enemies":"Shell Parasite","floor":18,"turns":5},{"damage":41,"enemies":"Masked Bandits","floor":21,"turns":4},{"damage":6,"enemies":"Gremlin Leader","floor":24,"turns":5},{"damage":0,"enemies":"Chosen","floor":25,"turns":5},{"damage":7,"enemies":"Centurion and Healer","floor":28,"turns":4},{"damage":9,"enemies":"Slavers","floor":29,"turns":3},{"damage":16,"enemies":"Collector","floor":33,"turns":4},{"damage":0,"enemies":"Orb Walker","floor":35,"turns":3},{"damage":0,"enemies":"3 Darklings","floor":36,"turns":3},{"damage":20,"enemies":"Maw","floor":44,"turns":4},{"damage":0,"enemies":"Time Eater","floor":50,"turns":4}],"seed_played":"5317197792525899261","potions_obtained":[{"floor":1,"key":"Energy Potion"},{"floor":14,"key":"Weak Potion"},{"floor":24,"key":"Energy Potion"},{"floor":28,"key":"PotionOfCapacity"},{"floor":35,"key":"PowerPotion"}],"is_trial":false,"path_per_floor":["M","$","?","?","T","E","R","?","T","M","R","E","$","E","R","B",null,"M","$","$","?","?","R","E","M","T","R","M","E","?","?","R","B",null,"M","M","$","T","?","R","?","$","T","M","T","R","$","$","R","B",null],"character_chosen":"DEFECT","items_purchased":["Static Discharge","Block Potion","ColorlessPotion","Strawberry","Strange Spoon","InkBottle","Mayhem","TheAbacus","HornCleat","Pen Nib","Dexterity Potion","Hello World","Bronze Scales","Lee\u0027s Waffle","WingedGreaves","Loop","FocusPotion","FocusPotion","BlessingOfTheForge","Chemical X","Centennial Puzzle","MealTicket","Fruit Juice","Regen Potion","StoneCalendar","Juzu Bracelet","Frozen Eye","Ancient Potion","Swift Potion","Runic Capacitor","Dream Catcher","Boot","Capacitor","Blood Vial","Mummified Hand","DollysMirror","Sling","StrikeDummy","Cables","DistilledChaos","Apotheosis"],"campfire_rested":1,"item_purchase_floors":[2,2,2,2,2,2,2,13,13,13,13,13,19,19,19,19,19,19,19,20,20,20,20,20,37,37,37,37,37,42,42,42,42,47,47,47,48,48,48,48,48],"current_hp_per_floor":[75,82,82,82,82,47,47,47,47,52,52,39,39,24,48,39,71,76,89,94,60,60,60,75,82,82,82,82,80,80,80,80,71,88,94,94,94,94,94,94,94,94,94,81,81,93,94,94,94,94],"gold":995003,"neow_bonus":"BOSS_RELIC","is_daily":false,"chose_seed":false,"campfire_upgraded":8,"win_rate":0.0,"timestamp":1612893447,"path_taken":["M","$","?","?","?","E","R","?","T","M","R","E","$","E","R","BOSS","M","$","$","?","?","R","E","?","T","R","M","E","?","?","R","BOSS","M","M","$","?","?","R","?","?","T","M","?","R","$","$","R","BOSS"],"items_purchased_type":["Card","Potion","Potion","Relic","Relic","Relic","Card","Relic","Relic","Relic","Potion","Card","Relic","Relic","Relic","Card","Potion","Potion","Potion","Relic","Relic","Relic","Potion","Potion","Relic","Relic","Relic","Potion","Potion","Relic","Relic","Relic","Card","Relic","Relic","Relic","Relic","Relic","Relic","Potion","Card"],"build_version":"2020-12-22","purchased_purges":2,"victory":true,"max_hp_per_floor":[75,82,82,82,82,82,82,82,82,82,82,82,82,82,82,82,82,82,89,94,94,94,94,94,94,94,94,94,94,94,94,94,94,94,94,94,94,94,94,94,94,94,94,94,94,94,94,94,94,94],"relic_stats":{"StoneCalendar":[0],"Bag of Preparation":[30],"Juzu Bracelet":0,"Ginger":[11],"Boot":[8],"Blood Vial":0,"Nunchaku":[5],"Centennial Puzzle":[18],"Dream Catcher":0,"TheAbacus":[60],"Sundial":[8],"Mummified Hand":[8],"MealTicket":1,"Tiny Chest":2,"Chemical X":[7],"InkBottle":[21],"Lee\u0027s Waffle":13,"counters":[17,69],"Eternal Feather":12,"PreservedInsect":167,"Pen Nib":[5],"Orichalcum":[36],"MawBank":72,"Cables":[4,3,0,0,1],"Strange Spoon":[6],"Shuriken":[2],"Bronze Scales":[120],"Art of War":[20],"obtain_stats":[{"StoneCalendar":37,"Bag of Preparation":6,"Juzu Bracelet":37,"Runic Capacitor":42,"Ginger":0,"Ancient Tea Set":26,"Empty Cage":34,"Boot":42,"Sling":48,"Blood Vial":47,"Frozen Eye":37,"Nunchaku":14,"Centennial Puzzle":20,"Dream Catcher":42,"TheAbacus":13,"HornCleat":13,"Sundial":0,"Mummified Hand":47,"DollysMirror":47,"Strawberry":2,"MealTicket":20,"Tiny Chest":22,"WingedGreaves":19,"Red Mask":21,"Chemical X":20,"Cracked Core":0,"InkBottle":2,"Lee\u0027s Waffle":19,"Eternal Feather":43,"PreservedInsect":0,"Pen Nib":13,"Orichalcum":12,"Frozen Egg 2":45,"MawBank":31,"Nuclear Battery":17,"Cables":48,"Calling Bell":0,"Strange Spoon":2,"Anchor":5,"DataDisk":29,"Shuriken":24,"Bronze Scales":19,"Art of War":9,"Symbiotic Virus":38,"StrikeDummy":48},{"StoneCalendar":15,"Bag of Preparation":2,"Juzu Bracelet":15,"Runic Capacitor":15,"Ginger":0,"Ancient Tea Set":10,"Empty Cage":13,"Boot":15,"Sling":16,"Blood Vial":16,"Frozen Eye":15,"Nunchaku":5,"Centennial Puzzle":7,"Dream Catcher":15,"TheAbacus":4,"HornCleat":4,"Sundial":0,"Mummified Hand":16,"DollysMirror":16,"Strawberry":1,"MealTicket":7,"Tiny Chest":8,"WingedGreaves":7,"Red Mask":8,"Chemical X":7,"Cracked Core":0,"InkBottle":1,"Lee\u0027s Waffle":7,"Eternal Feather":15,"PreservedInsect":0,"Pen Nib":4,"Orichalcum":4,"Frozen Egg 2":16,"MawBank":12,"Nuclear Battery":6,"Cables":16,"Calling Bell":0,"Strange Spoon":1,"Anchor":1,"DataDisk":12,"Shuriken":9,"Bronze Scales":7,"Art of War":2,"Symbiotic Virus":15,"StrikeDummy":16},{"StoneCalendar":61,"Bag of Preparation":8,"Juzu Bracelet":61,"Runic Capacitor":61,"Ginger":0,"Ancient Tea Set":44,"Empty Cage":55,"Boot":61,"Sling":65,"Blood Vial":65,"Frozen Eye":61,"Nunchaku":19,"Centennial Puzzle":30,"Dream Catcher":61,"TheAbacus":15,"HornCleat":15,"Sundial":0,"Mummified Hand":65,"DollysMirror":65,"Strawberry":3,"MealTicket":30,"Tiny Chest":34,"WingedGreaves":30,"Red Mask":34,"Chemical X":30,"Cracked Core":0,"InkBottle":3,"Lee\u0027s Waffle":30,"Eternal Feather":61,"PreservedInsect":0,"Pen Nib":15,"Orichalcum":15,"Frozen Egg 2":65,"MawBank":51,"Nuclear Battery":25,"Cables":65,"Calling Bell":0,"Strange Spoon":3,"Anchor":3,"DataDisk":51,"Shuriken":39,"Bronze Scales":30,"Art of War":8,"Symbiotic Virus":61,"StrikeDummy":65}]},"card_choices":[{"not_picked":["Stack","Beam Cell"],"picked":"Ball Lightning","floor":1},{"not_picked":["Rebound","Double Energy"],"picked":"Self Repair","floor":6},{"not_picked":["Go for the Eyes","Ball Lightning"],"picked":"Redo","floor":10},{"not_picked":["Genetic Algorithm","Ball Lightning"],"picked":"Defragment","floor":12},{"not_picked":["Hologram","Sweeping Beam"],"picked":"Thunder Strike","floor":14},{"not_picked":["Fission","Rainbow"],"picked":"Buffer","floor":16},{"not_picked":["Reinforced Body","Ball Lightning+1"],"picked":"Static Discharge+1","floor":18},{"not_picked":["Compile Driver+1","Hologram"],"picked":"Chill+1","floor":21},{"not_picked":["Blizzard","Glacier","Reprogram+1"],"picked":"SKIP","floor":24},{"not_picked":["Melter+1","Hello World","Go for the Eyes"],"picked":"SKIP","floor":25},{"not_picked":["Go for the Eyes","Sweeping Beam+1"],"picked":"Tempest","floor":28},{"not_picked":["Cold Snap","Genetic Algorithm","Streamline"],"picked":"SKIP","floor":29},{"not_picked":["Hyperbeam","Multi-Cast"],"picked":"Electrodynamics","floor":33},{"not_picked":["Beam Cell+1","Compile Driver+1","Stack"],"picked":"SKIP","floor":35},{"not_picked":["Conserve Battery","Beam Cell","Coolheaded+1"],"picked":"SKIP","floor":36},{"not_picked":["Darkness+1","Hello World","Stack+1"],"picked":"SKIP","floor":44}],"player_experience":183664,"relics_obtained":[{"floor":0,"key":"PreservedInsect"},{"floor":0,"key":"Sundial"},{"floor":0,"key":"Ginger"},{"floor":5,"key":"Anchor"},{"floor":6,"key":"Bag of Preparation"},{"floor":9,"key":"Art of War"},{"floor":12,"key":"Orichalcum"},{"floor":14,"key":"Nunchaku"},{"floor":21,"key":"Red Mask"},{"floor":22,"key":"Tiny Chest"},{"floor":24,"key":"Shuriken"},{"floor":26,"key":"Ancient Tea Set"},{"floor":29,"key":"DataDisk"},{"floor":38,"key":"Symbiotic Virus"},{"floor":43,"key":"Eternal Feather"},{"floor":45,"key":"Frozen Egg 2"}],"event_choices":[{"damage_healed":0,"gold_gain":0,"player_choice":"Ignored","damage_taken":0,"max_hp_gain":0,"max_hp_loss":0,"event_name":"Liars Game","floor":3,"gold_loss":0},{"damage_healed":0,"gold_gain":0,"player_choice":"Ignored","damage_taken":0,"max_hp_gain":0,"max_hp_loss":0,"event_name":"Golden Idol","floor":4,"gold_loss":0},{"damage_healed":0,"gold_gain":0,"player_choice":"Ignored","damage_taken":0,"max_hp_gain":0,"max_hp_loss":0,"event_name":"Golden Wing","floor":8,"gold_loss":0},{"damage_healed":0,"gold_gain":0,"player_choice":"Fought Bandits","damage_taken":0,"max_hp_gain":0,"max_hp_loss":0,"event_name":"Masked Bandits","floor":21,"gold_loss":0},{"damage_healed":0,"gold_gain":0,"player_choice":"Relic","damage_taken":0,"max_hp_gain":0,"max_hp_loss":0,"event_name":"Wheel of Change","floor":22,"gold_loss":0},{"damage_healed":0,"gold_gain":0,"player_choice":"Ignored","damage_taken":0,"max_hp_gain":0,"max_hp_loss":0,"event_name":"Ghosts","floor":30,"gold_loss":0},{"damage_healed":0,"gold_gain":0,"player_choice":"Obtained Relic","damage_taken":0,"relics_obtained":["MawBank"],"max_hp_gain":0,"max_hp_loss":0,"event_name":"Addict","floor":31,"gold_loss":85},{"cards_removed":["Chill"],"damage_healed":0,"gold_gain":0,"player_choice":"Removed Skill","damage_taken":0,"max_hp_gain":0,"max_hp_loss":0,"event_name":"Falling","floor":39,"gold_loss":0},{"damage_healed":0,"gold_gain":222,"player_choice":"Wore Mask","damage_taken":0,"max_hp_gain":0,"max_hp_loss":0,"event_name":"Tomb of Lord Red Mask","floor":41,"gold_loss":0}],"is_beta":false,"boss_relics":[{"not_picked":["Philosopher\u0027s Stone","Runic Dome"],"picked":"Nuclear Battery"},{"not_picked":["Cursed Key","SlaversCollar"],"picked":"Empty Cage"}],"items_purged_floors":[19,20],"is_endless":false,"potions_floor_spawned":[1,14,21,24,28,29,35,44],"ascension_level":5}}