{"host":"x7btokbb0w2jhl7e","time":1612843259,"event":{"mods":["Act Like it!","BaseMod","Gensokyo","Minty Spire (QoL Compilation)","Quick Restart","StSLib","TestMod"],"gold_per_floor":[112,112,12,31,31,60,60,85,85,97,97,112,112,37,37,108,108,122,439,689,703,261,261,275,289,315,315,331,363,373,373,373,772,828,838,838,580,606,619,650,665,665,665,309,879,1241,1269,1285,1285,1285,1285,1285,1285,492,521,521],"floor_reached":57,"language":"ZHS","playtime":3509,"items_purged":["Strike_G","Skewer","Blade Dance+1"],"score":3339,"play_id":"5b068d23-e3b8-43af-9bac-daafdb65bf6b","local_time":"20210209120059","is_ascension_mode":true,"campfire_choices":[{"data":"Blade Dance","floor":7.0,"key":"SMITH"},{"data":"Neutralize","floor":11.0,"key":"SMITH"},{"floor":13.0,"key":"RECALL"},{"data":"Survivor","floor":15.0,"key":"SMITH"},{"floor":23.0,"key":"REST"},{"floor":32.0,"key":"REST"},{"floor":49.0,"key":"REST"},{"floor":53.0,"key":"REST"}],"circlet_count":0,"master_deck":["AscendersBane","Survivor+1","Neutralize+1","Venomology+1","Reflex+1","Prepared+1","Grand Finale","Acrobatics+1","Calculated Gamble+1","Blade Dance+1","Tactician+1","Endless Agony","Blade Dance+1","Night Terror+1","Phantasmal Killer+1","Gensokyo:ManorOfTheDishes"],"relics":["Ring of the Snake","testmod-TestBox","testmod-Muramasa","NeowsBlessing","Pantograph","Gensokyo:OccultBall","Toxic Egg 2","InkBottle","Torii","Fusion Hammer","Orrery","testmod-Charity","ClockworkSouvenir","CeramicFish","Pandora\u0027s Box","TheAbacus","testmod-IndustrialRevolution","Mango","Sundial","OrangePellets","Pear","testmod-BalancedPeriapt","Happy Flower","Bottled Tornado","Chemical X","testmod-Brilliant"],"acts_visited":["Gensokyo:Gensokyo","Gensokyo:Gensokyoer","Gensokyo:Gensokyoest","TheEnding"],"potions_floor_usage":[56,56],"damage_taken":[{"damage":0.0,"enemies":"Gensokyo:2_Kodama","floor":1.0,"turns":1.0},{"damage":0.0,"enemies":"Gensokyo:3_Fairies","floor":4.0,"turns":1.0},{"damage":0.0,"enemies":"Gensokyo:Cirno","floor":6.0,"turns":2.0},{"damage":0.0,"enemies":"Gensokyo:Aya","floor":8.0,"turns":9.0},{"damage":0.0,"enemies":"Gensokyo:Gryphon","floor":10.0,"turns":4.0},{"damage":0.0,"enemies":"Gensokyo:LivingMonolith","floor":12.0,"turns":3.0},{"damage":23.0,"enemies":"Gensokyo:Kokoro","floor":16.0,"turns":10.0},{"damage":0.0,"enemies":"Gensokyo:3_Dogs","floor":18.0,"turns":1.0},{"damage":30.0,"enemies":"Gensokyo:2_Gloops","floor":19.0,"turns":3.0},{"damage":1.0,"enemies":"Gensokyo:Slime_Group","floor":21.0,"turns":2.0},{"damage":0.0,"enemies":"Gensokyo:Chomper_and_Gloop","floor":24.0,"turns":2.0},{"damage":0.0,"enemies":"Gensokyo:3_Gloops","floor":25.0,"turns":5.0},{"damage":1.0,"enemies":"Gensokyo:Mirror_and_Dog","floor":28.0,"turns":2.0},{"damage":0.0,"enemies":"Gensokyo:Koishi","floor":29.0,"turns":3.0},{"damage":2.0,"enemies":"Gensokyo:Monolith_and_Dog","floor":30.0,"turns":2.0},{"damage":46.0,"enemies":"Gensokyo:Eiki","floor":33.0,"turns":4.0},{"damage":0.0,"enemies":"Gensokyo:3_Bats","floor":35.0,"turns":1.0},{"damage":0.0,"enemies":"Gensokyo:3_Boulders","floor":39.0,"turns":1.0},{"damage":0.0,"enemies":"Gensokyo:Marisa","floor":40.0,"turns":1.0},{"damage":0.0,"enemies":"Gensokyo:Rafflesia","floor":41.0,"turns":1.0},{"damage":42.0,"enemies":"Gensokyo:Doremy","floor":45.0,"turns":2.0},{"damage":27.0,"enemies":"Gensokyo:4_Bats","floor":46.0,"turns":1.0},{"damage":0.0,"enemies":"Gensokyo:Marisa","floor":47.0,"turns":2.0},{"damage":0.0,"enemies":"Gensokyo:Sharpion","floor":48.0,"turns":1.0},{"damage":0.0,"enemies":"Gensokyo:Shinki","floor":50.0,"turns":3.0},{"damage":19.0,"enemies":"Gensokyo:Yuyuko","floor":51.0,"turns":2.0},{"damage":0.0,"enemies":"Shield and Spear","floor":55.0,"turns":1.0},{"damage":19,"enemies":"The Heart","floor":56,"turns":4}],"seed_played":"-7962459463072216263","potions_obtained":[{"floor":1.0,"key":"EntropicBrew"},{"floor":8.0,"key":"Swift Potion"},{"floor":24.0,"key":"DuplicationPotion"}],"is_trial":false,"path_per_floor":["M","?","?","M","?","E","R","E","T","M","R","M","R","$","R","B",null,"M","M","?","M","COS","R","M","M","T","?","M","E","M","?","R","B",null,"M","?","$","T","M","E","M","?","T","COS","E","M","E","M","R","B","B",null,"R","$","E","B",null],"character_chosen":"THE_SILENT","items_purchased":["TheAbacus","Happy Flower","PowerPotion","Bottled Tornado","Chemical X"],"campfire_rested":4,"item_purchase_floors":[37,54,54,54,54],"current_hp_per_floor":[59,59,59,59,59,59,59,59,59,59,59,59,59,59,59,43,60,60,30,30,29,29,47,48,49,50,50,50,51,50,50,67,23,65,66,66,66,67,68,83,84,84,84,85,55,30,31,34,67,92,92,106,111,111,111,92],"gold":521,"neow_bonus":"THREE_ENEMY_KILL","is_daily":false,"chose_seed":false,"campfire_upgraded":3,"win_rate":0.0,"timestamp":1612843259,"path_taken":["M","?","?","M","?","E","R","E","T","M","R","?","R","?","R","BOSS","M","M","?","M","COS","R","M","?","T","?","M","E","?","?","R","BOSS","M","?","$","?","M","E","M","?","T","COS","E","?","E","M","R","BOSS","BOSS","R","$","E","BOSS"],"items_purchased_type":["Relic","Relic","Potion","Relic","Relic"],"build_version":"2020-12-22","purchased_purges":3,"victory":true,"max_hp_per_floor":[66,66,66,66,66,66,66,66,66,66,66,66,66,66,66,66,66,66,66,61,61,61,61,62,63,64,64,65,66,67,67,67,69,76,77,77,77,78,79,94,95,95,95,96,108,110,111,111,111,111,111,111,111,111,111,111],"card_choices":[{"not_picked":["Setup","Dagger Throw"],"picked":"Blade Dance","floor":1.0},{"not_picked":["Outmaneuver","Bane"],"picked":"Reflex","floor":4.0},{"not_picked":["Cloak And Dagger+1","Eviscerate"],"picked":"Venomology+1","floor":6.0},{"not_picked":["Riddle With Holes","Backflip+1"],"picked":"Reflex+1","floor":8.0},{"not_picked":["Flying Knee","Dagger Throw","Sucker Punch"],"picked":"SKIP","floor":10.0},{"not_picked":["Predator","Escape Plan+1"],"picked":"Prepared+1","floor":12.0},{"not_picked":["Unload","Bullet Time+1"],"picked":"Grand Finale","floor":16.0},{"not_picked":["Flying Knee","PiercingWail+1","Blade Dance+1"],"picked":"SKIP","floor":18.0},{"not_picked":["Sucker Punch","Bane","Flying Knee"],"picked":"SKIP","floor":19.0},{"not_picked":["Reflex+1","Prepared+1","Distraction+1"],"picked":"SKIP","floor":21.0},{"not_picked":["Dagger Throw","Quick Slash"],"picked":"Underhanded Strike","floor":22.0},{"not_picked":["Cloak And Dagger+1","Expertise+1"],"picked":"Acrobatics+1","floor":24.0},{"not_picked":["Flechettes","PiercingWail+1","Catalyst+1"],"picked":"SKIP","floor":25.0},{"not_picked":["Dagger Spray+1","PiercingWail+1"],"picked":"Calculated Gamble+1","floor":28.0},{"not_picked":["Flechettes","Bane","Backstab"],"picked":"SKIP","floor":29.0},{"not_picked":["Dagger Throw","Endless Agony","Eviscerate"],"picked":"SKIP","floor":30.0},{"not_picked":["Slice+1","Underhanded Strike+1","Dagger Throw+1"],"picked":"SKIP","floor":35.0},{"not_picked":["Slice","Dash+1","Deadly Poison+1"],"picked":"SKIP","floor":39.0},{"not_picked":["Blade Dance+1","Dash","Quick Slash"],"picked":"SKIP","floor":40.0},{"not_picked":["Tools of the Trade","Prepared+1","Sucker Punch"],"picked":"SKIP","floor":41.0},{"not_picked":["Dodge and Roll+1","Poisoned Stab+1","Leg Sweep+1"],"picked":"SKIP","floor":45.0},{"not_picked":["Calculated Gamble+1","Catalyst+1","Prepared+1"],"picked":"SKIP","floor":46.0},{"not_picked":["Caltrops","Catalyst+1","Prepared+1"],"picked":"SKIP","floor":47.0},{"not_picked":["Deflect+1","Well Laid Plans","Outmaneuver+1"],"picked":"SKIP","floor":48.0},{"not_picked":["Dash+1","Blade Dance+1","Bouncing Flask+1"],"picked":"SKIP","floor":55.0}],"player_experience":243605,"relics_obtained":[{"floor":6.0,"key":"Toxic Egg 2"},{"floor":8.0,"key":"InkBottle"},{"floor":9.0,"key":"Torii"},{"floor":16.0,"key":"Gensokyo:OccultBall"},{"floor":19.0,"key":"Gensokyo:OccultBall"},{"floor":29.0,"key":"CeramicFish"},{"floor":33.0,"key":"Gensokyo:OccultBall"},{"floor":35.0,"key":"Gensokyo:OccultBall"},{"floor":38.0,"key":"testmod-IndustrialRevolution"},{"floor":40.0,"key":"Mango"},{"floor":43.0,"key":"Sundial"},{"floor":45.0,"key":"Pear"},{"floor":47.0,"key":"testmod-BalancedPeriapt"},{"floor":55.0,"key":"testmod-Brilliant"}],"event_choices":[],"is_beta":false,"boss_relics":[{"not_picked":["testmod-Nine","testmod-Fanaticism"],"picked":"Fusion Hammer"},{"not_picked":["testmod-CardMagician","HoveringKite"],"picked":"Pandora\u0027s Box"}],"items_purged_floors":[14,37,54],"is_endless":false,"potions_floor_spawned":[1,8,16,24,28,29,30,35,41,46,55],"ascension_level":20}}