{"host":"6p0attdrtjqaih7v","time":1612850760,"event":{"mods":["2.2 Compatiblity","AchievementEnabler","Bard","BaseMod","Better Skull","Better Third Choice","Colored Powertips","Hermit","Highlight Path","Key Reminder","Minty Spire (QoL Compilation)","Permanent Neow","Quick Restart","Random Character Button","Relic Stats","Reliquary","Replay The Spire","Robot Space Explorer","StSLib","The Hayseed","The Witch"],"gold_per_floor":[119,44,44,59,79,79,98,127,127,202,202,228,243,257,257,336,336,347,365,383,396,296,296,171,189,215,246,265,265,277,308,308,383,383,397,397,131,145,155,155,190,207,207,223,223,223,27,27,27,27,27],"floor_reached":52,"language":"ENG","playtime":3089,"items_purged":["hermit:Strike_Hermit","hermit:Strike_Hermit","hermit:Defend_Hermit"],"score":2047,"play_id":"ba1b951d-837b-4177-b069-8ea6dd4aaddb","local_time":"20210209010600","is_ascension_mode":true,"campfire_choices":[{"data":"hermit:Snapshot","floor":6,"key":"SMITH"},{"data":"hermit:GoldenBullet","floor":11,"key":"SMITH"},{"data":"hermit:EternalForm","floor":15,"key":"SMITH"},{"data":"hermit:NoHoldsBarred","floor":23,"key":"SMITH"},{"floor":32,"key":"REST"},{"data":"hermit:EternalForm","floor":40,"key":"SMITH"},{"data":"Deep Breath","floor":45,"key":"SMITH"},{"data":"hermit:LuckOfTheDraw","floor":49,"key":"SMITH"}],"circlet_count":0,"master_deck":["AscendersBane","hermit:Strike_Hermit","hermit:Strike_Hermit","hermit:Defend_Hermit","hermit:Defend_Hermit","hermit:Defend_Hermit","hermit:Snapshot+1","hermit:Covet","hermit:GoldenBullet+1","hermit:Midnight","hermit:Maintenance","hermit:EternalForm+1","hermit:NoHoldsBarred+1","hermit:HighNoon","hermit:LuckOfTheDraw+1","hermit:EternalForm+1","Necronomicurse","hermit:HighNoon","Deep Breath+1"],"relics":["Snecko Eye","Nunchaku","reliquary:QuartzCube","TheSimpletonMod:PicklingJar","reliquary:PurpleTingedLeaf","hermit:BartenderGlass","Pet Ghost","TungstenRod","Necronomicon","Juzu Bracelet","reliquary:Ember","MealTicket","TheSimpletonMod:GardenGlove","keyreminder:keyreminder"],"acts_visited":["Exordium","TheCity","TheBeyond"],"potions_floor_usage":[7,8,16,18,21,21,25,25,30,30,33,39,44,44,44,50,51,51,51],"damage_taken":[{"damage":4,"enemies":"Jaw Worm","floor":1,"turns":4},{"damage":0,"enemies":"Cultist","floor":4,"turns":2},{"damage":0,"enemies":"2 Louse","floor":5,"turns":2},{"damage":0,"enemies":"Gremlin Gang","floor":7,"turns":1},{"damage":24,"enemies":"Gremlin Nob","floor":8,"turns":4},{"damage":6,"enemies":"Lagavulin","floor":12,"turns":5},{"damage":0,"enemies":"Blue Slaver","floor":13,"turns":2},{"damage":8,"enemies":"Large Slime","floor":14,"turns":5},{"damage":2,"enemies":"The Guardian","floor":16,"turns":7},{"damage":17,"enemies":"Shell Parasite","floor":18,"turns":5},{"damage":0,"enemies":"3 Byrds","floor":19,"turns":4},{"damage":0,"enemies":"Centurion and Healer","floor":20,"turns":4},{"damage":6,"enemies":"Snake Plant","floor":21,"turns":5},{"damage":3,"enemies":"Cultist and Chosen","floor":25,"turns":5},{"damage":0,"enemies":"Gremlin Leader","floor":27,"turns":3},{"damage":0,"enemies":"Shelled Parasite and Fungi","floor":28,"turns":2},{"damage":3,"enemies":"Centurion and Healer","floor":30,"turns":2},{"damage":0,"enemies":"Book of Stabbing","floor":31,"turns":3},{"damage":0,"enemies":"Automaton","floor":33,"turns":4},{"damage":5,"enemies":"3 Shapes","floor":35,"turns":3},{"damage":0,"enemies":"3 Darklings","floor":38,"turns":3},{"damage":6,"enemies":"Jaw Worm Horde","floor":39,"turns":3},{"damage":9,"enemies":"Nemesis","floor":41,"turns":5},{"damage":0,"enemies":"Maw","floor":42,"turns":4},{"damage":12,"enemies":"Spire Growth","floor":44,"turns":4},{"damage":19,"enemies":"Time Eater","floor":50,"turns":9},{"damage":9,"enemies":"Awakened One","floor":51,"turns":4}],"seed_played":"-5728350984514567424","potions_obtained":[{"floor":1,"key":"Elixir"},{"floor":3,"key":"ColorlessPotion"},{"floor":3,"key":"SpeedPotion"},{"floor":7,"key":"Adrenaline Potion"},{"floor":8,"key":"Dexterity Potion"},{"floor":13,"key":"FearPotion"},{"floor":16,"key":"EssenceOfSteel"},{"floor":20,"key":"SkillPotion"},{"floor":27,"key":"Energy Potion"},{"floor":38,"key":"Block Potion"},{"floor":44,"key":"Dexterity Potion"}],"is_trial":false,"path_per_floor":["M","$","?","M","M","R","M","E","T","T","R","E","M","M","R","B",null,"M","M","M","M","$","R","$","M","T","E","M","?","M","E","R","B",null,"M","?","$","M","M","R","E","M","T","M","R","?","$","?","R","B","B",null],"character_chosen":"HERMIT","items_purchased":["Deep Breath","MealTicket","SneckoOil","hermit:FlashPowder"],"campfire_rested":1,"item_purchase_floors":[37,37,47,47],"current_hp_per_floor":[60,60,60,60,60,60,60,36,36,36,36,30,31,26,26,28,60,47,51,54,52,52,52,52,51,51,54,55,38,36,39,60,66,70,66,66,66,70,66,66,61,68,68,70,70,70,71,71,71,57,51],"gold":27,"neow_bonus":"BOSS_RELIC","is_daily":false,"chose_seed":false,"campfire_upgraded":7,"win_rate":0.0,"timestamp":1612850760,"path_taken":["M","$","?","M","M","R","?","E","T","?","R","E","M","M","R","BOSS","M","M","M","M","$","R","$","M","T","E","M","?","M","E","R","BOSS","M","?","$","M","M","R","E","M","T","M","R","?","$","?","R","BOSS","BOSS"],"items_purchased_type":["Card","Relic","Potion","Card"],"build_version":"2020-12-22","purchased_purges":3,"victory":true,"max_hp_per_floor":[71,71,71,71,71,71,71,71,71,71,71,71,71,71,71,71,71,71,71,71,71,71,71,71,71,71,71,71,71,71,71,71,71,71,71,71,71,71,71,71,71,71,71,71,71,71,71,71,71,71,71],"relic_stats":{"Nunchaku":[25],"counters":[27,104],"Snecko Eye":[324,313,316,301],"MealTicket":1,"Necronomicon":[2],"Juzu Bracelet":1,"obtain_stats":[{"Juzu Bracelet":31,"reliquary:QuartzCube":9,"Pet Ghost":26,"keyreminder:keyreminder":43,"Nunchaku":8,"Snecko Eye":0,"hermit:BartenderGlass":17,"MealTicket":37,"Necronomicon":29,"reliquary:Ember":34,"hermit:Momento":0,"reliquary:PurpleTingedLeaf":12,"TungstenRod":27,"TheSimpletonMod:GardenGlove":41,"TheSimpletonMod:PicklingJar":10},{"Juzu Bracelet":18,"reliquary:QuartzCube":5,"Pet Ghost":14,"keyreminder:keyreminder":24,"Nunchaku":5,"Snecko Eye":0,"hermit:BartenderGlass":9,"MealTicket":20,"Necronomicon":16,"reliquary:Ember":19,"hermit:Momento":0,"reliquary:PurpleTingedLeaf":6,"TungstenRod":15,"TheSimpletonMod:GardenGlove":23,"TheSimpletonMod:PicklingJar":5},{"Juzu Bracelet":65,"reliquary:QuartzCube":13,"Pet Ghost":55,"keyreminder:keyreminder":87,"Nunchaku":13,"Snecko Eye":0,"hermit:BartenderGlass":32,"MealTicket":72,"Necronomicon":60,"reliquary:Ember":69,"hermit:Momento":0,"reliquary:PurpleTingedLeaf":18,"TungstenRod":58,"TheSimpletonMod:GardenGlove":83,"TheSimpletonMod:PicklingJar":13}],"TungstenRod":17},"card_choices":[{"not_picked":["hermit:Malice","hermit:CalledShot"],"picked":"hermit:GoldenBullet","floor":1},{"not_picked":["hermit:Quickdraw","hermit:Headshot","hermit:Ricochet"],"picked":"SKIP","floor":4},{"not_picked":["hermit:Glare","hermit:Feint"],"picked":"hermit:Midnight","floor":5},{"not_picked":["hermit:Ricochet","hermit:Desperado"],"picked":"hermit:Maintenance","floor":7},{"not_picked":["hermit:Dive","hermit:CursedWeapon","hermit:HoleUp"],"picked":"SKIP","floor":8},{"not_picked":["hermit:Purgatory","hermit:Vantage"],"picked":"hermit:EternalForm","floor":12},{"not_picked":["hermit:Vantage","hermit:CalledShot","hermit:TrackingShot"],"picked":"SKIP","floor":13},{"not_picked":["hermit:BodyArmor","hermit:Snipe"],"picked":"hermit:NoHoldsBarred","floor":14},{"not_picked":["hermit:Gambit","hermit:FinalCanter"],"picked":"hermit:HighNoon","floor":16},{"not_picked":["hermit:BigShot","hermit:DeadMansHand"],"picked":"hermit:LuckOfTheDraw","floor":18},{"not_picked":["hermit:PistolWhip","hermit:Scavenge","hermit:LowProfile"],"picked":"SKIP","floor":19},{"not_picked":["hermit:SprayPray","hermit:Spite","hermit:Headshot"],"picked":"SKIP","floor":20},{"not_picked":["hermit:Cheat","hermit:HoleUp+1","hermit:Manifest"],"picked":"SKIP","floor":21},{"not_picked":["hermit:BigShot","hermit:Coalescence+1","hermit:HoleUp"],"picked":"SKIP","floor":25},{"not_picked":["hermit:EyeOfTheStorm","hermit:NoHoldsBarred+1"],"picked":"hermit:EternalForm","floor":27},{"not_picked":["hermit:WideOpen","hermit:DeadMansHand+1","hermit:Showdown"],"picked":"SKIP","floor":28},{"not_picked":["hermit:Feint","hermit:GhostlyPresence+1","hermit:Misfire"],"picked":"SKIP","floor":30},{"not_picked":["hermit:Misfire+1","hermit:Midnight","hermit:GoldenBullet"],"picked":"SKIP","floor":31},{"not_picked":["hermit:HeroicBravado","hermit:DeadOrAlive"],"picked":"hermit:HighNoon","floor":33},{"not_picked":["hermit:CalledShot","hermit:BodyArmor","hermit:Shortfuse"],"picked":"SKIP","floor":35},{"not_picked":["hermit:Desperado","hermit:DeadMansHand","hermit:Showdown"],"picked":"SKIP","floor":38},{"not_picked":["hermit:Desperado","hermit:DeadMansHand","hermit:Showdown"],"picked":"SKIP","floor":38},{"not_picked":["hermit:BodyArmor","hermit:Combo","hermit:Ricochet"],"picked":"SKIP","floor":39},{"not_picked":["hermit:Spite","hermit:LowProfile+1","hermit:SprayPray+1"],"picked":"SKIP","floor":41},{"not_picked":["hermit:FromBeyond","hermit:Feint","hermit:CalledShot"],"picked":"SKIP","floor":42},{"not_picked":["hermit:WideOpen","hermit:NoHoldsBarred+1","hermit:Determination"],"picked":"SKIP","floor":44}],"player_experience":1085882,"relics_obtained":[{"floor":8,"key":"Nunchaku"},{"floor":9,"key":"reliquary:QuartzCube"},{"floor":10,"key":"TheSimpletonMod:PicklingJar"},{"floor":12,"key":"reliquary:PurpleTingedLeaf"},{"floor":26,"key":"Pet Ghost"},{"floor":27,"key":"TungstenRod"},{"floor":29,"key":"Necronomicon"},{"floor":31,"key":"Juzu Bracelet"},{"floor":41,"key":"TheSimpletonMod:GardenGlove"}],"event_choices":[{"damage_healed":0,"gold_gain":0,"player_choice":"Got Potions","damage_taken":0,"max_hp_gain":0,"max_hp_loss":0,"event_name":"Lab","floor":3,"gold_loss":0},{"damage_healed":0,"gold_gain":0,"player_choice":"Obtained Book","damage_taken":21,"max_hp_gain":0,"max_hp_loss":0,"event_name":"Cursed Tome","floor":29,"gold_loss":0},{"damage_healed":0,"gold_gain":0,"player_choice":"Ignored","damage_taken":0,"max_hp_gain":0,"max_hp_loss":0,"event_name":"Purifier","floor":36,"gold_loss":0},{"cards_removed":["hermit:FlashPowder"],"damage_healed":0,"gold_gain":0,"player_choice":"Removed Skill","damage_taken":0,"max_hp_gain":0,"max_hp_loss":0,"event_name":"Falling","floor":48,"gold_loss":0}],"is_beta":false,"boss_relics":[{"not_picked":["Fusion Hammer","Coffee Dripper"],"picked":"hermit:BartenderGlass"},{"not_picked":["Replay:Grab Bag","Pandora\u0027s Box"],"picked":"reliquary:Ember"}],"items_purged_floors":[2,22,24],"is_endless":false,"potions_floor_spawned":[1,7,8,13,16,20,27,28,30,33,38,39,41,44],"ascension_level":20}}