{"host":"jz4ul6vrcxqkcr33","time":1612864402,"event":{"mods":["BaseMod","Minty Spire (QoL Compilation)","StSLib"],"gold_per_floor":[162,180,180,180,180,180,203,236,236,236,252,9,9,9,9,133,133,154,76,95,136,86,127,127,145,218,218,218,218,242,255,255,255,255],"floor_reached":33,"language":"ENG","playtime":1132,"items_purged":[],"score":329,"play_id":"879a8b8a-4fb9-409c-ac63-b2f2b7819013","local_time":"20210209045322","is_ascension_mode":true,"campfire_choices":[{"data":"Die Die Die","floor":6.0,"key":"SMITH"},{"floor":10.0,"key":"REST"},{"data":"Calculated Gamble","floor":13.0,"key":"SMITH"},{"floor":15.0,"key":"REST"},{"floor":24,"key":"REST"},{"floor":27,"key":"REST"},{"data":"Crippling Poison","floor":29,"key":"SMITH"},{"data":"Backflip","floor":32,"key":"SMITH"}],"circlet_count":0,"master_deck":["Strike_G+1","Strike_G+1","Strike_G+1","Strike_G+1","Defend_G+1","Defend_G+1","Defend_G+1","Defend_G+1","Defend_G+1","Survivor","Neutralize","Deflect","Bane","Die Die Die+1","Bane+1","Dodge and Roll","Calculated Gamble+1","Bullet Time","Underhanded Strike","Crippling Poison+1","Dodge and Roll+1","Endless Agony+1","Eviscerate+1","Backflip+1","Concentrate+1"],"relics":["Tiny House","Golden Idol","Calipers","Tingsha","Meat on the Bone","WristBlade","Paper Crane","Red Mask","InkBottle","The Courier"],"acts_visited":["Exordium","TheCity"],"potions_floor_usage":[23,23,30],"damage_taken":[{"damage":0.0,"enemies":"Jaw Worm","floor":1.0,"turns":7.0},{"damage":4.0,"enemies":"Small Slimes","floor":2.0,"turns":4.0},{"damage":0.0,"enemies":"Cultist","floor":7.0,"turns":4.0},{"damage":23.0,"enemies":"Lagavulin","floor":8.0,"turns":8.0},{"damage":9.0,"enemies":"Blue Slaver","floor":11.0,"turns":5.0},{"damage":32.0,"enemies":"The Guardian","floor":16.0,"turns":18.0},{"damage":9,"enemies":"2 Thieves","floor":18,"turns":5},{"damage":51,"enemies":"3 Byrds","floor":20,"turns":9},{"damage":15,"enemies":"Masked Bandits","floor":21,"turns":3},{"damage":12,"enemies":"Slavers","floor":23,"turns":6},{"damage":9,"enemies":"Snake Plant","floor":25,"turns":5},{"damage":2,"enemies":"Cultist and Chosen","floor":30,"turns":5},{"damage":4,"enemies":"Snecko","floor":31,"turns":3},{"damage":70,"enemies":"Collector","floor":33,"turns":7}],"seed_played":"-717539895947393509","potions_obtained":[{"floor":0.0,"key":"Strength Potion"},{"floor":1.0,"key":"Strength Potion"},{"floor":11.0,"key":"Energy Potion"},{"floor":20,"key":"GamblersBrew"},{"floor":21,"key":"PowerPotion"}],"is_trial":false,"path_per_floor":["M","M","?","?","?","R","M","E","T","R","M","$","R","?","R","B",null,"M","?","M","?","$","E","R","M","T","R","?","R","M","M","R","B"],"character_chosen":"THE_SILENT","items_purchased":["Meat on the Bone","Poison Potion"],"campfire_rested":4,"item_purchase_floors":[12,22],"current_hp_per_floor":[75,71,53,58,58,58,58,35,35,59,50,50,50,34,58,38,70,61,61,22,19,19,19,43,46,46,70,70,70,68,64,64,0,0],"gold":255,"neow_bonus":"BOSS_RELIC","is_daily":false,"chose_seed":false,"campfire_upgraded":4,"win_rate":0.0,"timestamp":1612864402,"path_taken":["M","M","?","?","?","R","M","E","T","R","?","$","R","?","R","BOSS","M","?","?","?","$","E","R","M","T","R","?","R","M","M","R","BOSS"],"items_purchased_type":["Relic","Potion"],"build_version":"2020-12-13","purchased_purges":0,"victory":false,"max_hp_per_floor":[75,75,75,80,80,80,80,80,80,80,80,80,80,80,80,80,80,80,80,80,80,80,80,80,80,80,80,80,80,80,80,80,80,80],"card_choices":[{"not_picked":["Prepared","Quick Slash"],"picked":"Deflect","floor":0.0},{"not_picked":["Prepared","Acrobatics"],"picked":"Bane","floor":1.0},{"not_picked":["Dodge and Roll","Well Laid Plans"],"picked":"Die Die Die","floor":2.0},{"not_picked":["Dagger Spray","Backflip"],"picked":"Bane","floor":7.0},{"not_picked":["Sucker Punch","Flying Knee"],"picked":"Dodge and Roll","floor":8.0},{"not_picked":["Bouncing Flask","Sucker Punch"],"picked":"Calculated Gamble","floor":11.0},{"not_picked":["Burst","Unload"],"picked":"Bullet Time","floor":16.0},{"not_picked":["Deflect","Bane"],"picked":"Underhanded Strike","floor":18},{"not_picked":["Flying Knee+1","Setup"],"picked":"Crippling Poison","floor":20},{"not_picked":["Blade Dance","Deflect"],"picked":"Dodge and Roll+1","floor":21},{"not_picked":["Well Laid Plans","Outmaneuver+1"],"picked":"Endless Agony+1","floor":23},{"not_picked":["Expertise+1","Blur"],"picked":"Eviscerate+1","floor":25},{"not_picked":["Escape Plan","Heel Hook"],"picked":"Backflip","floor":30},{"not_picked":["Quick Slash","Dagger Spray"],"picked":"Concentrate+1","floor":31}],"player_experience":210961,"relics_obtained":[{"floor":8.0,"key":"Calipers"},{"floor":9.0,"key":"Tingsha"},{"floor":21,"key":"Red Mask"},{"floor":23,"key":"InkBottle"},{"floor":26,"key":"The Courier"}],"event_choices":[{"damage_healed":0.0,"max_hp_gain":0.0,"max_hp_loss":0.0,"gold_gain":0.0,"event_name":"Golden Idol","player_choice":"Take Damage","floor":3.0,"gold_loss":0.0,"damage_taken":18.0,"relics_obtained":["Golden Idol"]},{"damage_healed":0.0,"max_hp_gain":5.0,"max_hp_loss":0.0,"gold_gain":0.0,"event_name":"Big Fish","player_choice":"Donut","floor":4.0,"gold_loss":0.0,"damage_taken":0.0},{"cards_removed":["Strike_G"],"damage_healed":0.0,"max_hp_gain":0.0,"max_hp_loss":0.0,"gold_gain":0.0,"event_name":"Bonfire Elementals","player_choice":"Offered Basic","floor":5.0,"gold_loss":0.0,"damage_taken":0.0},{"damage_healed":0.0,"max_hp_gain":0.0,"max_hp_loss":0.0,"gold_gain":0.0,"event_name":"Shining Light","player_choice":"Entered Light","floor":14.0,"gold_loss":0.0,"damage_taken":16.0,"cards_upgraded":["Bane","Defend_G"]},{"damage_healed":0,"gold_gain":0,"player_choice":"Paid Gold","damage_taken":0,"relics_obtained":["Paper Crane"],"max_hp_gain":0,"max_hp_loss":0,"event_name":"WeMeetAgain","floor":19,"gold_loss":78},{"damage_healed":0,"gold_gain":0,"player_choice":"Fought Bandits","damage_taken":0,"max_hp_gain":0,"max_hp_loss":0,"event_name":"Masked Bandits","floor":21,"gold_loss":0},{"damage_healed":0,"gold_gain":0,"player_choice":"Simplicity","damage_taken":0,"max_hp_gain":0,"max_hp_loss":0,"event_name":"Back to Basics","floor":28,"gold_loss":0,"cards_upgraded":["Strike_G","Strike_G","Strike_G","Strike_G","Defend_G","Defend_G","Defend_G"]}],"is_beta":false,"boss_relics":[{"not_picked":["Runic Dome","Ectoplasm"],"picked":"WristBlade"}],"items_purged_floors":[],"is_endless":false,"potions_floor_spawned":[1,11,20,21],"killed_by":"Collector","ascension_level":5}}