{"host":"5h6e4l6hpn0p5lap","time":1612840588,"event":{"mods":["AchievementEnabler","BaseMod","Better Altar","Better Match","Better Sensory Stone","Better Skull","Better Third Choice","Colored Map","Filter the Spire","Minty Spire (QoL Compilation)","StSLib"],"gold_per_floor":[113,129,142,72,88,88,122,122,122,150,250,263,263,275,275,377,377,394,411,411,424,206,206,218,218,268,278,278,305,28,42,42,142,142,159,173,173,98,48,48,60,60,60,94,94,113,127,77,77,77],"floor_reached":51,"language":"ENG","playtime":1865,"items_purged":["Strike_B","Decay","Strike_B","Strike_B"],"score":1001,"play_id":"7570f5a0-13d3-4d2c-b69c-c6fb0d57ae6e","local_time":"20210208221628","is_ascension_mode":true,"campfire_choices":[{"data":"Rainbow","floor":6,"key":"SMITH"},{"data":"Rip and Tear","floor":8,"key":"SMITH"},{"floor":13,"key":"REST"},{"data":"Defragment","floor":15,"key":"SMITH"},{"data":"Zap","floor":28,"key":"SMITH"},{"floor":32,"key":"REST"},{"data":"Aggregate","floor":40,"key":"SMITH"},{"floor":45,"key":"REST"},{"floor":49,"key":"REST"}],"circlet_count":0,"master_deck":["Defend_B","Defend_B","Defend_B","Defend_B","Zap+1","Dualcast","Rainbow+1","Ball Lightning","Genetic Algorithm","Ball Lightning","Rip and Tear+1","Turbo","Cold Snap","Defragment+1","Doom and Gloom","Thunder Strike","Rebound","Stack","PanicButton","Bandage Up","Consume","Auto Shields","FTL+1","Aggregate+1","Leap+1","Electrodynamics","Rebound+1","Hologram+1","Loop","Loop","Forethought+1","Chaos+1","Heatsinks","Glacier+1","Biased Cognition"],"relics":["Cracked Core","Ice Cream","HornCleat","Question Card","Sozu","Lee\u0027s Waffle","Smiling Mask","TungstenRod","ClockworkSouvenir","Calling Bell","Art of War","Molten Egg 2","Prayer Wheel","StrikeDummy","Lantern"],"acts_visited":["Exordium","TheCity","TheBeyond"],"potions_floor_usage":[7,42,47,50],"damage_taken":[{"damage":5,"enemies":"Small Slimes","floor":1,"turns":4},{"damage":1,"enemies":"Cultist","floor":2,"turns":3},{"damage":1,"enemies":"2 Louse","floor":3,"turns":2},{"damage":7,"enemies":"2 Fungi Beasts","floor":5,"turns":3},{"damage":6,"enemies":"Gremlin Nob","floor":7,"turns":3},{"damage":6,"enemies":"3 Sentries","floor":10,"turns":7},{"damage":8,"enemies":"3 Louse","floor":12,"turns":3},{"damage":14,"enemies":"Lots of Slimes","floor":14,"turns":3},{"damage":6,"enemies":"Hexaghost","floor":16,"turns":9},{"damage":0,"enemies":"Spheric Guardian","floor":18,"turns":3},{"damage":10,"enemies":"Shell Parasite","floor":19,"turns":5},{"damage":19,"enemies":"Centurion and Healer","floor":21,"turns":7},{"damage":0,"enemies":"Snecko","floor":24,"turns":4},{"damage":4,"enemies":"3 Cultists","floor":27,"turns":5},{"damage":51,"enemies":"Slavers","floor":29,"turns":7},{"damage":11,"enemies":"Chosen and Byrds","floor":31,"turns":5},{"damage":49,"enemies":"Automaton","floor":33,"turns":10},{"damage":0,"enemies":"3 Shapes","floor":35,"turns":3},{"damage":0,"enemies":"Orb Walker","floor":36,"turns":4},{"damage":35,"enemies":"Transient","floor":41,"turns":5},{"damage":0,"enemies":"Writhing Mass","floor":42,"turns":1},{"damage":0,"enemies":"Reptomancer","floor":44,"turns":5},{"damage":1,"enemies":"3 Darklings","floor":46,"turns":5},{"damage":0,"enemies":"Spire Growth","floor":47,"turns":6},{"damage":29,"enemies":"Donu and Deca","floor":50,"turns":7}],"seed_played":"8155163864841931690","potions_obtained":[{"floor":5,"key":"AttackPotion"},{"floor":7,"key":"GamblersBrew"},{"floor":12,"key":"Dexterity Potion"},{"floor":14,"key":"SmokeBomb"},{"floor":16,"key":"Ancient Potion"}],"is_trial":false,"path_per_floor":["M","M","M","$","M","R","E","R","T","E","?","M","R","M","R","B",null,"M","M","?","M","$","?","M","?","T","M","R","E","$","M","R","B",null,"M","M","?","?","$","R","M","M","T","E","R","M","M","$","R","B",null],"character_chosen":"DEFECT","items_purchased":["Rip and Tear","Lee\u0027s Waffle","Aggregate","ClockworkSouvenir"],"campfire_rested":4,"item_purchase_floors":[4,22,30,30],"current_hp_per_floor":[63,62,61,61,54,54,48,48,48,42,42,34,56,42,42,36,65,65,55,55,40,82,82,82,82,82,82,82,35,35,28,52,7,63,67,71,71,71,71,71,36,36,36,36,60,59,63,63,82,57],"gold":77,"neow_bonus":"ONE_RANDOM_RARE_CARD","is_daily":false,"chose_seed":false,"campfire_upgraded":5,"win_rate":0.0,"timestamp":1612840588,"path_taken":["M","M","M","$","M","R","E","R","T","E","?","?","R","M","R","BOSS","M","M","?","M","$","?","M","?","T","M","R","E","$","M","R","BOSS","M","M","?","?","$","R","M","M","T","E","R","M","M","$","R","BOSS"],"items_purchased_type":["Card","Relic","Card","Relic"],"build_version":"2020-12-22","purchased_purges":4,"victory":true,"max_hp_per_floor":[75,75,75,75,75,75,75,75,75,75,75,75,75,75,75,75,75,75,75,75,75,82,82,82,82,82,82,82,82,82,82,82,82,82,82,82,82,82,82,82,82,82,82,82,82,82,82,82,82,82],"card_choices":[{"not_picked":["Turbo","Sweeping Beam"],"picked":"Ball Lightning","floor":1},{"not_picked":["Chaos","Streamline"],"picked":"Genetic Algorithm","floor":2},{"not_picked":["Turbo","Go for the Eyes"],"picked":"Ball Lightning","floor":3},{"not_picked":["Barrage","Rip and Tear"],"picked":"Turbo","floor":5},{"not_picked":["Fusion","Static Discharge"],"picked":"Cold Snap","floor":7},{"not_picked":["Hello World","Rainbow","Blizzard"],"picked":"SKIP","floor":10},{"not_picked":["Compile Driver","Beam Cell","Fusion"],"picked":"Defragment","floor":12},{"not_picked":["Barrage","Ball Lightning","Beam Cell"],"picked":"Doom and Gloom","floor":14},{"not_picked":["Creative AI","Reboot","Rainbow"],"picked":"Thunder Strike","floor":16},{"not_picked":["Go for the Eyes+1","Leap","Blizzard"],"picked":"Rebound","floor":18},{"not_picked":["Sunder+1","Go for the Eyes+1","Turbo"],"picked":"Stack","floor":19},{"not_picked":["Trip","Dark Shackles","Metamorphosis"],"picked":"PanicButton","floor":20},{"not_picked":["Metamorphosis","Panache","Impatience"],"picked":"Bandage Up","floor":20},{"not_picked":["Steam","Streamline","Compile Driver+1"],"picked":"Consume","floor":21},{"not_picked":["Gash","Fusion","FTL"],"picked":"Auto Shields","floor":24},{"not_picked":["Beam Cell","Recycle","Compile Driver"],"picked":"FTL+1","floor":27},{"not_picked":["Rebound","Force Field","Streamline","Turbo"],"picked":"SKIP","floor":29},{"not_picked":["Go for the Eyes","Turbo","Barrage"],"picked":"Leap+1","floor":31},{"not_picked":["Rainbow","Machine Learning","All For One"],"picked":"Electrodynamics","floor":33},{"not_picked":["FTL+1","Static Discharge","Turbo"],"picked":"Rebound+1","floor":35},{"not_picked":["Turbo","Hello World+1","Conserve Battery+1"],"picked":"Hologram+1","floor":35},{"not_picked":["Barrage+1","Tempest","Beam Cell+1"],"picked":"Loop","floor":36},{"not_picked":["Heatsinks","Beam Cell+1","White Noise"],"picked":"Loop","floor":36},{"not_picked":["Swift Strike+1","Good Instincts+1","Impatience+1"],"picked":"Forethought+1","floor":38},{"not_picked":["Leap","Barrage+1","Ball Lightning+1"],"picked":"Chaos+1","floor":41},{"not_picked":["Turbo","Auto Shields+1","Static Discharge+1","Leap+1"],"picked":"SKIP","floor":41},{"not_picked":["Double Energy","Genetic Algorithm","Ball Lightning+1"],"picked":"Heatsinks","floor":44},{"not_picked":["Skim+1","Compile Driver+1","Steam+1"],"picked":"Glacier+1","floor":46},{"not_picked":["Storm","Rebound+1","Consume+1","Sweeping Beam+1"],"picked":"SKIP","floor":46},{"not_picked":["Turbo","Gash+1","Compile Driver+1"],"picked":"Biased Cognition","floor":47},{"not_picked":["Hologram+1","Turbo+1","Undo","Barrage+1"],"picked":"SKIP","floor":47}],"player_experience":1084618,"relics_obtained":[{"floor":7,"key":"Ice Cream"},{"floor":9,"key":"HornCleat"},{"floor":10,"key":"Question Card"},{"floor":26,"key":"Smiling Mask"},{"floor":29,"key":"TungstenRod"},{"floor":34,"key":"Art of War"},{"floor":34,"key":"Molten Egg 2"},{"floor":34,"key":"Prayer Wheel"},{"floor":43,"key":"StrikeDummy"},{"floor":44,"key":"Lantern"}],"event_choices":[{"damage_healed":0,"gold_gain":100,"player_choice":"Gold","damage_taken":0,"max_hp_gain":0,"max_hp_loss":0,"event_name":"Wheel of Change","floor":11,"gold_loss":0},{"damage_healed":0,"gold_gain":2,"player_choice":"1","damage_taken":0,"max_hp_gain":0,"max_hp_loss":0,"event_name":"betterStone:BetterStone","floor":20,"gold_loss":0},{"damage_healed":0,"gold_gain":0,"player_choice":" Defy","damage_taken":0,"max_hp_gain":0,"max_hp_loss":0,"event_name":"betterAltar:BetterAltar","floor":23,"gold_loss":0,"cards_obtained":["Decay"]},{"damage_healed":0,"gold_gain":0,"player_choice":"Adaptability","damage_taken":0,"max_hp_gain":0,"max_hp_loss":0,"event_name":"betterThird:BetterWriting","floor":25,"gold_loss":0},{"cards_removed":["Strike_B"],"damage_healed":0,"gold_gain":0,"player_choice":"Removed Attack","damage_taken":0,"max_hp_gain":0,"max_hp_loss":0,"event_name":"Falling","floor":37,"gold_loss":0},{"damage_healed":0,"gold_gain":0,"player_choice":"2","damage_taken":0,"max_hp_gain":0,"max_hp_loss":0,"event_name":"betterMatch:BetterMatch","floor":38,"gold_loss":0,"cards_obtained":["betterMatch:ColorlessUncommonCard"]}],"is_beta":false,"boss_relics":[{"not_picked":["SlaversCollar","Empty Cage"],"picked":"Sozu"},{"not_picked":["Astrolabe","Fusion Hammer"],"picked":"Calling Bell"}],"items_purged_floors":[22,30,39,48],"is_endless":false,"potions_floor_spawned":[5,7,12,14,16,27,29,31,42,44,46],"ascension_level":7}}