{"host":"j0a1jfichhxu8b8p","time":1612871180,"event":{"mods":["BaseMod","Colored Map","DeckTracker","Keyboard Shortcuts","Minty Spire (QoL Compilation)","Permanent Neow","StSLib"],"gold_per_floor":[113,123,123,137,137,137,157,171,171,185,185,185],"floor_reached":11,"language":"KOR","playtime":299,"items_purged":[],"score":104,"play_id":"05cb78e2-a3bb-4c31-abe0-8309ac2d6b00","local_time":"20210209204620","is_ascension_mode":true,"campfire_choices":[{"floor":6,"key":"REST"}],"circlet_count":0,"master_deck":["AscendersBane","Strike_B","Strike_B","Strike_B","Defend_B","Defend_B","Defend_B","Defend_B","Zap","Dualcast","Amplify+1","Static Discharge+1","Ball Lightning","Sweeping Beam","Compile Driver","Turbo","Coolheaded"],"relics":["Cracked Core","Bottled Lightning"],"acts_visited":["Exordium"],"potions_floor_usage":[11],"damage_taken":[{"damage":3,"enemies":"2 Louse","floor":1,"turns":3},{"damage":13,"enemies":"Jaw Worm","floor":2,"turns":4},{"damage":10,"enemies":"Small Slimes","floor":4,"turns":2},{"damage":26,"enemies":"Gremlin Gang","floor":7,"turns":2},{"damage":7,"enemies":"Exordium Thugs","floor":8,"turns":2},{"damage":1,"enemies":"Exordium Wildlife","floor":10,"turns":3},{"damage":8,"enemies":"Gremlin Nob","floor":11,"turns":2}],"seed_played":"-1916749757518090777","potions_obtained":[{"floor":1,"key":"ColorlessPotion"},{"floor":4,"key":"LiquidMemories"}],"is_trial":false,"path_per_floor":["M","M","?","M","?","R","M","M","T","M","E"],"character_chosen":"DEFECT","items_purchased":[],"campfire_rested":1,"item_purchase_floors":[],"current_hp_per_floor":[65,52,45,35,20,42,16,9,9,8,0,0],"gold":185,"neow_bonus":"ONE_RANDOM_RARE_CARD","is_daily":false,"chose_seed":false,"campfire_upgraded":0,"win_rate":0.0,"timestamp":1612871180,"path_taken":["M","M","?","M","?","R","M","M","T","M","E"],"items_purchased_type":[],"build_version":"2020-12-22","purchased_purges":0,"victory":false,"max_hp_per_floor":[75,75,75,75,75,75,75,75,75,75,75,75],"card_choices":[{"not_picked":["Rebound","Leap"],"picked":"Static Discharge","floor":1},{"not_picked":["Conserve Battery","Coolheaded"],"picked":"Ball Lightning","floor":2},{"not_picked":["Redo","Beam Cell"],"picked":"Sweeping Beam","floor":4},{"not_picked":["Multi-Cast","Sweeping Beam"],"picked":"Compile Driver","floor":7},{"not_picked":["Stack","Darkness"],"picked":"Turbo","floor":8},{"not_picked":["Cold Snap","Hologram"],"picked":"Coolheaded","floor":10}],"player_experience":367938,"relics_obtained":[{"floor":9,"key":"Bottled Lightning"}],"event_choices":[{"cards_removed":["Strike_B"],"damage_healed":0,"gold_gain":0,"player_choice":"Card Removal","damage_taken":7,"max_hp_gain":0,"max_hp_loss":0,"event_name":"Golden Wing","floor":3,"gold_loss":0},{"damage_healed":0,"gold_gain":0,"player_choice":"Entered Light","damage_taken":15,"max_hp_gain":0,"max_hp_loss":0,"event_name":"Shining Light","floor":5,"gold_loss":0,"cards_upgraded":["Static Discharge","Amplify"]}],"is_beta":false,"boss_relics":[],"items_purged_floors":[],"is_endless":false,"potions_floor_spawned":[1,4,10],"killed_by":"Gremlin Nob","ascension_level":11}}