{"host":"8nfgyavc0jwp3wyx","time":1612854473,"event":{"mods":["Act Like it!","Aspiration","BaseMod","Gremlin Mod","Halation","Hallownest","Minty Spire (QoL Compilation)","Replay The Spire","Somnambulant","StSLib","The Bug Knight","The Construct","The Disciple","The Hierophant","The Jungle"],"gold_per_floor":[116,0,0,0,0,30,41,41,121,136,162,14,14,14,14,118,118,138,154,166,166,183,211,211,237,261,261,261,275,302,302,302,405,405,420,434,445,456,468,503,514,539,565,565,583,609,609,621,621,621,621,621,8,35,35],"floor_reached":56,"language":"ENG","playtime":10106,"items_purged":["HollowMod:SharpenedShadows"],"score":1455,"play_id":"3516bae5-7b8c-47e5-82d9-4ded73c1940c","local_time":"20210209000753","is_ascension_mode":false,"campfire_choices":[{"data":"HollowMod:DesolateDive","floor":8,"key":"SMITH"},{"data":"Spreading Infection","floor":13,"key":"SMITH"},{"data":"HollowMod:MantisMark","floor":15,"key":"SMITH"},{"data":"HollowMod:FocusHealStart","floor":28,"key":"SMITH"},{"data":"Shame","floor":32,"key":"SMITH"},{"floor":44,"key":"RECALL"},{"data":"HollowMod:SiblingsSouls","floor":47,"key":"SMITH"},{"data":"HollowMod:SlysStrikes","floor":49,"key":"SMITH"},{"data":"HollowMod:SoulMaster","floor":52,"key":"SMITH"}],"circlet_count":0,"master_deck":["HollowMod:NailStrikeStart","HollowMod:QuickDashStart+1","HollowMod:QuickDashStart","HollowMod:QuickDashStart","HollowMod:FocusHealStart+1","HollowMod:PogoStrike","HollowMod:DesolateDive+1","ReplayTheSpireMod:From All Sides","Storm of Steel","HollowMod:DoubleDash","HollowMod:DashSlash+1","HollowMod:BaldurShell","HollowMod:MantisMark+1","HollowMod:SlysStrikes","HollowMod:NewLittleFool","HollowMod:CloakDash","HollowMod:CloakDash","HollowMod:SoulMaster+1","HollowMod:MonarchWings+1","HollowMod:SiblingsShadow+1","Choke","Finisher","Finisher","HollowMod:CycloneSlash+1","HollowMod:ZotesMagnificence","HollowMod:SlysStrikes","HollowMod:CrystalDash+1","HollowMod:GrimmsGift+1","HollowMod:MantisMark+1","HollowMod:MantisMark+1","HollowMod:ChannelNail+1","HollowMod:HuntersJournal+1","HollowMod:SoulSplash","HollowMod:SlysStrikes+1","HollowMod:CloakDash+1","HollowMod:SiblingsSouls+1","HollowMod:SharpenedNail+1","Panache","Panache","HollowMod:ChannelNail+1","HollowMod:LifebloodCocoon","Pot Of Greed","Pot Of Greed","Pot Of Greed","Pot Of Greed","HollowMod:SiblingsSouls+1"],"relics":["HollowMod:VesselMask","NeowsBlessing","Hallownest:BankAccountRelic","Ring of Searing","Ring of Peace","Blue Doll","Snack Pack","HornCleat","halation:PrussianBluePaint","Honey Jar","halation:EternalFortune","HollowMod:MillibellesNoteRelic","Red Mask","Pet Ghost","ReplayTheSpireMod:Lightbulb","WarpedTongs","aspiration:PoetsPen_weak","Replay:Wax Seal","Bottled Lightning","halation:LettersToHer","Du-Vu Doll","ReplayTheSpireMod:TigerMarble","Happy Flower","Grinning Jar"],"acts_visited":["Exordium","Hallownest:Greenpath","Hallownest:CityofTears","TheEnding"],"potions_floor_usage":[11,16,25,25,33,41,50,50,54,55,55,55],"damage_taken":[{"damage":0,"enemies":"Hallownest:monsterHuskGuard","floor":1,"turns":1},{"damage":0,"enemies":"Hallownest:eliteVengeflyKing","floor":6,"turns":1},{"damage":0,"enemies":"2_ Uuma","floor":7,"turns":1},{"damage":5,"enemies":"Hallownest:monsterHuskWarrior","floor":10,"turns":3},{"damage":32,"enemies":"Hallownest:eliteCrystalGuardian","floor":11,"turns":6},{"damage":5,"enemies":"Hallownest:BossBrokenVessel","floor":16,"turns":6},{"damage":5,"enemies":"Hallownest:Guard_and_Sentry","floor":18,"turns":3},{"damage":20,"enemies":"Hallownest:2_Mistakes","floor":20,"turns":5},{"damage":16,"enemies":"Hallownest:2_Husk_Sentries","floor":22,"turns":5},{"damage":0,"enemies":"Hallownest:eliteSoulWarrior","floor":23,"turns":5},{"damage":22,"enemies":"Hallownest:eliteWatcherKnight","floor":25,"turns":9},{"damage":0,"enemies":"Hallownest:monsterShrumalOgre","floor":29,"turns":4},{"damage":20,"enemies":"Hallownest:Nosk","floor":30,"turns":6},{"damage":65,"enemies":"Hallownest:BossGrimm","floor":33,"turns":8},{"damage":25,"enemies":"Hallownest:2_Littles","floor":35,"turns":4},{"damage":5,"enemies":"Hallownest:Shield_Heavy","floor":36,"turns":4},{"damage":6,"enemies":"Hallownest:2_Wandering_and_1_Horned","floor":37,"turns":6},{"damage":10,"enemies":"Hallownest:monsterPrimalAspid","floor":38,"turns":3},{"damage":18,"enemies":"Hallownest:Shield_Sturdy","floor":39,"turns":5},{"damage":18,"enemies":"Hallownest:eliteHiveKnight","floor":40,"turns":4},{"damage":8,"enemies":"Hallownest:2_Soldiers_and_1_Guardian","floor":41,"turns":3},{"damage":0,"enemies":"Hallownest:eliteCollector","floor":42,"turns":5},{"damage":6,"enemies":"Hallownest:2_Wing_and_1_Kings","floor":45,"turns":4},{"damage":0,"enemies":"Hallownest:StalkingDevout","floor":46,"turns":5},{"damage":5,"enemies":"Hallownest:2_Wandering_and_1_Horned","floor":48,"turns":3},{"damage":43,"enemies":"Hallownest:BossHollowKnight","floor":50,"turns":4},{"damage":28,"enemies":"Shield and Spear","floor":54,"turns":3},{"damage":56,"enemies":"The Heart","floor":55,"turns":7}],"seed_played":"6104217672262652457","potions_obtained":[{"floor":1,"key":"LiquidBronze"},{"floor":7,"key":"PowerPotion"},{"floor":10,"key":"SteroidPotion"},{"floor":18,"key":"BlessingOfTheForge"},{"floor":20,"key":"Weak Potion"},{"floor":23,"key":"SneckoOil"},{"floor":25,"key":"Flashbang"},{"floor":33,"key":"Ancient Potion"},{"floor":36,"key":"Block Potion"},{"floor":41,"key":"Strength Potion"},{"floor":42,"key":"Dexterity Potion"},{"floor":45,"key":"LiquidMemories"}],"is_trial":false,"path_per_floor":["M","?","?","?","?","E","M","R","T","M","E","$","R","?","R","B",null,"M","$","M","?","M","E","?","E","T","?","R","M","E","?","R","B",null,"M","M","M","M","M","E","M","E","T","R","M","E","R","M","R","B",null,"R","$","E","B",null],"character_chosen":"THE_BUGKNIGHT","items_purchased":["HollowMod:MantisMark","halation:PrussianBluePaint","HollowMod:CloakDash","Panache","HollowMod:ChannelNail+1","ReplayTheSpireMod:TigerMarble","HollowMod:LifebloodCocoon","construct:ShiftPotion","Strength Potion","Happy Flower"],"campfire_rested":0,"item_purchase_floors":[12,12,19,53,53,53,53,53,53,53],"current_hp_per_floor":[75,75,66,66,66,66,66,66,66,63,47,47,47,47,47,54,75,74,74,60,63,53,57,57,55,55,55,55,63,61,61,61,6,78,55,56,58,58,46,34,34,46,46,46,46,54,54,59,59,38,78,78,78,54,8],"gold":35,"neow_bonus":"THREE_ENEMY_KILL","is_daily":false,"chose_seed":false,"campfire_upgraded":8,"win_rate":0.0,"timestamp":1612854473,"path_taken":["M","?","?","?","?","E","M","R","T","?","E","$","R","?","R","BOSS","M","$","M","?","M","E","?","E","T","?","R","?","E","?","R","BOSS","M","M","M","M","M","E","M","E","T","R","M","E","R","M","R","BOSS","R","$","E","BOSS"],"items_purchased_type":["Card","Relic","Card","Card","Card","Relic","Card","Potion","Potion","Relic"],"build_version":"2020-12-22","purchased_purges":1,"victory":true,"max_hp_per_floor":[75,75,75,75,75,75,75,75,75,75,75,75,75,75,75,75,75,75,75,75,78,78,78,78,78,78,78,78,78,78,78,78,78,78,78,78,78,78,78,78,78,78,78,78,78,78,78,78,78,78,78,78,78,78,78],"card_choices":[{"not_picked":["HollowMod:SharpenedShadows","HollowMod:NewGlowingWomb"],"picked":"HollowMod:DesolateDive","floor":1},{"not_picked":["HollowMod:DescendingDark","HollowMod:NewInfectedGuardian"],"picked":"HollowMod:QuirrelsAssistance","floor":6},{"not_picked":["HollowMod:TaintedHusks","HollowMod:HowlingWraiths"],"picked":"HollowMod:DoubleDash","floor":7},{"not_picked":["HollowMod:NewJinnsSoul","HollowMod:AbyssShriek"],"picked":"HollowMod:DashSlash","floor":10},{"not_picked":["HollowMod:InfectedAttack","HollowMod:FallenFury"],"picked":"HollowMod:BaldurShell","floor":11},{"not_picked":["HollowMod:Weaversong","HollowMod:NewInfectedGuardian"],"picked":"HollowMod:SlysStrikes","floor":16},{"not_picked":["HollowMod:HeavyBlow","HollowMod:GoodIntentions","HollowMod:TaintedHusks+1"],"picked":"HollowMod:NewLittleFool","floor":18},{"not_picked":["HollowMod:CrystalDash","HollowMod:CornifersMapStart+1","HollowMod:GoodIntentions"],"picked":"HollowMod:SoulMaster","floor":20},{"not_picked":["HollowMod:LifebloodCocoon","HollowMod:DescendingDark+1","HollowMod:CornifersMapStart"],"picked":"HollowMod:MonarchWings+1","floor":22},{"not_picked":["HollowMod:DescendingDark","HollowMod:InfectedCysts+1","HollowMod:DesolateDive"],"picked":"HollowMod:SiblingsShadow+1","floor":23},{"not_picked":["HollowMod:GreatSlash","HollowMod:CrystalDash+1","HollowMod:ElderbugsWisdom"],"picked":"HollowMod:SharpenedShadows","floor":25},{"not_picked":["HollowMod:InfectedAttack+1","HollowMod:MawleksShell","HollowMod:DesolateDive"],"picked":"HollowMod:CycloneSlash+1","floor":29},{"not_picked":["HollowMod:CycloneSlash","HollowMod:DashSlash","HollowMod:SoulStrike"],"picked":"HollowMod:ZotesMagnificence","floor":30},{"not_picked":["HollowMod:LifebloodCore","HollowMod:MidwifesHunger","HollowMod:NewInfectedGuardian"],"picked":"HollowMod:SlysStrikes","floor":33},{"not_picked":["HollowMod:CycloneSlash","HollowMod:AbyssShriek","HollowMod:InfectionAssault+1"],"picked":"HollowMod:CrystalDash+1","floor":35},{"not_picked":["HollowMod:SharpenedNail+1","HollowMod:ChannelNail","HollowMod:RecoilStrike"],"picked":"HollowMod:GrimmsGift+1","floor":36},{"not_picked":["HollowMod:Grubsong+1","HollowMod:SoulSplash","HollowMod:WraithStrike"],"picked":"HollowMod:MantisMark+1","floor":37},{"not_picked":["HollowMod:SiblingsShadow","HollowMod:DashSlash+1","HollowMod:VoidDash"],"picked":"HollowMod:MantisMark+1","floor":38},{"not_picked":["HollowMod:RecoilStrike","HollowMod:VengefulVoid+1","HollowMod:NewLittleFool"],"picked":"HollowMod:ChannelNail+1","floor":39},{"not_picked":["HollowMod:WraithStrike+1","HollowMod:InfectedCysts+1","HollowMod:LifebloodCocoon+1"],"picked":"HollowMod:HuntersJournal+1","floor":40},{"not_picked":["HollowMod:InfectedCysts","HollowMod:DoubleDash+1","HollowMod:FallenFury+1"],"picked":"HollowMod:SoulSplash","floor":41},{"not_picked":["HollowMod:BaldurShell","HollowMod:DesolateDive+1","HollowMod:CycloneSlash"],"picked":"HollowMod:SlysStrikes","floor":42},{"not_picked":["HollowMod:SoulSplash+1","HollowMod:LifebloodCocoon+1","HollowMod:ShadowDash+1"],"picked":"HollowMod:CloakDash+1","floor":45},{"not_picked":["HollowMod:GreatSlash+1","HollowMod:DashSlash","HollowMod:InfectedCysts"],"picked":"HollowMod:SiblingsSouls","floor":46},{"not_picked":["HollowMod:HeavyBlow+1","HollowMod:MothsMistake","HollowMod:DescendingDark"],"picked":"HollowMod:SharpenedNail+1","floor":48},{"not_picked":["HollowMod:ShadowDash+1","HollowMod:DreamGate+1","HollowMod:theNailsmith"],"picked":"HollowMod:SiblingsSouls+1","floor":54}],"player_experience":721967,"relics_obtained":[{"floor":4,"key":"Ring of Searing"},{"floor":4,"key":"Ring of Peace"},{"floor":6,"key":"Blue Doll"},{"floor":9,"key":"Snack Pack"},{"floor":11,"key":"HornCleat"},{"floor":23,"key":"HollowMod:MillibellesNoteRelic"},{"floor":25,"key":"Pet Ghost"},{"floor":30,"key":"ReplayTheSpireMod:Lightbulb"},{"floor":40,"key":"Replay:Wax Seal"},{"floor":42,"key":"Bottled Lightning"},{"floor":43,"key":"halation:LettersToHer"},{"floor":46,"key":"Du-Vu Doll"},{"floor":54,"key":"Grinning Jar"}],"event_choices":[],"is_beta":false,"boss_relics":[{"not_picked":["Ectoplasm","ReplayTheSpireMod:DimensionalGlitch"],"picked":"Honey Jar"},{"not_picked":["Replay:Wanted Poster","Astrolabe"],"picked":"aspiration:PoetsPen_weak"}],"items_purged_floors":[53],"is_endless":false,"potions_floor_spawned":[1,7,10,18,20,23,25,33,36,38,41,42,45],"ascension_level":0}}