{"host":"Aki","time":1612885518,"event":{"mods":["Act Like it!","BaseMod","Custom Start","Minty Spire (QoL Compilation)","Quick Restart","Replay The Spire","StSLib","noobMod"],"gold_per_floor":[109,109,109,109,127,157,172,172,221,254,272,283,310,310,310,413,413,429,229,169,183,197,197,197,213,294,294,294,46,58,78,78,183,183,193,143,143,143,159,159,185,185,185,215,238,267,172,188,188,188,203,55,55,55,55,55,5,35,35],"floor_reached":60,"language":"ZHS","playtime":2799,"items_purged":["Amnesia","Storm of Steel+1","Prepared+1"],"score":1775,"play_id":"19eaeedd-5160-46ee-bd45-00e9947b47f9","local_time":"20210209234518","is_ascension_mode":true,"campfire_choices":[{"data":"Acrobatics","floor":8.0,"key":"SMITH"},{"data":"Tactician","floor":15.0,"key":"SMITH"},{"data":"Adrenaline","floor":23.0,"key":"SMITH"},{"data":"Well Laid Plans","floor":27.0,"key":"SMITH"},{"floor":32.0,"key":"RECALL"},{"data":"Prepared","floor":40.0,"key":"SMITH"},{"data":"Pot Of Greed","floor":53,"key":"SMITH"},{"data":"Survivor","floor":56,"key":"SMITH"}],"circlet_count":0,"master_deck":["Survivor+1","Blade Dance+1","Tools of the Trade+1","Acrobatics+1","Tactician+1","Adrenaline+1","Well Laid Plans+1","Indignation+1","Pot Of Greed+1","Finesse+1"],"relics":["Ring of the Snake","ice","NeowsBlessing","Bag of Marbles","Pen Nib","Smiling Mask","ReplayTheSpireMod:Ring of Exchange","Pandora\u0027s Box","Bag of Preparation","Meat on the Bone","Replay:Bottled Steam","PrismaticShard","Centennial Puzzle","Juzu Bracelet","Grinning Jar","ReplayTheSpireMod:Lightbulb","Guide Book","Boot"],"acts_visited":["Exordium","TheCity","TheBeyond","TheEnding"],"potions_floor_usage":[],"damage_taken":[{"damage":0.0,"enemies":"2 Louse","floor":1.0,"turns":1.0},{"damage":0.0,"enemies":"Small Slimes","floor":5.0,"turns":1.0},{"damage":0.0,"enemies":"3 Sentries","floor":6.0,"turns":1.0},{"damage":0.0,"enemies":"Cultist","floor":7.0,"turns":3.0},{"damage":15.0,"enemies":"Lagavulin","floor":10.0,"turns":3.0},{"damage":0.0,"enemies":"Looter","floor":11.0,"turns":2.0},{"damage":0.0,"enemies":"Blue Slaver","floor":12.0,"turns":1.0},{"damage":0.0,"enemies":"Replay:BlueRogue","floor":13.0,"turns":1.0},{"damage":34.0,"enemies":"The Guardian","floor":16.0,"turns":11.0},{"damage":9.0,"enemies":"2 Thieves","floor":18.0,"turns":3.0},{"damage":0.0,"enemies":"3 Byrds","floor":21.0,"turns":2.0},{"damage":9.0,"enemies":"Centurion and Healer","floor":22.0,"turns":2.0},{"damage":0.0,"enemies":"Snecko","floor":25.0,"turns":2.0},{"damage":22.0,"enemies":"Snake Plant","floor":30.0,"turns":4.0},{"damage":0.0,"enemies":"3 Cultists","floor":31.0,"turns":3.0},{"damage":10.0,"enemies":"Champ","floor":33.0,"turns":2.0},{"damage":0.0,"enemies":"Orb Walker","floor":35.0,"turns":1.0},{"damage":0.0,"enemies":"3 Darklings","floor":39.0,"turns":1.0},{"damage":0.0,"enemies":"Reptomancer","floor":41.0,"turns":1.0},{"damage":0.0,"enemies":"Nemesis","floor":44.0,"turns":1.0},{"damage":55,"enemies":"R_Hoarder","floor":46,"turns":10},{"damage":0,"enemies":"Jaw Worm Horde","floor":48,"turns":1},{"damage":0,"enemies":"Maw","floor":51,"turns":1},{"damage":201,"enemies":"Awakened One","floor":54,"turns":7},{"damage":0,"enemies":"Shield and Spear","floor":58,"turns":1},{"damage":18,"enemies":"The Heart","floor":59,"turns":3}],"seed_played":"4597983077737642548","potions_obtained":[{"floor":5.0,"key":"Strength Potion"},{"floor":6.0,"key":"Energy Potion"},{"floor":11.0,"key":"Weak Potion"},{"floor":12.0,"key":"CunningPotion"},{"floor":16.0,"key":"CunningPotion"},{"floor":21.0,"key":"SpeedPotion"},{"floor":30.0,"key":"Elixir"},{"floor":31.0,"key":"SteroidPotion"},{"floor":35.0,"key":"Venom Potion"},{"floor":41.0,"key":"SkillPotion"}],"is_trial":false,"path_per_floor":["M","?","?","?","M","E","M","R","T","E","M","M","E","?","R","B",null,"M","$","?","M","M","R","?","M","T","R","?","$","M","M","R","B",null,"M","$","?","?","M","R","E","PTL","PTL","E","T","E","$","M","PTL","PTL","M","$","R","B",null,"R","$","E","B",null],"character_chosen":"THE_SILENT","items_purchased":["Bag of Preparation","Replay:Bottled Steam","Finesse","Guide Book"],"campfire_rested":0,"item_purchase_floors":[19,29,47,52],"current_hp_per_floor":[70,75,75,75,75,75,75,75,75,60,60,60,60,60,60,26,75,66,66,66,66,57,57,57,57,57,57,57,57,47,47,47,49,75,75,75,75,71,71,71,71,71,71,71,71,28,28,40,40,40,40,40,40,82,82,82,82,82,570],"gold":35,"neow_bonus":"THREE_ENEMY_KILL","is_daily":false,"chose_seed":false,"campfire_upgraded":7,"win_rate":0.0,"timestamp":1612885518,"path_taken":["M","?","?","?","M","E","M","R","T","E","M","?","E","?","R","BOSS","M","$","?","M","M","R","?","M","T","R","?","$","M","M","R","BOSS","M","$","?","?","M","R","E","PTL","PTL","E","T","E","$","M","PTL","PTL","M","$","R","BOSS","R","$","E","BOSS"],"items_purchased_type":["Relic","Relic","Card","Relic"],"build_version":"2020-12-18","purchased_purges":3,"victory":true,"max_hp_per_floor":[70,75,75,75,75,75,75,75,75,75,75,75,75,75,75,75,75,75,75,75,75,75,75,75,75,75,75,75,75,75,75,75,75,75,75,75,75,71,71,71,71,71,71,71,71,71,71,71,71,71,71,71,71,82,82,82,82,82,571],"card_choices":[{"not_picked":["Backflip","Poisoned Stab"],"picked":"Blade Dance","floor":1.0},{"not_picked":["Draining Mist","Caltrops","Bane"],"picked":"SKIP","floor":5.0},{"not_picked":["Underhanded Strike","Setup"],"picked":"Tools of the Trade","floor":6.0},{"not_picked":["Hidden Blade","Dagger Throw"],"picked":"Acrobatics","floor":7.0},{"not_picked":["Hidden Blade","Corpse Explosion"],"picked":"ReplayTheSpireMod:Tripwire","floor":10.0},{"not_picked":["ReplayTheSpireMod:Scrap Shanks","Flechettes","Skewer"],"picked":"SKIP","floor":11.0},{"not_picked":["Deadly Poison","Dagger Spray","Dodge and Roll"],"picked":"SKIP","floor":12.0},{"not_picked":["Predator","Acrobatics"],"picked":"Tactician","floor":13.0},{"not_picked":["ReplayTheSpireMod:Necrosis","Venomology"],"picked":"Adrenaline","floor":16.0},{"not_picked":["Quick Slash+1","Dagger Throw+1","Dash+1"],"picked":"SKIP","floor":18.0},{"not_picked":["Slice","Cloak And Dagger","Choke"],"picked":"SKIP","floor":21.0},{"not_picked":["Quick Slash+1","Underhanded Strike+1","Leg Sweep"],"picked":"SKIP","floor":22.0},{"not_picked":["Tactician","Sucker Punch+1","ReplayTheSpireMod:Speed Training"],"picked":"SKIP","floor":25.0},{"not_picked":["Dagger Throw","Poisoned Stab","Skewer"],"picked":"SKIP","floor":30.0},{"not_picked":["Sucker Punch","Masterful Stab"],"picked":"Prepared","floor":31.0},{"not_picked":["Cloak And Dagger+1","BasicCrystalCard"],"picked":"Indignation+1","floor":35.0},{"not_picked":["ReplayReversal+1","Replay:BluntJabs","Protect"],"picked":"SKIP","floor":39.0},{"not_picked":["Toxin Wave+1","ReplayReversal","Clash+1"],"picked":"SKIP","floor":41.0},{"not_picked":["ThirdEye","Steam","Run Through+1"],"picked":"SKIP","floor":44.0},{"not_picked":["Crescendo+1","Sword Boomerang","SashWhip"],"picked":"SKIP","floor":46},{"not_picked":["Burning Pact","Doom and Gloom+1","Outmaneuver"],"picked":"SKIP","floor":48},{"not_picked":["Self Repair","Ball Lightning","Heavy Blade"],"picked":"SKIP","floor":51},{"not_picked":["PiercingWail","Tools of the Trade","PanicButton"],"picked":"SKIP","floor":58}],"player_experience":51700,"relics_obtained":[{"floor":6.0,"key":"Bag of Marbles"},{"floor":10.0,"key":"Pen Nib"},{"floor":13.0,"key":"Smiling Mask"},{"floor":14.0,"key":"ReplayTheSpireMod:Ring of Exchange"},{"floor":26.0,"key":"Meat on the Bone"},{"floor":41.0,"key":"Centennial Puzzle"},{"floor":44.0,"key":"Juzu Bracelet"},{"floor":45.0,"key":"Grinning Jar"},{"floor":46,"key":"ReplayTheSpireMod:Lightbulb"},{"floor":58,"key":"Boot"}],"event_choices":[{"damage_healed":0.0,"max_hp_gain":5.0,"max_hp_loss":0.0,"gold_gain":0.0,"event_name":"Big Fish","player_choice":"Donut","floor":2.0,"gold_loss":0.0,"damage_taken":0.0},{"damage_healed":0.0,"max_hp_gain":0.0,"max_hp_loss":0.0,"gold_gain":0.0,"event_name":"Upgrade Shrine","player_choice":"Upgraded","floor":4.0,"gold_loss":0.0,"damage_taken":0.0,"cards_upgraded":["Blade Dance"]},{"damage_healed":0.0,"max_hp_gain":0.0,"max_hp_loss":0.0,"gold_gain":0.0,"event_name":"The Library","player_choice":"Read","floor":24.0,"gold_loss":0.0,"damage_taken":0.0,"cards_obtained":["Well Laid Plans"]},{"cards_removed":["ReplayTheSpireMod:Tripwire"],"damage_healed":0.0,"max_hp_gain":0.0,"max_hp_loss":0.0,"gold_gain":0.0,"event_name":"Back to Basics","player_choice":"Elegance","floor":28.0,"gold_loss":0.0,"damage_taken":0.0},{"cards_removed":["Neutralize"],"damage_healed":0.0,"max_hp_gain":0.0,"max_hp_loss":0.0,"gold_gain":0.0,"event_name":"Falling","player_choice":"Removed Attack","floor":37.0,"gold_loss":0.0,"damage_taken":0.0},{"damage_healed":0.0,"max_hp_gain":0.0,"max_hp_loss":4.0,"gold_gain":0.0,"event_name":"Winding Halls","player_choice":"Max HP","floor":38.0,"gold_loss":0.0,"damage_taken":0.0}],"is_beta":true,"boss_relics":[{"not_picked":["Philosopher\u0027s Stone","Medical Kit"],"picked":"Pandora\u0027s Box"},{"not_picked":["Replay:Wanted Poster","SacredBark"],"picked":"PrismaticShard"}],"items_purged_floors":[19,36,57],"is_endless":false,"potions_floor_spawned":[5,6,11,12,16,21,22,30,31,35,41,46],"ascension_level":4}}