{"host":"3498uni0c31c9bdm","time":1612869726,"event":{"mods":["BaseMod","Better Match","Better Note","Better Sensory Stone","Better Skull","Better Third Choice","Colored Map","Minty Spire (QoL Compilation)","Quick Restart","RNG Fix","Random Character Button","Replay The Spire","Shop Mod","Smile Girya","StSLib","Unceasing Turn Reminder"],"gold_per_floor":[119,135,135,151,163,189,200,200,200,213,65,65,76,101,101,179,179,163,163,163,13,23,54,72,72,97,131,131,46,61,29,29,29,29],"floor_reached":33,"language":"ENG","playtime":1807,"items_purged":[],"score":690,"play_id":"3696f201-1b56-4da5-a46c-a1ddbab30d12","local_time":"20210209222206","is_ascension_mode":true,"campfire_choices":[{"floor":12,"key":"REST"},{"floor":15,"key":"RECALL"},{"floor":28,"key":"REST"}],"circlet_count":0,"master_deck":["AscendersBane","Strike_B","Strike_B","Strike_B","Defend_B","Defend_B","Defend_B","Defend_B","Zap","Dualcast","Reinforced Body+1","Storm","Crystallizer","Streamline","Glacier","Self Repair","ReplayGash","Heatsinks+1","Conserve Battery","Sweeping Beam","Creative AI+1","Turbo","Writhe","Loop","Stack+1","Melter","Hello World","ReplayRNGCard","ReplayTheSpireMod:IOU","ReplayTheSpireMod:IOU","ReplayTheSpireMod:IOU","ReplayGash","ReplayTheSpireMod:IOU","ReplayTheSpireMod:IOU","ReplayTheSpireMod:IOU","Loop","Loop","ReplayTheSpireMod:IOU"],"relics":["Cracked Core","Ring of Panic","ReplayTheSpireMod:Ring of Addiction","White Beast Statue","SacredBark","Bag of Preparation","Garlic","Pet Ghost","Odd Mushroom","Inserter","Blue Candle","Guide Book","Oddly Smooth Stone","Anchor","Replay:Wax Seal","ReplayTheSpireMod:Lightbulb","Replay:Multitool","Replay:Baseball","Sling"],"acts_visited":["Exordium","TheCity"],"potions_floor_usage":[6,6,16,16,22,23,23,24,27,33,33],"damage_taken":[{"damage":1,"enemies":"Cultist","floor":1,"turns":3},{"damage":0,"enemies":"Small Slimes","floor":2,"turns":3},{"damage":0,"enemies":"Jaw Worm","floor":4,"turns":3},{"damage":19,"enemies":"2 Fungi Beasts","floor":5,"turns":4},{"damage":0,"enemies":"Lagavulin","floor":6,"turns":7},{"damage":24,"enemies":"Lots of Slimes","floor":7,"turns":6},{"damage":9,"enemies":"Exordium Thugs","floor":10,"turns":4},{"damage":3,"enemies":"Exordium Wildlife","floor":13,"turns":5},{"damage":11,"enemies":"The Mushroom Lair","floor":14,"turns":4},{"damage":10,"enemies":"Hexaghost","floor":16,"turns":14},{"damage":29,"enemies":"2 Thieves","floor":18,"turns":4},{"damage":5,"enemies":"Chosen","floor":22,"turns":5},{"damage":41,"enemies":"Slavers","floor":23,"turns":5},{"damage":10,"enemies":"Snake Plant","floor":24,"turns":6},{"damage":27,"enemies":"Book of Stabbing","floor":27,"turns":8},{"damage":2,"enemies":"Centurion and Healer","floor":30,"turns":7},{"damage":80,"enemies":"Automaton","floor":33,"turns":12}],"seed_played":"-7492759001873106491","potions_obtained":[{"floor":1,"key":"Block Potion"},{"floor":2,"key":"FocusPotion"},{"floor":3,"key":"Dexterity Potion"},{"floor":6,"key":"AttackPotion"},{"floor":7,"key":"LifebloodPotion"},{"floor":16,"key":"Flashbang"},{"floor":18,"key":"Explosive Potion"},{"floor":22,"key":"Swift Potion"},{"floor":23,"key":"Fire Potion"},{"floor":24,"key":"Fruit Juice"},{"floor":27,"key":"Energy Potion"},{"floor":30,"key":"DuplicationPotion"}],"is_trial":false,"path_per_floor":["M","M","?","M","M","E","M","?","T","M","$","R","M","?","R","B",null,"M","?","?","$","M","E","M","?","T","E","R","?","M","$","R_BF","B"],"character_chosen":"DEFECT","items_purchased":["Pet Ghost","Guide Book","ReplayGash","Replay:Multitool","Replay:Baseball","Loop","Sling"],"campfire_rested":2,"item_purchase_floors":[11,21,31,31,31,31,31],"current_hp_per_floor":[67,67,67,67,48,48,31,31,31,29,29,50,54,50,50,47,64,42,42,64,64,66,25,22,22,22,12,35,35,40,40,62,0,0],"gold":29,"neow_bonus":"TRANSFORM_CARD","is_daily":false,"chose_seed":false,"campfire_upgraded":0,"win_rate":0.0,"timestamp":1612869726,"path_taken":["M","M","?","M","?","E","M","?","T","M","$","R","M","?","R","BOSS","M","?","?","$","M","E","M","?","T","E","R","?","M","$","R_BF","BOSS"],"items_purchased_type":["Relic","Relic","Card","Relic","Relic","Card","Relic"],"build_version":"2020-12-22","purchased_purges":0,"victory":false,"max_hp_per_floor":[75,75,75,75,75,75,75,75,75,73,73,73,71,71,71,69,69,69,69,67,67,67,67,67,67,67,77,77,77,77,75,75,75,75],"card_choices":[{"not_picked":["ReplayTheSpireMod:Repulse","Go for the Eyes"],"picked":"Storm","floor":1},{"not_picked":["Compile Driver","Melter"],"picked":"Crystallizer","floor":2},{"not_picked":["Rip and Tear","Leap"],"picked":"Streamline","floor":4},{"not_picked":["Force Field","Coolheaded"],"picked":"Glacier","floor":5},{"not_picked":["Scrape","BasicCrystalCard"],"picked":"Self Repair","floor":6},{"not_picked":["BasicCrystalCard","Steam"],"picked":"ReplayGash","floor":7},{"not_picked":["All For One","Rebound"],"picked":"Heatsinks","floor":10},{"not_picked":["Melter","Rebound"],"picked":"Conserve Battery","floor":13},{"not_picked":["Turbo","Barrage"],"picked":"Sweeping Beam","floor":14},{"not_picked":["Machine Learning","ReplayTheSpireMod:Fabricate Wheel"],"picked":"Creative AI","floor":16},{"not_picked":["Sweeping Beam","Time Bomb"],"picked":"Turbo","floor":18},{"not_picked":["Cold Snap+1","Go for the Eyes+1"],"picked":"Loop","floor":22},{"not_picked":["Conserve Battery","Darkness"],"picked":"Stack+1","floor":23},{"not_picked":["Stack","Hologram"],"picked":"Melter","floor":24},{"not_picked":["Streamline","Barrage"],"picked":"Hello World","floor":27},{"not_picked":["Gash","Compile Driver"],"picked":"ReplayRNGCard","floor":30}],"player_experience":858851,"relics_obtained":[{"floor":3,"key":"Ring of Panic"},{"floor":3,"key":"ReplayTheSpireMod:Ring of Addiction"},{"floor":3,"key":"White Beast Statue"},{"floor":3,"key":"SacredBark"},{"floor":6,"key":"Bag of Preparation"},{"floor":9,"key":"Garlic"},{"floor":14,"key":"Odd Mushroom"},{"floor":23,"key":"Oddly Smooth Stone"},{"floor":26,"key":"Anchor"},{"floor":27,"key":"Replay:Wax Seal"}],"event_choices":[{"cards_removed":["Sickly"],"damage_healed":0,"gold_gain":0,"player_choice":"Card Removal","damage_taken":0,"max_hp_gain":0,"max_hp_loss":0,"event_name":"Wheel of Change","floor":8,"gold_loss":0},{"damage_healed":0,"gold_gain":0,"player_choice":"Fought Mushrooms","damage_taken":0,"max_hp_gain":0,"max_hp_loss":0,"event_name":"Mushrooms","floor":14,"gold_loss":0},{"damage_healed":0,"gold_gain":0,"player_choice":"Opened","damage_taken":0,"relics_obtained":["Blue Candle"],"max_hp_gain":0,"max_hp_loss":0,"event_name":"The Mausoleum","floor":19,"gold_loss":0,"cards_obtained":["Writhe"]},{"damage_healed":22,"gold_gain":0,"player_choice":"Heal","damage_taken":0,"max_hp_gain":0,"max_hp_loss":0,"event_name":"The Library","floor":20,"gold_loss":0},{"damage_healed":0,"gold_gain":0,"player_choice":"Adaptability","damage_taken":0,"max_hp_gain":0,"max_hp_loss":0,"event_name":"betterThird:BetterWriting","floor":25,"gold_loss":0},{"damage_healed":0,"gold_gain":0,"player_choice":"Obtained Relic","damage_taken":0,"relics_obtained":["ReplayTheSpireMod:Lightbulb"],"max_hp_gain":0,"max_hp_loss":0,"event_name":"Addict","floor":29,"gold_loss":85}],"is_beta":false,"boss_relics":[{"not_picked":["Painkiller Herb","Cursed Key"],"picked":"Inserter"}],"items_purged_floors":[],"is_endless":false,"potions_floor_spawned":[1,2,4,5,6,7,10,13,14,16,18,22,23,24,27,30],"killed_by":"Automaton","ascension_level":13}}