{"host":"824exx23qlyrdtjz","time":1612896418,"event":{"mods":["BaseMod","Colored Map","Downfall","Minty Spire (QoL Compilation)","StSLib"],"gold_per_floor":[99,115,115,135,147,147,147,157,1,20,49,49,95,113,143,246,246,146,146,146,161,161,172,172,172,172,230,230,244,244,264,308,327,327,327],"floor_reached":33,"language":"ENG","playtime":1347,"items_purged":[],"score":297,"play_id":"b88a488c-ee8c-4f8a-b041-4345087b81d8","local_time":"20210209134658","is_ascension_mode":false,"campfire_choices":[{"data":"sneckomod:Unknown","floor":6,"key":"SMITH"},{"data":"Immolate","floor":25,"key":"SMITH"},{"floor":28,"key":"REST"}],"circlet_count":0,"master_deck":["sneckomod:Strike","sneckomod:Strike","sneckomod:Strike","sneckomod:Defend","sneckomod:Defend","sneckomod:Defend","sneckomod:TailWhip","sneckomod:SnekBite","sneckomod:Unknown+1","Pommel Strike","sneckomod:IronFang","sneckomod:UnknownExhaust","sneckomod:UnknownBlock","sneckomod:UnknownRareAttack","sneckomod:UnknownDraw","sneckomod:GlitteringGambit","sneckomod:WideSting","sneckomod:Unknown1Cost","sneckomod:UnknownBlock","Immolate+1","downfall:Bewildered","sneckomod:UnknownDraw","hexamod:FirstSeal","champ:TripleStrike"],"relics":["sneckomod:SneckoSoul","Dead Branch","Gremlin Horn","Happy Flower","White Beast Statue","Lantern","Busted Crown","downfall:HeartBlessingGreen","sneckomod:BabySnecko","downfall:ExtraCursedKey","Unceasing Top","Letter Opener"],"acts_visited":["Exordium","TheCity"],"potions_floor_usage":[8,11,11,11,13,16,16,23,23,27,29,31,33,33],"damage_taken":[{"damage":0,"enemies":"Small Slimes","floor":2,"turns":2},{"damage":4,"enemies":"Cultist","floor":4,"turns":4},{"damage":7,"enemies":"2 Louse","floor":5,"turns":2},{"damage":0,"enemies":"2 Fungi Beasts","floor":8,"turns":1},{"damage":0,"enemies":"downfall:FleeingMerchant","floor":9,"turns":4},{"damage":0,"enemies":"3 Louse","floor":10,"turns":2},{"damage":17,"enemies":"3 Sentries","floor":11,"turns":6},{"damage":6,"enemies":"Gremlin Nob","floor":13,"turns":3},{"damage":7,"enemies":"Large Slime","floor":14,"turns":4},{"damage":3,"enemies":"Gremlin Gang","floor":15,"turns":3},{"damage":30,"enemies":"SI_SHIV_ARCHETYPE","floor":16,"turns":9},{"damage":27,"enemies":"3 Byrds","floor":21,"turns":3},{"damage":6,"enemies":"Shell Parasite","floor":23,"turns":2},{"damage":21,"enemies":"Slavers","floor":27,"turns":4},{"damage":0,"enemies":"3 Cultists","floor":29,"turns":2},{"damage":59,"enemies":"Book of Stabbing","floor":31,"turns":4},{"damage":16,"enemies":"Sentry and Sphere","floor":32,"turns":4},{"damage":59,"enemies":"DF_ARCHETYPE_CLAW","floor":33,"turns":6}],"seed_played":"-3293210907916608677","potions_obtained":[{"floor":2,"key":"Fire Potion"},{"floor":5,"key":"Guardian:BlockOnCardUsePotion"},{"floor":10,"key":"EntropicBrew"},{"floor":11,"key":"Weak Potion"},{"floor":13,"key":"ColorlessPotion"},{"floor":14,"key":"FairyPotion"},{"floor":16,"key":"sneckomod:DiceRollPotion"},{"floor":21,"key":"LiquidMemories"},{"floor":23,"key":"sneckomod:OffclassReductionPotion"},{"floor":27,"key":"AttackPotion"},{"floor":29,"key":"PowerPotion"},{"floor":31,"key":"DuplicationPotion"},{"floor":32,"key":"SneckoOil"}],"is_trial":false,"path_per_floor":["R","M","?","M","M","R","T","M","$","M","E","?","E","M","M","B",null,"R","?","?","M","?","M","T","R","?","E","R","M","R","E","M","B"],"character_chosen":"THE_SNECKO","items_purchased":["sneckomod:UnknownRareAttack"],"campfire_rested":1,"item_purchase_floors":[9],"current_hp_per_floor":[63,63,90,86,79,79,79,79,83,83,66,54,48,45,42,12,90,90,90,90,63,63,57,57,57,57,36,63,63,63,34,25,0,0,0],"gold":327,"neow_bonus":"ONE_RARE_RELIC","is_daily":false,"chose_seed":false,"campfire_upgraded":2,"win_rate":0.0,"timestamp":1612896418,"path_taken":["R","M","?","?","?","R","T","M","$","?","E","?","E","M","M","BOSS","R","?","?","M","?","M","T","R","?","E","R","?","R","E","M","BOSS"],"items_purchased_type":["Card"],"build_version":"2020-12-22","purchased_purges":0,"victory":false,"max_hp_per_floor":[90,90,90,90,90,90,90,90,90,90,90,90,90,90,90,90,90,90,90,90,90,90,90,90,90,90,90,90,90,90,90,90,90,90,90],"card_choices":[{"not_picked":["sneckomod:SnekBeam","sneckomod:UnknownCommonAttack"],"picked":"sneckomod:Unknown0Cost","floor":2},{"not_picked":["sneckomod:DiceCrush","sneckomod:SoulRoll"],"picked":"sneckomod:IronFang","floor":4},{"not_picked":["sneckomod:QuickBite","sneckomod:RainOfDice","sneckomod:TrashToTreasure"],"picked":"SKIP","floor":5},{"not_picked":["sneckomod:Nope","sneckomod:SoulDraw"],"picked":"sneckomod:UnknownExhaust","floor":8},{"not_picked":["sneckomod:RainOfDice","sneckomod:Nope"],"picked":"sneckomod:UnknownBlock","floor":9},{"not_picked":["sneckomod:RainOfDice","sneckomod:QuickBite"],"picked":"sneckomod:UnknownDraw","floor":10},{"not_picked":["sneckomod:SoulRoll","sneckomod:IronFang"],"picked":"sneckomod:GlitteringGambit","floor":11},{"not_picked":["sneckomod:Rotation","sneckomod:QuickBite"],"picked":"sneckomod:WideSting","floor":13},{"not_picked":["sneckomod:CheapStock","sneckomod:SoulDraw"],"picked":"sneckomod:Unknown1Cost","floor":14},{"not_picked":["sneckomod:SoulCleanse","sneckomod:WideSting"],"picked":"sneckomod:UnknownBlock","floor":15},{"not_picked":["sneckomod:Unknown3Cost","sneckomod:DangerNoodle"],"picked":"sneckomod:UnknownRareAttack","floor":16},{"not_picked":["sneckomod:DiceCrush"],"picked":"SKIP","floor":21},{"not_picked":[],"picked":"sneckomod:UnknownDraw","floor":23},{"not_picked":["sneckomod:Memorize+1"],"picked":"SKIP","floor":27},{"not_picked":["hexamod:FourthSeal","hexamod:ThirdSeal"],"picked":"hexamod:FirstSeal","floor":29},{"not_picked":["sneckomod:RainOfDice"],"picked":"SKIP","floor":29},{"not_picked":["sneckomod:IronFang"],"picked":"SKIP","floor":31},{"not_picked":["sneckomod:UnknownBlock"],"picked":"SKIP","floor":32}],"player_experience":200596,"relics_obtained":[{"floor":7,"key":"Gremlin Horn"},{"floor":11,"key":"Happy Flower"},{"floor":13,"key":"Lantern"},{"floor":27,"key":"Unceasing Top"},{"floor":31,"key":"Letter Opener"}],"event_choices":[{"cards_removed":["sneckomod:Unknown0Cost"],"damage_healed":27,"gold_gain":0,"player_choice":"Offered Uncommon","damage_taken":0,"max_hp_gain":0,"max_hp_loss":0,"event_name":"Bonfire Elementals","floor":3,"gold_loss":0},{"damage_healed":0,"gold_gain":0,"player_choice":"Success","damage_taken":12,"relics_obtained":["White Beast Statue"],"max_hp_gain":0,"max_hp_loss":0,"event_name":"Scrap Ooze","floor":12,"gold_loss":0}],"is_beta":false,"boss_relics":[{"not_picked":["Runic Pyramid","SacredBark"],"picked":"Busted Crown"}],"items_purged_floors":[],"is_endless":false,"potions_floor_spawned":[2,5,10,11,13,14,15,16,21,23,27,29,31,32],"killed_by":"DF_ARCHETYPE_CLAW","ascension_level":0}}