{"host":"vit9b6u76k1y61sh","time":1612901269,"event":{"mods":["BaseMod","Block Reminder","Colored Powertips","Highlight Path","Minty Spire (QoL Compilation)","Quick Restart","Rare Cards Sparkle","Relic Sorter","Relic Stats","StSLib"],"gold_per_floor":[110,61,72,72,72,72,99,274,274,285,300,311,646,659,659,761,761,775,690,615,84,84,117,130,164,190,190,210,210,210,230,230,329,329,345,18,35,50,50,50,50,78,149,149,161,5,5,39,51,63,63],"floor_reached":50,"language":"ENG","playtime":2259,"items_purged":["Strike_R"],"score":708,"play_id":"1d322543-a13a-4fa1-852c-5cb83d1be8a0","local_time":"20210209150749","is_ascension_mode":true,"campfire_choices":[{"data":"Pummel","floor":6,"key":"SMITH"},{"data":"Heavy Blade","floor":15,"key":"SMITH"},{"data":"Demon Form","floor":27,"key":"SMITH"},{"data":"Exhume","floor":29,"key":"SMITH"},{"data":"Flex","floor":32,"key":"SMITH"},{"data":"Heavy Blade","floor":40,"key":"SMITH"},{"floor":47,"key":"RECALL"},{"data":"Exhume","floor":49,"key":"SMITH"}],"circlet_count":0,"master_deck":["Strike_R+1","Strike_R+1","Strike_R+1","Strike_R+1","Defend_R+1","Defend_R+1","Defend_R+1","Defend_R+1","Bash+1","Pummel+1","Flex","Cleave+1","Rage","Flex","Flex","Pommel Strike","Heavy Blade+1","Demon Form+1","Flex+1","Inflame","Exhume+1","Armaments+1","Reaper","Flex","Shrug It Off+1","Heavy Blade+1","Flex","Heavy Blade+1","Exhume+1","Hemokinesis+1","Reaper","Twin Strike+1","Rampage+1","Cleave+1"],"relics":["Burning Blood","NeowsBlessing","Blood Vial","Gremlin Horn","Self Forming Clay","Old Coin","Black Star","HornCleat","Toolbox","Bag of Marbles","Nunchaku","Smiling Mask","Prayer Wheel","Sundial","Tiny Chest","Red Skull","Philosopher\u0027s Stone","Mercury Hourglass","Vajra","Pocketwatch","InkBottle","Membership Card","Paper Frog","MawBank"],"acts_visited":["Exordium","TheCity","TheBeyond"],"potions_floor_usage":[13,13,16,16,18,18,18,18,23,25,25,33,33,37,42,42,42,45,45,45,45,48],"damage_taken":[{"damage":0,"enemies":"Cultist","floor":1,"turns":1},{"damage":0,"enemies":"Jaw Worm","floor":3,"turns":1},{"damage":0,"enemies":"Gremlin Nob","floor":7,"turns":1},{"damage":9,"enemies":"2 Louse","floor":10,"turns":2},{"damage":2,"enemies":"Looter","floor":11,"turns":2},{"damage":14,"enemies":"Large Slime","floor":12,"turns":5},{"damage":8,"enemies":"3 Sentries","floor":13,"turns":7},{"damage":0,"enemies":"Exordium Wildlife","floor":14,"turns":2},{"damage":58,"enemies":"Slime Boss","floor":16,"turns":11},{"damage":0,"enemies":"Chosen","floor":18,"turns":1},{"damage":2,"enemies":"Gremlin Leader","floor":23,"turns":4},{"damage":22,"enemies":"Spheric Guardian","floor":24,"turns":4},{"damage":23,"enemies":"Book of Stabbing","floor":25,"turns":5},{"damage":6,"enemies":"Centurion and Healer","floor":28,"turns":4},{"damage":0,"enemies":"Sentry and Sphere","floor":31,"turns":4},{"damage":58,"enemies":"Collector","floor":33,"turns":6},{"damage":7,"enemies":"Orb Walker","floor":35,"turns":2},{"damage":17,"enemies":"3 Shapes","floor":37,"turns":3},{"damage":47,"enemies":"Transient","floor":38,"turns":5},{"damage":14,"enemies":"Nemesis","floor":42,"turns":3},{"damage":0,"enemies":"3 Darklings","floor":45,"turns":1},{"damage":29,"enemies":"Giant Head","floor":48,"turns":6},{"damage":53,"enemies":"Donu and Deca","floor":50,"turns":5}],"seed_played":"-1527337325231786781","potions_obtained":[{"floor":7,"key":"Block Potion"},{"floor":10,"key":"Weak Potion"},{"floor":13,"key":"Strength Potion"},{"floor":16,"key":"EntropicBrew"},{"floor":24,"key":"Block Potion"},{"floor":28,"key":"Block Potion"},{"floor":31,"key":"Regen Potion"},{"floor":35,"key":"Dexterity Potion"},{"floor":38,"key":"EntropicBrew"},{"floor":42,"key":"EntropicBrew"}],"is_trial":false,"path_per_floor":["M","$","M","T","?","R","E","?","T","M","M","M","E","M","R","B",null,"M","?","?","$","?","E","M","E","T","R","M","R","?","M","R","B",null,"M","$","M","M","T","R","?","E","T","?","M","$","R","E","R","B"],"character_chosen":"IRONCLAD","items_purchased":["Flex","Toolbox","Bag of Marbles","Nunchaku","Heavy Blade","Mercury Hourglass","Flex","Membership Card"],"campfire_rested":0,"item_purchase_floors":[2,21,21,21,36,36,36,46],"current_hp_per_floor":[80,80,80,80,64,64,72,72,72,71,77,71,71,79,79,28,80,80,80,80,80,80,80,64,49,49,49,51,51,51,59,59,24,80,79,79,69,39,39,39,39,33,33,70,70,70,70,47,47,20,20],"gold":63,"neow_bonus":"THREE_ENEMY_KILL","is_daily":false,"chose_seed":false,"campfire_upgraded":7,"win_rate":0.0,"timestamp":1612901269,"path_taken":["M","$","?","?","?","R","E","?","T","M","M","M","E","M","R","BOSS","M","?","?","$","?","E","M","E","T","R","M","R","?","?","R","BOSS","M","?","M","M","?","R","?","E","T","?","M","?","R","E","R","BOSS"],"items_purchased_type":["Card","Relic","Relic","Relic","Card","Relic","Card","Relic"],"build_version":"2020-12-22","purchased_purges":1,"victory":false,"max_hp_per_floor":[80,80,80,80,80,80,80,80,80,80,80,80,80,80,80,80,80,80,80,80,80,80,80,80,80,80,80,80,80,80,80,80,80,80,80,80,80,80,80,80,80,80,80,70,70,70,70,70,70,70,70],"relic_stats":{"Gremlin Horn":[20,20],"counters":[23,84],"Self Forming Clay":[120],"Smiling Mask":0,"MawBank":24,"Burning Blood":104,"Mercury Hourglass":[84],"Blood Vial":28,"Nunchaku":[10],"Sundial":[0],"Prayer Wheel":7,"Tiny Chest":1,"Black Star":4,"obtain_stats":[{"NeowsBlessing":0,"Gremlin Horn":7,"Self Forming Clay":9,"Vajra":42,"Smiling Mask":23,"MawBank":48,"Burning Blood":0,"Old Coin":13,"Mercury Hourglass":36,"Blood Vial":4,"Nunchaku":21,"HornCleat":19,"Sundial":25,"Toolbox":21,"Prayer Wheel":23,"Tiny Chest":25,"Philosopher\u0027s Stone":34,"Black Star":17,"Bag of Marbles":21,"Membership Card":46,"Red Skull":26,"InkBottle":43,"Pocketwatch":42,"Paper Frog":48},{"NeowsBlessing":0,"Gremlin Horn":3,"Self Forming Clay":3,"Vajra":20,"Smiling Mask":11,"MawBank":22,"Burning Blood":0,"Old Coin":7,"Mercury Hourglass":17,"Blood Vial":2,"Nunchaku":10,"HornCleat":10,"Sundial":13,"Toolbox":10,"Prayer Wheel":11,"Tiny Chest":13,"Philosopher\u0027s Stone":16,"Black Star":9,"Bag of Marbles":10,"Membership Card":21,"Red Skull":13,"InkBottle":20,"Pocketwatch":20,"Paper Frog":22},{"NeowsBlessing":0,"Gremlin Horn":3,"Self Forming Clay":3,"Vajra":72,"Smiling Mask":37,"MawBank":79,"Burning Blood":0,"Old Coin":19,"Mercury Hourglass":62,"Blood Vial":2,"Nunchaku":33,"HornCleat":33,"Sundial":46,"Toolbox":33,"Prayer Wheel":37,"Tiny Chest":46,"Philosopher\u0027s Stone":60,"Black Star":32,"Bag of Marbles":33,"Membership Card":73,"Red Skull":46,"InkBottle":72,"Pocketwatch":72,"Paper Frog":79}],"InkBottle":[6],"Pocketwatch":[6]},"card_choices":[{"not_picked":["Havoc","True Grit"],"picked":"Pummel","floor":1},{"not_picked":["Sword Boomerang","Entrench"],"picked":"Cleave","floor":3},{"not_picked":["Dark Embrace","Wild Strike"],"picked":"Rage","floor":7},{"not_picked":["Cleave","Heavy Blade"],"picked":"Flex","floor":10},{"not_picked":["Rage","Brutality"],"picked":"Flex","floor":11},{"not_picked":["Twin Strike","Power Through"],"picked":"Pommel Strike","floor":12},{"not_picked":["Power Through","Carnage","Headbutt"],"picked":"SKIP","floor":13},{"not_picked":["Power Through","Shrug It Off"],"picked":"Heavy Blade","floor":14},{"not_picked":["Brutality","Corruption"],"picked":"Demon Form","floor":16},{"not_picked":["Clothesline","Burning Pact","Body Slam"],"picked":"SKIP","floor":18},{"not_picked":["Clash+1","Sever Soul","Warcry+1"],"picked":"SKIP","floor":23},{"not_picked":["Cleave","Feel No Pain+1"],"picked":"Inflame","floor":24},{"not_picked":["Iron Wave","Wild Strike+1"],"picked":"Exhume","floor":24},{"not_picked":["Armaments+1","Combust"],"picked":"Flex","floor":25},{"not_picked":["Dropkick","Clash","Blood for Blood"],"picked":"SKIP","floor":28},{"not_picked":["Sentinel","Thunderclap+1","Iron Wave"],"picked":"SKIP","floor":28},{"not_picked":["Flame Barrier+1","Body Slam+1"],"picked":"Armaments+1","floor":31},{"not_picked":["Reckless Charge","Headbutt","Sword Boomerang+1"],"picked":"SKIP","floor":31},{"not_picked":["Bludgeon","Barricade"],"picked":"Reaper","floor":33},{"not_picked":["Anger+1","Shockwave+1"],"picked":"Flex","floor":35},{"not_picked":["Headbutt","Dropkick+1"],"picked":"Shrug It Off+1","floor":35},{"not_picked":["Thunderclap+1","Flex"],"picked":"Heavy Blade+1","floor":37},{"not_picked":["Warcry+1","Evolve+1"],"picked":"Exhume","floor":37},{"not_picked":["Armaments","Cleave"],"picked":"Hemokinesis+1","floor":38},{"not_picked":["Warcry+1","Thunderclap+1"],"picked":"Reaper","floor":38},{"not_picked":["Power Through+1","Wild Strike"],"picked":"Twin Strike+1","floor":42},{"not_picked":["Thunderclap","True Grit+1"],"picked":"Rampage+1","floor":45},{"not_picked":["Clash+1","Headbutt+1","Intimidate"],"picked":"SKIP","floor":45},{"not_picked":["Feel No Pain+1","Twin Strike+1"],"picked":"Cleave+1","floor":48}],"player_experience":165270,"relics_obtained":[{"floor":4,"key":"Blood Vial"},{"floor":7,"key":"Gremlin Horn"},{"floor":9,"key":"Self Forming Clay"},{"floor":13,"key":"Old Coin"},{"floor":23,"key":"Smiling Mask"},{"floor":23,"key":"Prayer Wheel"},{"floor":25,"key":"Sundial"},{"floor":25,"key":"Tiny Chest"},{"floor":26,"key":"Red Skull"},{"floor":42,"key":"Vajra"},{"floor":42,"key":"Pocketwatch"},{"floor":43,"key":"InkBottle"},{"floor":48,"key":"Paper Frog"},{"floor":48,"key":"MawBank"}],"event_choices":[{"damage_healed":0,"gold_gain":0,"player_choice":"Entered Light","damage_taken":16,"max_hp_gain":0,"max_hp_loss":0,"event_name":"Shining Light","floor":5,"gold_loss":0,"cards_upgraded":["Bash","Cleave"]},{"damage_healed":0,"gold_gain":175,"player_choice":"AGREE","damage_taken":0,"max_hp_gain":0,"max_hp_loss":0,"event_name":"Liars Game","floor":8,"gold_loss":0,"cards_obtained":["Doubt"]},{"damage_healed":0,"gold_gain":0,"player_choice":"Obtained Relic","damage_taken":0,"relics_obtained":["HornCleat"],"max_hp_gain":0,"max_hp_loss":0,"event_name":"Addict","floor":19,"gold_loss":85},{"cards_removed":["Doubt"],"damage_healed":0,"gold_gain":0,"player_choice":"Gave Gold","damage_taken":0,"max_hp_gain":0,"max_hp_loss":0,"event_name":"Beggar","floor":20,"gold_loss":75},{"damage_healed":0,"gold_gain":0,"player_choice":"Read","damage_taken":0,"max_hp_gain":0,"max_hp_loss":0,"event_name":"The Library","floor":22,"gold_loss":0,"cards_obtained":["Flex"]},{"damage_healed":0,"gold_gain":0,"player_choice":"Simplicity","damage_taken":0,"max_hp_gain":0,"max_hp_loss":0,"event_name":"Back to Basics","floor":30,"gold_loss":0,"cards_upgraded":["Strike_R","Strike_R","Strike_R","Strike_R","Defend_R","Defend_R","Defend_R","Defend_R"]},{"cards_removed":["Flex"],"damage_healed":0,"gold_gain":0,"player_choice":"Removed Skill","damage_taken":0,"max_hp_gain":0,"max_hp_loss":0,"event_name":"Falling","floor":41,"gold_loss":0},{"damage_healed":70,"gold_gain":0,"player_choice":"Heal","damage_taken":0,"max_hp_gain":0,"max_hp_loss":10,"event_name":"The Moai Head","floor":44,"gold_loss":0}],"is_beta":false,"boss_relics":[{"not_picked":["Mark of Pain","Ectoplasm"],"picked":"Black Star"},{"not_picked":["Snecko Eye","SacredBark"],"picked":"Philosopher\u0027s Stone"}],"items_purged_floors":[21],"is_endless":false,"potions_floor_spawned":[7,10,13,16,24,28,31,35,38,42],"killed_by":"Donu and Deca","ascension_level":2}}