{"host":"knk89g45d3vzr5fm","time":1612881824,"event":{"mods":["2.2 Compatiblity","BaseMod","Downfall","Minty Spire (QoL Compilation)","Relic Stats","Reliquary","Replay The Spire","StSLib","The Marked"],"gold_per_floor":[99,118,118,150,168,168,168,168,196,213,20,40,74,44,58,154,154,54,64,82,99,99,113,113,146,246,256,266,277,277,302,318,415,415,415,402,421,434,449,349,373,401,301,301,320,320,334,359,377,377,377,406,19,19,19,19,19,19],"floor_reached":56,"language":"FRA","playtime":4822,"items_purged":["bronze:Strike","bronze:Strike","bronze:Defend"],"score":956,"play_id":"4aa1e924-fb9f-4548-b669-be972698010a","local_time":"20210209154344","is_ascension_mode":true,"campfire_choices":[{"floor":1.0,"key":"DIG"},{"data":"bronze:BugBarrage","floor":6.0,"key":"SMITH"},{"data":"bronze:BugBarrage","floor":8.0,"key":"SMITH"},{"floor":18.0,"key":"DIG"},{"data":"bronze:Repair","floor":30.0,"key":"SMITH"},{"floor":35.0,"key":"RECALL"},{"data":"bronze:FineTuning","floor":40.0,"key":"SMITH"},{"data":"bronze:Boost","floor":43.0,"key":"SMITH"},{"data":"bronze:BugBarrage","floor":54,"key":"SMITH"}],"circlet_count":0,"master_deck":["bronze:Defend","bronze:Goto","bronze:Shield","bronze:Iterate","bronze:BugBarrage+1","bronze:BugBarrage+1","bronze:ChosenStrike","bronze:Overload","bronze:BugBarrage","bronze:BugBarrage+1","bronze:ChildClass","bronze:Repair+1","bronze:ChildClass+1","bronze:Break","bronze:Return","bronze:MaxOutput+1","bronze:BronzeOrb+1","bronze:Repulsor+1","bronze:Overload","J.A.X.","bronze:Frontload","bronze:DelayedSlice","bronze:Boost+1","bronze:FineTuning+1","bronze:BugBarrage+1","bronze:TinkerersToolbox","bronze:CleanCode+1"],"relics":["bronze:BronzeCore","Akabeko","Simple Rune","Frozen Egg 2","bronze:SilverBullet","reliquary:TatteredRug","Anchor","reliquary:WritOfMandamus","downfall:HeartBlessingGreen","reliquary:Aerogel","Nilry\u0027s Codex","Whetstone","Darkstone Periapt","MutagenicStrength","Omamori","Cursed Key","HornCleat","downfall:HeartBlessingRed","StoneCalendar","downfall:HeartBlessingBlue","bronze:BottledCode","Juzu Bracelet","Bottled Flame","Eternal Feather"],"acts_visited":["Exordium","TheCity","TheBeyond","TheEnding"],"potions_floor_usage":[55,56],"damage_taken":[{"damage":0.0,"enemies":"2 Louse","floor":2.0,"turns":2.0},{"damage":0.0,"enemies":"Cultist","floor":5.0,"turns":2.0},{"damage":22.0,"enemies":"3 Sentries","floor":9.0,"turns":6.0},{"damage":0.0,"enemies":"Small Slimes","floor":10.0,"turns":1.0},{"damage":0.0,"enemies":"downfall:FleeingMerchant","floor":11.0,"turns":4.0},{"damage":1.0,"enemies":"Blue Slaver","floor":12.0,"turns":2.0},{"damage":0.0,"enemies":"Gremlin Nob","floor":13.0,"turns":2.0},{"damage":0.0,"enemies":"downfall:FleeingMerchant","floor":14.0,"turns":4.0},{"damage":0.0,"enemies":"3 Louse","floor":15.0,"turns":1.0},{"damage":15.0,"enemies":"DF_ARCHETYPE_STREAMLINE","floor":16.0,"turns":4.0},{"damage":0.0,"enemies":"Spheric Guardian","floor":19.0,"turns":2.0},{"damage":3.0,"enemies":"Centurion and Healer","floor":20.0,"turns":2.0},{"damage":7.0,"enemies":"Chosen and Byrds","floor":21.0,"turns":3.0},{"damage":0.0,"enemies":"Snake Plant","floor":23.0,"turns":2.0},{"damage":0.0,"enemies":"Replay:Snechameleon","floor":25.0,"turns":2.0},{"damage":19.0,"enemies":"downfall:Augmenter","floor":26.0,"turns":5.0},{"damage":5.0,"enemies":"3 Cultists","floor":27.0,"turns":4.0},{"damage":0.0,"enemies":"Centurion and Healer","floor":28.0,"turns":3.0},{"damage":0.0,"enemies":"Snecko","floor":29.0,"turns":2.0},{"damage":0.0,"enemies":"Slavers","floor":31.0,"turns":3.0},{"damage":0.0,"enemies":"Snake Plant","floor":32.0,"turns":2.0},{"damage":51.0,"enemies":"WA_ARCHETYPE_CALM","floor":33.0,"turns":7.0},{"damage":4.0,"enemies":"downfall:FleeingMerchant","floor":36.0,"turns":3.0},{"damage":0.0,"enemies":"Orb Walker","floor":37.0,"turns":1.0},{"damage":3.0,"enemies":"3 Shapes","floor":38.0,"turns":1.0},{"damage":1.0,"enemies":"Transient","floor":39.0,"turns":5.0},{"damage":3.0,"enemies":"Giant Head","floor":42.0,"turns":4.0},{"damage":0.0,"enemies":"Maw","floor":45.0,"turns":4.0},{"damage":3.0,"enemies":"Writhing Mass","floor":47.0,"turns":2.0},{"damage":0,"enemies":"Nemesis","floor":48,"turns":3},{"damage":3,"enemies":"Spire Growth","floor":49,"turns":2},{"damage":34,"enemies":"IC_BLOCK_ARCHETYPE","floor":50,"turns":7},{"damage":12,"enemies":"downfall:CharBossMerchant","floor":52,"turns":5},{"damage":39,"enemies":"downfall:NeowBoss","floor":55,"turns":13},{"damage":29,"enemies":"downfall:NeowBossFinal","floor":56,"turns":3}],"seed_played":"-8055897179039382376","potions_obtained":[{"floor":4.0,"key":"Dexterity Potion"},{"floor":10.0,"key":"sneckomod:MuddlingPotion"},{"floor":12.0,"key":"bronze:FreeFunctionsPotion"},{"floor":15.0,"key":"Strength Potion"},{"floor":16.0,"key":"Energy Potion"},{"floor":21.0,"key":"GamblersBrew"},{"floor":23.0,"key":"SteroidPotion"},{"floor":28.0,"key":"BlessingOfTheForge"}],"is_trial":false,"path_per_floor":["R","M","?","?","M","R","T","R","E","M","$","M","E","$","M","B",null,"R","M","M","M","?","M","T","E","?","M","M","M","R","E","M","B",null,"R","?","M","M","M","R","T","E","R","?","M","?","M","E","M","B",null,"E","$","R","B","B"],"character_chosen":"THE_AUTOMATON","items_purchased":["reliquary:TatteredRug","bronze:BugBarrage","bronze:ChildClass+1","HornCleat","Eternal Feather"],"campfire_rested":0,"item_purchase_floors":[11,11,14,36,53],"current_hp_per_floor":[63,63,63,48,48,48,48,48,26,26,26,25,25,32,39,31,63,63,63,60,60,44,51,51,58,44,46,53,53,53,63,63,22,63,63,59,59,56,62,62,62,60,70,63,63,63,60,63,63,32,63,51,51,63,24,0,0,0],"gold":19,"neow_bonus":"REMOVE_TWO","is_daily":false,"chose_seed":false,"campfire_upgraded":6,"win_rate":0.0,"timestamp":1612881824,"path_taken":["R","M","?","?","M","R","T","R","E","?","?","M","E","$","M","BOSS","R","M","M","M","?","M","T","E","?","M","M","M","R","E","M","BOSS","R","?","M","M","M","R","T","E","R","?","M","?","?","E","M","BOSS","E","$","R","BOSS","BOSS"],"items_purchased_type":["Relic","Card","Card","Relic","Relic"],"build_version":"2020-12-22","purchased_purges":3,"victory":false,"max_hp_per_floor":[63,63,63,63,63,63,63,63,63,63,63,63,63,63,63,63,63,63,63,63,63,63,63,63,63,63,63,63,63,63,63,63,63,63,63,63,63,63,63,63,63,63,73,63,63,63,63,63,63,63,63,63,63,63,63,63,63,63],"relic_stats":{"Darkstone Periapt":0,"counters":[35,118],"StoneCalendar":[104],"Eternal Feather":12,"Juzu Bracelet":0,"Whetstone":["bronze:Replicate","bronze:Strike"],"Cursed Key":1,"obtain_stats":[{"Darkstone Periapt":25,"bronze:BronzeCore":0,"downfall:HeartBlessingRed":40,"reliquary:Aerogel":18,"Nilry\u0027s Codex":22,"downfall:HeartBlessingGreen":18,"StoneCalendar":42,"Eternal Feather":53,"reliquary:TatteredRug":11,"Omamori":31,"Juzu Bracelet":48,"Whetstone":24,"Frozen Egg 2":7,"Cursed Key":34,"Akabeko":1,"bronze:BottledCode":44,"Anchor":13,"Bottled Flame":52,"HornCleat":36,"downfall:HeartBlessingBlue":43,"MutagenicStrength":26,"Simple Rune":4,"reliquary:WritOfMandamus":17,"bronze:SilverBullet":9},{"Darkstone Periapt":15,"bronze:BronzeCore":0,"downfall:HeartBlessingRed":26,"reliquary:Aerogel":10,"Nilry\u0027s Codex":13,"downfall:HeartBlessingGreen":10,"StoneCalendar":27,"Eternal Feather":33,"reliquary:TatteredRug":5,"Omamori":20,"Juzu Bracelet":30,"Whetstone":14,"Frozen Egg 2":2,"Cursed Key":22,"Akabeko":0,"bronze:BottledCode":27,"Anchor":7,"Bottled Flame":33,"HornCleat":23,"downfall:HeartBlessingBlue":27,"MutagenicStrength":16,"Simple Rune":1,"reliquary:WritOfMandamus":10,"bronze:SilverBullet":3},{"Darkstone Periapt":39,"bronze:BronzeCore":0,"downfall:HeartBlessingRed":75,"reliquary:Aerogel":28,"Nilry\u0027s Codex":35,"downfall:HeartBlessingGreen":28,"StoneCalendar":79,"Eternal Feather":102,"reliquary:TatteredRug":15,"Omamori":56,"Juzu Bracelet":88,"Whetstone":37,"Frozen Egg 2":4,"Cursed Key":65,"Akabeko":0,"bronze:BottledCode":79,"Anchor":19,"Bottled Flame":102,"HornCleat":68,"downfall:HeartBlessingBlue":79,"MutagenicStrength":44,"Simple Rune":2,"reliquary:WritOfMandamus":28,"bronze:SilverBullet":10}]},"card_choices":[{"not_picked":["bronze:Overheat","bronze:BuggyMess"],"picked":"bronze:Shield","floor":2.0},{"not_picked":["bronze:Backtrace","bronze:Constructor"],"picked":"bronze:Iterate","floor":4.0},{"not_picked":["bronze:OilSpill","bronze:ForceShield"],"picked":"bronze:BugBarrage","floor":4.0},{"not_picked":["bronze:WhirlingStrike","bronze:Repulsor"],"picked":"bronze:BugBarrage","floor":5.0},{"not_picked":["bronze:TinkerersToolbox","bronze:WildBeam"],"picked":"bronze:ChosenStrike","floor":9.0},{"not_picked":["bronze:Branch","bronze:Repulsor+1"],"picked":"bronze:Overload","floor":10.0},{"not_picked":["bronze:BitShift","bronze:BuggyMess","bronze:CutThrough"],"picked":"SKIP","floor":11.0},{"not_picked":["bronze:BronzeOrb","bronze:ForceShield"],"picked":"bronze:ChildClass","floor":12.0},{"not_picked":["bronze:Safeguard","bronze:Return"],"picked":"bronze:Repair","floor":13.0},{"not_picked":["bronze:WildBeam","bronze:Separator","bronze:Branch"],"picked":"SKIP","floor":14.0},{"not_picked":["bronze:OilSpill","bronze:BugBarrage","bronze:Separator"],"picked":"SKIP","floor":15.0},{"not_picked":["bronze:Mutator+1","bronze:InfiniteLoop"],"picked":"bronze:Break","floor":16.0},{"not_picked":["bronze:Terminator","bronze:BronzeArmor+1"],"picked":"bronze:Return","floor":19.0},{"not_picked":["bronze:DelayedGuard+1","bronze:Turbo+1"],"picked":"bronze:MaxOutput+1","floor":20.0},{"not_picked":["bronze:Iterate+1","bronze:Turbo"],"picked":"bronze:BronzeOrb+1","floor":21.0},{"not_picked":["bronze:Return","bronze:NullPointer+1","bronze:DigitalCarnage"],"picked":"SKIP","floor":23.0},{"not_picked":["bronze:Shield","bronze:Turbo","bronze:WhirlingStrike+1"],"picked":"SKIP","floor":25.0},{"not_picked":[],"picked":"J.A.X.","floor":26.0},{"not_picked":["bronze:CutThrough+1","bronze:Overload+1"],"picked":"bronze:Frontload","floor":26.0},{"not_picked":["bronze:InfiniteBeams+1","bronze:ChildClass"],"picked":"bronze:DelayedSlice","floor":27.0},{"not_picked":["bronze:Separator+1","bronze:Safeguard","bronze:Library+1"],"picked":"SKIP","floor":28.0},{"not_picked":["bronze:CloningBeam","bronze:Constructor"],"picked":"bronze:Boost","floor":29.0},{"not_picked":["bronze:BugBarrage","bronze:Backtrace"],"picked":"bronze:FineTuning","floor":31.0},{"not_picked":["bronze:DelayedGuard","bronze:Turbo"],"picked":"bronze:BugBarrage+1","floor":32.0},{"not_picked":["bronze:Iterate+1","bronze:DelayedSlice+1","bronze:BitShift+1"],"picked":"SKIP","floor":36.0},{"not_picked":["bronze:Allocate+1","bronze:Invalidate","bronze:ChosenStrike+1"],"picked":"SKIP","floor":37.0},{"not_picked":["bronze:Shield+1","bronze:Allocate+1","bronze:Deprecate"],"picked":"SKIP","floor":38.0},{"not_picked":["bronze:FollowUp+1","bronze:Separator","bronze:CloningBeam"],"picked":"SKIP","floor":39.0},{"not_picked":["bronze:BugBarrage","bronze:Branch+1"],"picked":"bronze:TinkerersToolbox","floor":42.0},{"not_picked":["bronze:Repair+1","bronze:FollowUp","bronze:GetLatest"],"picked":"SKIP","floor":45.0},{"not_picked":["bronze:ChosenStrike+1","bronze:ClassDefault+1","bronze:FollowUp+1"],"picked":"SKIP","floor":47.0},{"not_picked":["bronze:DelayedSlice","bronze:ForceShield"],"picked":"bronze:CleanCode+1","floor":48},{"not_picked":["bronze:CutThrough+1","bronze:GetLatest+1","bronze:Allocate"],"picked":"SKIP","floor":49},{"not_picked":["bronze:Iterate","bronze:Overload","bronze:Constructor"],"picked":"SKIP","floor":52}],"player_experience":2086359,"relics_obtained":[{"floor":1.0,"key":"Akabeko"},{"floor":4.0,"key":"Simple Rune"},{"floor":7.0,"key":"Frozen Egg 2"},{"floor":9.0,"key":"bronze:SilverBullet"},{"floor":13.0,"key":"Anchor"},{"floor":18.0,"key":"reliquary:Aerogel"},{"floor":22.0,"key":"Nilry\u0027s Codex"},{"floor":24.0,"key":"Whetstone"},{"floor":25.0,"key":"Darkstone Periapt"},{"floor":26.0,"key":"MutagenicStrength"},{"floor":31.0,"key":"Omamori"},{"floor":42.0,"key":"StoneCalendar"},{"floor":48,"key":"Juzu Bracelet"},{"floor":52,"key":"Bottled Flame"}],"event_choices":[],"is_beta":false,"boss_relics":[{"not_picked":["ReplayTheSpireMod:DimensionalGlitch","reliquary:Ember"],"picked":"reliquary:WritOfMandamus"},{"not_picked":["Velvet Choker","Kintsugi"],"picked":"Cursed Key"}],"items_purged_floors":[11,36,53],"is_endless":false,"potions_floor_spawned":[10,12,15,16,21,23,28,29,31,37,42,47,48],"killed_by":"downfall:NeowBossFinal","ascension_level":1}}