{"host":"swn8ychr123rw3gf","time":1612846599,"event":{"mods":["BaseMod","Minty Spire (QoL Compilation)","StSLib"],"gold_per_floor":[117,129,54,73,85,85,85,115,197,197,197,197,215,229,229,306,306,319,369,386,386,7,41,53,95,133,145,169,192,204,216,228,317,329,353,379,391,422,434,446,484,496,508,419,431,456,9,27,27,27],"floor_reached":51,"language":"ZHS","playtime":2151,"items_purged":["Defend_P","Strike_P","Defend_P"],"score":1469,"play_id":"53dc1c6a-037a-4e7f-8669-070536b42906","local_time":"20210209125639","is_ascension_mode":true,"campfire_choices":[{"data":"Eruption","floor":6.0,"key":"SMITH"},{"data":"FlurryOfBlows","floor":10.0,"key":"SMITH"},{"floor":15.0,"key":"REST"},{"data":"Adaptation","floor":24.0,"key":"SMITH"},{"data":"Indignation","floor":27.0,"key":"SMITH"},{"data":"Tantrum","floor":30.0,"key":"SMITH"},{"floor":32.0,"key":"REST"},{"data":"Halt","floor":40.0,"key":"SMITH"},{"data":"Sanctity","floor":42.0,"key":"SMITH"},{"data":"Vigilance","floor":45.0,"key":"SMITH"},{"floor":49.0,"key":"REST"}],"circlet_count":0,"master_deck":["AscendersBane","Strike_P","Strike_P","Defend_P","Defend_P+1","Eruption+1","Vigilance+1","Halt+1","Evaluate+1","FlurryOfBlows+1","Sanctity+1","FearNoEvil","CarveReality","BattleHymn","DeusExMachina","Indignation+1","Adaptation+1","Tantrum+1","DevaForm","EmptyFist+1","Omniscience+1","Adaptation"],"relics":["PureWater","Happy Flower","Du-Vu Doll","StrikeDummy","Bag of Preparation","Black Star","Yang","Gremlin Horn","MawBank","Oddly Smooth Stone","Bag of Marbles","Pantograph","Ancient Tea Set","Singing Bowl","Sozu","Turnip","Calipers","Shuriken","Darkstone Periapt","Toxic Egg 2","TungstenRod"],"acts_visited":["Exordium","TheCity","TheBeyond"],"potions_floor_usage":[50],"damage_taken":[{"damage":4.0,"enemies":"Jaw Worm","floor":1.0,"turns":3.0},{"damage":0.0,"enemies":"Small Slimes","floor":2.0,"turns":3.0},{"damage":2.0,"enemies":"2 Louse","floor":4.0,"turns":3.0},{"damage":0.0,"enemies":"Exordium Wildlife","floor":5.0,"turns":4.0},{"damage":14.0,"enemies":"Lagavulin","floor":8.0,"turns":6.0},{"damage":0.0,"enemies":"Exordium Thugs","floor":13.0,"turns":2.0},{"damage":0.0,"enemies":"Red Slaver","floor":14.0,"turns":4.0},{"damage":19.0,"enemies":"The Guardian","floor":16.0,"turns":10.0},{"damage":0.0,"enemies":"2 Thieves","floor":18.0,"turns":3.0},{"damage":0.0,"enemies":"Spheric Guardian","floor":20.0,"turns":1.0},{"damage":19.0,"enemies":"Book of Stabbing","floor":23.0,"turns":5.0},{"damage":4.0,"enemies":"Slavers","floor":25.0,"turns":5.0},{"damage":7.0,"enemies":"Snake Plant","floor":28.0,"turns":3.0},{"damage":0.0,"enemies":"Centurion and Healer","floor":29.0,"turns":3.0},{"damage":0.0,"enemies":"Automaton","floor":33.0,"turns":4.0},{"damage":0.0,"enemies":"3 Darklings","floor":35.0,"turns":2.0},{"damage":19.0,"enemies":"3 Shapes","floor":36.0,"turns":4.0},{"damage":0.0,"enemies":"Transient","floor":38.0,"turns":6.0},{"damage":19.0,"enemies":"Nemesis","floor":41.0,"turns":5.0},{"damage":0.0,"enemies":"Sphere and 2 Shapes","floor":46.0,"turns":2.0},{"damage":0.0,"enemies":"Spire Growth","floor":48.0,"turns":2.0},{"damage":20,"enemies":"Donu and Deca","floor":50,"turns":4}],"seed_played":"-259294362009255916","potions_obtained":[{"floor":1.0,"key":"Ancient Potion"},{"floor":4.0,"key":"SkillPotion"},{"floor":8.0,"key":"StancePotion"},{"floor":14.0,"key":"Swift Potion"},{"floor":18.0,"key":"Ambrosia"},{"floor":28.0,"key":"Strength Potion"},{"floor":33.0,"key":"FairyPotion"}],"is_trial":false,"path_per_floor":["M","M","$","M","M","R","$","E","T","R","?","?","M","M","R","B",null,"M","?","M","T","$","E","R","E","T","R","M","M","R","T","R","B",null,"M","M","T","M","?","R","E","R","T","?","R","M","$","M","R","B",null],"character_chosen":"WATCHER","items_purchased":["Gremlin Horn","TungstenRod"],"campfire_rested":3,"item_purchase_floors":[22,47],"current_hp_per_floor":[57,57,57,55,55,55,55,41,41,41,23,3,3,3,23,4,52,52,52,52,52,52,33,33,29,29,29,22,22,22,22,42,67,68,70,53,53,53,53,53,36,36,36,36,36,36,36,36,58,54],"gold":27,"neow_bonus":"RANDOM_COMMON_RELIC","is_daily":false,"chose_seed":false,"campfire_upgraded":8,"win_rate":0.0,"timestamp":1612846599,"path_taken":["M","M","$","M","M","R","$","E","T","R","?","?","M","M","R","BOSS","M","?","M","?","$","E","R","E","T","R","?","M","R","?","R","BOSS","M","M","?","M","?","R","E","R","T","?","R","?","?","M","R","BOSS"],"items_purchased_type":["Relic","Relic"],"build_version":"2020-12-22","purchased_purges":3,"victory":true,"max_hp_per_floor":[68,68,68,68,68,68,68,68,68,68,68,68,68,68,68,68,68,68,68,68,68,68,68,68,68,68,68,68,68,68,68,68,68,68,70,72,72,72,72,72,74,74,74,74,74,74,74,74,74,74],"card_choices":[{"not_picked":["ThirdEye","Protect"],"picked":"Halt","floor":1.0},{"not_picked":["Swivel","Protect"],"picked":"Evaluate","floor":2.0},{"not_picked":["Halt","Omniscience"],"picked":"FlurryOfBlows","floor":4.0},{"not_picked":["CutThroughFate","Prostrate"],"picked":"Sanctity","floor":5.0},{"not_picked":["SandsOfTime","JustLucky"],"picked":"FearNoEvil","floor":8.0},{"not_picked":["JustLucky","Weave"],"picked":"CarveReality","floor":13.0},{"not_picked":["JustLucky","Conclude"],"picked":"BattleHymn","floor":14.0},{"not_picked":["Blasphemy","Devotion"],"picked":"DeusExMachina","floor":16.0},{"not_picked":["Weave+1","PathToVictory"],"picked":"Indignation","floor":18.0},{"not_picked":["SashWhip","FlurryOfBlows","Indignation"],"picked":"SKIP","floor":20.0},{"not_picked":["CarveReality","Vengeance"],"picked":"Adaptation","floor":23.0},{"not_picked":["JustLucky","ForeignInfluence","FollowUp"],"picked":"SKIP","floor":25.0},{"not_picked":["CrushJoints","SashWhip","FlyingSleeves"],"picked":"SKIP","floor":28.0},{"not_picked":["EmptyBody","FlyingSleeves"],"picked":"Tantrum","floor":29.0},{"not_picked":["Judgement","Devotion"],"picked":"DevaForm","floor":33.0},{"not_picked":["Wireheading+1","ThirdEye","CutThroughFate"],"picked":"Singing Bowl","floor":35.0},{"not_picked":["WheelKick","Perseverance","ThirdEye+1"],"picked":"Singing Bowl","floor":36.0},{"not_picked":["ForeignInfluence+1","Wallop"],"picked":"EmptyFist+1","floor":38.0},{"not_picked":["FollowUp","Protect","EmptyFist+1"],"picked":"Singing Bowl","floor":41.0},{"not_picked":["Nirvana","MentalFortress"],"picked":"Omniscience+1","floor":46.0},{"not_picked":["PathToVictory+1","WreathOfFlame+1"],"picked":"Adaptation","floor":48.0}],"player_experience":435473,"relics_obtained":[{"floor":8.0,"key":"Du-Vu Doll"},{"floor":9.0,"key":"StrikeDummy"},{"floor":21.0,"key":"Yang"},{"floor":23.0,"key":"MawBank"},{"floor":23.0,"key":"Oddly Smooth Stone"},{"floor":25.0,"key":"Bag of Marbles"},{"floor":25.0,"key":"Pantograph"},{"floor":26.0,"key":"Ancient Tea Set"},{"floor":31.0,"key":"Singing Bowl"},{"floor":37.0,"key":"Turnip"},{"floor":41.0,"key":"Calipers"},{"floor":41.0,"key":"Shuriken"},{"floor":43.0,"key":"Darkstone Periapt"}],"event_choices":[{"damage_healed":0.0,"max_hp_gain":0.0,"max_hp_loss":0.0,"gold_gain":0.0,"event_name":"Scrap Ooze","player_choice":"Success","floor":11.0,"gold_loss":0.0,"damage_taken":18.0,"relics_obtained":["Bag of Preparation"]},{"damage_healed":0.0,"max_hp_gain":0.0,"max_hp_loss":0.0,"gold_gain":0.0,"event_name":"Shining Light","player_choice":"Entered Light","floor":12.0,"gold_loss":0.0,"damage_taken":20.0,"cards_upgraded":["Defend_P","Evaluate"]},{"damage_healed":0.0,"max_hp_gain":0.0,"max_hp_loss":0.0,"gold_gain":50.0,"event_name":"Nest","player_choice":"Stole From Cult","floor":19.0,"gold_loss":0.0,"damage_taken":0.0},{"cards_removed":["Strike_P"],"damage_healed":0.0,"max_hp_gain":0.0,"max_hp_loss":0.0,"gold_gain":0.0,"event_name":"Falling","player_choice":"Removed Attack","floor":39.0,"gold_loss":0.0,"damage_taken":0.0},{"damage_healed":0.0,"max_hp_gain":0.0,"max_hp_loss":0.0,"gold_gain":0.0,"event_name":"WeMeetAgain","player_choice":"Paid Gold","floor":44.0,"gold_loss":101.0,"damage_taken":0.0,"relics_obtained":["Toxic Egg 2"]}],"is_beta":false,"boss_relics":[{"not_picked":["HolyWater","Astrolabe"],"picked":"Black Star"},{"not_picked":["Runic Dome","Fusion Hammer"],"picked":"Sozu"}],"items_purged_floors":[3,22,47],"is_endless":false,"potions_floor_spawned":[1,4,8,13,14,18,28,29,33,36,41,46,48],"ascension_level":19}}