{"host":"juvwyqk4ifq614bf","time":1612901741,"event":{"mods":["2.2 Compatiblity","Act Like it!","BaseMod","Better Altar","Better Match","Better Note","Better Sensory Stone","Better Third Choice","ChefMod","Conspire","Ekko","Friendly Minions","GifTheSpireLib","Hubris","Infinite Spire","Minty Spire (QoL Compilation)","Mirrors Mod","Replay The Spire","StSLib","Stuff the Spire","The Alterego","TheVelvet"],"gold_per_floor":[109,109,87,99,99,99,126,126,126,140,140,154,11,24,24,129,129,142,160,160,173,173,173],"floor_reached":22,"language":"ENG","playtime":1641,"items_purged":[],"score":186,"play_id":"e150d732-50ef-4ad4-b428-5e688752c225","local_time":"20210209211541","is_ascension_mode":false,"campfire_choices":[{"data":"chefmod:MonsterBait","floor":6,"key":"SMITH"},{"data":"chefmod:FireUp","floor":8,"key":"SMITH"},{"data":"chefmod:FarmersMarket","floor":15,"key":"SMITH"}],"circlet_count":0,"master_deck":["chefmod:Strike","chefmod:Strike","chefmod:QuickThaw","chefmod:Defend","chefmod:Defend","chefmod:TodaysSpecial+1","chefmod:MonsterBait+1","chefmod:FireUp+1","chefmod:Julienne","chefmod:MonsterBait+1","chefmod:FarmersMarket+1","chefmod:FullCourseMeal","chefmod:FireUp+1","chefmod:TonkotsuRamen+1","chefmod:HotSoup+1","chefmod:IcePick+1","chefmod:SaveForLater+1"],"relics":["chefmod:TrustyPot","Eternal Feather","Vajra","DollysMirror","Astrolabe"],"acts_visited":["Exordium","TheCity"],"potions_floor_usage":[14,18],"damage_taken":[{"damage":0,"enemies":"2 Louse","floor":1,"turns":3},{"damage":0,"enemies":"Cultist","floor":4,"turns":4},{"damage":25,"enemies":"3 Sentries","floor":7,"turns":12},{"damage":1,"enemies":"Small Slimes","floor":10,"turns":4},{"damage":6,"enemies":"Exordium Wildlife","floor":12,"turns":3},{"damage":1,"enemies":"3 Louse","floor":14,"turns":3},{"damage":35,"enemies":"Hexaghost","floor":16,"turns":11},{"damage":5,"enemies":"3 Byrds","floor":18,"turns":6},{"damage":0,"enemies":"Chosen","floor":19,"turns":4},{"damage":9,"enemies":"Centurion and Healer","floor":21,"turns":6},{"damage":60,"enemies":"Sentry and Sphere","floor":22,"turns":5}],"seed_played":"-8234646808201301031","potions_obtained":[{"floor":4,"key":"Weak Potion"},{"floor":10,"key":"conspire:TimeTravelPotion"},{"floor":12,"key":"ColorlessPotion"}],"is_trial":false,"path_per_floor":["M","?","$","M","$","R","E","R","T","M","?","M","$","M","R","B",null,"M","M","?","M","M"],"character_chosen":"THE_CHEF","items_purchased":["chefmod:FireUp","DollysMirror"],"campfire_rested":0,"item_purchase_floors":[3,13],"current_hp_per_floor":[76,76,76,76,76,76,51,57,57,56,76,70,70,69,75,40,76,71,71,65,56,0,0],"gold":173,"neow_bonus":"UPGRADE_CARD","is_daily":false,"chose_seed":false,"campfire_upgraded":3,"win_rate":0.0,"timestamp":1612901741,"path_taken":["M","?","?","?","$","R","E","R","T","M","?","M","?","M","R","BOSS","M","M","?","M","?"],"items_purchased_type":["Card","Relic"],"build_version":"2020-12-22","purchased_purges":0,"victory":false,"max_hp_per_floor":[76,76,76,76,76,76,76,76,76,76,76,76,76,76,76,76,76,76,76,76,76,76,76],"card_choices":[{"not_picked":["chefmod:SliceAndDice","chefmod:FryPan"],"picked":"chefmod:MonsterBait","floor":1},{"not_picked":["chefmod:Chop","chefmod:SliceAndDice","chefmod:BaoBuns"],"picked":"SKIP","floor":4},{"not_picked":["chefmod:Gelato","chefmod:AlooGobi"],"picked":"chefmod:Julienne","floor":7},{"not_picked":["chefmod:Granita","chefmod:ColdSteel","chefmod:HotSoup"],"picked":"SKIP","floor":10},{"not_picked":["chefmod:SliceAndDice","chefmod:ZaruSoba","chefmod:FreezerBurn"],"picked":"SKIP","floor":12},{"not_picked":["chefmod:OldCookbook","chefmod:DinoKale"],"picked":"chefmod:FarmersMarket","floor":14},{"not_picked":["chefmod:FrozenTuna","chefmod:RaidPantry"],"picked":"chefmod:FullCourseMeal","floor":16},{"not_picked":["chefmod:Fillet","chefmod:DinoKale"],"picked":"chefmod:IcePick+1","floor":18},{"not_picked":["chefmod:ColdSteel+1","chefmod:GroceryDelivery+1"],"picked":"chefmod:SaveForLater+1","floor":19},{"not_picked":["chefmod:BaoBuns","chefmod:SliceAndDice","chefmod:Sorbet"],"picked":"SKIP","floor":21}],"player_experience":232530,"relics_obtained":[{"floor":7,"key":"Eternal Feather"},{"floor":9,"key":"Vajra"}],"event_choices":[{"cards_removed":["chefmod:Strike"],"damage_healed":0,"gold_gain":0,"player_choice":"Purged","damage_taken":0,"max_hp_gain":0,"max_hp_loss":0,"event_name":"Purifier","floor":2,"gold_loss":0},{"damage_healed":25,"gold_gain":0,"player_choice":"Banana","damage_taken":0,"max_hp_gain":0,"max_hp_loss":0,"event_name":"Big Fish","floor":11,"gold_loss":0},{"damage_healed":0,"gold_gain":0,"player_choice":"","damage_taken":6,"max_hp_gain":0,"max_hp_loss":0,"event_name":"Knowing Skull","floor":20,"potions_obtained":[],"gold_loss":0,"cards_obtained":[]}],"is_beta":false,"boss_relics":[{"not_picked":["Velvet Choker","Sozu"],"picked":"Astrolabe"}],"items_purged_floors":[],"is_endless":false,"potions_floor_spawned":[4,10,12],"killed_by":"Sentry and Sphere","ascension_level":0}}