{"host":"vyjryxuuuxkt43k4","time":1612863042,"event":{"mods":["AchievementEnabler","BaseMod","Colored Map","DeckTracker","Keyboard Shortcuts","Minty Spire (QoL Compilation)","Permanent Neow","Quick Restart","StSLib","SuperFastMode","everything is the same but u backflip on backflip"],"gold_per_floor":[111,111,127,146,13,13,23,41,93,121,46,68,100,113,113,186,186,198,248,266,266,16,47,47,47,47,62,62,62,62,85,85,160,160,177,196,196,196,34,65,99,133,158,158,158,458,458,37,37,37],"floor_reached":51,"language":"KOR","playtime":2986,"items_purged":["Strike_P","Strike_P"],"score":1699,"play_id":"e913277a-abb6-4b05-92a2-4906d12f3e7b","local_time":"20210209183042","is_ascension_mode":true,"campfire_choices":[{"data":"Eruption","floor":6.0,"key":"SMITH"},{"data":"Adaptation","floor":15.0,"key":"SMITH"},{"data":"Ragnarok","floor":24.0,"key":"SMITH"},{"data":"Worship","floor":29.0,"key":"SMITH"},{"data":"Wallop","floor":32.0,"key":"SMITH"},{"data":"Strike_P","floor":44.0,"key":"PURGE"},{"data":"Defend_P","floor":47.0,"key":"PURGE"},{"data":"Defend_P","floor":49.0,"key":"PURGE"}],"circlet_count":0,"master_deck":["AscendersBane","Defend_P","Defend_P","Eruption+1","Vigilance","FearNoEvil","WheelKick+1","Adaptation+1","Wallop+1","Worship+1","Prostrate","Brilliance+1","CurseOfTheBell","Meditate+1","ClearTheMind+1","Ragnarok+1","WreathOfFlame+1","Halt+1","Scrawl+1","DeceiveReality+1","InnerPeace+1","Omniscience+1"],"relics":["Coffee Dripper","Question Card","Centennial Puzzle","Tiny Chest","Odd Mushroom","Lantern","Calling Bell","Happy Flower","Toxic Egg 2","WingedGreaves","Pen Nib","Whetstone","White Beast Statue","Nilry\u0027s Codex","Ancient Tea Set","Snecko Eye","Medical Kit","Bag of Preparation","The Courier","Peace Pipe","Old Coin","ClockworkSouvenir","Nunchaku"],"acts_visited":["Exordium","TheCity","TheBeyond"],"potions_floor_usage":[50],"damage_taken":[{"damage":0.0,"enemies":"Cultist","floor":1.0,"turns":3.0},{"damage":3.0,"enemies":"2 Louse","floor":3.0,"turns":3.0},{"damage":2.0,"enemies":"Jaw Worm","floor":4.0,"turns":4.0},{"damage":0.0,"enemies":"2 Fungi Beasts","floor":7.0,"turns":2.0},{"damage":3.0,"enemies":"Large Slime","floor":8.0,"turns":4.0},{"damage":19.0,"enemies":"Lagavulin","floor":10.0,"turns":4.0},{"damage":6.0,"enemies":"The Mushroom Lair","floor":12.0,"turns":4.0},{"damage":0.0,"enemies":"Gremlin Nob","floor":13.0,"turns":2.0},{"damage":9.0,"enemies":"3 Louse","floor":14.0,"turns":2.0},{"damage":17.0,"enemies":"Slime Boss","floor":16.0,"turns":8.0},{"damage":0.0,"enemies":"Spheric Guardian","floor":18.0,"turns":2.0},{"damage":0.0,"enemies":"Chosen","floor":20.0,"turns":3.0},{"damage":5.0,"enemies":"Gremlin Leader","floor":23.0,"turns":2.0},{"damage":2.0,"enemies":"3 Cultists","floor":27.0,"turns":4.0},{"damage":30.0,"enemies":"Automaton","floor":33.0,"turns":6.0},{"damage":40.0,"enemies":"3 Shapes","floor":35.0,"turns":2.0},{"damage":1.0,"enemies":"3 Darklings","floor":36.0,"turns":2.0},{"damage":20.0,"enemies":"Reptomancer","floor":40.0,"turns":5.0},{"damage":0.0,"enemies":"Giant Head","floor":41.0,"turns":4.0},{"damage":16.0,"enemies":"Reptomancer","floor":42.0,"turns":3.0},{"damage":0,"enemies":"Donu and Deca","floor":50,"turns":2}],"seed_played":"-8685963297360113770","potions_obtained":[{"floor":7.0,"key":"Ancient Potion"},{"floor":8.0,"key":"FairyPotion"},{"floor":12.0,"key":"Strength Potion"},{"floor":13.0,"key":"CultistPotion"},{"floor":18.0,"key":"SteroidPotion"},{"floor":23.0,"key":"GamblersBrew"},{"floor":27.0,"key":"Energy Potion"},{"floor":33.0,"key":"ColorlessPotion"},{"floor":35.0,"key":"Block Potion"},{"floor":36.0,"key":"Dexterity Potion"},{"floor":40.0,"key":"SneckoOil"},{"floor":41.0,"key":"LiquidBronze"},{"floor":42.0,"key":"CultistPotion"}],"is_trial":false,"path_per_floor":["M","?","M","M","$","R","M","M","T","E","$","?","E","M","R","B",null,"M","?","M","T","$","E","R","$","T","M","?","R","?","T","R","B",null,"M","M","?","?","$","E","E","E","T","R","?","T","R","$","R","B",null],"character_chosen":"WATCHER","items_purchased":["WheelKick","Fire Potion","Ragnarok","Medical Kit","Omniscience+1","ClockworkSouvenir","Nunchaku","FairyPotion"],"campfire_rested":0,"item_purchase_floors":[5,5,22,39,48,48,48,48],"current_hp_per_floor":[61,61,58,56,56,56,56,53,53,34,34,28,28,19,19,2,52,52,52,52,52,52,47,47,47,47,45,24,24,24,24,24,20,56,16,15,15,56,56,36,36,20,20,20,20,20,20,20,20,20],"gold":37,"neow_bonus":"BOSS_RELIC","is_daily":false,"chose_seed":false,"campfire_upgraded":5,"win_rate":0.0,"timestamp":1612863042,"path_taken":["M","?","M","M","$","R","M","M","T","E","?","?","E","M","R","BOSS","M","?","M","?","$","E","R","?","T","M","?","R","?","?","R","BOSS","M","M","?","?","$","E","E","E","T","R","?","?","R","$","R","BOSS"],"items_purchased_type":["Card","Potion","Card","Relic","Card","Relic","Relic","Potion"],"build_version":"2020-12-22","purchased_purges":2,"victory":true,"max_hp_per_floor":[68,68,68,68,68,68,68,68,68,68,68,68,68,68,68,68,68,68,68,68,68,68,68,68,68,68,68,68,68,68,68,68,68,68,68,68,68,56,56,56,56,56,56,56,53,53,53,53,53,53],"card_choices":[{"not_picked":["ThirdEye","Wireheading"],"picked":"CutThroughFate","floor":1.0},{"not_picked":["Pray","EmptyFist","Swivel"],"picked":"FearNoEvil","floor":3.0},{"not_picked":["Wireheading","Swivel","Halt","LikeWater"],"picked":"SKIP","floor":4.0},{"not_picked":["FlyingSleeves","Judgement","Prostrate"],"picked":"Adaptation","floor":7.0},{"not_picked":["CutThroughFate","Sanctity","Worship"],"picked":"Wallop","floor":8.0},{"not_picked":["Nirvana","Omniscience","SashWhip"],"picked":"Worship","floor":10.0},{"not_picked":["CrushJoints","FlurryOfBlows","JustLucky"],"picked":"Prostrate","floor":13.0},{"not_picked":["Nirvana","Indignation","FlyingSleeves","Consecrate"],"picked":"SKIP","floor":14.0},{"not_picked":["Devotion","Vault","Wish"],"picked":"Brilliance","floor":16.0},{"not_picked":["Evaluate+1","SashWhip","Wallop"],"picked":"Meditate+1","floor":18.0},{"not_picked":["Protect+1","DeceiveReality+1","Conclude+1"],"picked":"ClearTheMind+1","floor":20.0},{"not_picked":["EmptyBody+1","WheelKick","Perseverance+1"],"picked":"WreathOfFlame+1","floor":23.0},{"not_picked":["EmptyBody+1","Consecrate","CutThroughFate"],"picked":"Halt+1","floor":27.0},{"not_picked":["Alpha+1","Establishment","Omniscience+1"],"picked":"Scrawl+1","floor":33.0},{"not_picked":["JustLucky+1","Collect+1","Crescendo+1"],"picked":"DeceiveReality+1","floor":35.0},{"not_picked":["Halt+1","Wireheading","PathToVictory+1","Protect+1"],"picked":"SKIP","floor":36.0},{"not_picked":["SashWhip","Protect+1","FlyingSleeves+1","EmptyMind+1"],"picked":"SKIP","floor":40.0},{"not_picked":["Sanctity+1","Pray+1","Fasting2","FlyingSleeves+1"],"picked":"SKIP","floor":41.0},{"not_picked":["CrushJoints","BowlingBash","Crescendo+1"],"picked":"InnerPeace+1","floor":42.0}],"player_experience":867949,"relics_obtained":[{"floor":9.0,"key":"Centennial Puzzle"},{"floor":10.0,"key":"Tiny Chest"},{"floor":12.0,"key":"Odd Mushroom"},{"floor":13.0,"key":"Lantern"},{"floor":17.0,"key":"Happy Flower"},{"floor":17.0,"key":"Toxic Egg 2"},{"floor":17.0,"key":"WingedGreaves"},{"floor":21.0,"key":"Pen Nib"},{"floor":23.0,"key":"Whetstone"},{"floor":26.0,"key":"White Beast Statue"},{"floor":28.0,"key":"Nilry\u0027s Codex"},{"floor":31.0,"key":"Ancient Tea Set"},{"floor":40.0,"key":"Bag of Preparation"},{"floor":41.0,"key":"The Courier"},{"floor":42.0,"key":"Peace Pipe"},{"floor":46.0,"key":"Old Coin"}],"event_choices":[{"cards_removed":["CutThroughFate"],"damage_healed":0.0,"max_hp_gain":0.0,"max_hp_loss":0.0,"gold_gain":0.0,"event_name":"WeMeetAgain","player_choice":"Gave Card","floor":2.0,"gold_loss":0.0,"damage_taken":0.0,"relics_obtained":["Question Card"]},{"damage_healed":0.0,"max_hp_gain":0.0,"max_hp_loss":0.0,"gold_gain":0.0,"event_name":"Mushrooms","player_choice":"Fought Mushrooms","floor":12.0,"gold_loss":0.0,"damage_taken":0.0},{"damage_healed":0.0,"max_hp_gain":0.0,"max_hp_loss":0.0,"gold_gain":50.0,"event_name":"Nest","player_choice":"Stole From Cult","floor":19.0,"gold_loss":0.0,"damage_taken":0.0},{"damage_healed":0.0,"max_hp_gain":0.0,"max_hp_loss":0.0,"gold_gain":0.0,"event_name":"Cursed Tome","player_choice":"Obtained Book","floor":28.0,"gold_loss":0.0,"damage_taken":21.0},{"cards_removed":["Strike_P"],"damage_healed":0.0,"max_hp_gain":0.0,"max_hp_loss":0.0,"gold_gain":0.0,"event_name":"Back to Basics","player_choice":"Elegance","floor":30.0,"gold_loss":0.0,"damage_taken":0.0},{"damage_healed":0.0,"max_hp_gain":0.0,"max_hp_loss":0.0,"gold_gain":0.0,"event_name":"Tomb of Lord Red Mask","player_choice":"Ignored","floor":37.0,"gold_loss":0.0,"damage_taken":0.0},{"damage_healed":56.0,"max_hp_gain":0.0,"max_hp_loss":12.0,"gold_gain":0.0,"event_name":"The Moai Head","player_choice":"Heal","floor":38.0,"gold_loss":0.0,"damage_taken":0.0},{"damage_healed":0.0,"max_hp_gain":0.0,"max_hp_loss":3.0,"gold_gain":0.0,"event_name":"Winding Halls","player_choice":"Max HP","floor":45.0,"gold_loss":0.0,"damage_taken":0.0}],"is_beta":false,"boss_relics":[{"not_picked":["Busted Crown","Cursed Key"],"picked":"Calling Bell"},{"not_picked":["Empty Cage","Pandora\u0027s Box"],"picked":"Snecko Eye"}],"items_purged_floors":[11,22],"is_endless":false,"potions_floor_spawned":[7,8,12,13,18,23,27,33,35,36,40,41,42],"ascension_level":19}}