{"host":"vfg9szunmpjwj08o","time":1612912574,"event":{"mods":["Act Like it!","BaseMod","BetterRewards","Bossed Relics","Challenge The Spire","Clawfect","Colored Map","Colored Powertips","Dark Map","Highlight Path","Minty Spire (QoL Compilation)","Quick Restart","Relic Stats","StSLib","Waifu the Spire","everything is the same but u backflip on backflip"],"gold_per_floor":[113,113,39,50,0,28,28,59,83,83,3,3,32,32,32,134,134,153,333,344,68,68,103,103,134,157,112,112,122,133,144,144,239,239,257,257,17,17,17,17,34,44,69,69,69],"floor_reached":44,"language":"ENG","playtime":1912,"items_purged":["Defend_P"],"score":803,"play_id":"7b0d028c-f5ad-4636-b07a-420e2b6dc0be","local_time":"20210210001614","is_ascension_mode":true,"campfire_choices":[{"data":"Study","floor":10,"key":"SMITH"},{"floor":15,"key":"RECALL"},{"floor":24,"key":"REST"},{"floor":32,"key":"REST"},{"floor":40,"key":"REST"}],"circlet_count":0,"master_deck":["AscendersBane","Strike_P+1","Defend_P+1","Defend_P+1","Defend_P+1","Eruption+1","Vigilance","Study+1","Nirvana+1","Meditate+1","CutThroughFate+1","LessonLearned+1","WheelKick+1","Prostrate","Establishment","Halt+1","EmptyBody+1","CutThroughFate","MentalFortress+1","PathToVictory","CutThroughFate+1","Devotion","Weave+1","Madness","Madness","PathToVictory","Fasting2","Bandage Up","PiercingWail+1"],"relics":["PureWater","NeowsBlessing","Bronze Scales","War Paint","Juzu Bracelet","Gremlin Horn","Fusion Hammer","Lee\u0027s Waffle","Art of War","Orichalcum","Enchiridion","Pandora\u0027s Box","PrismaticShard","Lantern"],"acts_visited":["Exordium","TheCity","TheBeyond"],"potions_floor_usage":[23,25,33],"damage_taken":[{"damage":0.0,"enemies":"Small Slimes","floor":1.0,"turns":1.0},{"damage":0.0,"enemies":"Jaw Worm","floor":4.0,"turns":1.0},{"damage":0.0,"enemies":"Lagavulin","floor":6.0,"turns":2.0},{"damage":14.0,"enemies":"Gremlin Nob","floor":8.0,"turns":4.0},{"damage":13,"enemies":"Lagavulin","floor":13,"turns":6},{"damage":0,"enemies":"Slime Boss","floor":16,"turns":7},{"damage":19,"enemies":"2 Thieves","floor":18,"turns":3},{"damage":11,"enemies":"Shell Parasite","floor":20,"turns":4},{"damage":11,"enemies":"Gremlin Leader","floor":23,"turns":5},{"damage":20,"enemies":"Slavers","floor":25,"turns":4},{"damage":3,"enemies":"Snecko","floor":29,"turns":5},{"damage":0,"enemies":"Cultist and Chosen","floor":30,"turns":4},{"damage":0,"enemies":"Sentry and Sphere","floor":31,"turns":2},{"damage":21,"enemies":"Champ","floor":33,"turns":8},{"damage":0,"enemies":"Orb Walker","floor":35,"turns":3},{"damage":28,"enemies":"3 Darklings","floor":41,"turns":3},{"damage":7,"enemies":"Transient","floor":42,"turns":5},{"damage":60,"enemies":"Giant Head","floor":44,"turns":6}],"seed_played":"-9055735415411295735","potions_obtained":[{"floor":4.0,"key":"SpeedPotion"},{"floor":6.0,"key":"FearPotion"},{"floor":13,"key":"Energy Potion"},{"floor":20,"key":"DistilledChaos"},{"floor":23,"key":"SpeedPotion"},{"floor":25,"key":"BlessingOfTheForge"},{"floor":31,"key":"LiquidMemories"}],"is_trial":false,"path_per_floor":["M","?","$","M","?","E","?","E","T","R","$","?","E","?","R","B",null,"M","?","M","$","?","E","R","E","T","$","?","M","M","M","R","B",null,"M","?","$","?","?","R","M","M","T","E"],"character_chosen":"WATCHER","items_purchased":["Nirvana","WheelKick","Lee\u0027s Waffle","EmptyBody","FlurryOfBlows","PathToVictory","PrismaticShard","Fasting2"],"campfire_rested":3,"item_purchase_floors":[3,11,21,21,27,37,37,37],"current_hp_per_floor":[65,58,58,58,58,58,58,44,44,44,44,30,17,22,22,22,63,44,25,14,84,84,73,84,64,64,64,48,45,45,45,70,49,75,75,64,64,64,64,84,56,53,53,0,0],"gold":69,"neow_bonus":"THREE_ENEMY_KILL","is_daily":false,"chose_seed":false,"campfire_upgraded":1,"win_rate":0.0,"timestamp":1612912574,"path_taken":["M","?","$","M","?","E","?","E","T","R","$","?","E","?","R","BOSS","M","?","M","?","?","E","R","E","T","$","?","M","M","M","R","BOSS","M","?","$","?","?","R","M","M","T","E"],"items_purchased_type":["Card","Card","Relic","Card","Card","Card","Relic","Card"],"build_version":"2020-12-22","purchased_purges":1,"victory":false,"max_hp_per_floor":[72,72,72,72,72,72,72,72,72,72,72,72,72,77,77,77,77,77,77,77,84,84,84,84,84,84,84,84,84,84,84,84,84,84,84,84,84,84,84,84,84,84,84,84,84],"relic_stats":{"Lee\u0027s Waffle":70,"Gremlin Horn":[12,12],"counters":[18,73],"Bronze Scales":[150],"Pandora\u0027s Box":[],"Juzu Bracelet":2,"Art of War":[2],"War Paint":["Defend_P","Meditate"],"Orichalcum":[18],"obtain_stats":[{"Lee\u0027s Waffle":21,"Lantern":43,"NeowsBlessing":0,"Gremlin Horn":13,"Enchiridion":28,"Juzu Bracelet":9,"War Paint":8,"Orichalcum":25,"PrismaticShard":37,"Bronze Scales":6,"Pandora\u0027s Box":34,"Fusion Hammer":17,"Art of War":23,"PureWater":0},{"Lee\u0027s Waffle":8,"Lantern":17,"NeowsBlessing":0,"Gremlin Horn":5,"Enchiridion":10,"Juzu Bracelet":4,"War Paint":4,"Orichalcum":10,"PrismaticShard":15,"Bronze Scales":3,"Pandora\u0027s Box":14,"Fusion Hammer":6,"Art of War":9,"PureWater":0},{"Lee\u0027s Waffle":28,"Lantern":67,"NeowsBlessing":0,"Gremlin Horn":14,"Enchiridion":37,"Juzu Bracelet":8,"War Paint":8,"Orichalcum":37,"PrismaticShard":59,"Bronze Scales":4,"Pandora\u0027s Box":56,"Fusion Hammer":21,"Art of War":33,"PureWater":0}]},"card_choices":[{"not_picked":["BowlingBash","Collect"],"picked":"Study","floor":1.0},{"not_picked":["CrushJoints","DeceiveReality"],"picked":"Meditate","floor":4.0},{"not_picked":["SandsOfTime","ThirdEye"],"picked":"CutThroughFate","floor":6.0},{"not_picked":["CutThroughFate","Study"],"picked":"LessonLearned","floor":8},{"not_picked":["Indignation","WheelKick"],"picked":"Prostrate","floor":13},{"not_picked":["Omniscience","Blasphemy"],"picked":"Establishment","floor":16},{"not_picked":["SashWhip","WheelKick"],"picked":"Halt+1","floor":18},{"not_picked":["Conclude","ForeignInfluence","Crescendo"],"picked":"SKIP","floor":20},{"not_picked":["Wallop","Swivel"],"picked":"CutThroughFate","floor":23},{"not_picked":["FollowUp","ForeignInfluence"],"picked":"MentalFortress","floor":25},{"not_picked":["EmptyBody+1","Vengeance"],"picked":"PathToVictory","floor":29},{"not_picked":["Weave","Wallop"],"picked":"CutThroughFate+1","floor":30},{"not_picked":["FlyingSleeves","CrushJoints","SandsOfTime"],"picked":"SKIP","floor":31},{"not_picked":["MasterReality","Judgement"],"picked":"Devotion","floor":33},{"not_picked":["FearNoEvil+1","WindmillStrike"],"picked":"Weave+1","floor":35},{"not_picked":["Blind","Trip"],"picked":"Bandage Up","floor":39},{"not_picked":["Dark Shackles+1","Sucker Punch","Conserve Battery+1"],"picked":"SKIP","floor":41},{"not_picked":["Clawfect:Clawline","Metallicize+1"],"picked":"PiercingWail+1","floor":42}],"player_experience":1103114,"relics_obtained":[{"floor":6.0,"key":"Bronze Scales"},{"floor":8,"key":"War Paint"},{"floor":9,"key":"Juzu Bracelet"},{"floor":13,"key":"Gremlin Horn"},{"floor":23,"key":"Art of War"},{"floor":25,"key":"Orichalcum"},{"floor":28,"key":"Enchiridion"},{"floor":43,"key":"Lantern"}],"event_choices":[{"cards_removed":["Strike_P"],"damage_healed":0.0,"max_hp_gain":0.0,"max_hp_loss":0.0,"gold_gain":0.0,"event_name":"Golden Wing","player_choice":"Card Removal","floor":2.0,"gold_loss":0.0,"damage_taken":7.0},{"cards_removed":["Strike_P"],"damage_healed":0.0,"max_hp_gain":0.0,"max_hp_loss":0.0,"gold_gain":0.0,"event_name":"The Cleric","player_choice":"Card Removal","floor":5.0,"gold_loss":50.0,"damage_taken":0.0},{"damage_healed":0.0,"max_hp_gain":0.0,"max_hp_loss":0.0,"gold_gain":0.0,"event_name":"Upgrade Shrine","player_choice":"Upgraded","floor":7.0,"gold_loss":0.0,"damage_taken":0.0,"cards_upgraded":["Eruption"]},{"damage_healed":0,"gold_gain":0,"player_choice":"Entered Light","damage_taken":14,"max_hp_gain":0,"max_hp_loss":0,"event_name":"Shining Light","floor":12,"gold_loss":0,"cards_upgraded":["Defend_P","Strike_P"]},{"damage_healed":0,"gold_gain":0,"player_choice":"Donut","damage_taken":0,"max_hp_gain":5,"max_hp_loss":0,"event_name":"Big Fish","floor":14,"gold_loss":0},{"damage_healed":0,"gold_gain":180,"player_choice":"GOLD GOLD ","damage_taken":19,"max_hp_gain":0,"max_hp_loss":0,"event_name":"Knowing Skull","floor":19,"potions_obtained":[],"gold_loss":0,"cards_obtained":[]},{"cards_removed":["Strike_P"],"damage_healed":0,"gold_gain":0,"player_choice":"Elegance","damage_taken":0,"max_hp_gain":0,"max_hp_loss":0,"event_name":"Back to Basics","floor":22,"gold_loss":0},{"damage_healed":0,"gold_gain":0,"player_choice":"Obtained Book","damage_taken":16,"max_hp_gain":0,"max_hp_loss":0,"event_name":"Cursed Tome","floor":28,"gold_loss":0},{"damage_healed":0,"gold_gain":0,"player_choice":"Embrace Madness","damage_taken":11,"max_hp_gain":0,"max_hp_loss":0,"event_name":"Winding Halls","floor":36,"gold_loss":0,"cards_obtained":["Madness","Madness"]},{"cards_removed":["FlurryOfBlows"],"damage_healed":0,"gold_gain":0,"player_choice":"Removed Attack","damage_taken":0,"max_hp_gain":0,"max_hp_loss":0,"event_name":"Falling","floor":38,"gold_loss":0},{"damage_healed":0,"gold_gain":0,"player_choice":"Memory 1","damage_taken":0,"max_hp_gain":0,"max_hp_loss":0,"event_name":"SensoryStone","floor":39,"gold_loss":0}],"is_beta":false,"boss_relics":[{"not_picked":["Snecko Eye","Philosopher\u0027s Stone"],"picked":"Fusion Hammer"},{"not_picked":["Cursed Key","Coffee Dripper"],"picked":"Pandora\u0027s Box"}],"items_purged_floors":[21],"is_endless":false,"potions_floor_spawned":[4,6,13,20,23,25,31],"killed_by":"Giant Head","ascension_level":10}}