{"host":"i70yit5z0kpl303k","time":1612840010,"event":{"mods":["2.2 Compatiblity","Act Like it!","BaseMod","BetterRewards","Evolution","Gensokyo","Infinite Spire","Ironclad Rager","Koishi","Marked Mod","Minty Spire (QoL Compilation)","Relic Stats","Reliquary","Replay The Spire","StSLib","The Blue Laboratory","The Marked","The Servant 0.9.4","TheSwordswoman"],"gold_per_floor":[114,125,125,125,142,174,174,184,184,194,194,194,214,224,224,224,224],"floor_reached":16,"language":"ENG","playtime":919,"items_purged":[],"score":150,"play_id":"c199adb9-0bf6-4318-8cd1-3105562f4fff","local_time":"20210208190650","is_ascension_mode":true,"campfire_choices":[{"floor":12,"key":"REST"}],"circlet_count":0,"master_deck":["Sweeping Beam","Sweeping Beam","Sweeping Beam","Sweeping Beam","Leap","Defend_B","Defend_B","Defend_B","Zap","BootSequence","Leap","Capacitor","ReplayTheSpireMod:Calculation Training+1","Auto Shields","Rebound","Sweeping Beam"],"relics":["Cracked Core","EVO:Axolotl","The Courier","Replay:Bottled Eggs","Smiling Mask","Mirror"],"acts_visited":["Exordium"],"potions_floor_usage":[16,16],"damage_taken":[{"damage":1,"enemies":"Cultist","floor":1,"turns":4},{"damage":0,"enemies":"Small Slimes","floor":2,"turns":2},{"damage":0,"enemies":"2 Louse","floor":5,"turns":2},{"damage":32,"enemies":"Gremlin Nob","floor":6,"turns":5},{"damage":3,"enemies":"Blue Slaver","floor":8,"turns":3},{"damage":0,"enemies":"Exordium Wildlife","floor":10,"turns":2},{"damage":0,"enemies":"3 Louse","floor":13,"turns":2},{"damage":0,"enemies":"Lots of Slimes","floor":14,"turns":2},{"damage":66,"enemies":"Hexaghost","floor":16,"turns":11}],"seed_played":"-5862727514230575882","potions_obtained":[{"floor":1,"key":"blueLaboratory:CorrosionFlask"},{"floor":2,"key":"Adrenaline Potion"},{"floor":6,"key":"Fire Potion"}],"is_trial":false,"path_per_floor":["M","M","?","?","M","E","T","M","T","M","?","R","M","M","R","B"],"character_chosen":"DEFECT","items_purchased":[],"campfire_rested":1,"item_purchase_floors":[],"current_hp_per_floor":[74,74,74,74,74,42,42,39,39,39,39,61,61,61,61,0,0],"gold":224,"neow_bonus":"REMOVE_CARD","is_daily":false,"chose_seed":false,"campfire_upgraded":0,"win_rate":0.0,"timestamp":1612840010,"path_taken":["M","?","?","?","M","E","?","M","T","?","?","R","M","M","R","BOSS"],"items_purchased_type":[],"build_version":"2020-12-22","purchased_purges":0,"victory":false,"max_hp_per_floor":[75,75,75,75,75,75,75,75,75,75,75,75,75,75,75,75,75],"relic_stats":{"counters":[9,33],"Smiling Mask":0,"obtain_stats":[{"The Courier":6,"EVO:Axolotl":0,"Replay:Bottled Eggs":7,"Cracked Core":0,"Smiling Mask":9,"Mirror":15},{"The Courier":4,"EVO:Axolotl":0,"Replay:Bottled Eggs":4,"Cracked Core":0,"Smiling Mask":5,"Mirror":8},{"The Courier":13,"EVO:Axolotl":0,"Replay:Bottled Eggs":13,"Cracked Core":0,"Smiling Mask":16,"Mirror":22}]},"card_choices":[{"not_picked":["BasicCrystalCard","Barrage"],"picked":"BootSequence","floor":1},{"not_picked":["Barrage","Lockon"],"picked":"Leap","floor":2},{"not_picked":["Rebound","Go for the Eyes"],"picked":"Capacitor","floor":5},{"not_picked":["Static Discharge","Creative AI"],"picked":"ReplayTheSpireMod:Calculation Training","floor":6},{"not_picked":["Leap","Panic Button"],"picked":"Auto Shields","floor":8},{"not_picked":["Recycle","Compile Driver"],"picked":"Rebound","floor":10},{"not_picked":["Cold Snap","Coolheaded","Barrage"],"picked":"SKIP","floor":13},{"not_picked":["ReplayTheSpireMod:System Scan","Coolheaded"],"picked":"Sweeping Beam","floor":14}],"player_experience":287129,"relics_obtained":[{"floor":6,"key":"The Courier"},{"floor":7,"key":"Replay:Bottled Eggs"},{"floor":9,"key":"Smiling Mask"},{"floor":15,"key":"Mirror"}],"event_choices":[{"damage_healed":0,"gold_gain":0,"player_choice":"Ignored","damage_taken":0,"max_hp_gain":0,"max_hp_loss":0,"event_name":"Golden Wing","floor":3,"gold_loss":0},{"damage_healed":0,"gold_gain":0,"player_choice":"Leave","damage_taken":0,"max_hp_gain":0,"max_hp_loss":0,"event_name":"The Cleric","floor":4,"gold_loss":0}],"is_beta":false,"boss_relics":[],"items_purged_floors":[],"is_endless":false,"potions_floor_spawned":[1,2,6,14],"killed_by":"Hexaghost","ascension_level":4}}