{"host":"u7lm8z2rvb4dg2oo","time":1612850580,"event":{"mods":["AchievementEnabler","BaseMod","Bestiary","Block Reminder","Colored Map","Colored Powertips","Curses Come First","DeckTracker","Googly Eyes","Highlight Path","Minty Spire (QoL Compilation)","Quick Restart","StSLib"],"gold_per_floor":[117,117,117,192,211,246,257,257,283,72,88,107,124,124,124,226,226,237,237,43,0,0,0,0,0,0,0,0],"floor_reached":27,"language":"ENG","playtime":1401,"items_purged":["Writhe"],"score":334,"play_id":"15513d55-dcdd-42b1-a46c-9a29e9784886","local_time":"20210209010300","is_ascension_mode":true,"campfire_choices":[{"floor":8.0,"key":"REST"},{"floor":15.0,"key":"REST"},{"data":"RitualDagger","floor":23.0,"key":"SMITH"},{"data":"Venomology","floor":25.0,"key":"SMITH"}],"circlet_count":0,"master_deck":["AscendersBane","Strike_G+1","Strike_G+1","Strike_G+1","Strike_G+1","Strike_G+1","Defend_G+1","Defend_G+1","Defend_G+1","Defend_G+1","Defend_G+1","Survivor","Neutralize+1","Bane+1","Dash","Footwork","PiercingWail","Adrenaline","Backflip","Venomology+1","Footwork","Backstab","RitualDagger+1"],"relics":["Ring of the Snake","Art of War","Dream Catcher","Potion Belt","Black Star","Shovel","Whetstone"],"acts_visited":["Exordium","TheCity"],"potions_floor_usage":[27],"damage_taken":[{"damage":8.0,"enemies":"2 Louse","floor":1.0,"turns":4.0},{"damage":0.0,"enemies":"Small Slimes","floor":5.0,"turns":4.0},{"damage":51.0,"enemies":"Gremlin Nob","floor":6.0,"turns":6.0},{"damage":0.0,"enemies":"Jaw Worm","floor":7.0,"turns":4.0},{"damage":1.0,"enemies":"Blue Slaver","floor":11.0,"turns":5.0},{"damage":0.0,"enemies":"Large Slime","floor":12.0,"turns":8.0},{"damage":1.0,"enemies":"Exordium Wildlife","floor":13.0,"turns":3.0},{"damage":35.0,"enemies":"The Guardian","floor":16.0,"turns":23.0},{"damage":9.0,"enemies":"Shell Parasite","floor":18.0,"turns":15.0},{"damage":60,"enemies":"Gremlin Leader","floor":27,"turns":8}],"seed_played":"6883595957200603441","potions_obtained":[{"floor":1.0,"key":"AttackPotion"},{"floor":11.0,"key":"CunningPotion"},{"floor":12.0,"key":"Dexterity Potion"},{"floor":16.0,"key":"DuplicationPotion"}],"is_trial":false,"path_per_floor":["M","?","?","?","M","E","M","R","T","$","M","M","M","?","R","B",null,"M","?","$","?","?","R","?","R","T","E"],"character_chosen":"THE_SILENT","items_purchased":["Adrenaline","SpeedPotion","Footwork","Backstab"],"campfire_rested":2,"item_purchase_floors":[10,10,20,20],"current_hp_per_floor":[55,41,64,53,53,2,2,23,23,23,22,22,21,21,42,7,54,45,45,45,45,39,39,39,39,39,0,0],"gold":0,"neow_bonus":"RANDOM_COMMON_RELIC","is_daily":false,"chose_seed":false,"campfire_upgraded":2,"win_rate":0.0,"timestamp":1612850580,"path_taken":["M","?","?","?","M","E","M","R","T","?","M","?","M","?","R","BOSS","M","?","$","?","?","R","?","R","T","E"],"items_purchased_type":["Card","Potion","Card","Card"],"build_version":"2020-12-22","purchased_purges":1,"victory":false,"max_hp_per_floor":[70,70,70,70,70,70,70,70,70,70,70,70,70,70,70,70,70,70,70,70,70,70,70,70,70,70,70,70],"card_choices":[{"not_picked":["All Out Attack","Calculated Gamble"],"picked":"Bane","floor":1.0},{"not_picked":["Dodge and Roll","Escape Plan","Acrobatics"],"picked":"SKIP","floor":5.0},{"not_picked":["Flying Knee","Dagger Spray"],"picked":"Dash","floor":6.0},{"not_picked":["Accuracy","Doppelganger"],"picked":"Footwork","floor":7.0},{"not_picked":["Cloak And Dagger","Blade Dance"],"picked":"PiercingWail","floor":8.0},{"not_picked":["Underhanded Strike","Dagger Spray","Flying Knee"],"picked":"SKIP","floor":11.0},{"not_picked":["Storm of Steel","Quick Slash","Finisher"],"picked":"SKIP","floor":12.0},{"not_picked":["Deflect","Calculated Gamble","Sucker Punch"],"picked":"SKIP","floor":13.0},{"not_picked":["Flechettes","Quick Slash"],"picked":"Backflip","floor":15.0},{"not_picked":["A Thousand Cuts","After Image"],"picked":"Venomology","floor":16.0},{"not_picked":["Tactician","Deflect","Underhanded Strike"],"picked":"SKIP","floor":18.0}],"player_experience":1066415,"relics_obtained":[{"floor":6.0,"key":"Dream Catcher"},{"floor":9.0,"key":"Potion Belt"},{"floor":26.0,"key":"Whetstone"}],"event_choices":[{"damage_healed":0.0,"max_hp_gain":0.0,"max_hp_loss":0.0,"gold_gain":0.0,"event_name":"Shining Light","player_choice":"Entered Light","floor":2.0,"gold_loss":0.0,"damage_taken":14.0,"cards_upgraded":["Strike_G","Strike_G"]},{"damage_healed":23.0,"max_hp_gain":0.0,"max_hp_loss":0.0,"gold_gain":0.0,"event_name":"Big Fish","player_choice":"Banana","floor":3.0,"gold_loss":0.0,"damage_taken":0.0},{"damage_healed":0.0,"max_hp_gain":0.0,"max_hp_loss":0.0,"gold_gain":75.0,"event_name":"World of Goop","player_choice":"Gather Gold","floor":4.0,"gold_loss":0.0,"damage_taken":11.0},{"damage_healed":0.0,"max_hp_gain":0.0,"max_hp_loss":0.0,"gold_gain":0.0,"event_name":"Liars Game","player_choice":"Ignored","floor":14.0,"gold_loss":0.0,"damage_taken":0.0},{"damage_healed":0.0,"max_hp_gain":0.0,"max_hp_loss":0.0,"gold_gain":0.0,"event_name":"The Mausoleum","player_choice":"Opened","floor":19.0,"gold_loss":0.0,"damage_taken":0.0,"relics_obtained":["Shovel"],"cards_obtained":["Writhe"]},{"damage_healed":0.0,"max_hp_gain":0.0,"max_hp_loss":0.0,"gold_gain":0.0,"event_name":"Masked Bandits","player_choice":"Paid Fearfully","floor":21.0,"gold_loss":43.0,"damage_taken":0.0},{"damage_healed":0.0,"max_hp_gain":0.0,"max_hp_loss":0.0,"gold_gain":0.0,"event_name":"Nest","player_choice":"Joined the Cult","floor":22.0,"gold_loss":0.0,"damage_taken":6.0,"cards_obtained":["RitualDagger"]},{"damage_healed":0.0,"max_hp_gain":0.0,"max_hp_loss":0.0,"gold_gain":0.0,"event_name":"Back to Basics","player_choice":"Simplicity","floor":24.0,"gold_loss":0.0,"damage_taken":0.0,"cards_upgraded":["Strike_G","Strike_G","Strike_G","Defend_G","Defend_G","Defend_G","Defend_G","Defend_G"]}],"is_beta":false,"boss_relics":[{"not_picked":["Astrolabe","Snecko Eye"],"picked":"Black Star"}],"items_purged_floors":[20],"is_endless":false,"potions_floor_spawned":[1,11,12,16],"killed_by":"Gremlin Leader","ascension_level":12}}