{"host":"vlqejv0notyktumz","time":1612892392,"event":{"mods":["AchievementEnabler","BaseMod","Colored Map","Colored Powertips","Downfall","Googly Eyes","Minty Spire (QoL Compilation)","StSLib"],"gold_per_floor":[117,137,137,137,22,22,51,51,51,51,63,63,82,108,108,210,210,230,59,70,80,80,80,92,92,116,116,116,116,116,116,116,227,239,268,280,120,136,11,11,58,58,135,135,146,156,156,66,66,66],"floor_reached":51,"language":"ENG","playtime":2071,"items_purged":["Strike_B","Strike_B","Defend_B"],"score":1061,"play_id":"701d914a-3f68-43c3-935f-be2936b6c4a2","local_time":"20210209113952","is_ascension_mode":true,"campfire_choices":[{"floor":6,"key":"DIG"},{"data":"Sunder","floor":8,"key":"SMITH"},{"floor":10,"key":"DIG"},{"data":"Loop","floor":15,"key":"SMITH"},{"floor":23,"key":"REST"},{"floor":25,"key":"REST"},{"floor":28,"key":"DIG"},{"data":"Hyperbeam","floor":30,"key":"SMITH"},{"floor":32,"key":"DIG"},{"floor":40,"key":"DIG"},{"floor":42,"key":"DIG"},{"floor":44,"key":"DIG"},{"floor":47,"key":"DIG"},{"floor":49,"key":"REST"}],"circlet_count":0,"master_deck":["AscendersBane","Strike_B","Defend_B","Defend_B","Defend_B","Zap","Dualcast","Chill+1","Undo","Loop+1","Sunder+1","Undo","Doom and Gloom","Parasite","Cold Snap","Ball Lightning","Hyperbeam+1","BootSequence","Leap","Go for the Eyes","Coolheaded+1","Loop+1","Aggregate+1","Core Surge","Defragment+1","Blizzard","Conserve Battery+1","Coolheaded+1","Consume+1"],"relics":["Cracked Core","NeowsBlessing","Shovel","Happy Flower","Lantern","Question Card","Pen Nib","Ginger","SlaversCollar","DataDisk","Calipers","TungstenRod","MawBank","Runic Pyramid","Juzu Bracelet","Ancient Tea Set","Smiling Mask","Frozen Egg 2","Lizard Tail","HornCleat"],"acts_visited":["Exordium","TheCity","TheBeyond"],"potions_floor_usage":[11,16,21,38,50,50],"damage_taken":[{"damage":0,"enemies":"2 Louse","floor":1,"turns":1},{"damage":0,"enemies":"Small Slimes","floor":2,"turns":1},{"damage":0,"enemies":"Lagavulin","floor":7,"turns":1},{"damage":0,"enemies":"Jaw Worm","floor":11,"turns":1},{"damage":3,"enemies":"Exordium Thugs","floor":13,"turns":4},{"damage":14,"enemies":"Gremlin Nob","floor":14,"turns":4},{"damage":0,"enemies":"Slime Boss","floor":16,"turns":5},{"damage":24,"enemies":"2 Thieves","floor":18,"turns":4},{"damage":5,"enemies":"Shell Parasite","floor":20,"turns":5},{"damage":12,"enemies":"3 Cultists","floor":21,"turns":5},{"damage":4,"enemies":"Centurion and Healer","floor":24,"turns":10},{"damage":43,"enemies":"Champ","floor":33,"turns":10},{"damage":1,"enemies":"3 Shapes","floor":35,"turns":6},{"damage":3,"enemies":"Orb Walker","floor":38,"turns":3},{"damage":15,"enemies":"4 Shapes","floor":45,"turns":6},{"damage":24,"enemies":"Jaw Worm Horde","floor":46,"turns":4},{"damage":27,"enemies":"Awakened One","floor":50,"turns":15}],"seed_played":"-6048393893344644419","potions_obtained":[{"floor":1,"key":"Strength Potion"},{"floor":2,"key":"LiquidMemories"},{"floor":13,"key":"SneckoOil"},{"floor":14,"key":"hexamod:SoulburnPotion"},{"floor":16,"key":"Slimebound:ThreeZeroPotion"},{"floor":24,"key":"sneckomod:MuddlingPotion"},{"floor":38,"key":"SteroidPotion"}],"is_trial":false,"path_per_floor":["M","M","?","?","$","R","E","R","T","R","M","?","M","E","R","B",null,"M","$","M","M","?","R","M","R","T","?","R","?","R","T","R","B",null,"M","?","$","M","$","R","T","R","T","R","M","M","R","?","R","B",null],"character_chosen":"DEFECT","items_purchased":["Loop","Sunder","Leap","Go for the Eyes","Blizzard"],"campfire_rested":3,"item_purchase_floors":[5,5,19,19,37],"current_hp_per_floor":[68,68,56,61,61,61,61,61,61,61,61,80,77,63,63,63,76,52,52,47,35,35,59,55,79,79,64,64,64,64,64,64,21,69,68,68,68,65,65,65,65,65,65,65,50,26,26,26,50,23],"gold":66,"neow_bonus":"THREE_ENEMY_KILL","is_daily":false,"chose_seed":false,"campfire_upgraded":3,"win_rate":0.0,"timestamp":1612892392,"path_taken":["M","M","?","?","$","R","E","R","T","R","M","?","?","E","R","BOSS","M","$","M","M","?","R","?","R","T","?","R","?","R","?","R","BOSS","M","?","$","M","$","R","?","R","T","R","M","M","R","?","R","BOSS"],"items_purchased_type":["Card","Card","Card","Card","Card"],"build_version":"2020-12-22","purchased_purges":3,"victory":true,"max_hp_per_floor":[75,75,75,80,80,80,80,80,80,80,80,80,80,80,80,80,80,80,80,80,80,80,80,80,80,80,85,85,85,85,85,85,85,85,85,81,81,81,81,81,81,81,81,81,81,81,81,81,81,81],"card_choices":[{"not_picked":["Stack","Compile Driver"],"picked":"Chill","floor":1},{"not_picked":["Rebound","Compile Driver"],"picked":"Undo","floor":2},{"not_picked":["Storm","Tempest"],"picked":"Undo","floor":7},{"not_picked":["Hello World","Turbo","Rebound"],"picked":"Doom and Gloom","floor":11},{"not_picked":["Loop","Scrape","Echo Form"],"picked":"Cold Snap","floor":13},{"not_picked":["Rip and Tear","Recycle","Turbo"],"picked":"Ball Lightning","floor":14},{"not_picked":["Multi-Cast","Reboot","Machine Learning"],"picked":"Hyperbeam","floor":16},{"not_picked":["Go for the Eyes","Reprogram","Hologram"],"picked":"BootSequence","floor":18},{"not_picked":["Compile Driver","Skim","Gash+1","Streamline"],"picked":"SKIP","floor":20},{"not_picked":["Steam","Sunder","Beam Cell"],"picked":"Coolheaded+1","floor":21},{"not_picked":["Reinforced Body","Turbo","Rebound+1"],"picked":"Aggregate+1","floor":24},{"not_picked":["Reboot","Meteor Strike","Thunder Strike"],"picked":"Core Surge","floor":33},{"not_picked":["Chill+1","Go for the Eyes","Compile Driver"],"picked":"Defragment+1","floor":35},{"not_picked":["Steam","Melter+1","Leap+1"],"picked":"Conserve Battery+1","floor":38},{"not_picked":["Stack+1","Gash+1","Steam"],"picked":"Coolheaded+1","floor":45},{"not_picked":["Gash+1","Steam Power+1","Redo+1"],"picked":"Consume+1","floor":46}],"player_experience":402430,"relics_obtained":[{"floor":6,"key":"Happy Flower"},{"floor":7,"key":"Lantern"},{"floor":9,"key":"Question Card"},{"floor":10,"key":"Pen Nib"},{"floor":14,"key":"Ginger"},{"floor":26,"key":"DataDisk"},{"floor":28,"key":"Calipers"},{"floor":31,"key":"TungstenRod"},{"floor":32,"key":"MawBank"},{"floor":40,"key":"Juzu Bracelet"},{"floor":41,"key":"Ancient Tea Set"},{"floor":42,"key":"Smiling Mask"},{"floor":43,"key":"Frozen Egg 2"},{"floor":44,"key":"Lizard Tail"},{"floor":47,"key":"HornCleat"}],"event_choices":[{"damage_healed":0,"gold_gain":0,"player_choice":"Success","damage_taken":12,"relics_obtained":["Shovel"],"max_hp_gain":0,"max_hp_loss":0,"event_name":"Scrap Ooze","floor":3,"gold_loss":0},{"damage_healed":0,"gold_gain":0,"player_choice":"Donut","damage_taken":0,"max_hp_gain":5,"max_hp_loss":0,"event_name":"Big Fish","floor":4,"gold_loss":0},{"damage_healed":20,"gold_gain":0,"player_choice":"Healed and dodged fight","damage_taken":0,"max_hp_gain":0,"max_hp_loss":0,"event_name":"Mushrooms","floor":12,"gold_loss":0,"cards_obtained":["Parasite"]},{"damage_healed":0,"gold_gain":0,"player_choice":"Copied","damage_taken":0,"max_hp_gain":0,"max_hp_loss":0,"event_name":"Duplicator","floor":22,"gold_loss":0,"cards_obtained":["Loop"]},{"damage_healed":0,"gold_gain":0,"player_choice":"Shed Blood","damage_taken":20,"max_hp_gain":5,"max_hp_loss":0,"event_name":"Forgotten Altar","floor":27,"gold_loss":0},{"damage_healed":0,"gold_gain":0,"player_choice":"Ignored","damage_taken":0,"max_hp_gain":0,"max_hp_loss":0,"event_name":"Vampires","floor":29,"gold_loss":0},{"damage_healed":0,"gold_gain":0,"player_choice":"Max HP","damage_taken":0,"max_hp_gain":0,"max_hp_loss":4,"event_name":"Winding Halls","floor":36,"gold_loss":0},{"cards_removed":["Strike_B"],"damage_healed":0,"gold_gain":0,"player_choice":"Upgrade and Remove","damage_taken":0,"max_hp_gain":0,"max_hp_loss":0,"event_name":"Designer","floor":48,"gold_loss":90,"cards_upgraded":["Chill"]}],"is_beta":false,"boss_relics":[{"not_picked":["Black Star","Inserter"],"picked":"SlaversCollar"},{"not_picked":["Nuclear Battery","Empty Cage"],"picked":"Runic Pyramid"}],"items_purged_floors":[19,37,39],"is_endless":false,"potions_floor_spawned":[1,2,13,14,16,20,24,33,35,38],"ascension_level":10}}