{"host":"lx933ja015x1ub68","time":1612857412,"event":{"mods":["AchievementEnabler","BaseMod","Better Match","Better Third Choice","BetterRewards","Colored Map","Exacting","FTL Soundtrack","Minty Spire (QoL Compilation)","Shop Mod","StSLib"],"gold_per_floor":[128,146,107,126,126,157,170,181,204,215,52,52,52,87,87,204,204,221,221,232,232,246,271,271,271,271,300,20,20,34,53,53,158,158,168,168,180,180,180,180,229,229,229,247,21,37,37,54,54,54],"floor_reached":51,"language":"ENG","playtime":4845,"items_purged":[],"score":918,"play_id":"a6cf069e-f9fa-4769-98d8-61c5e6ca3ee6","local_time":"20210209185652","is_ascension_mode":false,"campfire_choices":[{"floor":12.0,"key":"REST"},{"data":"TalkToTheHand","floor":15.0,"key":"SMITH"},{"floor":25.0,"key":"REST"},{"floor":32.0,"key":"REST"},{"floor":40.0,"key":"REST"},{"floor":42.0,"key":"REST"},{"floor":47.0,"key":"REST"},{"data":"Ragnarok","floor":49.0,"key":"SMITH"}],"circlet_count":0,"master_deck":["Strike_P","Strike_P","Strike_P","Strike_P","Defend_P","Defend_P","Defend_P","Defend_P","Eruption","Vigilance","Good Instincts","FollowUp","Wallop","FollowUp","CarveReality","ClearTheMind","SashWhip","Jack Of All Trades","Nirvana","Collect","TalkToTheHand+1","Ragnarok+1","Pray+1","Shame","FollowUp+1","RitualDagger","JustLucky","Crescendo","Injury","LikeWater","Perseverance","InnerPeace","Consecrate","Prostrate+1","Omniscience","Pray","EmptyBody+1","Pain","Evaluate+1","TalkToTheHand+1","FlurryOfBlows","WindmillStrike+1"],"relics":["PureWater","Regal Pillow","betterThird:SlimedRelic","Shuriken","Ancient Tea Set","Orichalcum","Cursed Key","Mercury Hourglass","Juzu Bracelet","Enchiridion","Happy Flower","SacredBark","Spirit Poop","Pen Nib","Peace Pipe","MerchantsRug","DollysMirror"],"acts_visited":["Exordium","TheCity","TheBeyond"],"potions_floor_usage":[50,50,50],"damage_taken":[{"damage":5.0,"enemies":"Cultist","floor":1.0,"turns":6.0},{"damage":0.0,"enemies":"Small Slimes","floor":2.0,"turns":3.0},{"damage":0.0,"enemies":"Jaw Worm","floor":4.0,"turns":3.0},{"damage":17.0,"enemies":"3 Sentries","floor":6.0,"turns":9.0},{"damage":5.0,"enemies":"Red Slaver","floor":7.0,"turns":2.0},{"damage":0.0,"enemies":"Looter","floor":8.0,"turns":2.0},{"damage":7.0,"enemies":"Blue Slaver","floor":10.0,"turns":2.0},{"damage":0.0,"enemies":"Red Slaver","floor":14.0,"turns":2.0},{"damage":14.0,"enemies":"Hexaghost","floor":16.0,"turns":8.0},{"damage":2.0,"enemies":"Spheric Guardian","floor":18.0,"turns":3.0},{"damage":0.0,"enemies":"Shell Parasite","floor":20.0,"turns":1.0},{"damage":1.0,"enemies":"Chosen and Byrds","floor":22.0,"turns":3.0},{"damage":17.0,"enemies":"Slavers","floor":23.0,"turns":4.0},{"damage":45.0,"enemies":"Gremlin Leader","floor":27.0,"turns":6.0},{"damage":4.0,"enemies":"Cultist and Chosen","floor":30.0,"turns":5.0},{"damage":6.0,"enemies":"Centurion and Healer","floor":31.0,"turns":2.0},{"damage":24.0,"enemies":"Champ","floor":33.0,"turns":11.0},{"damage":6.0,"enemies":"Orb Walker","floor":35.0,"turns":4.0},{"damage":36.0,"enemies":"3 Shapes","floor":37.0,"turns":3.0},{"damage":35.0,"enemies":"Reptomancer","floor":41.0,"turns":7.0},{"damage":22.0,"enemies":"Spire Growth","floor":44.0,"turns":6.0},{"damage":23.0,"enemies":"Jaw Worm Horde","floor":46.0,"turns":4.0},{"damage":8.0,"enemies":"Maw","floor":48.0,"turns":8.0},{"damage":14,"enemies":"Donu and Deca","floor":50,"turns":3}],"seed_played":"-3739052371092795353","potions_obtained":[{"floor":1.0,"key":"LiquidMemories"},{"floor":6.0,"key":"Fire Potion"},{"floor":7.0,"key":"BottledMiracle"},{"floor":10.0,"key":"Energy Potion"},{"floor":16.0,"key":"AttackPotion"},{"floor":18.0,"key":"AttackPotion"},{"floor":22.0,"key":"Ancient Potion"},{"floor":30.0,"key":"EssenceOfSteel"},{"floor":37.0,"key":"StancePotion"},{"floor":44.0,"key":"Ambrosia"},{"floor":46.0,"key":"BlessingOfTheForge"},{"floor":48.0,"key":"SpeedPotion"}],"is_trial":false,"path_per_floor":["M","M","?","M","?","E","M","M","T","M","$","R","?","M","R","B",null,"M","T","M","?","M","E","?","R","T","E","$","?","M","M","R","B",null,"M","?","M","?","?","R","E","R","T","M","$","M","R","M","R","B",null],"character_chosen":"WATCHER","items_purchased":["Regal Pillow","Good Instincts","FollowUp","Jack Of All Trades","Nirvana","LikeWater","Perseverance","InnerPeace","Fire Potion","Fire Potion","MerchantsRug","DollysMirror","FlurryOfBlows"],"campfire_rested":6,"item_purchase_floors":[0,0,0,11,11,28,28,28,28,28,45,45,45],"current_hp_per_floor":[67,67,56,56,56,39,34,34,34,27,27,63,63,63,63,49,72,70,70,70,64,63,46,30,66,66,21,21,28,24,18,56,32,79,73,73,37,37,37,75,40,78,78,56,56,33,71,63,63,49],"gold":54,"neow_bonus":"","is_daily":false,"chose_seed":false,"campfire_upgraded":2,"win_rate":0.0,"timestamp":1612857412,"path_taken":["M","M","?","M","?","E","M","?","T","M","$","R","?","M","R","BOSS","M","?","M","?","M","E","?","R","T","E","?","?","M","M","R","BOSS","M","?","M","?","?","R","E","R","T","M","$","M","R","M","R","BOSS"],"items_purchased_type":["Relic","Card","Card","Card","Card","Card","Card","Card","Potion","Potion","Relic","Relic","Card"],"build_version":"2020-12-22","purchased_purges":0,"victory":true,"max_hp_per_floor":[72,72,72,72,72,72,72,72,72,72,72,72,72,72,72,72,72,72,72,72,72,72,72,72,72,72,72,72,79,79,79,79,79,79,79,79,79,79,79,79,79,79,79,79,79,79,79,79,79,79],"card_choices":[{"not_picked":["WreathOfFlame","ThirdEye"],"picked":"Wallop","floor":1.0},{"not_picked":["CrushJoints","Halt"],"picked":"FollowUp","floor":2.0},{"not_picked":["ThirdEye","FlyingSleeves"],"picked":"CarveReality","floor":4.0},{"not_picked":["Sanctity","Establishment"],"picked":"CutThroughFate","floor":6.0},{"not_picked":["SashWhip","FollowUp"],"picked":"FlurryOfBlows","floor":7.0},{"not_picked":["PathToVictory","SashWhip"],"picked":"ClearTheMind","floor":8.0},{"not_picked":["ClearTheMind","CutThroughFate"],"picked":"SashWhip","floor":10.0},{"not_picked":["Omniscience","FlurryOfBlows"],"picked":"TalkToTheHand","floor":14.0},{"not_picked":["Blasphemy","LessonLearned"],"picked":"Ragnarok","floor":16.0},{"not_picked":["ThirdEye","FollowUp+1"],"picked":"Pray+1","floor":18.0},{"not_picked":["WreathOfFlame","Wallop"],"picked":"FollowUp+1","floor":20.0},{"not_picked":["Evaluate","FlyingSleeves"],"picked":"JustLucky","floor":22.0},{"not_picked":["Ragnarok","SashWhip"],"picked":"Crescendo","floor":23.0},{"not_picked":["WheelKick","BattleHymn","FollowUp"],"picked":"SKIP","floor":27.0},{"not_picked":["SashWhip","Meditate"],"picked":"Consecrate","floor":30.0},{"not_picked":["PathToVictory","WaveOfTheHand+1"],"picked":"Prostrate+1","floor":31.0},{"not_picked":["DeusExMachina","Judgement"],"picked":"Omniscience","floor":33.0},{"not_picked":["ClearTheMind","Crescendo+1"],"picked":"Pray","floor":35.0},{"not_picked":["Evaluate","BowlingBash+1"],"picked":"EmptyBody+1","floor":37.0},{"not_picked":["JustLucky+1","SignatureMove","Halt"],"picked":"SKIP","floor":41.0},{"not_picked":["CrushJoints","Pray"],"picked":"Evaluate+1","floor":44.0},{"not_picked":["ClearTheMind","FlyingSleeves+1","Fasting2"],"picked":"SKIP","floor":46.0},{"not_picked":["BowlingBash+1","Collect"],"picked":"WindmillStrike+1","floor":48.0}],"player_experience":35075,"relics_obtained":[{"floor":6.0,"key":"Ancient Tea Set"},{"floor":9.0,"key":"Orichalcum"},{"floor":19.0,"key":"Mercury Hourglass"},{"floor":23.0,"key":"Juzu Bracelet"},{"floor":24.0,"key":"Enchiridion"},{"floor":26.0,"key":"GoldenEye"},{"floor":27.0,"key":"Happy Flower"},{"floor":41.0,"key":"Pen Nib"},{"floor":43.0,"key":"Peace Pipe"}],"event_choices":[{"damage_healed":0.0,"max_hp_gain":0.0,"max_hp_loss":0.0,"gold_gain":0.0,"event_name":"betterThird:BetterGoop","player_choice":"Slimed","floor":3.0,"gold_loss":39.0,"damage_taken":11.0},{"damage_healed":0.0,"max_hp_gain":0.0,"max_hp_loss":0.0,"gold_gain":0.0,"event_name":"WeMeetAgain","player_choice":"Gave Potion","floor":5.0,"gold_loss":0.0,"damage_taken":0.0,"relics_obtained":["Shuriken"]},{"damage_healed":0.0,"max_hp_gain":0.0,"max_hp_loss":0.0,"gold_gain":0.0,"cards_transformed":["CutThroughFate"],"event_name":"Transmorgrifier","player_choice":"Transformed","floor":13.0,"gold_loss":0.0,"damage_taken":0.0,"cards_obtained":["Collect"]},{"damage_healed":0.0,"max_hp_gain":0.0,"max_hp_loss":0.0,"gold_gain":0.0,"event_name":"betterThird:BetterNest","player_choice":"Dagger","floor":21.0,"gold_loss":0.0,"damage_taken":6.0,"cards_obtained":["RitualDagger"]},{"damage_healed":0.0,"max_hp_gain":0.0,"max_hp_loss":0.0,"gold_gain":0.0,"event_name":"Cursed Tome","player_choice":"Obtained Book","floor":24.0,"gold_loss":0.0,"damage_taken":16.0},{"damage_healed":0.0,"max_hp_gain":0.0,"max_hp_loss":0.0,"gold_gain":0.0,"event_name":"Addict","player_choice":"Stole Relic","floor":29.0,"gold_loss":0.0,"damage_taken":0.0,"relics_obtained":["Strawberry"],"cards_obtained":["Shame"]},{"cards_removed":["FlurryOfBlows"],"damage_healed":0.0,"max_hp_gain":0.0,"max_hp_loss":0.0,"gold_gain":0.0,"event_name":"Falling","player_choice":"Removed Attack","floor":36.0,"gold_loss":0.0,"damage_taken":0.0},{"cards_removed":["Shame"],"damage_healed":0.0,"max_hp_gain":0.0,"max_hp_loss":0.0,"gold_gain":0.0,"event_name":"Bonfire Elementals","player_choice":"Offered Curse","floor":38.0,"gold_loss":0.0,"damage_taken":0.0,"relics_obtained":["Spirit Poop"]},{"damage_healed":0.0,"max_hp_gain":0.0,"max_hp_loss":0.0,"gold_gain":0.0,"event_name":"The Moai Head","player_choice":"Ignored","floor":39.0,"gold_loss":0.0,"damage_taken":0.0}],"is_beta":false,"boss_relics":[{"not_picked":["SlaversCollar","Runic Pyramid"],"picked":"Cursed Key"},{"not_picked":["Philosopher\u0027s Stone","Sozu"],"picked":"SacredBark"}],"items_purged_floors":[],"is_endless":false,"potions_floor_spawned":[1,6,7,10,16,18,22,30,37,44,46,48],"ascension_level":0}}