{"host":"mqhvlr3kpxebko0t","time":1612881989,"event":{"mods":["AchievementEnabler","BaseMod","Colored Map","Colored Powertips","KOR Keyword Fix","Keyboard Shortcuts","Minty Spire (QoL Compilation)","StSLib","SuperFastMode"],"gold_per_floor":[111,131,131,131,141,141,174,174,174,25,58,58,70,84,84,84,84],"floor_reached":16,"language":"KOR","playtime":201,"items_purged":["Strike_R"],"score":220,"play_id":"31ad51d9-bdbc-46eb-94a9-29466a5e866b","local_time":"20210209234629","is_ascension_mode":true,"campfire_choices":[{"data":"Uppercut","floor":6.0,"key":"SMITH"},{"data":"Pommel Strike","floor":8.0,"key":"SMITH"},{"data":"True Grit","floor":15.0,"key":"SMITH"}],"circlet_count":0,"master_deck":["AscendersBane","Strike_R","Strike_R","Strike_R","Defend_R","Defend_R","Defend_R","Defend_R","Bash","Uppercut+1","Hemokinesis","Pommel Strike+1","Second Wind","Reaper","Armaments","True Grit+1","Second Wind"],"relics":["Burning Blood","NeowsBlessing","Darkstone Periapt","Dead Branch","PreservedInsect","Du-Vu Doll"],"acts_visited":["Exordium"],"potions_floor_usage":[],"damage_taken":[{"damage":0.0,"enemies":"2 Louse","floor":1.0,"turns":1.0},{"damage":0.0,"enemies":"Cultist","floor":2.0,"turns":1.0},{"damage":0.0,"enemies":"Jaw Worm","floor":5.0,"turns":1.0},{"damage":30.0,"enemies":"Gremlin Nob","floor":7.0,"turns":4.0},{"damage":37.0,"enemies":"Lagavulin","floor":11.0,"turns":4.0},{"damage":44.0,"enemies":"Gremlin Gang","floor":13.0,"turns":4.0},{"damage":0.0,"enemies":"Exordium Wildlife","floor":14.0,"turns":3.0},{"damage":19,"enemies":"The Guardian","floor":16,"turns":6}],"seed_played":"6391591881984380125","potions_obtained":[{"floor":5.0,"key":"Regen Potion"},{"floor":13.0,"key":"ColorlessPotion"},{"floor":14.0,"key":"BlessingOfTheForge"}],"is_trial":false,"path_per_floor":["M","M","?","?","M","R","E","R","T","$","E","?","M","M","R","B"],"character_chosen":"IRONCLAD","items_purchased":["Second Wind"],"campfire_rested":0,"item_purchase_floors":[10],"current_hp_per_floor":[74,75,75,75,75,75,51,51,51,51,20,20,8,24,24,5,5],"gold":84,"neow_bonus":"THREE_ENEMY_KILL","is_daily":false,"chose_seed":false,"campfire_upgraded":3,"win_rate":0.0,"timestamp":1612881989,"path_taken":["M","M","?","?","?","R","E","R","T","$","E","?","M","?","R","BOSS"],"items_purchased_type":["Card"],"build_version":"2020-12-22","purchased_purges":1,"victory":false,"max_hp_per_floor":[75,75,75,75,75,75,75,75,75,75,75,75,75,75,75,75,75],"card_choices":[{"not_picked":["Thunderclap","Clothesline"],"picked":"Uppercut","floor":1.0},{"not_picked":["Sword Boomerang","Thunderclap","Wild Strike"],"picked":"SKIP","floor":2.0},{"not_picked":["True Grit","Sentinel"],"picked":"Hemokinesis","floor":5.0},{"not_picked":["Headbutt","Heavy Blade"],"picked":"Pommel Strike","floor":7.0},{"not_picked":["Sever Soul","Flame Barrier"],"picked":"Reaper","floor":11.0},{"not_picked":["Clothesline","True Grit","Perfected Strike"],"picked":"SKIP","floor":13.0},{"not_picked":["Clothesline","Perfected Strike"],"picked":"True Grit","floor":13.0},{"not_picked":["Dual Wield","Pummel"],"picked":"Second Wind","floor":14.0}],"player_experience":702408,"relics_obtained":[{"floor":7.0,"key":"Dead Branch"},{"floor":9.0,"key":"PreservedInsect"},{"floor":11.0,"key":"Du-Vu Doll"}],"event_choices":[{"damage_healed":0.0,"max_hp_gain":0.0,"max_hp_loss":0.0,"gold_gain":0.0,"cards_transformed":["Strike_R"],"event_name":"Living Wall","player_choice":"Change","floor":3.0,"gold_loss":0.0,"damage_taken":0.0,"cards_obtained":["Inflame"]},{"cards_removed":["Inflame"],"damage_healed":0.0,"max_hp_gain":0.0,"max_hp_loss":0.0,"gold_gain":0.0,"event_name":"WeMeetAgain","player_choice":"Gave Card","floor":4.0,"gold_loss":0.0,"damage_taken":0.0,"relics_obtained":["Darkstone Periapt"]},{"damage_healed":0.0,"max_hp_gain":0.0,"max_hp_loss":0.0,"gold_gain":0.0,"event_name":"Match and Keep!","player_choice":"1 cards matched","floor":12.0,"gold_loss":0.0,"damage_taken":0.0,"cards_obtained":["Armaments"]}],"is_beta":false,"boss_relics":[],"items_purged_floors":[10],"is_endless":false,"potions_floor_spawned":[5,13,14],"killed_by":"The Guardian","ascension_level":20}}