{"host":"dscols65uipasqd2","time":1612848758,"event":{"mods":["2.2 Compatiblity","AchievementEnabler","Aspiration","BaseMod","Colored Powertips","Downfall","Energized Spire","GifTheSpireLib","Hermit","Hubris","Infinite Spire","JesterMod","Jorbs\u0027s Wanderer Trilogy","Marisa????????","Minty Spire (QoL Compilation)","Rare Cards Sparkle","Replay The Spire","StSLib","Stuff the Spire","The Cursed","The Disciple","The Hierophant","The Judge","The Jungle","The Runesmith","TheFirefly"],"gold_per_floor":[99,111,126,138,138,158,182,32,46,72,72,72,83,97,113,218,218,18,18,34,49,60,60,60,60],"floor_reached":23,"language":"ENG","playtime":1541,"items_purged":[],"score":187,"play_id":"9fd67997-6f95-4017-95b4-133fae22b449","local_time":"20210209003238","is_ascension_mode":false,"campfire_choices":[{"floor":1,"key":"RECALL"},{"data":"hexamod:NecessarySacrifice","floor":11,"key":"SMITH"}],"circlet_count":0,"master_deck":["hexamod:Strike","hexamod:Strike","hexamod:Strike","hexamod:Defend","hexamod:Defend","hexamod:Defend","hexamod:Sear","hexamod:Float","hexamod:BacktrackSmack","hexamod:ExtraCrispy","hexamod:NecessarySacrifice+1","hexamod:SpectralAdrenaline","hexamod:EtherealExpedition","hexamod:Firestarter","hexamod:NightmareStrike","hexamod:GhostflameInferno","hexamod:GhostOfSpireFuture","Crow Ritual","Flash of Steel","hubris:Insight","hexamod:GhostLash+1","hexamod:Firestarter","hexamod:NecessarySacrifice"],"relics":["Turnip","downfall:ShatteredFragment","hexamod:MatchstickCase","m_DevilBlood","Empty Cage","downfall:HeartBlessingBlue","downfall:HeartBlessingRed","ReplayTheSpireMod:ShopPack"],"acts_visited":["Exordium","TheCity"],"potions_floor_usage":[16,16,23],"damage_taken":[{"damage":1,"enemies":"Jaw Worm","floor":2,"turns":4},{"damage":0,"enemies":"Small Slimes","floor":3,"turns":3},{"damage":0,"enemies":"Cultist","floor":4,"turns":3},{"damage":12,"enemies":"Exordium Thugs","floor":6,"turns":4},{"damage":0,"enemies":"3 Louse","floor":9,"turns":3},{"damage":19,"enemies":"Exordium Wildlife","floor":13,"turns":4},{"damage":26,"enemies":"Gremlin Gang","floor":14,"turns":4},{"damage":13,"enemies":"Lots of Slimes","floor":15,"turns":4},{"damage":6,"enemies":"IC_STATUS_ARCHETYPE","floor":16,"turns":5},{"damage":15,"enemies":"Shell Parasite","floor":20,"turns":3},{"damage":28,"enemies":"Centurion and Healer","floor":21,"turns":4},{"damage":43,"enemies":"Shelled Parasite and Fungi","floor":22,"turns":6},{"damage":29,"enemies":"Replay:Snechameleon","floor":23,"turns":4}],"seed_played":"1925643025642383570","potions_obtained":[{"floor":3,"key":"ColorlessPotion"},{"floor":4,"key":"PowerPotion"},{"floor":6,"key":"Reflective Coating"},{"floor":20,"key":"Cursed Concoction"},{"floor":22,"key":"SkillPotion"}],"is_trial":false,"path_per_floor":["R","M","M","M","?","M","T","?","M","T","R","?","M","M","M","B",null,"R","AVR","M","M","M","E"],"character_chosen":"THE_SPIRIT","items_purchased":[],"campfire_rested":0,"item_purchase_floors":[],"current_hp_per_floor":[63,62,62,62,41,29,29,73,73,73,73,73,67,52,52,59,73,83,83,76,56,25,0,0,0],"gold":60,"neow_bonus":"ONE_RARE_RELIC","is_daily":false,"chose_seed":false,"campfire_upgraded":1,"win_rate":0.0,"timestamp":1612848758,"path_taken":["R","M","M","M","?","M","T","?","?","?","R","?","M","M","M","BOSS","R","AVR","M","M","M","E"],"items_purchased_type":[],"build_version":"2020-12-22","purchased_purges":0,"victory":false,"max_hp_per_floor":[63,63,63,63,63,63,63,73,73,73,73,73,73,73,73,73,73,83,83,83,83,83,83,83,83],"card_choices":[{"not_picked":["hexamod:GhostOfSpirePast","hexamod:NightmareGuise"],"picked":"hexamod:BacktrackSmack","floor":2},{"not_picked":["hexamod:PhantomCloak","hexamod:FirstSeal"],"picked":"hexamod:ExtraCrispy","floor":3},{"not_picked":["hexamod:GhostShield","hexamod:GhostLash"],"picked":"hexamod:NecessarySacrifice","floor":4},{"not_picked":["hexamod:HauntingEcho","hexamod:BurningTouch"],"picked":"hexamod:SpectralAdrenaline","floor":6},{"not_picked":["hexamod:Rewind","hexamod:Firestarter"],"picked":"hexamod:FirstSeal","floor":9},{"not_picked":["Reaper","hexamod:NightmareGuise"],"picked":"hexamod:EtherealExpedition","floor":13},{"not_picked":["hexamod:StepThrough","hexamod:Rewind"],"picked":"hexamod:Firestarter","floor":14},{"not_picked":["hexamod:Hexaguard","hexamod:SwordOfDarkness"],"picked":"hexamod:NightmareStrike","floor":15},{"not_picked":["Fiend Fire","hexamod:UnlimitedPower"],"picked":"hexamod:GhostflameInferno","floor":16},{"not_picked":["Violence","Poisoned Strike"],"picked":"Crow Ritual","floor":19},{"not_picked":["Finesse","Thinking Ahead"],"picked":"Flash of Steel","floor":19},{"not_picked":["Impatience","StuffTheSpire:FreeRealEstate"],"picked":"hubris:Insight","floor":19},{"not_picked":["hexamod:FastForward","hexamod:EmpoweredFlame"],"picked":"hexamod:GhostLash+1","floor":20},{"not_picked":["hexamod:FastForward","hexamod:SpectralAdrenaline"],"picked":"hexamod:Firestarter","floor":21},{"not_picked":["hexamod:BacktrackSmack","hexamod:NightmareStrike"],"picked":"hexamod:NecessarySacrifice","floor":22}],"player_experience":614159,"relics_obtained":[{"floor":10,"key":"hexamod:MatchstickCase"}],"event_choices":[],"is_beta":false,"boss_relics":[{"not_picked":["energizedSpire:OgreHead","Kintsugi"],"picked":"Empty Cage"}],"items_purged_floors":[],"is_endless":false,"potions_floor_spawned":[3,4,6,13,20,22],"killed_by":"Replay:Snechameleon","ascension_level":0}}