{"host":"97gqqvl04geh4ia8","time":1612878629,"event":{"mods":["BaseMod","Curses Come First","Downfall","Minty Spire (QoL Compilation)","Say the Spire","StSLib","The Servant 0.9.4","UnlockEverythingMod","[IsaacMod]ÒÔÈö¼âËþ","¡¾ÒÅÎï¿¨ÅÆ¡¿REMEMod"],"gold_per_floor":[99,111,144,210,210,210,210,210,510,510,544,116,116,145,174,250,250,250,575,607,149,149,149,149],"floor_reached":22,"language":"ZHS","playtime":79102,"items_purged":["hexamod:Strike","hexamod:Defend"],"score":277,"play_id":"68f2d0f9-f0ca-463d-a0c9-b731f0e77e3a","local_time":"20210209215029","is_ascension_mode":false,"campfire_choices":[{"data":"hexamod:Float","floor":1,"key":"SMITH"},{"floor":8,"key":"REST"},{"data":"hexamod:RainOfEmbers","floor":10,"key":"SMITH"},{"floor":13,"key":"REST"},{"data":"hexamod:EmpoweredFlame","floor":18,"key":"SMITH"}],"circlet_count":0,"master_deck":["hexamod:Defend","hexamod:Defend","hexamod:Defend","hexamod:Sear","hexamod:Float+1","Panacea","hexamod:RainOfEmbers+1","hexamod:GiftsFromTheDead","hexamod:EmpoweredFlame+1","hexamod:NightmareGuise","hexamod:Hexaguard","hexamod:AdvancingGuard","hexamod:DynamicBlow","expansioncontent:Chronoboost"],"relics":["HushsDoor","REME_ComplimentaryCards","D6","ChampionBelt","BookOfRevelations","DoctorsRemote","Blue Candle","Bottled Flame","Pantograph","TheBattery","Art of War","HowToJump","Shovel","Empty Cage","Old Coin","Eternal Feather","REME_CardOfGreed"],"acts_visited":["Exordium","TheCity"],"potions_floor_usage":[22,22,22],"damage_taken":[{"damage":1,"enemies":"Cultist","floor":2,"turns":3},{"damage":25,"enemies":"Lagavulin","floor":3,"turns":8},{"damage":20,"enemies":"3 Sentries","floor":4,"turns":8},{"damage":15,"enemies":"Lagavulin","floor":11,"turns":4},{"damage":0,"enemies":"downfall:FleeingMerchant","floor":12,"turns":4},{"damage":0,"enemies":"Gremlin Nob","floor":14,"turns":3},{"damage":5,"enemies":"Lagavulin","floor":15,"turns":5},{"damage":43,"enemies":"WA_ARCHETYPE_RETAIN","floor":16,"turns":6},{"damage":25,"enemies":"Book of Stabbing","floor":19,"turns":6},{"damage":12,"enemies":"Gremlin Leader","floor":20,"turns":5},{"damage":0,"enemies":"downfall:FleeingMerchant","floor":21,"turns":4},{"damage":24,"enemies":"Slavers","floor":22,"turns":3}],"seed_played":"-6785855306039919092","potions_obtained":[{"floor":4,"key":"SkillPotion"},{"floor":11,"key":"Fire Potion"},{"floor":16,"key":"Fire Potion"}],"is_trial":false,"path_per_floor":["R","M","M","M","?","?","T","R","?","R","M","$","R","M","M","B",null,"R","M","M","$","M"],"character_chosen":"THE_SPIRIT","items_purchased":["TheBattery","Art of War","hexamod:DynamicBlow","expansioncontent:Chronoboost","REME_CardOfGreed"],"campfire_rested":2,"item_purchase_floors":[12,12,21,21,21],"current_hp_per_floor":[70,69,44,24,24,19,19,40,40,40,25,25,46,46,41,23,58,58,33,21,21,0,0,0],"gold":149,"neow_bonus":"BOSS_RELIC","is_daily":false,"chose_seed":false,"campfire_upgraded":3,"win_rate":0.0,"timestamp":1612878629,"path_taken":["R","M","M","?","?","?","T","R","?","R","M","$","R","M","M","BOSS","R","M","M","$","M"],"items_purchased_type":["Relic","Relic","Card","Card","Relic"],"build_version":"2020-12-22","purchased_purges":2,"victory":false,"max_hp_per_floor":[70,70,70,70,70,70,70,70,70,70,70,70,70,70,70,70,70,70,70,70,70,70,70,70],"card_choices":[{"not_picked":["hexamod:SpectralAdrenaline","hexamod:GhostShield"],"picked":"hexamod:RainOfEmbers","floor":2},{"not_picked":["hexamod:SkipABeat","hexamod:SwordOfDarkness","hexamod:FastForward"],"picked":"SKIP","floor":3},{"not_picked":["hexamod:NightmareStrike","hexamod:HeatMetal"],"picked":"hexamod:GiftsFromTheDead","floor":4},{"not_picked":["hexamod:FirstSeal","hexamod:FastForward"],"picked":"hexamod:EmpoweredFlame","floor":11},{"not_picked":["hexamod:PhantomCloak","hexamod:RetreatToShadows"],"picked":"Bomb","floor":12},{"not_picked":["hexamod:EmpoweredFlame","hexamod:PhantomCloak"],"picked":"hexamod:NightmareGuise","floor":14},{"not_picked":["hexamod:Firestarter","hexamod:DynamicBlow","hexamod:NightmareStrike"],"picked":"SKIP","floor":15},{"not_picked":["hexamod:FourthSeal","hexamod:SoulSteal"],"picked":"hexamod:Hexaguard","floor":19},{"not_picked":["hexamod:GhostLash","hexamod:NecessarySacrifice","hexamod:Incineration"],"picked":"SKIP","floor":20},{"not_picked":["hexamod:HeatMetal","hexamod:GhostShield"],"picked":"hexamod:AdvancingGuard","floor":21}],"player_experience":28225,"relics_obtained":[{"floor":3,"key":"BookOfRevelations"},{"floor":4,"key":"DoctorsRemote"},{"floor":7,"key":"Bottled Flame"},{"floor":11,"key":"Pantograph"},{"floor":14,"key":"HowToJump"},{"floor":15,"key":"Shovel"},{"floor":19,"key":"Old Coin"},{"floor":20,"key":"Eternal Feather"}],"event_choices":[{"cards_removed":["hexamod:Strike"],"damage_healed":0,"gold_gain":0,"player_choice":"Card Removal","damage_taken":0,"max_hp_gain":0,"max_hp_loss":0,"event_name":"The Cleric","floor":5,"gold_loss":0}],"is_beta":false,"boss_relics":[{"not_picked":["Busted Crown","MagicMushroom"],"picked":"Empty Cage"},{"not_picked":[]}],"items_purged_floors":[12,21],"is_endless":false,"potions_floor_spawned":[4,11,16,19],"killed_by":"Slavers","ascension_level":20}}