{"host":"a5v7x5tmlr5iccdt","time":1612873355,"event":{"mods":["100% Spire Juice","Act Like it!","BaseMod","Colored Map","Colored Powertips","Conspire","Downfall","Energized Spire","Gensokyo","Hallownest","Hermit","Highlight Path","Minty Spire (QoL Compilation)","Quick Restart","Replay The Spire","Robot Space Explorer","StSLib","The Bug Knight","Youmu£®ªÍ∆«—˝√Œ£©"],"gold_per_floor":[114,131,151,151,151,185,205,225,294,310,324,337,337,23,23,23,23],"floor_reached":16,"language":"ZHS","playtime":672,"items_purged":[],"score":106,"play_id":"753b5d56-2ab7-4397-9c53-1bb286fd2a41","local_time":"20210209202235","is_ascension_mode":false,"campfire_choices":[{"data":"HellFireSword","floor":13,"key":"SMITH"},{"data":"PreachingAvici","floor":15,"key":"SMITH"}],"circlet_count":0,"master_deck":["Strike_YM","Strike_YM","Strike_YM","Strike_YM","Defend_YM","Defend_YM","Defend_YM","Defend_YM","SlashOfPresentWorld","WheelOfPainOfLivingAndDead","SwordExtraction","PreachingAvici+1","HellFireSword+1","SanzenSekai","HeavenSword","SuddenDivineSeveringOfKarmicWind","FlashingScatteredFlowers","DispleasureOfTheSevenHakus","HellFireSword","DoubleWheelOfPain","TurningAngelCut"],"relics":["HalfPhantom","NeowsBlessing","Gensokyo:CelestialsFlawlessClothing","ReplayTheSpireMod:Lightbulb","conspire:DecoderRing","Ice Cream"],"acts_visited":["Gensokyo:Gensokyo"],"potions_floor_usage":[],"damage_taken":[{"damage":0.0,"enemies":"Gensokyo:Gryphon","floor":1.0,"turns":1.0},{"damage":0.0,"enemies":"Gensokyo:2_Kodama","floor":2.0,"turns":1.0},{"damage":0.0,"enemies":"Gensokyo:3_Fairies","floor":3.0,"turns":1.0},{"damage":26,"enemies":"Gensokyo:Cirno","floor":6,"turns":6},{"damage":3,"enemies":"Gensokyo:VengefulSpirit","floor":7,"turns":5},{"damage":12,"enemies":"Gensokyo:Kitsune","floor":8,"turns":3},{"damage":0,"enemies":"Gensokyo:LivingMonolith","floor":10,"turns":2},{"damage":3,"enemies":"Gensokyo:Python_and_Kodama","floor":11,"turns":3},{"damage":4,"enemies":"Gensokyo:3_Kodama","floor":12,"turns":4},{"damage":2,"enemies":"Gensokyo:Yukari","floor":16,"turns":3}],"seed_played":"-8451604430494780410","potions_obtained":[{"floor":3.0,"key":"champ:CounterPotion"},{"floor":7,"key":"Strength Potion"},{"floor":11,"key":"CausticAgent"}],"is_trial":false,"path_per_floor":["M","M","M","?","?","E","M","M","T","M","M","M","R","$","R","B"],"character_chosen":"YOUMU","items_purchased":["Ice Cream"],"campfire_rested":0,"item_purchase_floors":[14],"current_hp_per_floor":[75,75,75,57,57,31,28,16,16,16,13,9,9,9,9,7,7],"gold":23,"neow_bonus":"THREE_ENEMY_KILL","is_daily":false,"chose_seed":false,"campfire_upgraded":2,"win_rate":0.0,"timestamp":1612873355,"path_taken":["M","M","?","?","?","E","M","M","T","M","?","M","R","$","R","BOSS"],"items_purchased_type":["Relic"],"build_version":"2020-12-22","purchased_purges":0,"victory":false,"max_hp_per_floor":[75,75,75,75,75,75,75,75,75,75,75,75,75,75,75,75,75],"card_choices":[{"not_picked":["CherryBlossomFlashing","HiganSword"],"picked":"SwordExtraction","floor":1.0},{"not_picked":["ConstancyOfTheConventionalTruth","CrescentMoonSlash"],"picked":"PreachingAvici","floor":2.0},{"not_picked":["SpiritCuttingSword","TenKingsRetributionOnThePreta"],"picked":"HellFireSword","floor":3.0},{"not_picked":["LifeCuttingSword","ConstancyOfTheConventionalTruth"],"picked":"SanzenSekai","floor":5.0},{"not_picked":["BizarrenessOfSixRealms","TwoHundredYojanaInOneSlash"],"picked":"HeavenSword","floor":5.0},{"not_picked":["FantasyOfEnteringEnlightenment","ObsessionSword"],"picked":"SuddenDivineSeveringOfKarmicWind","floor":6},{"not_picked":["PhosphoricSlash","SwordExtraction"],"picked":"FlashingScatteredFlowers","floor":7},{"not_picked":["KarmicPunishmentOfTheIdleAndUnfocused","CherryBlossomFlashing"],"picked":"DispleasureOfTheSevenHakus","floor":8},{"not_picked":["CherryBlossomFlashing","SanzenSekai"],"picked":"HellFireSword","floor":10},{"not_picked":["SwordExtraction","CherryBlossomFlashing"],"picked":"DoubleWheelOfPain","floor":11},{"not_picked":["ConstancyOfTheConventionalTruth","FantasyOfEnteringEnlightenment"],"picked":"TurningAngelCut","floor":12}],"player_experience":89364,"relics_obtained":[{"floor":6,"key":"ReplayTheSpireMod:Lightbulb"},{"floor":9,"key":"conspire:DecoderRing"}],"event_choices":[],"is_beta":false,"boss_relics":[],"items_purged_floors":[],"is_endless":false,"potions_floor_spawned":[3,7,11,12],"killed_by":"Gensokyo:Yukari","ascension_level":0}}