{"host":"z609fbm6pkeriks8","time":1612913945,"event":{"mods":["AchievementEnabler","BaseMod","Colored Map","Colored Powertips","Highlight Path","Minty Spire (QoL Compilation)","StSLib"],"gold_per_floor":[112,45,145,164,175,175,204,224,224,224,224],"floor_reached":10,"language":"ZHS","playtime":203,"items_purged":[],"score":78,"play_id":"0649162c-4d9c-41f1-a5a6-6403e2e5cabe","local_time":"20210210073905","is_ascension_mode":true,"campfire_choices":[{"data":"Rupture","floor":6,"key":"SMITH"}],"circlet_count":0,"master_deck":["Strike_R","Strike_R","Strike_R","Strike_R","Strike_R","Defend_R","Defend_R","Defend_R","Defend_R","Bash","Blood for Blood","Metallicize","Bloodletting","Rupture+1","Heavy Blade","Perfected Strike"],"relics":["Burning Blood","NeowsBlessing","White Beast Statue","WingedGreaves"],"acts_visited":["Exordium"],"potions_floor_usage":[],"damage_taken":[{"damage":0,"enemies":"Small Slimes","floor":1,"turns":1},{"damage":0,"enemies":"Cultist","floor":4,"turns":1},{"damage":0,"enemies":"2 Louse","floor":5,"turns":1},{"damage":37,"enemies":"Gremlin Nob","floor":7,"turns":5},{"damage":32,"enemies":"Gremlin Gang","floor":8,"turns":5},{"damage":32,"enemies":"Lagavulin","floor":10,"turns":5}],"seed_played":"-6383005456854551991","potions_obtained":[{"floor":4,"key":"Strength Potion"},{"floor":8,"key":"PowerPotion"}],"is_trial":false,"path_per_floor":["M","$","?","M","M","R","E","M","T","E"],"character_chosen":"IRONCLAD","items_purchased":["Metallicize"],"campfire_rested":0,"item_purchase_floors":[2],"current_hp_per_floor":[80,80,80,80,80,80,49,23,23,0,0],"gold":224,"neow_bonus":"THREE_ENEMY_KILL","is_daily":false,"chose_seed":false,"campfire_upgraded":1,"win_rate":0.0,"timestamp":1612913945,"path_taken":["M","$","?","M","M","R","E","M","T","E"],"items_purchased_type":["Card"],"build_version":"2020-12-22","purchased_purges":0,"victory":false,"max_hp_per_floor":[80,80,80,80,80,80,80,80,80,80,80],"card_choices":[{"not_picked":["Clash","Havoc"],"picked":"Blood for Blood","floor":1},{"not_picked":["Twin Strike","Ghostly Armor"],"picked":"Bloodletting","floor":4},{"not_picked":["Uppercut","True Grit"],"picked":"Rupture","floor":5},{"not_picked":["Uppercut","Thunderclap"],"picked":"Heavy Blade","floor":7},{"not_picked":["Carnage","True Grit"],"picked":"Perfected Strike","floor":8}],"player_experience":47083,"relics_obtained":[{"floor":7,"key":"White Beast Statue"},{"floor":9,"key":"WingedGreaves"}],"event_choices":[{"damage_healed":0,"gold_gain":100,"player_choice":"Pray","damage_taken":0,"max_hp_gain":0,"max_hp_loss":0,"event_name":"Golden Shrine","floor":3,"gold_loss":0}],"is_beta":false,"boss_relics":[],"items_purged_floors":[],"is_endless":false,"potions_floor_spawned":[4,8],"killed_by":"Lagavulin","ascension_level":3}}