{"host":"o9lehcdjc4u6j9un","time":1612900248,"event":{"mods":["Aspiration","BaseMod","Colored Map","Conspire","Downfall","Hermit","Marisa£®ÏF”Í°°ƒß¿Ì…≥£©","Minty Spire (QoL Compilation)","Remilia£®¿Ÿ√◊¿Ú—«£©","StSLib","The Alterego","The Runesmith","The Senshi","The Servant 0.9.4","Youmu£®ªÍ∆«—˝√Œ£©"],"gold_per_floor":[10,28,28,39,50,50,67,81,81,109,121,121,121,140,140,236,236,251,268,47,47,64,64,83,115,140,140,165,178,178,178,178,273,273,283,283,283,296,310,310,345,345,370,370,36,50,76,76,76,76,76,76,2,31,31,31],"floor_reached":55,"language":"ZHS","playtime":3587,"items_purged":["Pain","Runesmith:Strike_RS"],"score":796,"play_id":"27bb8563-9d2a-4eb4-bb81-f6a4f19794ea","local_time":"20210210035048","is_ascension_mode":false,"campfire_choices":[{"data":"Runesmith:CraftFirestone","floor":6.0,"key":"SMITH"},{"data":"Runesmith:Permafrost","floor":13.0,"key":"SMITH"},{"data":"Runesmith:BackupBattery","floor":15.0,"key":"SMITH"},{"data":"Runesmith:OneForEveryone","floor":23.0,"key":"SMITH"},{"floor":27.0,"key":"REST"},{"data":"Runesmith:BackupBattery+1","floor":30.0,"key":"SMITH"},{"data":"Runesmith:BackupBattery+2","floor":32.0,"key":"SMITH"},{"data":"Madness","floor":40.0,"key":"SMITH"},{"data":"Madness","floor":42.0,"key":"SMITH"},{"floor":44.0,"key":"REST"},{"floor":49.0,"key":"RECALL"},{"data":"Runesmith:Empowerment","floor":52,"key":"SMITH"}],"circlet_count":0,"master_deck":["Runesmith:Defend_RS","Runesmith:Defend_RS","Runesmith:Defend_RS","Runesmith:CraftFirestone+1","Runesmith:Fortify","Runesmith:HammerAndChisel","Runesmith:CraftProtectio","Iron Wave","Runesmith:BackupBattery+3","Runesmith:Permafrost+1","Runesmith:Discharge","Runesmith:ChaoticBlast","Runesmith:UnstableHammer","Runesmith:Empowerment+1","Runesmith:RunicBlueprint","Runesmith:LastStand","Runesmith:HammerThrow+1","Runesmith:OneForEveryone+1","Runesmith:PoweredAnvil","Runesmith:NanitesCloud","Runesmith:HammerAndChisel","Runesmith:Duplicate","Runesmith:EarthShield","Runesmith:Overpower","Runesmith:CreatorForm","Madness+1","Madness+1","Runesmith:Accelerate+1","Runesmith:CraftMedicinae","Runesmith:Overpower+1","Runesmith:LithiumIon","Runesmith:Firestorm+1","Runesmith:Reinforce+1"],"relics":["Runesmith:BrokenRuby","White Beast Statue","Strawberry","WarpedTongs","aspiration:FutureDiary","aspiration:Stabinomicon","Runesmith:AutoHammer","Runesmith:Locket","aspiration:MobileForge","ScarletDevilRocket","aspiration:Lifesprig","Regal Pillow","theSenshi:FeatherClipsRelic"],"acts_visited":["Exordium","TheCity","TheBeyond","TheEnding"],"potions_floor_usage":[50,55,55,55],"damage_taken":[{"damage":0.0,"enemies":"2 Louse","floor":1.0,"turns":4.0},{"damage":1.0,"enemies":"conspire:RoseBush","floor":2.0,"turns":3.0},{"damage":11.0,"enemies":"Jaw Worm","floor":4.0,"turns":2.0},{"damage":2.0,"enemies":"Red Slaver","floor":5.0,"turns":4.0},{"damage":2.0,"enemies":"Blue Slaver","floor":7.0,"turns":2.0},{"damage":0.0,"enemies":"Exordium Wildlife","floor":8.0,"turns":3.0},{"damage":8.0,"enemies":"3 Sentries","floor":10.0,"turns":5.0},{"damage":3.0,"enemies":"2 Fungi Beasts","floor":11.0,"turns":3.0},{"damage":0.0,"enemies":"Blue Slaver","floor":14.0,"turns":1.0},{"damage":9.0,"enemies":"Hexaghost","floor":16.0,"turns":10.0},{"damage":15.0,"enemies":"Spheric Guardian","floor":18.0,"turns":4.0},{"damage":21.0,"enemies":"2 Thieves","floor":19.0,"turns":3.0},{"damage":29.0,"enemies":"Snake Plant","floor":22.0,"turns":4.0},{"damage":1.0,"enemies":"conspire:HollyBat","floor":24.0,"turns":6.0},{"damage":10.0,"enemies":"Book of Stabbing","floor":25.0,"turns":5.0},{"damage":22.0,"enemies":"Slavers","floor":28.0,"turns":5.0},{"damage":1.0,"enemies":"Centurion and Healer","floor":29.0,"turns":5.0},{"damage":0.0,"enemies":"Snake Plant","floor":31.0,"turns":1.0},{"damage":4.0,"enemies":"Automaton","floor":33.0,"turns":5.0},{"damage":13.0,"enemies":"Orb Walker","floor":35.0,"turns":3.0},{"damage":20.0,"enemies":"3 Darklings","floor":38.0,"turns":6.0},{"damage":10.0,"enemies":"Maw","floor":39.0,"turns":5.0},{"damage":18.0,"enemies":"Reptomancer","floor":41.0,"turns":3.0},{"damage":3.0,"enemies":"Transient","floor":46.0,"turns":5.0},{"damage":15.0,"enemies":"Giant Head","floor":47.0,"turns":6.0},{"damage":36,"enemies":"Time Eater","floor":50,"turns":10},{"damage":5,"enemies":"Shield and Spear","floor":54,"turns":7},{"damage":73,"enemies":"The Heart","floor":55,"turns":3}],"seed_played":"8784326215784374158","potions_obtained":[{"floor":4.0,"key":"Block Potion"},{"floor":5.0,"key":"FearPotion"},{"floor":7.0,"key":"Fire Potion"},{"floor":10.0,"key":"SkillPotion"},{"floor":11.0,"key":"DuplicationPotion"},{"floor":14.0,"key":"Fire Potion"},{"floor":18.0,"key":"Regen Potion"},{"floor":19.0,"key":"Explosive Potion"},{"floor":22.0,"key":"Block Potion"},{"floor":24.0,"key":"GamblersBrew"},{"floor":25.0,"key":"PowerPotion"},{"floor":28.0,"key":"Strength Potion"},{"floor":29.0,"key":"SmokeBomb"},{"floor":33.0,"key":"Strength Potion"},{"floor":35.0,"key":"LiquidBronze"},{"floor":38.0,"key":"LiquidBronze"},{"floor":39.0,"key":"Ancient Potion"},{"floor":41.0,"key":"Explosive Potion"},{"floor":46.0,"key":"Energy Potion"}],"is_trial":false,"path_per_floor":["M","M","?","M","M","R","M","M","T","E","M","?","R","M","R","B",null,"M","M","$","?","M","R","M","E","T","R","E","M","R","M","R","B",null,"M","?","?","M","M","R","E","R","T","R","$","M","E","?","R","B",null,"R","$","E","B"],"character_chosen":"RUNESMITH_CLASS","items_purchased":["Runesmith:OneForEveryone","Runesmith:PoweredAnvil","aspiration:Lifesprig","Runesmith:LithiumIon","Regen Potion"],"campfire_rested":2,"item_purchase_floors":[20,20,45,45,53],"current_hp_per_floor":[70,69,69,58,56,56,54,54,54,53,50,50,50,50,50,41,77,62,41,41,41,12,12,11,1,1,24,16,15,15,15,15,11,77,64,54,54,34,24,24,10,10,10,33,33,37,25,67,67,31,67,67,67,62,0,0],"gold":31,"neow_bonus":"REMOVE_TWO","is_daily":false,"chose_seed":false,"campfire_upgraded":9,"win_rate":0.0,"timestamp":1612900248,"path_taken":["M","M","?","?","M","R","M","M","T","E","M","?","R","M","R","BOSS","M","M","$","?","M","R","M","E","T","R","E","M","R","M","R","BOSS","M","?","?","M","?","R","E","R","T","R","$","M","E","?","R","BOSS","R","$","E","BOSS"],"items_purchased_type":["Card","Card","Relic","Card","Potion"],"build_version":"2020-12-22","purchased_purges":2,"victory":false,"max_hp_per_floor":[70,70,70,70,70,70,70,70,70,77,77,77,77,77,77,77,77,77,77,77,77,77,77,77,77,77,77,77,77,77,77,77,77,77,77,77,77,77,77,77,77,77,77,77,77,77,77,67,67,67,67,67,67,67,67,67],"card_choices":[{"not_picked":["Runesmith:RuneHurl","Runesmith:Discharge"],"picked":"Runesmith:HammerAndChisel","floor":1.0},{"not_picked":["Runesmith:Repurpose","Runesmith:Accelerate"],"picked":"Runesmith:CraftProtectio","floor":2.0},{"not_picked":["Runesmith:MakeshiftArmor","Runesmith:ShiftingStrike"],"picked":"Runesmith:BackupBattery","floor":4.0},{"not_picked":["Runesmith:Accelerate","Runesmith:Repurpose"],"picked":"Runesmith:Permafrost","floor":5.0},{"not_picked":["Runesmith:ChiselStab","Runesmith:HammerThrow"],"picked":"Runesmith:Discharge","floor":7.0},{"not_picked":["Runesmith:BackupBattery","Runesmith:PoweredAnvil"],"picked":"Runesmith:ChaoticBlast","floor":8.0},{"not_picked":["Runesmith:Terraform","Runesmith:BackupBattery"],"picked":"Runesmith:UnstableHammer","floor":10.0},{"not_picked":["Runesmith:Attraction","Runesmith:PoweredAnvil"],"picked":"Runesmith:Empowerment","floor":11.0},{"not_picked":["Runesmith:MakeshiftArmor","Runesmith:Superposition"],"picked":"Runesmith:RunicBlueprint","floor":14.0},{"not_picked":["Runesmith:ReplicatingBarrier","Runesmith:GrandSlam"],"picked":"Runesmith:LastStand","floor":16.0},{"not_picked":["Runesmith:StaticCage","Runesmith:ChiselStab"],"picked":"Runesmith:HammerThrow+1","floor":18.0},{"not_picked":["Runesmith:HeatedChisel","Runesmith:Grindstone+1"],"picked":"Runesmith:PerfectChisel","floor":19.0},{"not_picked":["Runesmith:BackupBattery","Runesmith:WhiteBalance"],"picked":"Runesmith:NanitesCloud","floor":22.0},{"not_picked":["Runesmith:Empowerment","Runesmith:ChiselStab"],"picked":"Runesmith:HammerAndChisel","floor":24.0},{"not_picked":["Runesmith:EarthShield","Runesmith:ShiftingStrike"],"picked":"Runesmith:Duplicate","floor":25.0},{"not_picked":["Runesmith:Terraform","Runesmith:StaticCage"],"picked":"Runesmith:EarthShield","floor":28.0},{"not_picked":["Runesmith:Electrocute","Runesmith:OneForEveryone"],"picked":"Runesmith:Overpower","floor":29.0},{"not_picked":["Runesmith:LightningRod","Runesmith:ArcReactor"],"picked":"Runesmith:CreatorForm","floor":33.0},{"not_picked":["Runesmith:PerfectChisel+1","aspiration:UnbridledHammer+1","Runesmith:Repurpose+1"],"picked":"SKIP","floor":35.0},{"not_picked":["Runesmith:HeatedChisel+1","Runesmith:ChiselStab"],"picked":"Runesmith:Accelerate+1","floor":38.0},{"not_picked":["Runesmith:ShiftingStrike","Runesmith:Discharge"],"picked":"Runesmith:CraftMedicinae","floor":39.0},{"not_picked":["Runesmith:HammerThrow","Runesmith:HeatedChisel"],"picked":"Runesmith:Overpower+1","floor":41.0},{"not_picked":["Runesmith:HeatedChisel+1","Runesmith:Repurpose+1"],"picked":"Runesmith:Firestorm+1","floor":46.0},{"not_picked":["Runesmith:Firewall","Runesmith:StaticCage","Runesmith:HammerTime+1"],"picked":"SKIP","floor":47.0},{"not_picked":["Runesmith:StaticCage+1","Runesmith:HammerThrow"],"picked":"Runesmith:Reinforce+1","floor":54}],"player_experience":171530,"relics_obtained":[{"floor":9.0,"key":"White Beast Statue"},{"floor":10.0,"key":"Strawberry"},{"floor":25.0,"key":"aspiration:Stabinomicon"},{"floor":26.0,"key":"Runesmith:AutoHammer"},{"floor":28.0,"key":"Runesmith:Locket"},{"floor":41.0,"key":"ScarletDevilRocket"},{"floor":47.0,"key":"Regal Pillow"},{"floor":54,"key":"theSenshi:FeatherClipsRelic"}],"event_choices":[{"cards_removed":["Runesmith:Strike_RS"],"damage_healed":0.0,"max_hp_gain":0.0,"max_hp_loss":0.0,"gold_gain":0.0,"event_name":"NoteForYourself","player_choice":"Took Card","floor":3.0,"gold_loss":0.0,"damage_taken":0.0,"cards_obtained":["Iron Wave"]},{"damage_healed":0.0,"max_hp_gain":0.0,"max_hp_loss":0.0,"gold_gain":0.0,"event_name":"Accursed Blacksmith","player_choice":"Rummage","floor":12.0,"gold_loss":0.0,"damage_taken":0.0,"relics_obtained":["WarpedTongs"],"cards_obtained":["Pain"]},{"cards_removed":["Runesmith:Strike_RS"],"damage_healed":0.0,"max_hp_gain":0.0,"max_hp_loss":0.0,"gold_gain":0.0,"event_name":"Bonfire Elementals","player_choice":"Offered Basic","floor":21.0,"gold_loss":0.0,"damage_taken":0.0},{"damage_healed":0.0,"max_hp_gain":0.0,"max_hp_loss":0.0,"gold_gain":0.0,"event_name":"Winding Halls","player_choice":"Embrace Madness","floor":36.0,"gold_loss":0.0,"damage_taken":10.0,"cards_obtained":["Madness","Madness"]},{"cards_removed":["Runesmith:PerfectChisel"],"damage_healed":0.0,"max_hp_gain":0.0,"max_hp_loss":0.0,"gold_gain":0.0,"event_name":"Falling","player_choice":"Removed Attack","floor":37.0,"gold_loss":0.0,"damage_taken":0.0},{"damage_healed":67.0,"max_hp_gain":0.0,"max_hp_loss":10.0,"gold_gain":0.0,"event_name":"The Moai Head","player_choice":"Heal","floor":48.0,"gold_loss":0.0,"damage_taken":0.0}],"is_beta":false,"boss_relics":[{"not_picked":["aspiration:SilentSkillbook","SacredBark"],"picked":"aspiration:FutureDiary"},{"not_picked":["Runesmith:UraniumAnvil","conspire:SpecialSausage"],"picked":"aspiration:MobileForge"}],"items_purged_floors":[20,45],"is_endless":false,"potions_floor_spawned":[4,5,7,10,11,14,16,18,19,22,24,25,28,29,31,33,35,38,39,41,46,47,54],"killed_by":"The Heart","ascension_level":0}}