{"host":"88hg6ocvqrqxrx5h","time":1612849366,"event":{"mods":["2.2 Compatiblity","BaseMod","Bestiary","Block Reminder","Colored Map","DeckTracker","Highlight Path","Minty Spire (QoL Compilation)","Relic Stats","Unceasing Turn Reminder","slay the spire mod where everything is the same but ironclad has a cowboy hat"],"gold_per_floor":[114,124,124,39,49,49,49],"floor_reached":6,"language":"ENG","playtime":198,"items_purged":["Strike_R"],"score":50,"play_id":"07235354-f575-4cd8-9a35-902759ef3674","local_time":"20210208214246","is_ascension_mode":true,"campfire_choices":[],"circlet_count":0,"master_deck":["Strike_R","Strike_R","Strike_R","Strike_R","Defend_R","Defend_R","Defend_R","Defend_R","Bash","Shockwave","Feel No Pain","Evolve","Thunderclap"],"relics":["Burning Blood","Smiling Mask","HornCleat"],"acts_visited":["Exordium"],"potions_floor_usage":[],"damage_taken":[{"damage":1.0,"enemies":"2 Louse","floor":1.0,"turns":3.0},{"damage":7.0,"enemies":"Jaw Worm","floor":2.0,"turns":5.0},{"damage":7.0,"enemies":"Cultist","floor":5.0,"turns":5.0},{"damage":52,"enemies":"Lagavulin","floor":6,"turns":7}],"seed_played":"8702103253370369171","potions_obtained":[{"floor":5.0,"key":"Ancient Potion"}],"is_trial":false,"path_per_floor":["M","M","?","$","M","E"],"character_chosen":"IRONCLAD","items_purchased":["Evolve"],"campfire_rested":0,"item_purchase_floors":[4],"current_hp_per_floor":[77,76,51,51,50,0,0],"gold":49,"neow_bonus":"RANDOM_COMMON_RELIC","is_daily":false,"chose_seed":false,"campfire_upgraded":0,"win_rate":0.0,"timestamp":1612849366,"path_taken":["M","M","?","$","M","E"],"items_purchased_type":["Card"],"build_version":"2020-12-22","purchased_purges":1,"victory":false,"max_hp_per_floor":[80,80,80,80,80,80,80],"relic_stats":{"counters":[4,20],"Smiling Mask":25,"obtain_stats":[{"HornCleat":3,"Smiling Mask":0,"Burning Blood":0},{"HornCleat":2,"Smiling Mask":0,"Burning Blood":0},{"HornCleat":8,"Smiling Mask":0,"Burning Blood":0}],"Burning Blood":18},"card_choices":[{"not_picked":["Twin Strike","Dual Wield"],"picked":"Shockwave","floor":1.0},{"not_picked":["Dual Wield","Havoc"],"picked":"Feel No Pain","floor":2.0},{"not_picked":["Heavy Blade","Havoc"],"picked":"Thunderclap","floor":5.0}],"player_experience":173556,"relics_obtained":[],"event_choices":[{"damage_healed":0.0,"max_hp_gain":0.0,"max_hp_loss":0.0,"gold_gain":0.0,"event_name":"Scrap Ooze","player_choice":"Success","floor":3.0,"gold_loss":0.0,"damage_taken":25.0,"relics_obtained":["HornCleat"]}],"is_beta":false,"boss_relics":[],"items_purged_floors":[4],"is_endless":false,"potions_floor_spawned":[5],"killed_by":"Lagavulin","ascension_level":8}}