{"host":"rantoq7h0pygex6x","time":1612885305,"event":{"mods":["AchievementEnabler","BaseMod","BetterRewards","Minty Spire (QoL Compilation)"],"gold_per_floor":[115,127,202,217,228,256,256,273,298,318,318,335,335,397,397,474,474,487,412,412,285,335,335,352,371,442,442,458,458,477,489,489,489,489],"floor_reached":33,"language":"ENG","playtime":865,"items_purged":["Strike_B"],"score":502,"play_id":"a19437d6-c39d-4048-810a-484a579eaec0","local_time":"20210209234145","is_ascension_mode":true,"campfire_choices":[{"floor":11.0,"key":"REST"},{"data":"Ball Lightning","floor":13.0,"key":"SMITH"},{"floor":15.0,"key":"REST"},{"data":"Cold Snap","floor":23.0,"key":"SMITH"},{"data":"Cold Snap","floor":32.0,"key":"SMITH"}],"circlet_count":0,"master_deck":["AscendersBane","Strike_B","Strike_B","Defend_B","Defend_B","Defend_B","Defend_B","Zap","Dualcast","Hologram","Beam Cell","Ball Lightning+1","Ball Lightning+1","BootSequence","Self Repair","Cold Snap+1","Capacitor","Leap","Cold Snap+1","Echo Form","Conserve Battery","Barrage","Self Repair","Lockon+1","Melter"],"relics":["Cracked Core","Anchor","Pen Nib","Juzu Bracelet","Inserter","Sundial","MutagenicStrength"],"acts_visited":["Exordium","TheCity"],"potions_floor_usage":[33,33,33,33],"damage_taken":[{"damage":1.0,"enemies":"Cultist","floor":1.0,"turns":3.0},{"damage":0.0,"enemies":"2 Louse","floor":2.0,"turns":2.0},{"damage":12.0,"enemies":"Jaw Worm","floor":4.0,"turns":2.0},{"damage":18.0,"enemies":"Large Slime","floor":5.0,"turns":4.0},{"damage":6.0,"enemies":"Gremlin Nob","floor":6.0,"turns":3.0},{"damage":3.0,"enemies":"Blue Slaver","floor":8.0,"turns":3.0},{"damage":0.0,"enemies":"3 Louse","floor":10.0,"turns":2.0},{"damage":4.0,"enemies":"Red Slaver","floor":12.0,"turns":4.0},{"damage":28.0,"enemies":"Lagavulin Event","floor":14.0,"turns":5.0},{"damage":31.0,"enemies":"The Guardian","floor":16.0,"turns":13.0},{"damage":20.0,"enemies":"Shell Parasite","floor":18.0,"turns":7.0},{"damage":14.0,"enemies":"Chosen","floor":24.0,"turns":4.0},{"damage":34.0,"enemies":"Snecko","floor":25.0,"turns":9.0},{"damage":21.0,"enemies":"Centurion and Healer","floor":28.0,"turns":9.0},{"damage":49.0,"enemies":"Shelled Parasite and Fungi","floor":30.0,"turns":7.0},{"damage":18.0,"enemies":"Snake Plant","floor":31.0,"turns":5.0},{"damage":45,"enemies":"Automaton","floor":33,"turns":6}],"seed_played":"9078018972064159298","potions_obtained":[{"floor":1.0,"key":"BlessingOfTheForge"},{"floor":2.0,"key":"Explosive Potion"},{"floor":12.0,"key":"Regen Potion"},{"floor":14.0,"key":"Weak Potion"},{"floor":20.0,"key":"Swift Potion"},{"floor":24.0,"key":"DuplicationPotion"},{"floor":30.0,"key":"Strength Potion"},{"floor":31.0,"key":"EntropicBrew"}],"is_trial":false,"path_per_floor":["M","M","?","M","M","E","?","M","T","M","R","M","R","?","R","B",null,"M","?","?","$","?","R","M","M","T","?","M","?","M","M","R","B"],"character_chosen":"DEFECT","items_purchased":["Hologram","Beam Cell","Barrage"],"campfire_rested":2,"item_purchase_floors":[0,0,21],"current_hp_per_floor":[63,63,52,40,22,16,16,20,20,20,41,44,44,23,44,20,58,52,52,52,52,52,52,38,32,32,32,54,54,33,43,43,0,0],"gold":489,"neow_bonus":"","is_daily":false,"chose_seed":false,"campfire_upgraded":3,"win_rate":0.0,"timestamp":1612885305,"path_taken":["M","?","?","M","M","E","?","M","T","M","R","M","R","?","R","BOSS","M","?","?","$","?","R","M","M","T","?","M","?","M","M","R","BOSS"],"items_purchased_type":["Card","Card","Card"],"build_version":"2020-12-22","purchased_purges":1,"victory":false,"max_hp_per_floor":[71,71,71,71,71,71,71,71,71,71,71,71,71,71,71,71,71,71,71,71,71,71,71,71,71,71,71,71,71,71,71,71,71,71],"card_choices":[{"not_picked":["Rebound","Compile Driver"],"picked":"Ball Lightning","floor":1.0},{"not_picked":["Rebound","Storm"],"picked":"Ball Lightning","floor":2.0},{"not_picked":["Go for the Eyes","Reinforced Body","Fusion"],"picked":"SKIP","floor":4.0},{"not_picked":["Heatsinks","Machine Learning"],"picked":"BootSequence","floor":5.0},{"not_picked":["Barrage","Steam"],"picked":"Self Repair","floor":6.0},{"not_picked":["Doom and Gloom","Stack"],"picked":"Cold Snap","floor":8.0},{"not_picked":["Doom and Gloom","Compile Driver"],"picked":"Capacitor","floor":10.0},{"not_picked":["Hologram","Compile Driver"],"picked":"Leap","floor":12.0},{"not_picked":["White Noise","Lockon"],"picked":"Cold Snap","floor":14.0},{"not_picked":["Biased Cognition","Core Surge"],"picked":"Echo Form","floor":16.0},{"not_picked":["Storm","Gash"],"picked":"Conserve Battery","floor":18.0},{"not_picked":["Go for the Eyes+1","Redo"],"picked":"Self Repair","floor":24.0},{"not_picked":["Turbo","Scrape","Hello World"],"picked":"SKIP","floor":25.0},{"not_picked":["Cold Snap","Streamline","Hologram"],"picked":"SKIP","floor":28.0},{"not_picked":["Leap","Gash+1"],"picked":"Lockon+1","floor":30.0},{"not_picked":["Compile Driver","Go for the Eyes"],"picked":"Melter","floor":31.0}],"player_experience":987311,"relics_obtained":[{"floor":6.0,"key":"Anchor"},{"floor":9.0,"key":"Pen Nib"},{"floor":14.0,"key":"Juzu Bracelet"},{"floor":26.0,"key":"Sundial"}],"event_choices":[{"damage_healed":0.0,"max_hp_gain":0.0,"max_hp_loss":0.0,"gold_gain":75.0,"event_name":"World of Goop","player_choice":"Gather Gold","floor":3.0,"gold_loss":0.0,"damage_taken":11.0},{"damage_healed":0.0,"max_hp_gain":0.0,"max_hp_loss":0.0,"gold_gain":0.0,"event_name":"Living Wall","player_choice":"Grow","floor":7.0,"gold_loss":0.0,"damage_taken":0.0,"cards_upgraded":["Ball Lightning"]},{"damage_healed":0.0,"max_hp_gain":0.0,"max_hp_loss":0.0,"gold_gain":0.0,"event_name":"Dead Adventurer","player_choice":"Searched \u00271\u0027 times","floor":14.0,"gold_loss":0.0,"damage_taken":0.0},{"cards_removed":["Strike_B"],"damage_healed":0.0,"max_hp_gain":0.0,"max_hp_loss":0.0,"gold_gain":0.0,"event_name":"Beggar","player_choice":"Gave Gold","floor":19.0,"gold_loss":75.0,"damage_taken":0.0},{"damage_healed":0.0,"max_hp_gain":0.0,"max_hp_loss":0.0,"gold_gain":0.0,"event_name":"Lab","player_choice":"Got Potions","floor":20.0,"gold_loss":0.0,"damage_taken":0.0},{"damage_healed":0.0,"max_hp_gain":0.0,"max_hp_loss":0.0,"gold_gain":50.0,"event_name":"Nest","player_choice":"Stole From Cult","floor":22.0,"gold_loss":0.0,"damage_taken":0.0},{"damage_healed":0.0,"max_hp_gain":0.0,"max_hp_loss":0.0,"gold_gain":0.0,"event_name":"Vampires","player_choice":"Ignored","floor":27.0,"gold_loss":0.0,"damage_taken":0.0},{"damage_healed":0.0,"max_hp_gain":0.0,"max_hp_loss":0.0,"gold_gain":0.0,"event_name":"Drug Dealer","player_choice":"Inject Mutagens","floor":29.0,"gold_loss":0.0,"damage_taken":0.0,"relics_obtained":["MutagenicStrength"]}],"is_beta":false,"boss_relics":[{"not_picked":["SlaversCollar","Coffee Dripper"],"picked":"Inserter"}],"items_purged_floors":[21],"is_endless":false,"potions_floor_spawned":[1,2,12,14,24,25,30,31],"killed_by":"Automaton","ascension_level":20}}