{"host":"ej72cplobca8grby","time":1612865905,"event":{"mods":["BaseMod","Downfall","Minty Spire (QoL Compilation)","StSLib"],"gold_per_floor":[99,112,129,143,143,143,143,172,190,206,238,254,288,288,300,300,300,300],"floor_reached":16,"language":"ENG","playtime":799,"items_purged":[],"score":130,"play_id":"402c317b-2655-4724-a0e4-8bdb9f0a9ab5","local_time":"20210209121825","is_ascension_mode":true,"campfire_choices":[{"data":"bronze:Goto","floor":1,"key":"SMITH"},{"data":"bronze:FineTuning","floor":6,"key":"SMITH"}],"circlet_count":0,"master_deck":["bronze:Strike","bronze:Strike","bronze:Strike","bronze:Strike+1","bronze:Defend","bronze:Defend+1","bronze:Defend+1","bronze:Defend+1","bronze:Replicate","bronze:Goto+1","bronze:Iterate+1","bronze:FineTuning+1","downfall:Malfunctioning","bronze:MaxOutput","bronze:Philosophize","bronze:MaxOutput"],"relics":["bronze:BronzeCore","Shuriken","Whetstone","Kunai"],"acts_visited":["Exordium"],"potions_floor_usage":[11,16,16],"damage_taken":[{"damage":0,"enemies":"Small Slimes","floor":2,"turns":3},{"damage":2,"enemies":"2 Louse","floor":3,"turns":3},{"damage":1,"enemies":"Jaw Worm","floor":4,"turns":3},{"damage":4,"enemies":"Lagavulin","floor":8,"turns":6},{"damage":12,"enemies":"Exordium Thugs","floor":9,"turns":4},{"damage":20,"enemies":"Exordium Wildlife","floor":10,"turns":3},{"damage":17,"enemies":"Gremlin Nob","floor":11,"turns":4},{"damage":13,"enemies":"3 Louse","floor":12,"turns":4},{"damage":5,"enemies":"Lagavulin","floor":13,"turns":6},{"damage":0,"enemies":"Large Slime","floor":15,"turns":3},{"damage":11,"enemies":"IC_STATUS_ARCHETYPE","floor":16,"turns":2}],"seed_played":"7706877527156320356","potions_obtained":[{"floor":8,"key":"SmokeBomb"},{"floor":10,"key":"Swift Potion"},{"floor":11,"key":"hexamod:SoulburnPotion"},{"floor":15,"key":"Explosive Potion"}],"is_trial":false,"path_per_floor":["R","M","M","M","?","R","T","E","M","M","E","M","E","?","M","B"],"character_chosen":"THE_AUTOMATON","items_purchased":[],"campfire_rested":0,"item_purchase_floors":[],"current_hp_per_floor":[77,77,75,74,74,74,74,70,58,38,21,8,3,3,3,0,0,0],"gold":300,"neow_bonus":"TEN_PERCENT_HP_BONUS","is_daily":false,"chose_seed":false,"campfire_upgraded":2,"win_rate":0.0,"timestamp":1612865905,"path_taken":["R","M","M","M","?","R","T","E","M","M","E","M","E","?","M","BOSS"],"items_purchased_type":[],"build_version":"2020-12-22","purchased_purges":0,"victory":false,"max_hp_per_floor":[77,77,77,77,77,77,77,77,77,77,77,77,77,77,77,77,77,77],"card_choices":[{"not_picked":["bronze:Overheat","bronze:DelayedGuard"],"picked":"bronze:Iterate","floor":2},{"not_picked":["bronze:Allocate","bronze:BitShift"],"picked":"bronze:FineTuning","floor":3},{"not_picked":["bronze:DarkDash","bronze:OilSpill","bronze:Separator"],"picked":"SKIP","floor":4},{"not_picked":["bronze:RecursiveStrike","bronze:Fortify"],"picked":"bronze:MaxOutput","floor":8},{"not_picked":["bronze:Overload","bronze:BitShift","bronze:Constructor"],"picked":"SKIP","floor":9},{"not_picked":["bronze:Return","bronze:WildBeam","bronze:Fortify"],"picked":"SKIP","floor":10},{"not_picked":["bronze:Invalidate","bronze:Backtrace","bronze:DarkDash"],"picked":"SKIP","floor":11},{"not_picked":["bronze:WhirlingStrike","bronze:OilSpill"],"picked":"bronze:Philosophize","floor":12},{"not_picked":["bronze:Allocate","bronze:Shield","bronze:Safeguard"],"picked":"SKIP","floor":13},{"not_picked":["bronze:OilSpill","bronze:GetLatest"],"picked":"bronze:MaxOutput","floor":15}],"player_experience":1215849,"relics_obtained":[{"floor":8,"key":"Shuriken"},{"floor":11,"key":"Whetstone"},{"floor":13,"key":"Kunai"}],"event_choices":[],"is_beta":false,"boss_relics":[],"items_purged_floors":[],"is_endless":false,"potions_floor_spawned":[8,10,11,15],"killed_by":"IC_STATUS_ARCHETYPE","ascension_level":1}}