{"host":"rw1trt79hfpl7pom","time":1612848427,"event":{"mods":["BaseMod","Bestiary","Colored Map","Minty Spire (QoL Compilation)","Relic Stats","StSLib","SuperFastMode"],"gold_per_floor":[111,126,126,126,139,139,139],"floor_reached":6,"language":"ENG","playtime":202,"items_purged":[],"score":72,"play_id":"19a985a0-2bf8-4af3-bc4f-e636d81ca1eb","local_time":"20210208212707","is_ascension_mode":true,"campfire_choices":[],"circlet_count":0,"master_deck":["AscendersBane","Strike_B","Strike_B","Strike_B","Strike_B","Defend_B","Defend_B","Defend_B","Defend_B","Zap","Dualcast","Barrage","Hologram","Self Repair"],"relics":["Cracked Core","NeowsBlessing","Potion Belt","StoneCalendar"],"acts_visited":["Exordium"],"potions_floor_usage":[],"damage_taken":[{"damage":0,"enemies":"2 Louse","floor":1,"turns":1},{"damage":0,"enemies":"Cultist","floor":2,"turns":1},{"damage":0,"enemies":"Jaw Worm","floor":5,"turns":1},{"damage":60,"enemies":"Gremlin Nob","floor":6,"turns":5}],"seed_played":"-1832314961000001327","potions_obtained":[{"floor":2,"key":"Dexterity Potion"}],"is_trial":false,"path_per_floor":["M","M","?","?","M","E"],"character_chosen":"DEFECT","items_purchased":[],"campfire_rested":0,"item_purchase_floors":[],"current_hp_per_floor":[64,64,59,59,59,0,0],"gold":139,"neow_bonus":"THREE_ENEMY_KILL","is_daily":false,"chose_seed":false,"campfire_upgraded":0,"win_rate":0.0,"timestamp":1612848427,"path_taken":["M","M","?","?","?","E"],"items_purchased_type":[],"build_version":"2020-12-22","purchased_purges":0,"victory":false,"max_hp_per_floor":[71,71,71,71,71,71,71],"relic_stats":{"counters":[4,8],"StoneCalendar":[0],"obtain_stats":[{"Potion Belt":3,"NeowsBlessing":0,"StoneCalendar":4,"Cracked Core":0},{"Potion Belt":2,"NeowsBlessing":0,"StoneCalendar":2,"Cracked Core":0},{"Potion Belt":2,"NeowsBlessing":0,"StoneCalendar":2,"Cracked Core":0}]},"card_choices":[{"not_picked":["Heatsinks","Fusion"],"picked":"Barrage","floor":1},{"not_picked":["Go for the Eyes","Chaos"],"picked":"Hologram","floor":2},{"not_picked":["Steam","Hologram"],"picked":"Self Repair","floor":5}],"player_experience":2649379,"relics_obtained":[{"floor":4,"key":"StoneCalendar"}],"event_choices":[{"damage_healed":0,"gold_gain":0,"player_choice":"Success","damage_taken":5,"relics_obtained":["Potion Belt"],"max_hp_gain":0,"max_hp_loss":0,"event_name":"Scrap Ooze","floor":3,"gold_loss":0},{"damage_healed":0,"gold_gain":0,"player_choice":"Relic","damage_taken":0,"max_hp_gain":0,"max_hp_loss":0,"event_name":"Wheel of Change","floor":4,"gold_loss":0}],"is_beta":false,"boss_relics":[],"items_purged_floors":[],"is_endless":false,"potions_floor_spawned":[2],"killed_by":"Gremlin Nob","ascension_level":20}}