{"host":"f55nj4gldpx3ksju","time":1612874241,"event":{"mods":["BaseMod","Colored Map","Highlight Path","Minty Spire (QoL Compilation)"],"gold_per_floor":[114,27,27,38,38,38,63,63,63,103,103,127,127,156,156,229,229,244,3,0,24,33,33,78,78,103,112,129,29,48,57,57,143,143,153,164,39,39,39,39,56,56,56],"floor_reached":42,"language":"ZHS","playtime":1279,"items_purged":["Zap","Shame","Decay"],"score":800,"play_id":"0ac16cc0-1c33-4bac-928f-8ac31709e2f2","local_time":"20210209203721","is_ascension_mode":true,"campfire_choices":[{"data":"Consume","floor":6.0,"key":"SMITH"},{"floor":8.0,"key":"REST"},{"data":"Darkness","floor":11.0,"key":"SMITH"},{"data":"Redo","floor":13.0,"key":"SMITH"},{"data":"Defragment","floor":15.0,"key":"SMITH"},{"floor":23.0,"key":"REST"},{"floor":32.0,"key":"REST"},{"data":"Conserve Battery","floor":40.0,"key":"SMITH"}],"circlet_count":0,"master_deck":["AscendersBane","Defend_B","Defend_B","Defend_B","Defend_B","Dualcast","Defragment+1","Consume+1","Darkness+1","Auto Shields","Redo+1","Redo+1","Conserve Battery+1","Bite","Bite","Bite","Bite","Bite","Redo+1","Reboot"],"relics":["Philosopher\u0027s Stone","Regal Pillow","CeramicFish","Eternal Feather","FossilizedHelix","Black Star","HornCleat","Akabeko","Busted Crown"],"acts_visited":["Exordium","TheCity","TheBeyond"],"potions_floor_usage":[42],"damage_taken":[{"damage":2.0,"enemies":"Cultist","floor":1.0,"turns":3.0},{"damage":8.0,"enemies":"2 Louse","floor":4.0,"turns":3.0},{"damage":11.0,"enemies":"Small Slimes","floor":7.0,"turns":3.0},{"damage":22.0,"enemies":"Lagavulin","floor":10.0,"turns":7.0},{"damage":0.0,"enemies":"Blue Slaver","floor":12.0,"turns":4.0},{"damage":0.0,"enemies":"Large Slime","floor":14.0,"turns":6.0},{"damage":56.0,"enemies":"Hexaghost","floor":16.0,"turns":8.0},{"damage":33.0,"enemies":"2 Thieves","floor":18.0,"turns":5.0},{"damage":16.0,"enemies":"Spheric Guardian","floor":21.0,"turns":5.0},{"damage":23.0,"enemies":"Centurion and Healer","floor":28.0,"turns":5.0},{"damage":39.0,"enemies":"3 Cultists","floor":30.0,"turns":6.0},{"damage":75.0,"enemies":"Automaton","floor":33.0,"turns":8.0},{"damage":32.0,"enemies":"3 Darklings","floor":35.0,"turns":5.0},{"damage":0.0,"enemies":"3 Shapes","floor":36.0,"turns":4.0},{"damage":54.0,"enemies":"Spire Growth","floor":41.0,"turns":5.0},{"damage":32,"enemies":"Giant Head","floor":42,"turns":6}],"seed_played":"-7146271753808303995","potions_obtained":[{"floor":1.0,"key":"Explosive Potion"},{"floor":4.0,"key":"Fire Potion"},{"floor":14.0,"key":"EssenceOfDarkness"},{"floor":28.0,"key":"LiquidMemories"},{"floor":36.0,"key":"Dexterity Potion"}],"is_trial":false,"path_per_floor":["M","$","T","M","?","R","M","R","T","E","R","M","R","M","R","B",null,"M","$","?","M","?","R","?","$","T","?","M","$","M","?","R","B",null,"M","M","$","?","$","R","M","E"],"character_chosen":"DEFECT","items_purchased":["Consume","Blood Vial"],"campfire_rested":3,"item_purchase_floors":[2,19],"current_hp_per_floor":[62,62,62,54,36,36,25,61,61,39,48,48,57,57,66,10,56,23,23,23,9,9,54,54,54,54,54,43,43,14,14,62,9,56,36,42,42,42,42,54,10,0,0],"gold":56,"neow_bonus":"BOSS_RELIC","is_daily":false,"chose_seed":false,"campfire_upgraded":5,"win_rate":0.0,"timestamp":1612874241,"path_taken":["M","$","?","M","?","R","M","R","T","E","R","M","R","M","R","BOSS","M","$","?","M","?","R","?","?","T","?","?","$","M","?","R","BOSS","M","M","$","?","?","R","M","E"],"items_purchased_type":["Card","Relic"],"build_version":"2020-12-22","purchased_purges":3,"victory":false,"max_hp_per_floor":[71,71,71,71,71,71,71,71,71,71,71,71,71,71,71,71,71,71,71,71,71,71,71,71,71,71,71,71,71,71,71,71,71,71,71,71,71,71,71,71,71,71,71],"card_choices":[{"not_picked":["Cold Snap","Compile Driver"],"picked":"Defragment","floor":1.0},{"not_picked":["Compile Driver","Ball Lightning","Stack"],"picked":"SKIP","floor":4.0},{"not_picked":["Turbo","Cold Snap"],"picked":"Darkness","floor":7.0},{"not_picked":["Fission","Chill"],"picked":"Auto Shields","floor":10.0},{"not_picked":["Tempest","Streamline"],"picked":"Redo","floor":12.0},{"not_picked":["Stack","Static Discharge"],"picked":"Redo","floor":14.0},{"not_picked":["Cold Snap+1","Skim","Barrage+1"],"picked":"SKIP","floor":18.0},{"not_picked":["Ball Lightning","Coolheaded"],"picked":"Conserve Battery","floor":21.0},{"not_picked":["Compile Driver","Leap","Cold Snap"],"picked":"SKIP","floor":28.0},{"not_picked":["Sunder","Leap","Turbo"],"picked":"SKIP","floor":30.0},{"not_picked":["Amplify","Electrodynamics"],"picked":"Reboot","floor":33.0},{"not_picked":["Ball Lightning"],"picked":"SKIP","floor":35.0},{"not_picked":["Redo"],"picked":"SKIP","floor":36.0},{"not_picked":["Steam"],"picked":"SKIP","floor":41.0}],"player_experience":393546,"relics_obtained":[{"floor":3.0,"key":"Regal Pillow"},{"floor":9.0,"key":"Eternal Feather"},{"floor":10.0,"key":"FossilizedHelix"},{"floor":26.0,"key":"Akabeko"}],"event_choices":[{"damage_healed":0.0,"max_hp_gain":0.0,"max_hp_loss":0.0,"gold_gain":0.0,"event_name":"Scrap Ooze","player_choice":"Success","floor":5.0,"gold_loss":0.0,"damage_taken":18.0,"relics_obtained":["CeramicFish"]},{"damage_healed":0.0,"max_hp_gain":0.0,"max_hp_loss":0.0,"gold_gain":0.0,"event_name":"Masked Bandits","player_choice":"Paid Fearfully","floor":20.0,"gold_loss":3.0,"damage_taken":0.0},{"damage_healed":0.0,"max_hp_gain":0.0,"max_hp_loss":0.0,"gold_gain":0.0,"event_name":"Addict","player_choice":"Stole Relic","floor":22.0,"gold_loss":0.0,"damage_taken":0.0,"relics_obtained":["HornCleat"],"cards_obtained":["Shame"]},{"damage_healed":0.0,"max_hp_gain":0.0,"max_hp_loss":0.0,"gold_gain":0.0,"event_name":"Vampires","player_choice":"Became a vampire (Vial)","floor":24.0,"relics_lost":["Blood Vial"],"gold_loss":0.0,"damage_taken":0.0,"cards_obtained":["Bite","Bite","Bite","Bite","Bite"]},{"damage_healed":0.0,"max_hp_gain":0.0,"max_hp_loss":0.0,"gold_gain":0.0,"event_name":"Duplicator","player_choice":"Copied","floor":27.0,"gold_loss":0.0,"damage_taken":0.0,"cards_obtained":["Redo"]},{"damage_healed":0.0,"max_hp_gain":0.0,"max_hp_loss":0.0,"gold_gain":0.0,"event_name":"Forgotten Altar","player_choice":"Smashed Altar","floor":31.0,"gold_loss":0.0,"damage_taken":0.0,"cards_obtained":["Decay"]},{"damage_healed":0.0,"max_hp_gain":0.0,"max_hp_loss":0.0,"gold_gain":0.0,"event_name":"Upgrade Shrine","player_choice":"Upgraded","floor":38.0,"gold_loss":0.0,"damage_taken":0.0,"cards_upgraded":["Redo"]}],"is_beta":false,"boss_relics":[{"not_picked":["Snecko Eye","Ectoplasm"],"picked":"Black Star"},{"not_picked":["Velvet Choker","Astrolabe"],"picked":"Busted Crown"}],"items_purged_floors":[19,29,37],"is_endless":false,"potions_floor_spawned":[1,4,14,21,28,36],"killed_by":"Giant Head","ascension_level":17}}