{"host":"kh6fvhxn285ncg0o","time":1612839897,"event":{"mods":["Act Like it!","BaseMod","Colored Map","Friendly Minions","Keyboard Shortcuts","Minty Spire (QoL Compilation)","Quick Restart","Relic Stats","StSLib","SuperFastMode","UnlockEverythingMod"],"gold_per_floor":[119,119,119,44,44,70,70,101,101,101,116,132,165,191,191,191,191],"floor_reached":16,"language":"KOR","playtime":244,"items_purged":["Strike_R"],"score":402,"play_id":"250c67a8-cdfc-44dc-bcd8-ee69f5f5b4b5","local_time":"20210209120457","is_ascension_mode":true,"campfire_choices":[{"data":"Bash","floor":7,"key":"SMITH"},{"data":"Second Wind","floor":10,"key":"SMITH"},{"data":"Feel No Pain","floor":15,"key":"SMITH"}],"circlet_count":0,"master_deck":["AscendersBane","Strike_R","Strike_R","Strike_R","Defend_R","Defend_R","Defend_R","Defend_R","Bash+1","Pain","Second Wind+1","Dual Wield","Feed","Feel No Pain+1"],"relics":["Burning Blood","NeowsBlessing","WarpedTongs","WingedGreaves","Vajra","Letter Opener","Self Forming Clay","Meat on the Bone"],"acts_visited":["Exordium"],"potions_floor_usage":[13,16],"damage_taken":[{"damage":0,"enemies":"Small Slimes","floor":1,"turns":1},{"damage":0,"enemies":"Gremlin Nob","floor":6,"turns":1},{"damage":3,"enemies":"3 Sentries","floor":8,"turns":1},{"damage":7,"enemies":"Cultist","floor":11,"turns":4},{"damage":2,"enemies":"2 Louse","floor":12,"turns":4},{"damage":5,"enemies":"Lagavulin","floor":13,"turns":3},{"damage":20,"enemies":"3 Sentries","floor":14,"turns":10},{"damage":62,"enemies":"Hexaghost","floor":16,"turns":9}],"seed_played":"5224841246454763408","potions_obtained":[{"floor":8,"key":"AttackPotion"},{"floor":12,"key":"BlessingOfTheForge"},{"floor":13,"key":"BloodPotion"}],"is_trial":false,"path_per_floor":["M","?","$","$","?","E","R","E","T","R","M","M","E","E","R","B"],"character_chosen":"IRONCLAD","items_purchased":[],"campfire_rested":0,"item_purchase_floors":[],"current_hp_per_floor":[74,74,74,74,74,75,75,75,75,75,74,75,75,61,61,0,0],"gold":191,"neow_bonus":"THREE_ENEMY_KILL","is_daily":false,"chose_seed":false,"campfire_upgraded":3,"win_rate":0.0,"timestamp":1612839897,"path_taken":["M","?","?","$","?","E","R","E","T","R","M","?","E","E","R","BOSS"],"items_purchased_type":[],"build_version":"2020-12-22","purchased_purges":1,"victory":false,"max_hp_per_floor":[75,75,75,75,75,75,75,75,75,75,75,75,75,75,75,75,75],"relic_stats":{"counters":[8,33],"Self Forming Clay":[75],"Letter Opener":[15],"obtain_stats":[{"NeowsBlessing":0,"Self Forming Clay":13,"Vajra":8,"WingedGreaves":6,"Letter Opener":9,"Burning Blood":0,"WarpedTongs":5,"Meat on the Bone":14},{"NeowsBlessing":0,"Self Forming Clay":6,"Vajra":3,"WingedGreaves":2,"Letter Opener":3,"Burning Blood":0,"WarpedTongs":1,"Meat on the Bone":7},{"NeowsBlessing":0,"Self Forming Clay":14,"Vajra":3,"WingedGreaves":2,"Letter Opener":3,"Burning Blood":0,"WarpedTongs":1,"Meat on the Bone":24}],"Burning Blood":30,"WarpedTongs":[24],"Meat on the Bone":0},"card_choices":[{"not_picked":["Brutality","Havoc"],"picked":"Second Wind","floor":8},{"not_picked":["Sever Soul","Thunderclap"],"picked":"Dual Wield","floor":12},{"not_picked":["Metallicize","Burning Pact"],"picked":"Feed","floor":13},{"not_picked":["Thunderclap","Armaments"],"picked":"Feel No Pain","floor":14}],"player_experience":1340670,"relics_obtained":[{"floor":6,"key":"WingedGreaves"},{"floor":8,"key":"Vajra"},{"floor":9,"key":"Letter Opener"},{"floor":13,"key":"Self Forming Clay"},{"floor":14,"key":"Meat on the Bone"}],"event_choices":[{"cards_removed":["Strike_R"],"damage_healed":0,"gold_gain":0,"player_choice":"Purged","damage_taken":0,"max_hp_gain":0,"max_hp_loss":0,"event_name":"Purifier","floor":2,"gold_loss":0},{"damage_healed":0,"gold_gain":0,"player_choice":"Rummage","damage_taken":0,"relics_obtained":["WarpedTongs"],"max_hp_gain":0,"max_hp_loss":0,"event_name":"Accursed Blacksmith","floor":5,"gold_loss":0,"cards_obtained":["Pain"]}],"is_beta":false,"boss_relics":[],"items_purged_floors":[4],"is_endless":false,"potions_floor_spawned":[8,12,13],"killed_by":"Hexaghost","ascension_level":20}}