{"host":"684z1xpuwaoqmmh1","time":1612872741,"event":{"mods":["A Magickal Journey","BaseMod","Downfall","Hermit","Jorbs\u0027s Wanderer Trilogy","Marisa????????","Minty Spire (QoL Compilation)","Robot Space Explorer","Shade Mod","StSLib","The Bug Knight","The Dragon Tamer","The Elementalist","The Hayseed","The Hierophant","The Marked","The Mystic","The Runesmith","The Saiyan","The Senshi","The Spell Scribe","The Vixen","TheBandit","TheFirefly"],"gold_per_floor":[119,138,157,207,219,219,254,254,254,254,285,299,299,42,42,114,114,133,147,180,192,203,203,232,232,304,337,337,337,366,381,381,455,455,471,484,706,2,21,56,56,89,89,89,118,118,132,162,162,162,162,162,10,35,35],"floor_reached":56,"language":"ENG","playtime":3650,"items_purged":[],"score":2141,"play_id":"6ede39be-30ce-4043-868e-72c534ddd91a","local_time":"20210209141221","is_ascension_mode":true,"campfire_choices":[{"data":"theSenshi:SailorNeptuneAssists","floor":6,"key":"SMITH"},{"data":"theSenshi:InTheNameOfTheMoon","floor":8,"key":"SMITH"},{"data":"theSenshi:SailorPlanetAttack","floor":13,"key":"SMITH"},{"data":"Apotheosis","floor":15,"key":"SMITH"},{"data":"theSenshi:MoonCrystalPowerMakeUp","floor":23,"key":"SMITH"},{"data":"theSenshi:CrisisMakeUp","floor":28,"key":"SMITH"},{"data":"theSenshi:SailorStarHealerAssists","floor":32,"key":"SMITH"},{"floor":41,"key":"RECALL"},{"data":"theSenshi:StudyParty","floor":44,"key":"SMITH"},{"data":"theSenshi:InTheNameOfTheMoon","floor":49,"key":"SMITH"},{"data":"theSenshi:MoonPrincessHalation","floor":52,"key":"SMITH"}],"circlet_count":0,"master_deck":["AscendersBane","theSenshi:SailorKick","theSenshi:SailorKick","theSenshi:SailorKick","theSenshi:SailorKick","theSenshi:SailorBlock","theSenshi:SailorBlock","theSenshi:SailorBlock","theSenshi:SailorBlock","theSenshi:RoseThrow+1","theSenshi:MoonPrismPowerMakeUp","theSenshi:SailorNeptuneAssists+1","theSenshi:SailorVenusAssists","theSenshi:SailorJupiterAssists","theSenshi:InTheNameOfTheMoon+1","theSenshi:MoonPunch","theSenshi:SailorPlanetAttack+1","Apotheosis+1","theSenshi:MoonCrystalPowerMakeUp+1","theSenshi:CrisisMakeUp+1","theSenshi:SailorStarHealerAssists+1","theSenshi:SailorChibiMoonAssists","theSenshi:SailorNeptuneAssists","theSenshi:WarriorOfTheMoon","theSenshi:MercurysCunning","theSenshi:MoonHealingEscalation+1","theSenshi:InTheNameOfTheMoon+1","theSenshi:MoonPrincessHalation+1","theSenshi:SailorMercuryAssists+1","theSenshi:SailorPlanetAttack+1","theSenshi:StudyParty+1","theSenshi:MoonCrystalPowerMakeUp","theSenshi:MoonCosmicPowerMakeUp","theSenshi:KlutzyLuck","theSenshi:SailorMarsAssists"],"relics":["theSenshi:TransformationBroochRelic","Omamori","Strawberry","The Courier","Pantograph","Philosopher\u0027s Stone","Red Mask","Ancient Tea Set","HornCleat","Lantern","Bronze Scales","sneckomod:SneckoTalon","theSenshi:SailorFukuRelic","Runesmith:AutoHammer","Oddly Smooth Stone","Centennial Puzzle","PreservedInsect","Guardian:PocketSentry","Mercury Hourglass","Orichalcum","Potion Belt","MealTicket","hexamod:BolsterEngine","Ornamental Fan"],"acts_visited":["Exordium","TheCity","TheBeyond","TheEnding"],"potions_floor_usage":[11,20,27,42,55,55,55],"damage_taken":[{"damage":6,"enemies":"Jaw Worm","floor":1,"turns":3},{"damage":2,"enemies":"2 Louse","floor":2,"turns":4},{"damage":11,"enemies":"Small Slimes","floor":3,"turns":7},{"damage":0,"enemies":"Blue Slaver","floor":5,"turns":5},{"damage":20,"enemies":"Lagavulin","floor":7,"turns":11},{"damage":0,"enemies":"3 Sentries","floor":11,"turns":10},{"damage":0,"enemies":"2 Fungi Beasts","floor":12,"turns":3},{"damage":26,"enemies":"Hexaghost","floor":16,"turns":10},{"damage":26,"enemies":"Spheric Guardian","floor":18,"turns":6},{"damage":7,"enemies":"Shell Parasite","floor":19,"turns":6},{"damage":38,"enemies":"Masked Bandits","floor":20,"turns":5},{"damage":14,"enemies":"Shelled Parasite and Fungi","floor":21,"turns":7},{"damage":16,"enemies":"Snake Plant","floor":22,"turns":5},{"damage":0,"enemies":"HollowMod:Nosk","floor":24,"turns":7},{"damage":44,"enemies":"Gremlin Leader","floor":27,"turns":9},{"damage":4,"enemies":"HollowMod:Nosk","floor":30,"turns":8},{"damage":14,"enemies":"3 Cultists","floor":31,"turns":7},{"damage":29,"enemies":"Collector","floor":33,"turns":14},{"damage":19,"enemies":"3 Shapes","floor":35,"turns":7},{"damage":0,"enemies":"Orb Walker","floor":36,"turns":4},{"damage":17,"enemies":"4 Shapes","floor":39,"turns":10},{"damage":45,"enemies":"HollowMod:StalkingDevout","floor":40,"turns":9},{"damage":26,"enemies":"Reptomancer","floor":42,"turns":7},{"damage":21,"enemies":"Nemesis","floor":45,"turns":5},{"damage":28,"enemies":"Sphere and 2 Shapes","floor":47,"turns":8},{"damage":27,"enemies":"Reptomancer","floor":48,"turns":6},{"damage":50,"enemies":"Donu and Deca","floor":50,"turns":10},{"damage":32,"enemies":"Shield and Spear","floor":54,"turns":7},{"damage":92,"enemies":"The Heart","floor":55,"turns":9}],"seed_played":"4631287916788981192","potions_obtained":[{"floor":1,"key":"LiquidBronze"},{"floor":2,"key":"Weak Potion"},{"floor":7,"key":"EssenceOfSteel"},{"floor":18,"key":"GamblersBrew"},{"floor":21,"key":"PowerPotion"},{"floor":30,"key":"SmokeBomb"},{"floor":40,"key":"Swift Potion"},{"floor":45,"key":"AttackPotion"},{"floor":47,"key":"champ:CounterPotion"}],"is_trial":false,"path_per_floor":["M","M","M","?","M","R","E","R","T","?","E","M","R","$","R","B",null,"M","M","?","M","M","R","E","?","T","E","R","?","E","M","R","B",null,"M","M","?","$","M","E","R","E","T","R","E","T","M","E","R","B",null,"R","$","E","B",null],"character_chosen":"THE_SENSHI","items_purchased":["Apotheosis","theSenshi:MoonCrystalPowerMakeUp","theSenshi:CrisisMakeUp","theSenshi:SailorFukuRelic","Runesmith:AutoHammer","Oddly Smooth Stone","Centennial Puzzle","PreservedInsect","Guardian:PocketSentry","theSenshi:MoonCrystalPowerMakeUp","theSenshi:MoonCosmicPowerMakeUp","theSenshi:KlutzyLuck"],"campfire_rested":0,"item_purchase_floors":[14,14,14,38,38,38,38,38,38,53,53,53],"current_hp_per_floor":[62,60,49,49,49,49,51,51,51,51,61,66,66,66,66,61,77,65,73,40,41,35,35,55,55,55,31,31,31,47,43,43,74,80,78,82,82,82,70,52,52,51,51,51,55,55,52,45,45,62,77,77,82,60,30],"gold":35,"neow_bonus":"RANDOM_COMMON_RELIC","is_daily":false,"chose_seed":false,"campfire_upgraded":10,"win_rate":0.0,"timestamp":1612872741,"path_taken":["M","M","M","?","M","R","E","R","T","?","E","M","R","$","R","BOSS","M","M","?","M","M","R","E","?","T","E","R","?","E","M","R","BOSS","M","M","?","$","M","E","R","E","T","R","E","?","M","E","R","BOSS","R","$","E","BOSS"],"items_purchased_type":["Card","Card","Card","Relic","Relic","Relic","Relic","Relic","Relic","Card","Card","Card"],"build_version":"2020-12-22","purchased_purges":0,"victory":true,"max_hp_per_floor":[75,75,75,75,75,75,82,82,82,82,82,82,82,82,82,82,82,82,82,82,82,82,82,82,82,82,82,82,82,82,82,82,82,82,82,82,82,82,82,82,82,82,82,82,82,82,82,82,82,82,82,82,82,82,82],"card_choices":[{"not_picked":["theSenshi:TuxedoSmokingBomber","theSenshi:SailorMarsAssists"],"picked":"theSenshi:SailorNeptuneAssists","floor":1},{"not_picked":["theSenshi:SchoolBag","theSenshi:Sidestep","theSenshi:MoonsReflection"],"picked":"SKIP","floor":2},{"not_picked":["theSenshi:Sidestep","theSenshi:SupersonicWaves"],"picked":"theSenshi:SailorVenusAssists","floor":3},{"not_picked":["theSenshi:EncouragingSpeech","theSenshi:SailorChibiMoonAssists"],"picked":"theSenshi:SailorJupiterAssists","floor":5},{"not_picked":["theSenshi:UranusStrength","theSenshi:OdangoHead"],"picked":"theSenshi:InTheNameOfTheMoon","floor":7},{"not_picked":["theSenshi:LunaWiseMentor","theSenshi:KlutzyLuck"],"picked":"theSenshi:MoonPunch","floor":11},{"not_picked":["theSenshi:MoonPrincessHalation","theSenshi:LateForSchool"],"picked":"theSenshi:SailorPlanetAttack","floor":12},{"not_picked":["theSenshi:StudyParty","theSenshi:FatedKiss"],"picked":"theSenshi:SailorStarHealerAssists","floor":16},{"not_picked":["theSenshi:TallSilhouette","theSenshi:LateForSchool"],"picked":"theSenshi:SailorChibiMoonAssists","floor":18},{"not_picked":["theSenshi:SchoolBag","theSenshi:Overload","theSenshi:LunasBite"],"picked":"SKIP","floor":19},{"not_picked":["theSenshi:PlutosSolemnity","theSenshi:SailorChibiMoonAssists","theSenshi:SchoolBag"],"picked":"SKIP","floor":21},{"not_picked":["theSenshi:SailorStarMakerAssists","theSenshi:MoonTiaraMagic+1"],"picked":"theSenshi:SailorNeptuneAssists","floor":22},{"not_picked":["theSenshi:MoonlightKnight","theSenshi:SchoolBag"],"picked":"theSenshi:WarriorOfTheMoon","floor":24},{"not_picked":["theSenshi:MoonsReflection","theSenshi:SailorVenusAssists"],"picked":"theSenshi:MercurysCunning","floor":27},{"not_picked":["theSenshi:MoonTiaraMagic","theSenshi:HesSoDreamy+1","theSenshi:GatheringStrength"],"picked":"SKIP","floor":30},{"not_picked":["theSenshi:SailorJupiterAssists","theSenshi:CrisisMakeUp"],"picked":"theSenshi:MoonHealingEscalation+1","floor":31},{"not_picked":["theSenshi:ChibiMoonsLove","theSenshi:SilverCrystal"],"picked":"theSenshi:InTheNameOfTheMoon","floor":33},{"not_picked":["theSenshi:MoonKick","theSenshi:SteeledNerves","theSenshi:SailorVenusAssists"],"picked":"SKIP","floor":35},{"not_picked":["theSenshi:MoonSpiralHeartAttack","theSenshi:TallSilhouette"],"picked":"theSenshi:MoonPrincessHalation","floor":36},{"not_picked":["theSenshi:MoonlightKnight","theSenshi:SailorV"],"picked":"theSenshi:SailorMercuryAssists+1","floor":39},{"not_picked":["theSenshi:VenusGlamour+1","theSenshi:SupersonicWaves"],"picked":"theSenshi:SailorPlanetAttack+1","floor":40},{"not_picked":["theSenshi:TuxedoSmokingBomber","theSenshi:LunaWiseMentor"],"picked":"theSenshi:StudyParty","floor":42},{"not_picked":["theSenshi:MoonPrincessHalation","theSenshi:GatheringStrength","theSenshi:TallSilhouette"],"picked":"SKIP","floor":45},{"not_picked":["theSenshi:MoonTiaraMagic","theSenshi:LateForSchool","theSenshi:TallSilhouette"],"picked":"SKIP","floor":47},{"not_picked":["theSenshi:MoonPunch","theSenshi:SupersonicWaves","theSenshi:MoonTiaraMagic"],"picked":"SKIP","floor":48},{"not_picked":["theSenshi:LunaWiseMentor+1","theSenshi:MoonTiaraMagic"],"picked":"theSenshi:SailorMarsAssists","floor":54}],"player_experience":3213345,"relics_obtained":[{"floor":7,"key":"Strawberry"},{"floor":9,"key":"The Courier"},{"floor":11,"key":"Pantograph"},{"floor":20,"key":"Red Mask"},{"floor":24,"key":"Ancient Tea Set"},{"floor":26,"key":"HornCleat"},{"floor":27,"key":"Lantern"},{"floor":30,"key":"Bronze Scales"},{"floor":40,"key":"Mercury Hourglass"},{"floor":42,"key":"Orichalcum"},{"floor":45,"key":"Potion Belt"},{"floor":46,"key":"MealTicket"},{"floor":48,"key":"hexamod:BolsterEngine"},{"floor":54,"key":"Ornamental Fan"}],"event_choices":[{"damage_healed":0,"gold_gain":0,"player_choice":"Grow","damage_taken":0,"max_hp_gain":0,"max_hp_loss":0,"event_name":"Living Wall","floor":10,"gold_loss":0,"cards_upgraded":["theSenshi:RoseThrow"]},{"damage_healed":0,"gold_gain":0,"player_choice":"Fought Bandits","damage_taken":0,"max_hp_gain":0,"max_hp_loss":0,"event_name":"Masked Bandits","floor":20,"gold_loss":0},{"damage_healed":0,"gold_gain":0,"player_choice":"Ignored","damage_taken":0,"max_hp_gain":0,"max_hp_loss":0,"event_name":"Ghosts","floor":29,"gold_loss":0},{"damage_healed":0,"gold_gain":222,"player_choice":"Wore Mask","damage_taken":0,"max_hp_gain":0,"max_hp_loss":0,"event_name":"Tomb of Lord Red Mask","floor":37,"gold_loss":0}],"is_beta":false,"boss_relics":[{"not_picked":["Coffee Dripper","Sozu"],"picked":"Philosopher\u0027s Stone"},{"not_picked":["Runic Dome","Tiny House"],"picked":"sneckomod:SneckoTalon"}],"items_purged_floors":[],"is_endless":false,"potions_floor_spawned":[1,2,7,18,21,24,30,40,45,47],"ascension_level":14}}