{"host":"miejrq8yypas90n2","time":1612852506,"event":{"mods":["100% Spire Juice","Act Like it!","BaseMod","Colored Powertips","Gensokyo","Marisa£®ÏF”Í°°ƒß¿Ì…≥£©","Minty Spire (QoL Compilation)","StSLib"],"gold_per_floor":[113,288,66,66,76,91,119,119,148,148,183,183,206,206,239,239,358,358,373,313,213,238,83,83,116,134,134,134,134,134,150,185,206,206,325,325,348,223,247,96,152,152,175,175,175,191,191,215,215,248,248,248],"floor_reached":53,"language":"ZHS","playtime":2224,"items_purged":["Doubt","Strike_MRS","Strike_MRS"],"score":1078,"play_id":"a9b4db16-267e-4cd1-a412-2425aee06839","local_time":"20210209143506","is_ascension_mode":true,"campfire_choices":[{"data":"PulseMagic","floor":8.0,"key":"SMITH"},{"data":"Beam Cell","floor":14.0,"key":"SMITH"},{"floor":16.0,"key":"REST"},{"data":"Moonworks:IndiscriminateFireSupport","floor":24.0,"key":"SMITH"},{"data":"Sentinel","floor":27.0,"key":"SMITH"},{"data":"UpSweep","floor":29.0,"key":"SMITH"},{"data":"MasterSpark","floor":34.0,"key":"SMITH"},{"data":"Scrawl","floor":42.0,"key":"SMITH"},{"data":"Finesse","floor":44.0,"key":"SMITH"},{"data":"Moonworks:FullSpeedAlicianrone","floor":49.0,"key":"SMITH"},{"data":"Defend_MRS","floor":51.0,"key":"SMITH"}],"circlet_count":0,"master_deck":["Defend_MRS","Defend_MRS","Defend_MRS","Defend_MRS+1","MasterSpark+1","UpSweep+1","Finesse+1","LuminesStrike+1","PulseMagic+1","WitchLeyline+1","Sentinel+1","Moonworks:FullSpeedAlicianrone+1","Beam Cell+1","Parasite","Parasite","Moonworks:GoAway","Moonworks:IndiscriminateFireSupport+1","Sword Boomerang+1","Second Wind+1","Gensokyo:BrilliantDragonBullet+1","Scrawl+1","Moonworks:SakisCookie+1","WreathOfFlame+1"],"relics":["MiniHakkero","PrismaticShard","PreservedInsect","Torii","AmplifyWand","Golden Idol","ShroomBag","ExperimentalFamiliar","Bag of Marbles","Mercury Hourglass","Darkstone Periapt","Blood Vial","Runic Pyramid","Chemical X","Turnip","HandmadeGrimoire","Whetstone"],"acts_visited":["Exordium","TheCity","TheBeyond"],"potions_floor_usage":[52,52],"damage_taken":[{"damage":3.0,"enemies":"Small Slimes","floor":1.0,"turns":4.0},{"damage":0.0,"enemies":"Cultist","floor":5.0,"turns":2.0},{"damage":0.0,"enemies":"2 Louse","floor":6.0,"turns":2.0},{"damage":24.0,"enemies":"Gremlin Nob","floor":7.0,"turns":4.0},{"damage":5.0,"enemies":"3 Sentries","floor":9.0,"turns":5.0},{"damage":8.0,"enemies":"Lagavulin","floor":11.0,"turns":4.0},{"damage":1.0,"enemies":"Looter","floor":13.0,"turns":3.0},{"damage":1.0,"enemies":"The Mushroom Lair","floor":15.0,"turns":4.0},{"damage":33.0,"enemies":"The Guardian","floor":17.0,"turns":12.0},{"damage":1.0,"enemies":"2 Thieves","floor":19.0,"turns":4.0},{"damage":2.0,"enemies":"Shell Parasite","floor":22.0,"turns":3.0},{"damage":0.0,"enemies":"Slavers","floor":25.0,"turns":1.0},{"damage":0.0,"enemies":"Cultist and Chosen","floor":26.0,"turns":1.0},{"damage":0.0,"enemies":"Snecko","floor":31.0,"turns":2.0},{"damage":1.0,"enemies":"Book of Stabbing","floor":32.0,"turns":3.0},{"damage":10.0,"enemies":"Centurion and Healer","floor":33.0,"turns":3.0},{"damage":11.0,"enemies":"Champ","floor":35.0,"turns":5.0},{"damage":1.0,"enemies":"3 Shapes","floor":37.0,"turns":2.0},{"damage":7.0,"enemies":"Orb Walker","floor":39.0,"turns":2.0},{"damage":0.0,"enemies":"2 Orb Walkers","floor":41.0,"turns":1.0},{"damage":6.0,"enemies":"Spire Growth","floor":43.0,"turns":2.0},{"damage":0.0,"enemies":"Jaw Worm Horde","floor":46.0,"turns":3.0},{"damage":1.0,"enemies":"Sphere and 2 Shapes","floor":48.0,"turns":4.0},{"damage":16.0,"enemies":"Giant Head","floor":50.0,"turns":5.0},{"damage":14,"enemies":"Awakened One","floor":52,"turns":3}],"seed_played":"-6811296989443363632","potions_obtained":[{"floor":5.0,"key":"PowerPotion"},{"floor":6.0,"key":"Ancient Potion"},{"floor":11.0,"key":"BottledSpark"},{"floor":13.0,"key":"SneckoOil"},{"floor":15.0,"key":"DistilledChaos"},{"floor":22.0,"key":"Energy Potion"},{"floor":25.0,"key":"Strength Potion"},{"floor":33.0,"key":"SteroidPotion"},{"floor":35.0,"key":"GamblersBrew"},{"floor":37.0,"key":"FearPotion"},{"floor":39.0,"key":"GamblersBrew"},{"floor":41.0,"key":"PowerPotion"}],"is_trial":false,"path_per_floor":["M","?","$","?","M","M","E","R","E","T","E","?","M","R","?","R","B",null,"M","?","$","M","$","R","E","M","R","T","R","?","M","E","M","R","B",null,"M","$","M","$","?","R","M","R","T","M","?","M","R","E","R","B",null],"character_chosen":"MARISA","items_purchased":["PrismaticShard","Bag of Marbles","Chemical X"],"campfire_rested":1,"item_purchase_floors":[3,23,40],"current_hp_per_floor":[65,65,65,65,65,65,41,41,36,36,28,10,9,9,8,30,1,57,60,60,60,62,62,62,62,62,62,62,62,62,64,67,63,63,58,71,74,74,70,70,74,74,69,69,69,75,75,75,75,60,60,55],"gold":248,"neow_bonus":"RANDOM_COLORLESS","is_daily":false,"chose_seed":false,"campfire_upgraded":10,"win_rate":0.0,"timestamp":1612852506,"path_taken":["M","?","$","?","M","?","E","R","E","T","E","?","M","R","?","R","BOSS","M","?","?","M","$","R","E","?","R","T","R","?","?","E","?","R","BOSS","M","$","M","$","?","R","M","R","T","M","?","M","R","E","R","BOSS"],"items_purchased_type":["Relic","Relic","Relic"],"build_version":"2020-12-22","purchased_purges":3,"victory":true,"max_hp_per_floor":[75,75,75,75,75,75,75,75,75,75,75,75,75,75,75,75,75,75,75,75,75,75,75,75,75,75,75,75,75,75,75,75,75,75,75,75,75,75,75,75,75,75,75,75,75,75,75,75,75,75,75,75],"card_choices":[{"not_picked":["Purity","Good Instincts"],"picked":"Finesse","floor":0.0},{"not_picked":["GrandCross","MysteriousBeam"],"picked":"LuminesStrike","floor":1.0},{"not_picked":["KamiSacrifice:ReiMu","Havoc","Catalyst"],"picked":"SKIP","floor":5.0},{"not_picked":["Quick Slash","Headbutt"],"picked":"PulseMagic","floor":6.0},{"not_picked":["Moonworks:CloudOfSeagulls","FlyingSleeves"],"picked":"WitchLeyline","floor":7.0},{"not_picked":["Wireheading","CarveReality"],"picked":"Sentinel","floor":9.0},{"not_picked":["Dropkick","Dagger Throw"],"picked":"Moonworks:FullSpeedAlicianrone","floor":11.0},{"not_picked":["Demon Form","Hologram"],"picked":"Beam Cell","floor":13.0},{"not_picked":["Secret Weapon","Berserk"],"picked":"Moonworks:GoAway","floor":17.0},{"not_picked":["True Grit+1","NonDirectionalLaser"],"picked":"Moonworks:IndiscriminateFireSupport","floor":19.0},{"not_picked":["MachineGunSpark","Leap"],"picked":"Sword Boomerang+1","floor":22.0},{"not_picked":["Prostrate","Dropkick"],"picked":"Second Wind+1","floor":25.0},{"not_picked":["WaveOfTheHand","Moonworks:CloudOfSeagulls","Riddle With Holes"],"picked":"SKIP","floor":26.0},{"not_picked":["Clash","Moonworks:EvilSpyWorkPreparation","WaveOfTheHand+1"],"picked":"SKIP","floor":31.0},{"not_picked":["Moonworks:DeployBits","AsteroidBelt","Blizzard"],"picked":"SKIP","floor":32.0},{"not_picked":["Moonworks:Dinner","EmptyBody"],"picked":"Gensokyo:BrilliantDragonBullet+1","floor":33.0},{"not_picked":["Gensokyo:Dawn","TreasureHunter"],"picked":"Scrawl","floor":35.0},{"not_picked":["Dagger Spray","PanicButton","Reinforced Body+1"],"picked":"SKIP","floor":37.0},{"not_picked":["Dagger Spray","PanicButton","Reinforced Body+1"],"picked":"SKIP","floor":37.0},{"not_picked":["Flex","LuminesStrike","ThirdEye+1"],"picked":"SKIP","floor":39.0},{"not_picked":["Backflip","Moonworks:BigMagnum","SignatureMove+1"],"picked":"SKIP","floor":43.0},{"not_picked":["EmptyBody+1","Body Slam","Crippling Poison"],"picked":"SKIP","floor":46.0},{"not_picked":["EventHorizon","ChargeUpSpray+1","Moonworks:SakisCookie+1"],"picked":"SKIP","floor":48.0},{"not_picked":["EventHorizon","ChargeUpSpray+1"],"picked":"Moonworks:SakisCookie+1","floor":48.0},{"not_picked":["Stack+1","Whirlwind+1"],"picked":"WreathOfFlame+1","floor":50.0}],"player_experience":365391,"relics_obtained":[{"floor":7.0,"key":"PreservedInsect"},{"floor":9.0,"key":"Torii"},{"floor":11.0,"key":"AmplifyWand"},{"floor":15.0,"key":"ShroomBag"},{"floor":25.0,"key":"Mercury Hourglass"},{"floor":28.0,"key":"Darkstone Periapt"},{"floor":32.0,"key":"Blood Vial"},{"floor":41.0,"key":"Turnip"},{"floor":45.0,"key":"HandmadeGrimoire"},{"floor":50.0,"key":"Whetstone"}],"event_choices":[{"damage_healed":0.0,"max_hp_gain":0.0,"max_hp_loss":0.0,"gold_gain":175.0,"event_name":"Liars Game","player_choice":"AGREE","floor":2.0,"gold_loss":0.0,"damage_taken":0.0,"cards_obtained":["Doubt"]},{"damage_healed":0.0,"max_hp_gain":0.0,"max_hp_loss":0.0,"gold_gain":0.0,"event_name":"Accursed Blacksmith","player_choice":"Forge","floor":4.0,"gold_loss":0.0,"damage_taken":0.0,"cards_upgraded":["LuminesStrike"]},{"damage_healed":0.0,"max_hp_gain":0.0,"max_hp_loss":0.0,"gold_gain":0.0,"event_name":"Golden Idol","player_choice":"Take Damage","floor":12.0,"gold_loss":0.0,"damage_taken":18.0,"relics_obtained":["Golden Idol"]},{"damage_healed":0.0,"max_hp_gain":0.0,"max_hp_loss":0.0,"gold_gain":0.0,"event_name":"Mushrooms_MRS","player_choice":"Fought Mushrooms","floor":15.0,"gold_loss":0.0,"damage_taken":0.0},{"cards_removed":["Strike_MRS"],"damage_healed":0.0,"max_hp_gain":0.0,"max_hp_loss":0.0,"gold_gain":0.0,"event_name":"Designer","player_choice":"Single Remove","floor":20.0,"gold_loss":60.0,"damage_taken":0.0},{"damage_healed":0.0,"max_hp_gain":0.0,"max_hp_loss":0.0,"gold_gain":0.0,"event_name":"The Woman in Blue","player_choice":"Bought 0 Potions","floor":30.0,"gold_loss":0.0,"damage_taken":0.0},{"damage_healed":0.0,"max_hp_gain":0.0,"max_hp_loss":0.0,"gold_gain":0.0,"event_name":"Mysterious Sphere","player_choice":"Fight","floor":41.0,"gold_loss":0.0,"damage_taken":0.0},{"cards_removed":["Strike_MRS"],"damage_healed":0.0,"max_hp_gain":0.0,"max_hp_loss":0.0,"gold_gain":0.0,"event_name":"Falling","player_choice":"Removed Attack","floor":47.0,"gold_loss":0.0,"damage_taken":0.0}],"is_beta":false,"boss_relics":[{"not_picked":["Philosopher\u0027s Stone","RampagingMagicTools"],"picked":"ExperimentalFamiliar"},{"not_picked":["Runic Dome","Pandora\u0027s Box"],"picked":"Runic Pyramid"}],"items_purged_floors":[3,21,38],"is_endless":false,"potions_floor_spawned":[5,6,11,13,15,22,25,33,35,37,39,41],"ascension_level":7}}