{"host":"w9njud19qyl0lpz1","time":1612876580,"event":{"mods":["BaseMod","Infinite Spire","Minty Spire (QoL Compilation)","StSLib"],"gold_per_floor":[124,148,160,172,203,233,255,301,313,325,348,394,406,433,445,555,567,596,608,620,650,676,719,731,755,767,779,570,585,585,596,596,696,696,709,466,466,67,86,86,115,130,154,154,165,176,176,187,187,187],"floor_reached":51,"language":"ENG","playtime":7410,"items_purged":["Decay","Strike_B+1","Strike_B+1"],"score":688,"play_id":"f534f453-13bd-4c03-b5af-692786a3480b","local_time":"20210209081620","is_ascension_mode":false,"campfire_choices":[{"data":"Streamline","floor":10.0,"key":"SMITH"},{"data":"Barrage","floor":13.0,"key":"SMITH"},{"data":"Zap","floor":15.0,"key":"SMITH"},{"floor":24.0,"key":"REST"},{"floor":30.0,"key":"REST"},{"data":"Loop","floor":32.0,"key":"SMITH"},{"data":"Discovery","floor":40.0,"key":"SMITH"},{"floor":49,"key":"REST"}],"circlet_count":0,"master_deck":["Strike_B+1","Strike_B+1","Defend_B+1","Defend_B+1","Defend_B+1","Zap+1","Dualcast","Hologram","Leap","Stack","Streamline+1","Barrage+1","Tempest+1","Ball Lightning+1","Electrodynamics","Redo+1","Cold Snap+1","Compile Driver+1","Hologram+1","Loop+1","Echo Form","CurseOfTheBell","Static Discharge","Ball Lightning+1","Discovery+1","Compile Driver+1","Consume+1"],"relics":["Cracked Core","MawBank","PreservedInsect","Molten Egg 2","Ice Cream","Busted Crown","Shuriken","Bird Faced Urn","Calling Bell","infinitespire:Golems Mask","Singing Bowl","Blood Vial","Runic Capacitor","infinitespire:Freezer","MealTicket","War Paint","Meat on the Bone","Mercury Hourglass"],"acts_visited":["Exordium","TheCity","TheBeyond"],"potions_floor_usage":[],"damage_taken":[{"damage":3.0,"enemies":"Jaw Worm","floor":1.0,"turns":3.0},{"damage":0.0,"enemies":"2 Louse","floor":2.0,"turns":3.0},{"damage":0.0,"enemies":"Cultist","floor":5.0,"turns":4.0},{"damage":3.0,"enemies":"Blue Slaver","floor":6.0,"turns":3.0},{"damage":0.0,"enemies":"2 Fungi Beasts","floor":7.0,"turns":4.0},{"damage":10.0,"enemies":"3 Sentries","floor":8.0,"turns":9.0},{"damage":9.0,"enemies":"Exordium Thugs","floor":11.0,"turns":4.0},{"damage":12.0,"enemies":"Lagavulin","floor":12.0,"turns":4.0},{"damage":0.0,"enemies":"Exordium Wildlife","floor":14.0,"turns":3.0},{"damage":28.0,"enemies":"Slime Boss","floor":16.0,"turns":7.0},{"damage":0.0,"enemies":"Spheric Guardian","floor":18.0,"turns":2.0},{"damage":2.0,"enemies":"Chosen","floor":21.0,"turns":3.0},{"damage":4.0,"enemies":"Snake Plant","floor":22.0,"turns":3.0},{"damage":28.0,"enemies":"Slavers","floor":23.0,"turns":3.0},{"damage":24.0,"enemies":"Shelled Parasite and Fungi","floor":25.0,"turns":3.0},{"damage":6.0,"enemies":"Cultist and Chosen","floor":29.0,"turns":6.0},{"damage":0.0,"enemies":"Chosen and Byrds","floor":31.0,"turns":5.0},{"damage":34.0,"enemies":"Automaton","floor":33.0,"turns":7.0},{"damage":12.0,"enemies":"3 Darklings","floor":35.0,"turns":4.0},{"damage":0.0,"enemies":"3 Shapes","floor":39.0,"turns":2.0},{"damage":0.0,"enemies":"Reptomancer","floor":41.0,"turns":5.0},{"damage":16.0,"enemies":"Sphere and 2 Shapes","floor":42.0,"turns":5.0},{"damage":4.0,"enemies":"Maw","floor":45.0,"turns":5.0},{"damage":14.0,"enemies":"4 Shapes","floor":46.0,"turns":3.0},{"damage":0,"enemies":"Spire Growth","floor":48,"turns":4},{"damage":64,"enemies":"Donu and Deca","floor":50,"turns":6}],"seed_played":"2813609864529096232","potions_obtained":[{"floor":1.0,"key":"Regen Potion"},{"floor":6.0,"key":"EssenceOfSteel"},{"floor":8.0,"key":"Block Potion"},{"floor":14.0,"key":"AttackPotion"},{"floor":22.0,"key":"BlessingOfTheForge"},{"floor":23.0,"key":"DuplicationPotion"},{"floor":25.0,"key":"DistilledChaos"},{"floor":41.0,"key":"SkillPotion"},{"floor":42.0,"key":"Fire Potion"},{"floor":48,"key":"Fire Potion"}],"is_trial":false,"path_per_floor":["M","M","?","?","M","M","M","E","T","R","M","E","R","M","R","B",null,"M","?","?","M","M","E","R","M","T","?","$","M","R","M","R","B",null,"M","$","?","$","M","R","E","M","T","T","M","M","AVR","M","R","B",null],"character_chosen":"DEFECT","items_purchased":["EssenceOfDarkness","PowerPotion","Runic Capacitor","Static Discharge","Ball Lightning+1","infinitespire:Freezer","Discovery","PowerPotion"],"campfire_rested":3,"item_purchase_floors":[28,28,36,36,36,38,38,38],"current_hp_per_floor":[72,72,72,72,72,69,69,59,59,59,62,50,50,50,50,22,75,75,75,75,73,69,41,63,39,39,39,39,35,57,69,69,39,75,67,67,69,69,75,75,81,71,71,71,73,65,65,71,87,47],"gold":187,"neow_bonus":"RANDOM_COMMON_RELIC","is_daily":false,"chose_seed":false,"campfire_upgraded":5,"win_rate":0.0,"timestamp":1612876580,"path_taken":["M","M","?","?","?","M","M","E","T","R","M","E","R","M","R","BOSS","M","?","?","M","?","E","R","M","T","?","$","M","R","M","R","BOSS","M","$","?","$","M","R","E","M","T","?","M","M","AVR","M","R","BOSS"],"items_purchased_type":["Potion","Potion","Relic","Card","Card","Relic","Card","Potion"],"build_version":"2020-12-22","purchased_purges":3,"victory":true,"max_hp_per_floor":[75,75,75,75,75,75,75,75,75,75,75,75,75,75,75,75,75,75,75,75,75,75,75,75,75,75,75,75,75,75,75,75,75,75,77,77,79,79,81,81,81,83,83,83,83,85,85,87,87,87],"card_choices":[{"not_picked":["Turbo","Defragment"],"picked":"Hologram","floor":1.0},{"not_picked":["Gash","Loop"],"picked":"Leap","floor":2.0},{"not_picked":["Steam","Turbo","Hologram"],"picked":"SKIP","floor":5.0},{"not_picked":["Heatsinks","Coolheaded"],"picked":"Stack","floor":6.0},{"not_picked":["Sweeping Beam","Capacitor"],"picked":"Streamline","floor":7.0},{"not_picked":["Consume","Redo"],"picked":"Barrage","floor":8.0},{"not_picked":["Steam","Skim"],"picked":"Tempest","floor":11.0},{"not_picked":["Reinforced Body","Steam"],"picked":"Ball Lightning+1","floor":12.0},{"not_picked":["Gash+1","Storm","Reprogram"],"picked":"SKIP","floor":14.0},{"not_picked":["Rainbow","Echo Form"],"picked":"Electrodynamics","floor":16.0},{"not_picked":[],"picked":"Redo","floor":18.0},{"not_picked":[],"picked":"Cold Snap+1","floor":21.0},{"not_picked":[],"picked":"Compile Driver+1","floor":22.0},{"not_picked":["Cold Snap+1"],"picked":"SKIP","floor":23.0},{"not_picked":[],"picked":"Hologram+1","floor":25.0},{"not_picked":["Go for the Eyes+1"],"picked":"SKIP","floor":29.0},{"not_picked":[],"picked":"Loop","floor":31.0},{"not_picked":[],"picked":"Echo Form","floor":33.0},{"not_picked":["Stack+1"],"picked":"Singing Bowl","floor":35.0},{"not_picked":["Dark Shackles"],"picked":"Singing Bowl","floor":37.0},{"not_picked":["Coolheaded+1"],"picked":"Singing Bowl","floor":39.0},{"not_picked":[],"picked":"Compile Driver+1","floor":41.0},{"not_picked":["Amplify"],"picked":"Singing Bowl","floor":42.0},{"not_picked":[],"picked":"Consume+1","floor":45.0},{"not_picked":["Gash+1"],"picked":"Singing Bowl","floor":46.0},{"not_picked":["Go for the Eyes+1"],"picked":"Singing Bowl","floor":48}],"player_experience":2445555,"relics_obtained":[{"floor":8.0,"key":"PreservedInsect"},{"floor":9.0,"key":"Molten Egg 2"},{"floor":12.0,"key":"Ice Cream"},{"floor":23.0,"key":"Shuriken"},{"floor":26.0,"key":"Bird Faced Urn"},{"floor":34.0,"key":"infinitespire:Golems Mask"},{"floor":34.0,"key":"Singing Bowl"},{"floor":34.0,"key":"Blood Vial"},{"floor":41.0,"key":"MealTicket"},{"floor":43.0,"key":"War Paint"},{"floor":44.0,"key":"Meat on the Bone"}],"event_choices":[{"damage_healed":0.0,"max_hp_gain":0.0,"max_hp_loss":0.0,"gold_gain":0.0,"event_name":"Shining Light","player_choice":"Ignored","floor":3.0,"gold_loss":0.0,"damage_taken":0.0},{"cards_removed":["Defend_B"],"damage_healed":0.0,"max_hp_gain":0.0,"max_hp_loss":0.0,"gold_gain":0.0,"event_name":"Purifier","player_choice":"Purged","floor":4.0,"gold_loss":0.0,"damage_taken":0.0},{"damage_healed":0.0,"max_hp_gain":0.0,"max_hp_loss":0.0,"gold_gain":0.0,"event_name":"Back to Basics","player_choice":"Simplicity","floor":19.0,"gold_loss":0.0,"damage_taken":0.0,"cards_upgraded":["Strike_B","Strike_B","Strike_B","Strike_B","Defend_B","Defend_B","Defend_B"]},{"damage_healed":0.0,"max_hp_gain":0.0,"max_hp_loss":0.0,"gold_gain":0.0,"event_name":"Ghosts","player_choice":"Ignored","floor":20.0,"gold_loss":0.0,"damage_taken":0.0},{"damage_healed":0.0,"max_hp_gain":0.0,"max_hp_loss":0.0,"gold_gain":0.0,"event_name":"Forgotten Altar","player_choice":"Smashed Altar","floor":27.0,"gold_loss":0.0,"damage_taken":0.0,"cards_obtained":["Decay"]},{"damage_healed":0.0,"max_hp_gain":0.0,"max_hp_loss":0.0,"gold_gain":0.0,"event_name":"SensoryStone","player_choice":"Memory 1","floor":37.0,"gold_loss":0.0,"damage_taken":0.0}],"is_beta":false,"boss_relics":[{"not_picked":["Runic Pyramid","Ectoplasm"],"picked":"Busted Crown"},{"not_picked":["Empty Cage","Velvet Choker"],"picked":"Calling Bell"}],"items_purged_floors":[28,38,47],"is_endless":false,"potions_floor_spawned":[1,6,8,14,22,23,25,29,41,42,48],"ascension_level":0}}