{"host":"xltl1aroowo69o4n","time":1612837976,"event":{"mods":["BaseMod","Colored Map","Colored Powertips","Downfall","Marisa????????","Minty Spire (QoL Compilation)","Replay The Spire","StSLib","The Cursed","The Hierophant","The Mystic","The Necromancer","The Servant 0.9.4"],"gold_per_floor":[119,119,139,156,136,136,152,5,31,51,51,51,77,87,87,189,189,162,174,24,42,42,42,42,42,61,86,111,111,124,139,28,28,28],"floor_reached":33,"language":"ENG","playtime":2138,"items_purged":[],"score":269,"play_id":"65cde2a2-2ddf-47ed-bdd5-6546c9532fa8","local_time":"20210208213256","is_ascension_mode":false,"campfire_choices":[{"data":"Defy","floor":6,"key":"SMITH"},{"floor":12,"key":"REST"},{"floor":15,"key":"DIG"},{"floor":25,"key":"REST"},{"floor":29,"key":"REST"}],"circlet_count":0,"master_deck":["Strike_S","Strike_S","Strike_S","Defend_S","Defend_S","Defend_S","KidneyShot","Exchange","BestPractice","ReturningBlade","Defy+1","FastForward","Moonlight","Ricochet","BottledTime","GearUp","Moonlight","MurderousAura","Alleviate+1","Starlight+1","DoubleEdge+1","Rearm","Misdirection","Luminosity","Moonlight","Shuttle","Rewind+1","Shuttle+1","ShatteredReality+1"],"relics":["Uniform","Regal Pillow","Toy Ornithopter","Smiling Mask","Replay:Kaleidoscope","Astrolabe","Toolbox","CultistMask","Letter Opener","Blood Vial"],"acts_visited":["Exordium","TheCity"],"potions_floor_usage":[13,26,27,27,31,31,33],"damage_taken":[{"damage":0,"enemies":"Small Slimes","floor":1,"turns":3},{"damage":0,"enemies":"Cultist","floor":3,"turns":4},{"damage":0,"enemies":"2 Louse","floor":4,"turns":4},{"damage":17,"enemies":"Gremlin Gang","floor":7,"turns":7},{"damage":4,"enemies":"Looter","floor":10,"turns":4},{"damage":21,"enemies":"Lagavulin","floor":13,"turns":8},{"damage":6,"enemies":"Lots of Slimes","floor":14,"turns":5},{"damage":23,"enemies":"Slime Boss","floor":16,"turns":15},{"damage":11,"enemies":"2 Thieves","floor":18,"turns":5},{"damage":12,"enemies":"Chosen","floor":19,"turns":4},{"damage":14,"enemies":"Snake Plant","floor":21,"turns":4},{"damage":22,"enemies":"Sentry and Sphere","floor":26,"turns":8},{"damage":43,"enemies":"Book of Stabbing","floor":27,"turns":7},{"damage":43,"enemies":"3 Cultists","floor":30,"turns":6},{"damage":10,"enemies":"Centurion and Healer","floor":31,"turns":7},{"damage":19,"enemies":"Cultist and Chosen","floor":33,"turns":6}],"seed_played":"3083384192145211720","potions_obtained":[{"floor":1,"key":"hexamod:SoulburnPotion"},{"floor":4,"key":"Milkshake"},{"floor":5,"key":"Regen Potion"},{"floor":11,"key":"Toxic Potion"},{"floor":11,"key":"Languid Potion"},{"floor":14,"key":"Languid Potion"},{"floor":16,"key":"PowerPotion"},{"floor":27,"key":"Ancient Potion"},{"floor":30,"key":"SteroidPotion"}],"is_trial":false,"path_per_floor":["M","?","M","M","?","R","M","$","T","M","?","R","E","M","R_BF","B",null,"M","M","$","M","?","PTL","PTL","R","M","E","T","R","M","M","$","M"],"character_chosen":"THE_SERVANT","items_purchased":["FastForward","Moonlight","Ricochet","Toolbox","LifebloodPotion","ShatteredReality+1"],"campfire_rested":3,"item_purchase_floors":[8,8,8,20,32,32],"current_hp_per_floor":[65,65,65,65,65,65,48,48,48,44,44,65,57,51,51,28,65,54,42,42,28,28,28,28,62,45,12,12,46,5,7,7,0,0],"gold":28,"neow_bonus":"RANDOM_COMMON_RELIC","is_daily":false,"chose_seed":false,"campfire_upgraded":1,"win_rate":0.0,"timestamp":1612837976,"path_taken":["M","?","?","M","?","R","?","$","T","M","?","R","E","?","R_BF","BOSS","M","M","$","M","?","PTL","PTL","R","M","E","T","R","M","M","$","M"],"items_purchased_type":["Card","Card","Card","Relic","Potion","Card"],"build_version":"2020-12-13","purchased_purges":0,"victory":false,"max_hp_per_floor":[65,65,65,65,65,65,65,65,65,65,65,65,65,65,65,65,65,65,65,65,65,65,65,65,65,65,65,65,65,65,65,65,65,65],"card_choices":[{"not_picked":["Misdirection","Potential"],"picked":"BestPractice","floor":1},{"not_picked":["Spin","Desolation"],"picked":"ReturningBlade","floor":3},{"not_picked":["Shuttle","TimeWarp"],"picked":"Defy","floor":4},{"not_picked":["Replace","Hightail"],"picked":"ShatteredReality","floor":7},{"not_picked":["Manipulate","FastForward"],"picked":"BottledTime","floor":10},{"not_picked":["ReturningBlade","Moondial"],"picked":"GearUp","floor":13},{"not_picked":["Rewind","Deny"],"picked":"Moonlight","floor":14},{"not_picked":["Embodiment","KillingDoll"],"picked":"MurderousAura","floor":16},{"not_picked":["FastForward","Replace"],"picked":"Rearm","floor":18},{"not_picked":["TimeWarp","Replace+1"],"picked":"Misdirection","floor":19},{"not_picked":["Revamp","Rearm+1"],"picked":"Luminosity","floor":21},{"not_picked":["BottledTime+1","Revamp"],"picked":"Moonlight","floor":26},{"not_picked":["Deny","Starlight"],"picked":"Shuttle","floor":27},{"not_picked":["Reset","Luminosity"],"picked":"Rewind+1","floor":30},{"not_picked":["Alleviate","Starlight"],"picked":"Shuttle+1","floor":31}],"player_experience":155138,"relics_obtained":[{"floor":9,"key":"Toy Ornithopter"},{"floor":13,"key":"Smiling Mask"},{"floor":15,"key":"Replay:Kaleidoscope"},{"floor":27,"key":"Letter Opener"},{"floor":28,"key":"Blood Vial"}],"event_choices":[{"damage_healed":0,"gold_gain":0,"player_choice":"Ignored","damage_taken":0,"max_hp_gain":0,"max_hp_loss":0,"event_name":"NoteForYourself","floor":2,"gold_loss":0},{"damage_healed":0,"gold_gain":0,"player_choice":"Bought 1 Potion","damage_taken":0,"max_hp_gain":0,"max_hp_loss":0,"event_name":"The Woman in Blue","floor":5,"gold_loss":0},{"damage_healed":0,"gold_gain":0,"player_choice":"Got Potions","damage_taken":0,"max_hp_gain":0,"max_hp_loss":0,"event_name":"Lab","floor":11,"gold_loss":0},{"damage_healed":0,"gold_gain":0,"player_choice":"Trade","damage_taken":0,"relics_obtained":["CultistMask"],"max_hp_gain":0,"max_hp_loss":0,"event_name":"FaceTrader","floor":22,"gold_loss":0}],"is_beta":false,"boss_relics":[{"not_picked":["bronze:MakeshiftBattery","Replay:Bronze Core"],"picked":"Astrolabe"}],"items_purged_floors":[],"is_endless":false,"potions_floor_spawned":[1,4,14,16,19,27,30],"killed_by":"Cultist and Chosen","ascension_level":0}}