{"host":"9fuvscx47tolndfl","time":1612840325,"event":{"mods":["AYAYA","AchievementEnabler","Act Like it!","Aspiration","BaseMod","Beaked The Cultist","Better Match","Better Note","Better Third Choice","CapriCore","Colored Map","Colored Powertips","Conspire","Downfall","GungeonMod","Halation","Hermit","Hubris","Infinite Spire","Jedi Mod","Jorbs\u0027s Wanderer Trilogy","Koishi","Luminous","Marisa????????","Minty Spire (QoL Compilation)","Prisma Mod","Rare Cards Sparkle","Remilia??????","Replay The Spire","Shade Mod","Shop Mod","StSLib","The Administrix","The Alterego","The Animator","The Bug Knight","The Construct","The Cursed","The Disciple","The Fake Hero","The Forsaken","The Hayseed","The Hierophant","The Immortal","The Jungle","The Necromancer","The Poker Player","The Problem Sleuth","The Runesmith","The Servant 0.9.4","TheHero","Waifu the Spire","Wandering Minibosses","WarShipGirlsR/????R mod","Yuyuko","thorton"],"gold_per_floor":[116,133,166,178,188,188,204,204,231,264,264,274,293,304,304,407,407,420,1,14,14,25,25,54,54,78,78,75,75,75,90,90,200,200,233,260,260,260,17,17,40,40,66,6,61,97,119,18,18,23,23,23,23,55,60,60],"floor_reached":55,"language":"ENG","playtime":5631,"items_purged":[],"score":785,"play_id":"99812bd0-4b64-4ff7-8788-5dd7a5afd744","local_time":"20210208191205","is_ascension_mode":false,"campfire_choices":[{"floor":6,"key":"REST"},{"floor":8,"key":"REST"},{"floor":15,"key":"REST"},{"floor":23,"key":"RECALL"},{"data":"alterego_mod:Impale","floor":27,"key":"SMITH"},{"floor":29,"key":"REST"},{"data":"alterego_mod:TrickOrTreatment","floor":32,"key":"SMITH"},{"data":"alterego_mod:RingBreak","floor":40,"key":"SMITH"},{"data":"alterego_mod:Clap","floor":42,"key":"SMITH"},{"floor":49,"key":"REST"},{"data":"alterego_mod:TrashNCrash","floor":52,"key":"SMITH"}],"circlet_count":0,"master_deck":["alterego_mod:Strike","alterego_mod:Strike","alterego_mod:Strike","alterego_mod:Strike","alterego_mod:Defend","alterego_mod:Defend","alterego_mod:Defend","alterego_mod:Defend","alterego_mod:Impale+1","alterego_mod:BigMeatyClaws+1","alterego_mod:BrynhildrsRune","alterego_mod:DeftHands","alterego_mod:Birthday","alterego_mod:Undulate","alterego_mod:BiFurious","alterego_mod:Lingerie","alterego_mod:MaintainEyeContact","alterego_mod:DiscoLights","alterego_mod:Undulate","alterego_mod:Bounce","alterego_mod:RidiculouslyBig","alterego_mod:Tantrum","alterego_mod:Valentines","alterego_mod:SakuraFive","alterego_mod:Bounce","Swift Strike","alterego_mod:Rip","alterego_mod:TrashNCrash+1","alterego_mod:TrickOrTreatment+1","alterego_mod:Crossover+1","alterego_mod:Table+1","alterego_mod:RingBreak+1","alterego_mod:Bounce","alterego_mod:Clap+1","Amnesia","alterego_mod:Undulate","alterego_mod:Stockings","alterego_mod:MaintainEyeContact","ReplayTheSpireMod:Uncanny Aura","alterego_mod:RidiculouslyBig+1","alterego_mod:RocketPunch+1","alterego_mod:Santa","alterego_mod:Belle+1","alterego_mod:Bounce","alterego_mod:PresenceConcealment+1","hubris:NaturalOne"],"relics":["alterego_mod:MasochisticConstitution","Replay:Bottled Flurry","Pet Ghost","Happy Flower","thethorton:BottledFunds","DemoMod:PinkGuonStone","halation:WeightlessCrab","Tiny Chest","infinitespire:EvilPickle","aspiration:SecretTechniqueScroll","hubris:Icosahedron","Vajra","DemoMod:MonsterBlood","CatCart","conspire:TopHat","Lantern"],"acts_visited":["Exordium","TheCity","TheBeyond","TheEnding"],"potions_floor_usage":[3,12,16,16,28,31,33,45,50,55,55,55],"damage_taken":[{"damage":12,"enemies":"Small Slimes","floor":1,"turns":4},{"damage":0,"enemies":"Jaw Worm","floor":2,"turns":3},{"damage":21,"enemies":"conspire:MimicChest","floor":3,"turns":4},{"damage":16,"enemies":"Cultist","floor":4,"turns":4},{"damage":36,"enemies":"Exordium Thugs","floor":5,"turns":8},{"damage":19,"enemies":"3 Louse","floor":7,"turns":5},{"damage":29,"enemies":"HollowMod:MossKnight","floor":10,"turns":12},{"damage":8,"enemies":"conspire:2 RoseBushes","floor":12,"turns":6},{"damage":0,"enemies":"Looter","floor":13,"turns":4},{"damage":1,"enemies":"Large Slime","floor":14,"turns":7},{"damage":49,"enemies":"Fading Forest","floor":16,"turns":11},{"damage":0,"enemies":"Spheric Guardian","floor":18,"turns":2},{"damage":4,"enemies":"3 Byrds","floor":20,"turns":7},{"damage":1,"enemies":"Snecko","floor":22,"turns":5},{"damage":12,"enemies":"Replay:Snechameleon","floor":24,"turns":3},{"damage":20,"enemies":"Gremlin Leader","floor":28,"turns":1},{"damage":19,"enemies":"Shelled Parasite and Fungi","floor":31,"turns":4},{"damage":6,"enemies":"Pondfish","floor":33,"turns":8},{"damage":2,"enemies":"Orb Walker","floor":35,"turns":2},{"damage":7,"enemies":"3 Shapes","floor":36,"turns":3},{"damage":0,"enemies":"Orin","floor":45,"turns":2},{"damage":58,"enemies":"Nemesis","floor":46,"turns":6},{"damage":28,"enemies":"Sphere and 2 Shapes","floor":47,"turns":4},{"damage":102,"enemies":"Time Eater","floor":50,"turns":9},{"damage":43,"enemies":"Shield and Spear","floor":54,"turns":7},{"damage":118,"enemies":"The Heart","floor":55,"turns":7}],"seed_played":"-3940096729556813304","potions_obtained":[{"floor":1,"key":"Fire Potion"},{"floor":5,"key":"Ancient Potion"},{"floor":10,"key":"jedi:StrikingPotion"},{"floor":12,"key":"DemoMod:LeadSkinPotion"},{"floor":14,"key":"ColorlessPotion"},{"floor":21,"key":"jedi:holywater"},{"floor":21,"key":"PowerPotion"},{"floor":28,"key":"DemoMod:BlankPotion"},{"floor":31,"key":"construct:ShiftPotion"},{"floor":35,"key":"DuplicationPotion"},{"floor":54,"key":"Dexterity Potion"}],"is_trial":false,"path_per_floor":["M","M","?","M","M","R","M","R","T","E","?","M","M","M","R","B",null,"M","$","M","?","M","R","E","M","T","R","E","R","?","M","R","B",null,"M","M","?","?","$","R","T","R","T","$","?","E","M","$","R","B",null,"R","$","E","B"],"character_chosen":"The_Alterego","items_purchased":["alterego_mod:SakuraFive","alterego_mod:Bounce","DemoMod:PinkGuonStone","Swift Strike","alterego_mod:Undulate","alterego_mod:Stockings","alterego_mod:MaintainEyeContact","ReplayTheSpireMod:Uncanny Aura","alterego_mod:RidiculouslyBig+1","alterego_mod:Bounce","Swift Potion"],"campfire_rested":5,"item_purchase_floors":[19,19,19,19,39,39,39,39,44,48,48],"current_hp_per_floor":[66,66,48,35,9,33,17,41,41,15,23,18,20,29,54,25,86,86,93,90,90,92,92,83,83,83,83,64,93,93,84,84,81,99,98,99,99,99,99,99,99,99,106,106,106,57,32,32,65,22,111,111,111,71,0,0],"gold":60,"neow_bonus":"TEN_PERCENT_HP_BONUS","is_daily":false,"chose_seed":false,"campfire_upgraded":5,"win_rate":0.0,"timestamp":1612840325,"path_taken":["M","M","?","M","M","R","M","R","T","E","?","?","M","M","R","BOSS","M","$","M","?","M","R","E","M","T","R","E","R","?","M","R","BOSS","M","M","?","?","$","R","?","R","T","$","?","E","M","?","R","BOSS","R","$","E","BOSS"],"items_purchased_type":["Card","Card","Relic","Card","Card","Card","Card","Card","Card","Card","Potion"],"build_version":"2020-12-22","purchased_purges":0,"victory":false,"max_hp_per_floor":[78,78,79,80,81,81,82,82,82,83,83,84,84,85,85,86,86,86,93,94,94,95,95,96,96,96,96,97,97,97,98,98,99,99,100,101,101,101,101,101,101,101,108,108,108,109,110,110,110,111,111,111,111,112,112,112],"card_choices":[{"not_picked":["alterego_mod:MagicResistance","alterego_mod:Complex"],"picked":"alterego_mod:DeftHands","floor":1},{"not_picked":["alterego_mod:Cycle","alterego_mod:Bloomers"],"picked":"alterego_mod:Birthday","floor":2},{"not_picked":["alterego_mod:Birthday","alterego_mod:Rip"],"picked":"alterego_mod:Undulate","floor":3},{"not_picked":["alterego_mod:Punishment","alterego_mod:PerceptionDisorder"],"picked":"alterego_mod:BiFurious","floor":4},{"not_picked":["alterego_mod:Cycle","alterego_mod:Bloomers"],"picked":"alterego_mod:Lingerie","floor":5},{"not_picked":["alterego_mod:Smother","alterego_mod:BiFurious"],"picked":"alterego_mod:MaintainEyeContact","floor":7},{"not_picked":["alterego_mod:MagicResistance","alterego_mod:Pet"],"picked":"alterego_mod:DiscoLights","floor":10},{"not_picked":["alterego_mod:Pet","alterego_mod:RocketPunch"],"picked":"alterego_mod:Undulate","floor":12},{"not_picked":["alterego_mod:SakuraLabyrinth","alterego_mod:HighServant"],"picked":"alterego_mod:Bounce","floor":13},{"not_picked":["alterego_mod:Complex","alterego_mod:Valentines"],"picked":"alterego_mod:RidiculouslyBig","floor":14},{"not_picked":["alterego_mod:Alter","alterego_mod:ClassAdvantage"],"picked":"alterego_mod:Tantrum","floor":16},{"not_picked":["alterego_mod:Cooking+1","alterego_mod:Maid+1"],"picked":"alterego_mod:Valentines","floor":18},{"not_picked":["alterego_mod:PerceptionDisorder","alterego_mod:Maid"],"picked":"alterego_mod:Rip","floor":20},{"not_picked":["alterego_mod:Undulate","alterego_mod:Punishment"],"picked":"alterego_mod:TrashNCrash","floor":22},{"not_picked":["alterego_mod:Cycle","alterego_mod:1TonWallop+1"],"picked":"alterego_mod:TrickOrTreatment","floor":24},{"not_picked":["alterego_mod:RidiculouslyBig","alterego_mod:Jiggle"],"picked":"alterego_mod:Crossover+1","floor":28},{"not_picked":["alterego_mod:Stockings","alterego_mod:TrashNCrash"],"picked":"alterego_mod:Table+1","floor":31},{"not_picked":["alterego_mod:Vow","alterego_mod:Rake"],"picked":"alterego_mod:RingBreak","floor":33},{"not_picked":["alterego_mod:DiscoLights","alterego_mod:MaintainEyeContact+1"],"picked":"alterego_mod:Bounce","floor":35},{"not_picked":["alterego_mod:Complex+1","alterego_mod:Cycle+1"],"picked":"alterego_mod:Clap","floor":36},{"not_picked":["alterego_mod:Complex+1","alterego_mod:PresenceConcealment+1"],"picked":"alterego_mod:RocketPunch+1","floor":45},{"not_picked":["alterego_mod:Stockings","alterego_mod:HighServant"],"picked":"alterego_mod:Santa","floor":46},{"not_picked":["alterego_mod:Rip","alterego_mod:Maid+1"],"picked":"alterego_mod:Belle+1","floor":47},{"not_picked":["alterego_mod:DeftHands","alterego_mod:Cycle+1"],"picked":"alterego_mod:PresenceConcealment+1","floor":54}],"player_experience":223929,"relics_obtained":[{"floor":3,"key":"DemoMod:WeirdEgg"},{"floor":9,"key":"Pet Ghost"},{"floor":10,"key":"Happy Flower"},{"floor":24,"key":"halation:WeightlessCrab"},{"floor":28,"key":"Tiny Chest"},{"floor":41,"key":"Vajra"},{"floor":43,"key":"DemoMod:MonsterBlood"},{"floor":45,"key":"CatCart"},{"floor":46,"key":"conspire:TopHat"},{"floor":54,"key":"Lantern"}],"event_choices":[{"damage_healed":0,"gold_gain":0,"player_choice":"Got Potions","damage_taken":0,"max_hp_gain":0,"max_hp_loss":0,"event_name":"Lab","floor":21,"gold_loss":0},{"damage_healed":0,"gold_gain":0,"player_choice":"Upgraded","damage_taken":0,"max_hp_gain":0,"max_hp_loss":0,"event_name":"Upgrade Shrine","floor":30,"gold_loss":0,"cards_upgraded":["alterego_mod:BigMeatyClaws"]},{"damage_healed":0,"gold_gain":0,"player_choice":"Fight","damage_taken":0,"max_hp_gain":0,"max_hp_loss":0,"event_name":"OrinTheCat","floor":45,"gold_loss":0}],"is_beta":false,"boss_relics":[{"not_picked":["Replay:Bronze Core","thethorton:GreedFountain"],"picked":"thethorton:BottledFunds"},{"not_picked":["halation:SmartPhone","jedi:paperlyon"],"picked":"aspiration:SecretTechniqueScroll"}],"items_purged_floors":[],"is_endless":false,"potions_floor_spawned":[1,5,10,12,14,28,31,35,54],"killed_by":"The Heart","ascension_level":0}}