{"host":"87a3rj29cw2xf47c","time":1612911606,"event":{"mods":["BaseMod","Highlight Path","Minty Spire (QoL Compilation)","StSLib"],"gold_per_floor":[18,118,134,152,171,171,96,112,137,147,147,176,189,189,189,286,286,306,306,205,205,221,221,246,246,546,562,562,579,606,606,606,711,711,726,736,396,415,425,460,460,487,568,597,614,14,28,28,28,28,28,28,28,57,57],"floor_reached":56,"language":"ENG","playtime":5308,"items_purged":["Strike_P","Defend_P","Writhe","Normality"],"score":1304,"play_id":"dc3c373b-0f1c-42b6-bd96-9dc0a32185a1","local_time":"20210210000005","is_ascension_mode":false,"campfire_choices":[{"floor":6.0,"key":"DIG"},{"floor":11.0,"key":"DIG"},{"floor":15.0,"key":"DIG"},{"data":"WheelKick","floor":23.0,"key":"SMITH"},{"data":"FollowUp","floor":25.0,"key":"SMITH"},{"data":"Eruption","floor":28.0,"key":"SMITH"},{"floor":32.0,"key":"REST"},{"data":"Devotion","floor":41.0,"key":"SMITH"},{"floor":49,"key":"RECALL"},{"data":"TalkToTheHand","floor":52,"key":"SMITH"}],"circlet_count":0,"master_deck":["Strike_P+1","Strike_P","Defend_P+1","Defend_P+1","Defend_P+1","Eruption+1","Vigilance+1","EmptyBody+1","FollowUp+1","Conclude+1","ThirdEye+1","WheelKick+1","Blasphemy","CutThroughFate+1","Necronomicurse","LessonLearned+1","Indignation+1","DeceiveReality+1","Devotion+1","Fasting2+1","LikeWater+1","Devotion","ClearTheMind+1","Wallop+1","TalkToTheHand+1","ThirdEye+1","Prostrate+1","FearNoEvil","MentalFortress","WheelKick+1","Madness+1","Finesse+1","Mayhem","SashWhip+1"],"relics":["PureWater","Anchor","Centennial Puzzle","Oddly Smooth Stone","Smiling Mask","Juzu Bracelet","Black Star","Nloth\u0027s Gift","Necronomicon","Art of War","Turnip","Old Coin","Regal Pillow","Dead Branch","Pocketwatch","Cursed Key","War Paint","Whetstone","Lizard Tail","Meat on the Bone","Toy Ornithopter","Toxic Egg 2","Blood Vial","Question Card","Bottled Tornado","Strawberry","Boot"],"acts_visited":["Exordium","TheCity","TheBeyond","TheEnding"],"potions_floor_usage":[47,50,55],"damage_taken":[{"damage":0.0,"enemies":"Small Slimes","floor":1.0,"turns":2.0},{"damage":0.0,"enemies":"Cultist","floor":3.0,"turns":4.0},{"damage":0.0,"enemies":"2 Louse","floor":4.0,"turns":1.0},{"damage":0.0,"enemies":"2 Fungi Beasts","floor":5.0,"turns":2.0},{"damage":0.0,"enemies":"Looter","floor":8.0,"turns":3.0},{"damage":0.0,"enemies":"Blue Slaver","floor":10.0,"turns":5.0},{"damage":1.0,"enemies":"Lagavulin","floor":12.0,"turns":5.0},{"damage":0.0,"enemies":"Exordium Thugs","floor":13.0,"turns":3.0},{"damage":13.0,"enemies":"Slime Boss","floor":16.0,"turns":7.0},{"damage":10.0,"enemies":"Shell Parasite","floor":18.0,"turns":8.0},{"damage":18.0,"enemies":"3 Byrds","floor":22.0,"turns":9.0},{"damage":18.0,"enemies":"Slavers","floor":24.0,"turns":5.0},{"damage":0.0,"enemies":"3 Cultists","floor":27.0,"turns":4.0},{"damage":4.0,"enemies":"Centurion and Healer","floor":29.0,"turns":3.0},{"damage":25.0,"enemies":"Gremlin Leader","floor":30.0,"turns":5.0},{"damage":37.0,"enemies":"Champ","floor":33.0,"turns":8.0},{"damage":2.0,"enemies":"3 Darklings","floor":35.0,"turns":3.0},{"damage":0.0,"enemies":"Orb Walker","floor":36.0,"turns":2.0},{"damage":14.0,"enemies":"4 Shapes","floor":38.0,"turns":7.0},{"damage":0.0,"enemies":"Spire Growth","floor":39.0,"turns":5.0},{"damage":6.0,"enemies":"Nemesis","floor":40.0,"turns":3.0},{"damage":0.0,"enemies":"Reptomancer","floor":42.0,"turns":2.0},{"damage":35.0,"enemies":"Nemesis","floor":44.0,"turns":7.0},{"damage":5.0,"enemies":"Jaw Worm Horde","floor":45.0,"turns":4.0},{"damage":12,"enemies":"Writhing Mass","floor":47,"turns":5},{"damage":22,"enemies":"Awakened One","floor":50,"turns":8},{"damage":31,"enemies":"Shield and Spear","floor":54,"turns":5},{"damage":84,"enemies":"The Heart","floor":55,"turns":10}],"seed_played":"5471069760934922690","potions_obtained":[{"floor":1.0,"key":"Regen Potion"},{"floor":3.0,"key":"Regen Potion"},{"floor":4.0,"key":"BottledMiracle"},{"floor":10.0,"key":"LiquidMemories"},{"floor":18.0,"key":"FearPotion"},{"floor":24.0,"key":"CultistPotion"},{"floor":27.0,"key":"PowerPotion"},{"floor":33.0,"key":"GamblersBrew"},{"floor":45.0,"key":"StancePotion"},{"floor":47,"key":"Fruit Juice"}],"is_trial":false,"path_per_floor":["M","?","M","M","M","R","$","M","T","M","R","E","M","?","R","B",null,"M","?","$","?","M","R","E","R","T","M","R","M","E","?","R","B",null,"M","M","$","M","M","E","R","E","T","E","M","$","M","?","R","B",null,"R","$","E","B",null],"character_chosen":"WATCHER","items_purchased":["CutThroughFate","War Paint","Whetstone","Bottled Tornado","TalkToTheHand","ThirdEye+1","Prostrate+1","FearNoEvil","MentalFortress"],"campfire_rested":1,"item_purchase_floors":[20,37,37,46,46,46,46,46,46],"current_hp_per_floor":[72,72,72,72,72,72,72,72,72,72,72,71,71,71,71,58,72,62,62,62,46,72,72,54,54,54,54,54,50,25,25,61,24,72,70,70,70,56,56,50,50,50,50,27,41,41,48,38,38,40,77,77,77,53,30],"gold":57,"neow_bonus":"ONE_RARE_RELIC","is_daily":false,"chose_seed":false,"campfire_upgraded":5,"win_rate":0.0,"timestamp":1612911605,"path_taken":["M","?","M","M","M","R","$","M","T","M","R","E","?","?","R","BOSS","M","?","$","?","M","R","E","R","T","M","R","M","E","?","R","BOSS","M","M","$","M","M","E","R","E","T","E","M","$","M","?","R","BOSS","R","$","E","BOSS"],"items_purchased_type":["Card","Relic","Relic","Relic","Card","Card","Card","Card","Card"],"build_version":"2020-12-22","purchased_purges":4,"victory":true,"max_hp_per_floor":[72,72,72,72,72,72,72,72,72,72,72,72,72,72,72,72,72,72,72,72,72,72,72,72,72,72,72,72,72,72,72,72,72,72,72,72,72,72,72,72,72,72,72,72,72,72,72,72,72,77,77,77,77,84,84],"card_choices":[{"not_picked":["Fasting2","WreathOfFlame"],"picked":"EmptyBody","floor":1.0},{"not_picked":["Wireheading","Meditate"],"picked":"FollowUp","floor":3.0},{"not_picked":["SandsOfTime","LikeWater"],"picked":"Conclude","floor":4.0},{"not_picked":["FollowUp","Fasting2","Weave"],"picked":"SKIP","floor":5.0},{"not_picked":["Consecrate","CrushJoints"],"picked":"ThirdEye","floor":8.0},{"not_picked":["Sanctity","Wallop"],"picked":"WheelKick","floor":10.0},{"not_picked":["CarveReality","ConjureBlade","Pray"],"picked":"SKIP","floor":12.0},{"not_picked":["Fasting2","FollowUp","EmptyMind"],"picked":"SKIP","floor":13.0},{"not_picked":["ConjureBlade","Brilliance"],"picked":"Blasphemy","floor":16.0},{"not_picked":["Prostrate","Fasting2","Adaptation"],"picked":"SKIP","floor":18.0},{"not_picked":["Protect","Collect","FollowUp"],"picked":"SKIP","floor":22.0},{"not_picked":["Alpha","Tantrum+1"],"picked":"LessonLearned","floor":24.0},{"not_picked":["CrushJoints","Worship","Conclude"],"picked":"SKIP","floor":27.0},{"not_picked":["DeceiveReality","EmptyFist"],"picked":"Indignation","floor":29.0},{"not_picked":["ConjureBlade","Sanctity"],"picked":"DeceiveReality","floor":30.0},{"not_picked":["Omniscience","Wish"],"picked":"Devotion","floor":33.0},{"not_picked":["FlurryOfBlows","EmptyBody+1","Evaluate+1"],"picked":"SKIP","floor":35.0},{"not_picked":["Sanctity+1","PathToVictory","Omniscience"],"picked":"SKIP","floor":36.0},{"not_picked":["MentalFortress","Evaluate","Swivel"],"picked":"SKIP","floor":38.0},{"not_picked":["BowlingBash+1","Collect+1"],"picked":"Fasting2+1","floor":39.0},{"not_picked":["SignatureMove","WindmillStrike"],"picked":"LikeWater+1","floor":40.0},{"not_picked":["Indignation+1","WaveOfTheHand+1"],"picked":"Devotion","floor":42.0},{"not_picked":["FollowUp","WindmillStrike"],"picked":"ClearTheMind+1","floor":44.0},{"not_picked":["Adaptation","Protect+1","PathToVictory+1"],"picked":"Wallop+1","floor":45.0},{"not_picked":["ClearTheMind+1","Vengeance+1","LikeWater+1"],"picked":"WheelKick+1","floor":47},{"not_picked":["Swift Strike","Secret Technique+1","Apotheosis+1"],"picked":"Madness+1","floor":48},{"not_picked":["Bandage Up+1","Jack Of All Trades+1","Deep Breath+1"],"picked":"Finesse+1","floor":48},{"not_picked":["Apotheosis+1","The Bomb+1","Discovery+1"],"picked":"Mayhem","floor":48},{"not_picked":["SignatureMove+1","ConjureBlade+1","LessonLearned"],"picked":"SashWhip+1","floor":54}],"player_experience":311082,"relics_obtained":[{"floor":6.0,"key":"Anchor"},{"floor":9.0,"key":"Centennial Puzzle"},{"floor":11.0,"key":"Oddly Smooth Stone"},{"floor":12.0,"key":"Smiling Mask"},{"floor":15.0,"key":"Juzu Bracelet"},{"floor":21.0,"key":"Necronomicon"},{"floor":24.0,"key":"Art of War"},{"floor":24.0,"key":"Turnip"},{"floor":26.0,"key":"Old Coin"},{"floor":30.0,"key":"Regal Pillow"},{"floor":30.0,"key":"Dead Branch"},{"floor":40.0,"key":"Lizard Tail"},{"floor":40.0,"key":"Meat on the Bone"},{"floor":42.0,"key":"Toy Ornithopter"},{"floor":42.0,"key":"Toxic Egg 2"},{"floor":44.0,"key":"Blood Vial"},{"floor":44.0,"key":"Question Card"},{"floor":54,"key":"Strawberry"},{"floor":54,"key":"Boot"}],"event_choices":[{"damage_healed":0.0,"max_hp_gain":0.0,"max_hp_loss":0.0,"gold_gain":100.0,"event_name":"Golden Shrine","player_choice":"Pray","floor":2.0,"gold_loss":0.0,"damage_taken":0.0},{"cards_removed":["Strike_P"],"damage_healed":0.0,"max_hp_gain":0.0,"max_hp_loss":0.0,"gold_gain":0.0,"event_name":"Purifier","player_choice":"Purged","floor":14.0,"gold_loss":0.0,"damage_taken":0.0},{"damage_healed":0.0,"max_hp_gain":0.0,"max_hp_loss":0.0,"gold_gain":0.0,"event_name":"N\u0027loth","player_choice":"Traded Relic","floor":19.0,"relics_lost":["Shovel"],"gold_loss":0.0,"damage_taken":0.0,"relics_obtained":["Nloth\u0027s Gift"]},{"damage_healed":0.0,"max_hp_gain":0.0,"max_hp_loss":0.0,"gold_gain":0.0,"event_name":"Cursed Tome","player_choice":"Obtained Book","floor":21.0,"gold_loss":0.0,"damage_taken":16.0},{"damage_healed":0.0,"max_hp_gain":0.0,"max_hp_loss":0.0,"gold_gain":0.0,"event_name":"The Mausoleum","player_choice":"Opened","floor":31.0,"gold_loss":0.0,"damage_taken":0.0,"relics_obtained":["Pocketwatch"],"cards_obtained":["Writhe"]},{"damage_healed":0,"gold_gain":0,"player_choice":"Memory 3","damage_taken":10,"max_hp_gain":0,"max_hp_loss":0,"event_name":"SensoryStone","floor":48,"gold_loss":0}],"is_beta":false,"boss_relics":[{"not_picked":["Philosopher\u0027s Stone","HolyWater"],"picked":"Black Star"},{"not_picked":["Empty Cage","Astrolabe"],"picked":"Cursed Key"}],"items_purged_floors":[7,20,37,46],"is_endless":false,"potions_floor_spawned":[1,3,4,10,12,13,18,24,27,33,36,44,45,47],"ascension_level":0}}