{"host":"2pmmafybkq7zb6na","time":1612882679,"event":{"mods":["AchievementEnabler","BaseMod","Colored Map","Highlight Path","Keyboard Shortcuts","Minty Spire (QoL Compilation)","Quick Restart","StSLib","SuperFastMode"],"gold_per_floor":[111,121,133,144,163,163,16,43,43,106,119,134,169,169,169,269,269,281,39,39,52,52,52,77,77,77,77,95,123,133,133,133,133,133],"floor_reached":33,"language":"KOR","playtime":1783,"items_purged":["Strike_G","Strike_G"],"score":363,"play_id":"9f8ef728-b2e7-4287-84a3-10e7d57850b2","local_time":"20210209235759","is_ascension_mode":true,"campfire_choices":[{"data":"Blade Dance","floor":6,"key":"SMITH"},{"data":"Terror","floor":15,"key":"SMITH"},{"data":"Calculated Gamble","floor":23,"key":"SMITH"},{"data":"Survivor","floor":25,"key":"SMITH"},{"data":"Ghostly","floor":32,"key":"SMITH"}],"circlet_count":0,"master_deck":["Strike_G","Strike_G","Defend_G","Defend_G","Defend_G","Defend_G","Defend_G","Survivor+1","Neutralize","Calculated Gamble+1","Flying Knee","Slice","Masterful Stab","Blade Dance+1","Terror+1","Reflex","Escape Plan","Dagger Spray+1","PiercingWail","Acrobatics","CurseOfTheBell","Finisher+1","Footwork","Writhe","Blade Dance","Ghostly+1","Ghostly","Ghostly","Ghostly","Ghostly","Prepared","Deflect","Malaise","Decay"],"relics":["Ring of the Snake","PreservedInsect","Molten Egg 2","Girya","InkBottle","Calling Bell","Snake Skull","Eternal Feather","FossilizedHelix","Pen Nib","Juzu Bracelet","Orichalcum","Dream Catcher"],"acts_visited":["Exordium","TheCity"],"potions_floor_usage":[13,24,28,29,33,33],"damage_taken":[{"damage":0,"enemies":"2 Louse","floor":1,"turns":4},{"damage":2,"enemies":"Small Slimes","floor":2,"turns":3},{"damage":3,"enemies":"Jaw Worm","floor":3,"turns":4},{"damage":2,"enemies":"Looter","floor":4,"turns":3},{"damage":4,"enemies":"Large Slime","floor":5,"turns":7},{"damage":12,"enemies":"Gremlin Nob","floor":8,"turns":3},{"damage":0,"enemies":"Gremlin Nob","floor":10,"turns":2},{"damage":2,"enemies":"Exordium Thugs","floor":11,"turns":3},{"damage":1,"enemies":"Red Slaver","floor":12,"turns":2},{"damage":8,"enemies":"3 Sentries","floor":13,"turns":4},{"damage":19,"enemies":"Slime Boss","floor":16,"turns":7},{"damage":0,"enemies":"Chosen","floor":18,"turns":3},{"damage":0,"enemies":"Shell Parasite","floor":21,"turns":2},{"damage":1,"enemies":"Book of Stabbing","floor":24,"turns":3},{"damage":0,"enemies":"Shelled Parasite and Fungi","floor":28,"turns":6},{"damage":0,"enemies":"Slavers","floor":29,"turns":4},{"damage":0,"enemies":"Snake Plant","floor":30,"turns":7},{"damage":55,"enemies":"Champ","floor":33,"turns":13}],"seed_played":"-4013679342675608619","potions_obtained":[{"floor":3,"key":"SkillPotion"},{"floor":5,"key":"Energy Potion"},{"floor":8,"key":"SpeedPotion"},{"floor":13,"key":"Poison Potion"},{"floor":21,"key":"SteroidPotion"},{"floor":24,"key":"LiquidMemories"},{"floor":28,"key":"Dexterity Potion"},{"floor":29,"key":"Poison Potion"}],"is_trial":false,"path_per_floor":["M","M","M","M","M","R","$","E","T","?","M","M","E","?","R","B",null,"M","$","?","M","?","R","E","R","T","?","M","E","M","?","R","B"],"character_chosen":"THE_SILENT","items_purchased":["Terror","Finisher+1","Footwork"],"campfire_rested":0,"item_purchase_floors":[7,19,19],"current_hp_per_floor":[77,75,72,70,66,66,66,54,54,54,52,51,43,48,48,29,82,82,82,82,82,82,82,81,82,82,41,41,41,41,41,41,0,0],"gold":133,"neow_bonus":"TEN_PERCENT_HP_BONUS","is_daily":false,"chose_seed":false,"campfire_upgraded":5,"win_rate":0.0,"timestamp":1612882679,"path_taken":["M","M","M","M","M","R","$","E","T","?","M","M","E","?","R","BOSS","M","$","?","M","?","R","E","R","T","?","M","E","M","?","R","BOSS"],"items_purchased_type":["Card","Card","Card"],"build_version":"2020-12-22","purchased_purges":2,"victory":false,"max_hp_per_floor":[77,77,77,77,77,77,77,77,77,77,77,77,77,82,82,82,82,82,82,82,82,82,82,82,82,82,41,41,41,41,41,41,41,41],"card_choices":[{"not_picked":["Acrobatics","Dagger Throw"],"picked":"Calculated Gamble","floor":1},{"not_picked":["Predator","Dodge and Roll"],"picked":"Flying Knee","floor":2},{"not_picked":["Noxious Fumes","Dodge and Roll"],"picked":"Slice","floor":3},{"not_picked":["Cloak And Dagger","Bane"],"picked":"Masterful Stab","floor":4},{"not_picked":["Dagger Spray","Slice"],"picked":"Blade Dance","floor":5},{"not_picked":["Distraction","Cloak And Dagger"],"picked":"Reflex","floor":8},{"not_picked":["Dagger Spray+1","Deadly Poison"],"picked":"Escape Plan","floor":10},{"not_picked":["Dagger Throw+1","Skewer+1"],"picked":"Dagger Spray+1","floor":11},{"not_picked":["Venomology","Dagger Spray+1"],"picked":"PiercingWail","floor":12},{"not_picked":["Dash+1","Dodge and Roll"],"picked":"Acrobatics","floor":13},{"not_picked":["PiercingWail","Heel Hook+1","Distraction"],"picked":"SKIP","floor":18},{"not_picked":["Quick Slash+1","Bouncing Flask+1"],"picked":"Blade Dance","floor":21},{"not_picked":["All Out Attack+1","Predator+1","Caltrops"],"picked":"SKIP","floor":24},{"not_picked":["Distraction","Finisher+1"],"picked":"Prepared","floor":28},{"not_picked":["Leg Sweep","Deadly Poison"],"picked":"Deflect","floor":29},{"not_picked":["Dagger Spray+1","Blade Dance"],"picked":"Malaise","floor":30}],"player_experience":132606,"relics_obtained":[{"floor":8,"key":"PreservedInsect"},{"floor":9,"key":"Molten Egg 2"},{"floor":10,"key":"Girya"},{"floor":13,"key":"InkBottle"},{"floor":17,"key":"Snake Skull"},{"floor":17,"key":"Eternal Feather"},{"floor":17,"key":"FossilizedHelix"},{"floor":24,"key":"Juzu Bracelet"},{"floor":26,"key":"Orichalcum"},{"floor":29,"key":"Dream Catcher"}],"event_choices":[{"damage_healed":0,"gold_gain":0,"player_choice":"Searched \u00271\u0027 times","damage_taken":0,"max_hp_gain":0,"max_hp_loss":0,"event_name":"Dead Adventurer","floor":10,"gold_loss":0},{"damage_healed":0,"gold_gain":0,"player_choice":"Donut","damage_taken":0,"max_hp_gain":5,"max_hp_loss":0,"event_name":"Big Fish","floor":14,"gold_loss":0},{"damage_healed":0,"gold_gain":0,"player_choice":"Opened","damage_taken":0,"relics_obtained":["Pen Nib"],"max_hp_gain":0,"max_hp_loss":0,"event_name":"The Mausoleum","floor":20,"gold_loss":0,"cards_obtained":["Writhe"]},{"cards_removed":["Strike_G"],"damage_healed":0,"gold_gain":0,"player_choice":"Elegance","damage_taken":0,"max_hp_gain":0,"max_hp_loss":0,"event_name":"Back to Basics","floor":22,"gold_loss":0},{"damage_healed":0,"gold_gain":0,"player_choice":"Became a Ghost","damage_taken":0,"max_hp_gain":0,"max_hp_loss":41,"event_name":"Ghosts","floor":27,"gold_loss":0,"cards_obtained":["Ghostly","Ghostly","Ghostly","Ghostly","Ghostly"]},{"damage_healed":0,"gold_gain":0,"player_choice":"Cursed","damage_taken":0,"max_hp_gain":0,"max_hp_loss":0,"event_name":"Wheel of Change","floor":31,"gold_loss":0,"cards_obtained":["Decay"]}],"is_beta":false,"boss_relics":[{"not_picked":["Cursed Key","Tiny House"],"picked":"Calling Bell"}],"items_purged_floors":[7,19],"is_endless":false,"potions_floor_spawned":[3,5,8,13,21,24,28,29],"killed_by":"Champ","ascension_level":1}}