{"host":"e8rlfedn69rz2s07","time":1612897995,"event":{"mods":["AchievementEnabler","BaseMod","Minty Spire (QoL Compilation)","Permanent Neow","Relic Stats"],"gold_per_floor":[109,123,123,138,149,176,176,192,192,23,35,60,60,73,73,151,151,161,29,41,41,56,56,56],"floor_reached":23,"language":"ENG","playtime":874,"items_purged":["Strike_B"],"score":410,"play_id":"0483ffcd-956d-49a1-96ae-5c25118958ac","local_time":"20210209211315","is_ascension_mode":true,"campfire_choices":[{"data":"Defragment","floor":7,"key":"SMITH"},{"floor":15,"key":"REST"}],"circlet_count":0,"master_deck":["AscendersBane","Strike_B","Strike_B","Strike_B","Defend_B","Defend_B","Defend_B","Defend_B","Zap","Dualcast","Ball Lightning","Defragment","Sweeping Beam","Defragment+1","Tempest","Defragment","Hologram","Leap","Amplify","Self Repair","Turbo","Sunder"],"relics":["Cracked Core","Potion Belt","Symbiotic Virus","The Courier","Snecko Eye"],"acts_visited":["Exordium","TheCity"],"potions_floor_usage":[6,12,14,18,20,22,22,22],"damage_taken":[{"damage":3,"enemies":"2 Louse","floor":1,"turns":3},{"damage":3,"enemies":"Small Slimes","floor":2,"turns":3},{"damage":1,"enemies":"Cultist","floor":4,"turns":3},{"damage":11,"enemies":"Blue Slaver","floor":5,"turns":4},{"damage":20,"enemies":"Lagavulin","floor":6,"turns":6},{"damage":18,"enemies":"Large Slime","floor":8,"turns":4},{"damage":10,"enemies":"2 Fungi Beasts","floor":11,"turns":3},{"damage":11,"enemies":"Gremlin Nob","floor":12,"turns":3},{"damage":8,"enemies":"Blue Slaver","floor":14,"turns":2},{"damage":26,"enemies":"Hexaghost","floor":16,"turns":9},{"damage":15,"enemies":"Spheric Guardian","floor":18,"turns":4},{"damage":20,"enemies":"Chosen","floor":20,"turns":4},{"damage":42,"enemies":"Sentry and Sphere","floor":22,"turns":6},{"damage":10,"enemies":"Book of Stabbing","floor":23,"turns":1}],"seed_played":"-4387552123365082644","potions_obtained":[{"floor":1,"key":"SkillPotion"},{"floor":5,"key":"FocusPotion"},{"floor":8,"key":"DistilledChaos"},{"floor":11,"key":"SteroidPotion"},{"floor":12,"key":"SkillPotion"},{"floor":14,"key":"Energy Potion"},{"floor":20,"key":"Swift Potion"}],"is_trial":false,"path_per_floor":["M","M","?","M","M","E","R","M","T","$","M","E","?","M","R","B",null,"M","$","M","?","M","E"],"character_chosen":"DEFECT","items_purchased":["Defragment","SpeedPotion","DuplicationPotion","Self Repair"],"campfire_rested":1,"item_purchase_floors":[10,10,19,19],"current_hp_per_floor":[57,54,82,81,70,50,50,32,32,32,22,11,11,3,28,2,64,49,49,43,43,8,0,0],"gold":56,"neow_bonus":"TWENTY_PERCENT_HP_BONUS","is_daily":false,"chose_seed":false,"campfire_upgraded":1,"win_rate":0.0,"timestamp":1612897995,"path_taken":["M","M","?","M","M","E","R","M","T","$","M","E","?","M","R","BOSS","M","$","M","?","M","E"],"items_purchased_type":["Card","Potion","Potion","Card"],"build_version":"2020-12-22","purchased_purges":1,"victory":false,"max_hp_per_floor":[85,85,85,85,85,85,85,85,85,85,85,85,85,85,85,85,85,85,85,85,85,85,85,85],"relic_stats":{"counters":[14,55],"Snecko Eye":[27,21,25,21],"obtain_stats":[{"Potion Belt":6,"Snecko Eye":17,"The Courier":12,"Cracked Core":0,"Symbiotic Virus":9},{"Potion Belt":5,"Snecko Eye":10,"The Courier":8,"Cracked Core":0,"Symbiotic Virus":6},{"Potion Belt":19,"Snecko Eye":40,"The Courier":29,"Cracked Core":0,"Symbiotic Virus":23}]},"card_choices":[{"not_picked":["Auto Shields","Go for the Eyes"],"picked":"Ball Lightning","floor":1},{"not_picked":["Steam","Doom and Gloom"],"picked":"Defragment","floor":2},{"not_picked":["Reinforced Body","Melter"],"picked":"Sweeping Beam","floor":4},{"not_picked":["Reprogram","Sunder","BootSequence"],"picked":"SKIP","floor":5},{"not_picked":["Creative AI","Chaos"],"picked":"Defragment","floor":6},{"not_picked":["Streamline","Turbo"],"picked":"Tempest","floor":8},{"not_picked":["Ball Lightning","Stack"],"picked":"Hologram","floor":11},{"not_picked":["Reprogram","Gash","Sweeping Beam"],"picked":"SKIP","floor":12},{"not_picked":["Fusion","Gash"],"picked":"Leap","floor":14},{"not_picked":["Hyperbeam","Meteor Strike"],"picked":"Amplify","floor":16},{"not_picked":["Static Discharge+1","Barrage","Steam"],"picked":"SKIP","floor":18},{"not_picked":["Stack","Gash+1","Turbo"],"picked":"SKIP","floor":20},{"not_picked":["Stack","Gash+1"],"picked":"Turbo","floor":20},{"not_picked":["Go for the Eyes+1","Rip and Tear","Sunder"],"picked":"SKIP","floor":22},{"not_picked":["Go for the Eyes+1","Rip and Tear"],"picked":"Sunder","floor":22}],"player_experience":1056305,"relics_obtained":[{"floor":6,"key":"Potion Belt"},{"floor":9,"key":"Symbiotic Virus"},{"floor":12,"key":"The Courier"}],"event_choices":[{"damage_healed":28,"gold_gain":0,"player_choice":"Banana","damage_taken":0,"max_hp_gain":0,"max_hp_loss":0,"event_name":"Big Fish","floor":3,"gold_loss":0},{"damage_healed":0,"gold_gain":0,"player_choice":"Searched \u00270\u0027 times","damage_taken":0,"max_hp_gain":0,"max_hp_loss":0,"event_name":"Dead Adventurer","floor":13,"gold_loss":0},{"damage_healed":0,"gold_gain":0,"player_choice":"Ignored","damage_taken":0,"max_hp_gain":0,"max_hp_loss":0,"event_name":"Cursed Tome","floor":21,"gold_loss":0}],"is_beta":false,"boss_relics":[{"not_picked":["Inserter","Empty Cage"],"picked":"Snecko Eye"}],"items_purged_floors":[10],"is_endless":false,"potions_floor_spawned":[1,5,8,11,12,14,20],"killed_by":"Book of Stabbing","ascension_level":20}}