{"host":"vit9b6u76k1y61sh","time":1612846445,"event":{"mods":["BaseMod","Block Reminder","Colored Powertips","Highlight Path","Minty Spire (QoL Compilation)","Rare Cards Sparkle","Relic Sorter","Relic Stats","StSLib"],"gold_per_floor":[119,69,80,99,99,99,24,51,51,64,82,82,82,92,92,188,188,206,218,218,218,237,237,237,237],"floor_reached":24,"language":"ENG","playtime":1620,"items_purged":["Defend_B"],"score":208,"play_id":"dbcc3c0d-b5d1-4d36-a50e-15027cd3e0f6","local_time":"20210208235405","is_ascension_mode":true,"campfire_choices":[{"data":"White Noise","floor":6,"key":"SMITH"},{"floor":12,"key":"REST"},{"data":"Reprogram","floor":15,"key":"SMITH"},{"data":"Reinforced Body","floor":23,"key":"SMITH"}],"circlet_count":0,"master_deck":["Strike_B","Strike_B","Strike_B","Defend_B+1","Defend_B","Defend_B+1","Reprogram+1","White Noise+1","Rebound","Reinforced Body+1","Machine Learning","Scrape","Hologram","Self Repair"],"relics":["Cracked Core","NeowsBlessing","Matryoshka","Potion Belt","Juzu Bracelet","Empty Cage","Enchiridion"],"acts_visited":["Exordium","TheCity"],"potions_floor_usage":[8,14,16,22,22,24],"damage_taken":[{"damage":0,"enemies":"Jaw Worm","floor":1,"turns":1},{"damage":0,"enemies":"Small Slimes","floor":3,"turns":1},{"damage":0,"enemies":"Cultist","floor":4,"turns":1},{"damage":16,"enemies":"Lagavulin","floor":8,"turns":16},{"damage":13,"enemies":"Red Slaver","floor":10,"turns":3},{"damage":24,"enemies":"Exordium Thugs","floor":11,"turns":4},{"damage":0,"enemies":"Large Slime","floor":14,"turns":6},{"damage":20,"enemies":"The Guardian","floor":16,"turns":17},{"damage":11,"enemies":"Chosen","floor":18,"turns":10},{"damage":14,"enemies":"Shell Parasite","floor":19,"turns":11},{"damage":14,"enemies":"Sentry and Sphere","floor":22,"turns":11},{"damage":39,"enemies":"Gremlin Leader","floor":24,"turns":5}],"seed_played":"210967276410021208","potions_obtained":[{"floor":1,"key":"Block Potion"},{"floor":11,"key":"SkillPotion"},{"floor":14,"key":"Weak Potion"},{"floor":16,"key":"Strength Potion"},{"floor":19,"key":"Strength Potion"},{"floor":21,"key":"Energy Potion"},{"floor":21,"key":"Regen Potion"},{"floor":21,"key":"EssenceOfSteel"}],"is_trial":false,"path_per_floor":["M","?","M","M","?","R","$","E","T","M","M","R","?","M","R","B",null,"M","M","?","?","M","R","E"],"character_chosen":"DEFECT","items_purchased":[],"campfire_rested":1,"item_purchase_floors":[],"current_hp_per_floor":[75,75,75,75,60,60,60,44,44,31,7,29,22,22,22,2,75,64,50,34,34,35,35,0,0],"gold":237,"neow_bonus":"THREE_ENEMY_KILL","is_daily":false,"chose_seed":true,"campfire_upgraded":3,"win_rate":0.0,"timestamp":1612846445,"path_taken":["M","?","M","M","?","R","$","E","T","M","M","R","?","M","R","BOSS","M","M","?","?","M","R","E"],"items_purchased_type":[],"build_version":"2020-12-22","purchased_purges":1,"victory":false,"max_hp_per_floor":[75,75,75,75,75,75,75,75,75,75,75,75,75,75,75,75,75,75,75,75,75,75,75,75,75],"relic_stats":{"counters":[12,86],"Juzu Bracelet":0,"obtain_stats":[{"Potion Belt":9,"Matryoshka":8,"NeowsBlessing":0,"Enchiridion":20,"Juzu Bracelet":9,"Cracked Core":0,"Empty Cage":17},{"Potion Belt":4,"Matryoshka":4,"NeowsBlessing":0,"Enchiridion":10,"Juzu Bracelet":4,"Cracked Core":0,"Empty Cage":8},{"Potion Belt":19,"Matryoshka":19,"NeowsBlessing":0,"Enchiridion":70,"Juzu Bracelet":19,"Cracked Core":0,"Empty Cage":49}]},"card_choices":[{"not_picked":["Undo","Doom and Gloom"],"picked":"Reprogram","floor":1},{"not_picked":["Turbo","Ball Lightning"],"picked":"Storm","floor":3},{"not_picked":["Loop","Lockon"],"picked":"White Noise","floor":4},{"not_picked":["Beam Cell","BootSequence"],"picked":"Rebound","floor":8},{"not_picked":["Storm","Hologram","Fusion"],"picked":"SKIP","floor":10},{"not_picked":["Turbo","Barrage"],"picked":"Reinforced Body","floor":11},{"not_picked":["Redo","Hello World","Glacier"],"picked":"SKIP","floor":14},{"not_picked":["Thunder Strike","Reboot"],"picked":"Machine Learning","floor":16},{"not_picked":["Compile Driver","Storm"],"picked":"Scrape","floor":18},{"not_picked":["Steam","Doom and Gloom+1"],"picked":"Hologram","floor":19},{"not_picked":["Defragment","Loop"],"picked":"Self Repair","floor":22}],"player_experience":146631,"relics_obtained":[{"floor":8,"key":"Matryoshka"},{"floor":9,"key":"Potion Belt"},{"floor":9,"key":"Juzu Bracelet"},{"floor":20,"key":"Enchiridion"}],"event_choices":[{"cards_removed":["Strike_B"],"damage_healed":0,"gold_gain":0,"player_choice":"Card Removal","damage_taken":0,"max_hp_gain":0,"max_hp_loss":0,"event_name":"The Cleric","floor":2,"gold_loss":50},{"damage_healed":0,"gold_gain":0,"player_choice":"Entered Light","damage_taken":15,"max_hp_gain":0,"max_hp_loss":0,"event_name":"Shining Light","floor":5,"gold_loss":0,"cards_upgraded":["Defend_B","Defend_B"]},{"cards_removed":["Zap"],"damage_healed":0,"gold_gain":0,"player_choice":"Card Removal","damage_taken":7,"max_hp_gain":0,"max_hp_loss":0,"event_name":"Golden Wing","floor":13,"gold_loss":0},{"damage_healed":0,"gold_gain":0,"player_choice":"Obtained Book","damage_taken":16,"max_hp_gain":0,"max_hp_loss":0,"event_name":"Cursed Tome","floor":20,"gold_loss":0},{"damage_healed":0,"gold_gain":0,"player_choice":"Got Potions","damage_taken":0,"max_hp_gain":0,"max_hp_loss":0,"event_name":"Lab","floor":21,"gold_loss":0}],"is_beta":false,"boss_relics":[{"not_picked":["Velvet Choker","SlaversCollar"],"picked":"Empty Cage"}],"items_purged_floors":[7],"is_endless":false,"potions_floor_spawned":[1,11,14,16,19],"killed_by":"Gremlin Leader","ascension_level":1}}