{"host":"agdto6ifbg57aw9m","time":1612849842,"event":{"mods":["2.2 Compatiblity","Aspiration","BaseMod","BetterRewards","Duelist Mod","Friendly Minions","GifTheSpireLib","Halation","Infinite Spire","Minty Spire (QoL Compilation)","Replay The Spire","Spikes Relics","StSLib","Stuff the Spire","The Spell Scribe"],"gold_per_floor":[144,154,169,180,195,229,246,246,246,278,278,304,63,63,63],"floor_reached":14,"language":"ENG","playtime":1201,"items_purged":[],"score":196,"play_id":"d02cfcd4-62fb-4280-ae47-ddaa8d33ea26","local_time":"20210209005042","is_ascension_mode":true,"campfire_choices":[{"floor":8,"key":"REST"},{"data":"theDuelist:DarkOccultism","floor":11,"key":"SMITH"}],"circlet_count":0,"master_deck":["AscendersBane","theDuelist:CastleWalls","theDuelist:CastleWalls","theDuelist:ColossalFighter","theDuelist:CommandKnight","theDuelist:FeedbackWarrior","theDuelist:FeedbackWarrior","theDuelist:MightyWarrior","theDuelist:Sparks","theDuelist:Sparks","theDuelist:SuperheavySoulbuster","theDuelist:BullBlader","theDuelist:EarthquakeGiant","theDuelist:SuperheavySwordsman","theDuelist:Sogen","theDuelist:DarkOccultism+1","theDuelist:BattleWarrior","theDuelist:AlphaMagnet","theDuelist:BetaMagnet","theDuelist:MillenniumScorpion","theDuelist:GoyoDefender"],"relics":["theDuelist:MillenniumPuzzle","theDuelist:CardPoolRelic","theDuelist:CardPoolBasicRelic","theDuelist:BoosterPackPoolRelic","theDuelist:CardPoolAddRelic","theDuelist:CardPoolMinusRelic","theDuelist:CardPoolSaveRelic","theDuelist:CardPoolOptionsRelic","NeowsBlessing","CherryCoatedStake","aspiration:StickyExplosives_weak","StuffTheSpire:GrapeVine","Meat on the Bone","infinitespire:Freezer","theDuelist:ShopToken"],"acts_visited":["Exordium"],"potions_floor_usage":[12,12,14],"damage_taken":[{"damage":0,"enemies":"Cultist","floor":1,"turns":1},{"damage":0,"enemies":"Small Slimes","floor":2,"turns":1},{"damage":0,"enemies":"Jaw Worm","floor":3,"turns":1},{"damage":19,"enemies":"Lots of Slimes","floor":4,"turns":5},{"damage":0,"enemies":"2 Fungi Beasts","floor":5,"turns":2},{"damage":24,"enemies":"Gremlin Nob","floor":6,"turns":5},{"damage":13,"enemies":"Gremlin Gang","floor":7,"turns":3},{"damage":11,"enemies":"3 Sentries","floor":10,"turns":5},{"damage":21,"enemies":"Lagavulin","floor":12,"turns":5},{"damage":14,"enemies":"Gremlin Nob","floor":14,"turns":3}],"seed_played":"-6370618748473571378","potions_obtained":[{"floor":4,"key":"BlessingOfTheForge"},{"floor":5,"key":"SkillPotion"},{"floor":12,"key":"theDuelist:SummonArmorPotion"}],"is_trial":false,"path_per_floor":["M","M","M","M","M","E","M","R","T","E","R","E","$","E"],"character_chosen":"THE_DUELIST","items_purchased":["theDuelist:GoyoDefender","infinitespire:Freezer","theDuelist:ShopToken"],"campfire_rested":1,"item_purchase_floors":[13,13,13],"current_hp_per_floor":[63,63,63,44,44,20,10,31,31,25,25,4,4,0,0],"gold":63,"neow_bonus":"THREE_ENEMY_KILL","is_daily":false,"chose_seed":false,"campfire_upgraded":1,"win_rate":0.0,"timestamp":1612849842,"path_taken":["M","M","M","M","M","E","M","R","T","E","R","E","$","E"],"items_purchased_type":["Card","Relic","Relic"],"build_version":"2020-12-22","purchased_purges":0,"victory":false,"max_hp_per_floor":[70,70,70,70,70,70,70,70,70,70,70,70,70,70,70],"card_choices":[{"not_picked":["theDuelist:CommanderSwords","theDuelist:DarkCrusader","theDuelist:LightningBlade","theDuelist:Zombyra"],"picked":"theDuelist:BullBlader","floor":1},{"not_picked":["theDuelist:RainbowGravity","theDuelist:HaneHane","theDuelist:ReinforcementsArmy","theDuelist:FlameTiger"],"picked":"theDuelist:EarthquakeGiant","floor":2},{"not_picked":["theDuelist:DarkBurningAttack","theDuelist:ColossalFighter","theDuelist:OnslaughtFireKings","theDuelist:Zombyra"],"picked":"theDuelist:SuperheavySwordsman","floor":3},{"not_picked":["theDuelist:MeteorDestruction","theDuelist:CombinationAttack","theDuelist:LegendaryBlackBelt","theDuelist:EgoBoost"],"picked":"theDuelist:Sogen","floor":4},{"not_picked":["theDuelist:LegendarySword","theDuelist:FeedbackWarrior","theDuelist:DarkCrusader","theDuelist:BetaMagnet"],"picked":"theDuelist:DarkOccultism","floor":5},{"not_picked":["theDuelist:DokiDoki","theDuelist:BrushfireKnight","theDuelist:ValkMagnet","theDuelist:ReinforcementsArmy"],"picked":"theDuelist:BattleWarrior","floor":6},{"not_picked":["theDuelist:MightyWarrior","theDuelist:GoyoDefender","theDuelist:HardArmor","theDuelist:GammaMagnet"],"picked":"theDuelist:AlphaMagnet","floor":7},{"not_picked":["theDuelist:CelticGuardian","theDuelist:GoyoDefender","theDuelist:BullBlader","theDuelist:DawnKnight"],"picked":"theDuelist:BetaMagnet","floor":10},{"not_picked":["theDuelist:BigFire","theDuelist:LightningRodLord","theDuelist:ReinforcementsArmy","theDuelist:GauntletWarrior"],"picked":"theDuelist:MillenniumScorpion","floor":12}],"player_experience":616378,"relics_obtained":[{"floor":6,"key":"CherryCoatedStake"},{"floor":9,"key":"aspiration:StickyExplosives_weak"},{"floor":10,"key":"StuffTheSpire:GrapeVine"},{"floor":12,"key":"Meat on the Bone"}],"event_choices":[],"is_beta":false,"boss_relics":[],"items_purged_floors":[],"is_endless":false,"potions_floor_spawned":[4,5,6,12],"killed_by":"Gremlin Nob","ascension_level":15}}