{"host":"vlqejv0notyktumz","time":1612915147,"event":{"mods":["AchievementEnabler","BaseMod","Colored Map","Colored Powertips","Downfall","Googly Eyes","Minty Spire (QoL Compilation)","StSLib"],"gold_per_floor":[118,118,193,211,24,24,63,63,63,63,63,76,92,125,125,255,255,195,195,219,243,243,243],"floor_reached":22,"language":"ENG","playtime":491,"items_purged":["Strike_G"],"score":329,"play_id":"e7f2fcd1-b896-4907-ac56-144ddfbc6151","local_time":"20210209175907","is_ascension_mode":true,"campfire_choices":[{"data":"Noxious Fumes","floor":6,"key":"SMITH"},{"data":"Bane","floor":10,"key":"SMITH"},{"floor":15,"key":"REST"}],"circlet_count":0,"master_deck":["AscendersBane","Strike_G","Strike_G","Strike_G","Strike_G","Defend_G","Defend_G","Defend_G","Defend_G","Defend_G","Survivor","Neutralize","Blade Dance","Underhanded Strike","Noxious Fumes+1","Escape Plan","Bane+1","Catalyst","Bane","Envenom+1","CurseOfTheBell","Quick Slash"],"relics":["Ring of the Snake","NeowsBlessing","Golden Idol","Potion Belt","Frozen Egg 2","Kunai","Tiny Chest","Calling Bell","Regal Pillow","HornCleat","Turnip"],"acts_visited":["Exordium","TheCity"],"potions_floor_usage":[13,13,14,14,18],"damage_taken":[{"damage":0,"enemies":"2 Louse","floor":1,"turns":1},{"damage":0,"enemies":"Jaw Worm","floor":4,"turns":1},{"damage":0,"enemies":"3 Sentries","floor":7,"turns":1},{"damage":7,"enemies":"Small Slimes","floor":12,"turns":3},{"damage":0,"enemies":"Blue Slaver","floor":13,"turns":3},{"damage":31,"enemies":"Gremlin Nob","floor":14,"turns":5},{"damage":32,"enemies":"Hexaghost","floor":16,"turns":10},{"damage":6,"enemies":"2 Thieves","floor":18,"turns":3},{"damage":1,"enemies":"3 Byrds","floor":20,"turns":4},{"damage":28,"enemies":"Snake Plant","floor":21,"turns":5},{"damage":9,"enemies":"Sentry and Sphere","floor":22,"turns":5}],"seed_played":"-5889251491379639994","potions_obtained":[{"floor":7,"key":"EntropicBrew"},{"floor":13,"key":"SkillPotion"},{"floor":14,"key":"sneckomod:MuddlingPotion"}],"is_trial":false,"path_per_floor":["M","?","?","M","$","R","E","$","T","R","?","M","M","E","R","B",null,"M","?","M","M","M"],"character_chosen":"THE_SILENT","items_purchased":["Noxious Fumes","Escape Plan"],"campfire_rested":1,"item_purchase_floors":[5,5],"current_hp_per_floor":[63,63,52,52,52,52,52,52,52,52,45,38,50,19,38,6,50,44,44,43,15,6,6],"gold":243,"neow_bonus":"THREE_ENEMY_KILL","is_daily":false,"chose_seed":false,"campfire_upgraded":2,"win_rate":0.0,"timestamp":1612915147,"path_taken":["M","?","?","M","$","R","E","$","T","R","?","M","M","E","R","BOSS","M","?","M","M","M"],"items_purchased_type":["Card","Card"],"build_version":"2020-12-22","purchased_purges":1,"victory":false,"max_hp_per_floor":[70,65,65,65,65,65,65,65,65,65,65,65,65,65,65,65,65,65,65,65,65,65,65],"card_choices":[{"not_picked":["Poisoned Stab","Prepared"],"picked":"Blade Dance","floor":1},{"not_picked":["Outmaneuver","Concentrate"],"picked":"Underhanded Strike","floor":4},{"not_picked":["Catalyst","Poisoned Stab"],"picked":"Bane","floor":7},{"not_picked":["Distraction","Riddle With Holes"],"picked":"Catalyst","floor":12},{"not_picked":["Underhanded Strike","Eviscerate","Deadly Poison"],"picked":"SKIP","floor":13},{"not_picked":["Dagger Spray","Bouncing Flask"],"picked":"Bane","floor":14},{"not_picked":["Burst","Grand Finale"],"picked":"Envenom+1","floor":16},{"not_picked":["Acrobatics","Crippling Poison"],"picked":"Quick Slash","floor":20},{"not_picked":["Distraction","Crippling Poison+1","Expertise"],"picked":"SKIP","floor":21}],"player_experience":407523,"relics_obtained":[{"floor":7,"key":"Potion Belt"},{"floor":9,"key":"Frozen Egg 2"},{"floor":14,"key":"Tiny Chest"},{"floor":17,"key":"Regal Pillow"},{"floor":17,"key":"HornCleat"},{"floor":17,"key":"Turnip"}],"event_choices":[{"damage_healed":0,"gold_gain":0,"player_choice":"Lose Max HP","damage_taken":0,"relics_obtained":["Golden Idol"],"max_hp_gain":0,"max_hp_loss":5,"event_name":"Golden Idol","floor":2,"gold_loss":0},{"damage_healed":0,"gold_gain":75,"player_choice":"Gather Gold","damage_taken":11,"max_hp_gain":0,"max_hp_loss":0,"event_name":"World of Goop","floor":3,"gold_loss":0},{"damage_healed":0,"gold_gain":0,"player_choice":"Success","damage_taken":7,"relics_obtained":["Kunai"],"max_hp_gain":0,"max_hp_loss":0,"event_name":"Scrap Ooze","floor":11,"gold_loss":0}],"is_beta":false,"boss_relics":[{"not_picked":["Cursed Key","SlaversCollar"],"picked":"Calling Bell"}],"items_purged_floors":[5],"is_endless":false,"potions_floor_spawned":[7,13,14],"killed_by":"Sentry and Sphere","ascension_level":10}}