{"host":"jwbw4f4imxd0v0b0","time":1612849454,"event":{"mods":["BaseMod","Colored Map","Highlight Path","Minty Spire (QoL Compilation)","Relic Stats","StSLib"],"gold_per_floor":[114,114,33,48,63,93,93,108,108,138,168,168,198,198,198,298,298,313,328,238,253,85,115,115,130,155,170,20,35,50,80,80,180,180,195,210,225,225,225,255,105,135,160,175,225,255,285,300,300,300],"floor_reached":51,"language":"ENG","playtime":3135,"items_purged":[],"score":1112,"play_id":"ed8c86a9-e514-4b67-9af8-df39d72c0f7a","local_time":"20210208234414","daily_mods":["Draft","Hoarder","DeadlyEvents"],"is_ascension_mode":false,"campfire_choices":[{"data":"Corpse Explosion","floor":7.0,"key":"SMITH"},{"floor":12.0,"key":"REST"},{"data":"Adrenaline","floor":15.0,"key":"SMITH"},{"floor":24.0,"key":"REST"},{"floor":32.0,"key":"REST"},{"floor":49,"key":"REST"}],"circlet_count":0,"master_deck":["Cloak And Dagger","Cloak And Dagger","Cloak And Dagger","Leg Sweep","Leg Sweep","Leg Sweep","Backflip","Backflip","Backflip","Cloak And Dagger","Cloak And Dagger","Cloak And Dagger","Backflip","Backflip","Backflip","Deadly Poison","Deadly Poison","Deadly Poison","Flying Knee","Flying Knee","PiercingWail","PiercingWail","PiercingWail","PiercingWail","PiercingWail","PiercingWail","Cloak And Dagger","Cloak And Dagger","Cloak And Dagger","Setup","Setup","Setup","Acrobatics","Acrobatics","Acrobatics","Cloak And Dagger","Cloak And Dagger","Cloak And Dagger","Deflect","Deflect","Deflect","Poisoned Stab","Poisoned Stab","Poisoned Stab","Pain","Pain","Caltrops","Caltrops","Caltrops","Blade Dance","Blade Dance","Blade Dance","Corpse Explosion","Corpse Explosion+1","Corpse Explosion+1","Adrenaline+1","Adrenaline","Adrenaline","Envenom","Envenom","Envenom","Escape Plan+1","Escape Plan+1","Escape Plan+1","Sadistic Nature","Sadistic Nature","Sadistic Nature","Crippling Poison","Crippling Poison","Crippling Poison","After Image","After Image","After Image","Footwork+1","Footwork+1","Footwork+1","Crippling Poison","Crippling Poison","Crippling Poison","Adrenaline","Adrenaline","Adrenaline","Accuracy+1","Accuracy+1","Accuracy+1","Bouncing Flask+1","Bouncing Flask+1","Bouncing Flask+1","Footwork+1","Footwork+1","Footwork+1","Heatsinks+1","Heatsinks+1","Heatsinks+1","Acrobatics+1","Acrobatics+1","Acrobatics+1"],"relics":["Ring of the Snake","WarpedTongs","Blood Vial","Vajra","Mercury Hourglass","MealTicket","Akabeko","Fusion Hammer","Prayer Wheel","Happy Flower","TwistedFunnel","Question Card","Snecko Eye","PrismaticShard","Strawberry","Lantern","FossilizedHelix","Mummified Hand","Pen Nib"],"acts_visited":["Exordium","TheCity","TheBeyond"],"potions_floor_usage":[46,47,48,50],"damage_taken":[{"damage":2.0,"enemies":"Small Slimes","floor":1.0,"turns":3.0},{"damage":6.0,"enemies":"Cultist","floor":4.0,"turns":4.0},{"damage":0.0,"enemies":"2 Louse","floor":5.0,"turns":2.0},{"damage":8.0,"enemies":"Gremlin Nob","floor":6.0,"turns":4.0},{"damage":0.0,"enemies":"Exordium Thugs","floor":8.0,"turns":3.0},{"damage":13.0,"enemies":"Lagavulin","floor":10.0,"turns":7.0},{"damage":22.0,"enemies":"Gremlin Nob","floor":11.0,"turns":3.0},{"damage":9.0,"enemies":"3 Sentries","floor":13.0,"turns":2.0},{"damage":14.0,"enemies":"The Guardian","floor":16.0,"turns":8.0},{"damage":0.0,"enemies":"Spheric Guardian","floor":18.0,"turns":3.0},{"damage":4.0,"enemies":"Shell Parasite","floor":19.0,"turns":3.0},{"damage":2.0,"enemies":"Centurion and Healer","floor":21.0,"turns":2.0},{"damage":6.0,"enemies":"Gremlin Leader","floor":23.0,"turns":5.0},{"damage":2.0,"enemies":"Snecko","floor":25.0,"turns":3.0},{"damage":0.0,"enemies":"3 Cultists","floor":27.0,"turns":2.0},{"damage":4.0,"enemies":"Cultist and Chosen","floor":29.0,"turns":2.0},{"damage":17.0,"enemies":"Snake Plant","floor":30.0,"turns":3.0},{"damage":21.0,"enemies":"Slavers","floor":31.0,"turns":3.0},{"damage":19.0,"enemies":"Collector","floor":33.0,"turns":6.0},{"damage":12.0,"enemies":"3 Shapes","floor":35.0,"turns":1.0},{"damage":0.0,"enemies":"3 Darklings","floor":36.0,"turns":4.0},{"damage":8.0,"enemies":"Spire Growth","floor":37.0,"turns":5.0},{"damage":12.0,"enemies":"Giant Head","floor":40.0,"turns":7.0},{"damage":25,"enemies":"Reptomancer","floor":42,"turns":4},{"damage":10,"enemies":"Writhing Mass","floor":44,"turns":4},{"damage":2,"enemies":"Mind Bloom Boss Battle","floor":45,"turns":5},{"damage":36,"enemies":"Nemesis","floor":46,"turns":5},{"damage":7,"enemies":"Reptomancer","floor":47,"turns":3},{"damage":7,"enemies":"Sphere and 2 Shapes","floor":48,"turns":4},{"damage":23,"enemies":"Time Eater","floor":50,"turns":8}],"seed_played":"-878916022338446095","potions_obtained":[{"floor":1.0,"key":"BlessingOfTheForge"},{"floor":6.0,"key":"ColorlessPotion"},{"floor":13.0,"key":"DuplicationPotion"},{"floor":29.0,"key":"AttackPotion"},{"floor":30.0,"key":"Swift Potion"},{"floor":33.0,"key":"PowerPotion"},{"floor":42,"key":"Fruit Juice"},{"floor":47,"key":"SkillPotion"}],"is_trial":false,"path_per_floor":["M","?","$","M","M","E","R","M","T","E","E","R","E","?","R","B",null,"M","M","?","M","$","E","R","M","T","M","$","M","M","E","R","B",null,"M","M","M","?","$","E","$","E","T","M","?","E","E","M","R","B",null],"character_chosen":"THE_SILENT","items_purchased":["Caltrops","Sadistic Nature","TwistedFunnel","PrismaticShard"],"campfire_rested":4,"item_purchase_floors":[3,22,28,41],"current_hp_per_floor":[68,68,68,62,62,54,54,56,56,45,25,46,39,39,39,27,70,70,66,66,66,70,64,70,68,68,70,70,66,51,32,53,36,70,58,60,54,54,69,58,70,52,52,44,44,15,10,5,29,8],"gold":300,"neow_bonus":"","is_daily":true,"chose_seed":false,"campfire_upgraded":2,"win_rate":0.0,"timestamp":1612849454,"path_taken":["M","?","$","?","M","E","R","M","T","E","?","R","?","?","R","BOSS","M","M","?","M","$","E","R","M","T","?","?","M","M","?","R","BOSS","M","M","?","?","$","E","$","E","T","M","?","E","?","M","R","BOSS"],"items_purchased_type":["Card","Card","Relic","Relic"],"build_version":"2020-12-22","purchased_purges":0,"victory":true,"max_hp_per_floor":[70,70,70,70,70,70,70,70,70,70,70,70,70,70,70,70,70,70,70,70,70,70,70,70,70,70,70,70,70,70,70,70,70,70,70,70,70,70,70,70,70,77,77,77,77,82,82,82,82,82],"relic_stats":{"Happy Flower":[22],"counters":[30,118],"Pen Nib":[1],"Question Card":17,"WarpedTongs":[115],"Mercury Hourglass":[359],"Blood Vial":37,"Mummified Hand":[60],"Snecko Eye":[145,131,122,123],"MealTicket":31,"Prayer Wheel":9,"obtain_stats":[{"TwistedFunnel":28,"Lantern":43,"Happy Flower":26,"Vajra":9,"Pen Nib":47,"Question Card":31,"PrismaticShard":41,"Akabeko":13,"WarpedTongs":2,"Mercury Hourglass":10,"Blood Vial":6,"Mummified Hand":46,"Strawberry":42,"Snecko Eye":34,"MealTicket":11,"Prayer Wheel":23,"Fusion Hammer":17,"FossilizedHelix":45,"Ring of the Snake":0},{"TwistedFunnel":15,"Lantern":24,"Happy Flower":14,"Vajra":5,"Pen Nib":28,"Question Card":18,"PrismaticShard":23,"Akabeko":8,"WarpedTongs":1,"Mercury Hourglass":6,"Blood Vial":4,"Mummified Hand":27,"Strawberry":24,"Snecko Eye":19,"MealTicket":7,"Prayer Wheel":13,"Fusion Hammer":9,"FossilizedHelix":26,"Ring of the Snake":0},{"TwistedFunnel":54,"Lantern":89,"Happy Flower":52,"Vajra":16,"Pen Nib":106,"Question Card":62,"PrismaticShard":85,"Akabeko":28,"WarpedTongs":3,"Mercury Hourglass":23,"Blood Vial":13,"Mummified Hand":103,"Strawberry":89,"Snecko Eye":68,"MealTicket":26,"Prayer Wheel":49,"Fusion Hammer":36,"FossilizedHelix":98,"Ring of the Snake":0}],"Ring of the Snake":[60]},"card_choices":[{"not_picked":["Crippling Poison","Dodge and Roll"],"picked":"Cloak And Dagger","floor":0.0},{"not_picked":["Outmaneuver","Predator"],"picked":"Leg Sweep","floor":0.0},{"not_picked":["Flechettes","Quick Slash"],"picked":"Backflip","floor":0.0},{"not_picked":["Sucker Punch","Skewer"],"picked":"Cloak And Dagger","floor":0.0},{"not_picked":["Outmaneuver","Expertise"],"picked":"Backflip","floor":0.0},{"not_picked":["Acrobatics","Bane"],"picked":"Deadly Poison","floor":0.0},{"not_picked":["Skewer","Backflip"],"picked":"Flying Knee","floor":0.0},{"not_picked":["Prepared","Deflect"],"picked":"PiercingWail","floor":0.0},{"not_picked":["Quick Slash","Sucker Punch"],"picked":"PiercingWail","floor":0.0},{"not_picked":["Dodge and Roll","Deadly Poison"],"picked":"Cloak And Dagger","floor":0.0},{"not_picked":["Dash","Dagger Spray"],"picked":"Setup","floor":0.0},{"not_picked":["Prepared","Dodge and Roll"],"picked":"Acrobatics","floor":0.0},{"not_picked":["Crippling Poison","Deadly Poison"],"picked":"Cloak And Dagger","floor":0.0},{"not_picked":["Prepared","Outmaneuver"],"picked":"Deflect","floor":0.0},{"not_picked":["Outmaneuver","Quick Slash"],"picked":"Poisoned Stab","floor":0.0},{"not_picked":["Finisher","Bane","Backflip"],"picked":"SKIP","floor":1.0},{"not_picked":["Quick Slash","Concentrate"],"picked":"Blade Dance","floor":4.0},{"not_picked":["Prepared","Dagger Throw","Flying Knee"],"picked":"SKIP","floor":5.0},{"not_picked":["Noxious Fumes","Deadly Poison"],"picked":"Corpse Explosion","floor":6.0},{"not_picked":["Dagger Spray","Deflect","Backflip"],"picked":"SKIP","floor":8.0},{"not_picked":["Endless Agony","Quick Slash","Sucker Punch"],"picked":"SKIP","floor":10.0},{"not_picked":["Dagger Throw","Deflect","Riddle With Holes"],"picked":"SKIP","floor":11.0},{"not_picked":["Slice","Bane"],"picked":"Adrenaline","floor":13.0},{"not_picked":["Venomology","Adrenaline"],"picked":"Envenom","floor":16.0},{"not_picked":["Eviscerate","Dodge and Roll+1","Outmaneuver"],"picked":"SKIP","floor":18.0},{"not_picked":["Sucker Punch","Dash"],"picked":"Escape Plan+1","floor":19.0},{"not_picked":["Slice","Dagger Throw+1","Poisoned Stab"],"picked":"SKIP","floor":21.0},{"not_picked":["Blade Dance","Caltrops+1"],"picked":"Crippling Poison","floor":23.0},{"not_picked":["Caltrops+1","Sucker Punch"],"picked":"After Image","floor":25.0},{"not_picked":["Bane","Prepared","Leg Sweep"],"picked":"SKIP","floor":25.0},{"not_picked":["Eviscerate","Poisoned Stab+1","Cloak And Dagger"],"picked":"SKIP","floor":27.0},{"not_picked":["Quick Slash","Skewer","Flying Knee"],"picked":"SKIP","floor":27.0},{"not_picked":["Bane","Malaise"],"picked":"Footwork+1","floor":29.0},{"not_picked":["Sucker Punch","Deadly Poison","Underhanded Strike+1"],"picked":"SKIP","floor":29.0},{"not_picked":["Backflip+1","Bane"],"picked":"Crippling Poison","floor":30.0},{"not_picked":["Quick Slash+1","Underhanded Strike","Leg Sweep+1"],"picked":"SKIP","floor":30.0},{"not_picked":["Corpse Explosion","Underhanded Strike","Blade Dance"],"picked":"SKIP","floor":31.0},{"not_picked":["Malaise","Doppelganger","Tools of the Trade"],"picked":"Adrenaline","floor":33.0},{"not_picked":["Dodge and Roll","Well Laid Plans","Sucker Punch+1","Bane+1"],"picked":"SKIP","floor":35.0},{"not_picked":["Eviscerate+1","Riddle With Holes","Outmaneuver+1","Prepared"],"picked":"SKIP","floor":35.0},{"not_picked":["Dagger Spray","Quick Slash","Bane"],"picked":"Accuracy+1","floor":36.0},{"not_picked":["Terror","Dodge and Roll","Dagger Throw"],"picked":"Bouncing Flask+1","floor":36.0},{"not_picked":["Prepared","Poisoned Stab+1","Acrobatics"],"picked":"Footwork+1","floor":37.0},{"not_picked":["Well Laid Plans","Flying Knee+1","Poisoned Stab","Slice"],"picked":"SKIP","floor":37.0},{"not_picked":["Endless Agony","Outmaneuver","Adrenaline","Quick Slash+1"],"picked":"SKIP","floor":40},{"not_picked":["Collect+1","Go for the Eyes+1","Dagger Throw+1"],"picked":"Heatsinks+1","floor":42},{"not_picked":["Clothesline","Blind+1","White Noise+1"],"picked":"Acrobatics+1","floor":44},{"not_picked":["Ball Lightning","Forethought","Shrug It Off","Armaments"],"picked":"SKIP","floor":44},{"not_picked":["FollowUp","Mind Blast","Reckless Charge+1","Blur+1"],"picked":"SKIP","floor":46},{"not_picked":["Thunderclap+1","CarveReality+1","Wild Strike+1","Meditate+1"],"picked":"SKIP","floor":47},{"not_picked":["Dagger Throw","Skim","Swivel","Battle Trance+1"],"picked":"SKIP","floor":48},{"not_picked":["Clash","FlurryOfBlows","LessonLearned","Sucker Punch"],"picked":"SKIP","floor":48}],"player_experience":1261318,"relics_obtained":[{"floor":6.0,"key":"Blood Vial"},{"floor":9.0,"key":"Vajra"},{"floor":10.0,"key":"Mercury Hourglass"},{"floor":11.0,"key":"MealTicket"},{"floor":13.0,"key":"Akabeko"},{"floor":23.0,"key":"Prayer Wheel"},{"floor":26.0,"key":"Happy Flower"},{"floor":31.0,"key":"Question Card"},{"floor":42,"key":"Strawberry"},{"floor":43,"key":"Lantern"},{"floor":45,"key":"FossilizedHelix"},{"floor":46,"key":"Mummified Hand"},{"floor":47,"key":"Pen Nib"}],"event_choices":[{"damage_healed":0.0,"max_hp_gain":0.0,"max_hp_loss":0.0,"gold_gain":0.0,"event_name":"Accursed Blacksmith","player_choice":"Rummage","floor":2.0,"gold_loss":0.0,"damage_taken":0.0,"relics_obtained":["WarpedTongs"],"cards_obtained":["Pain"]},{"damage_healed":0.0,"max_hp_gain":0.0,"max_hp_loss":0.0,"gold_gain":0.0,"event_name":"Liars Game","player_choice":"Ignored","floor":14.0,"gold_loss":0.0,"damage_taken":0.0},{"cards_removed":["Pain"],"damage_healed":0.0,"max_hp_gain":0.0,"max_hp_loss":0.0,"gold_gain":0.0,"event_name":"Designer","player_choice":"Upgrade and Remove","floor":20.0,"gold_loss":90.0,"damage_taken":0.0,"cards_upgraded":["Corpse Explosion"]},{"cards_removed":["Flying Knee"],"damage_healed":0.0,"max_hp_gain":0.0,"max_hp_loss":0.0,"gold_gain":0.0,"event_name":"Falling","player_choice":"Removed Attack","floor":38.0,"gold_loss":0.0,"damage_taken":0.0},{"damage_healed":0,"gold_gain":0,"player_choice":"Fight","damage_taken":0,"max_hp_gain":0,"max_hp_loss":0,"event_name":"MindBloom","floor":45,"gold_loss":0}],"is_beta":false,"boss_relics":[{"not_picked":["Ring of the Serpent","Sozu"],"picked":"Fusion Hammer"},{"not_picked":["Runic Pyramid","Velvet Choker"],"picked":"Snecko Eye"}],"items_purged_floors":[],"is_endless":false,"potions_floor_spawned":[1,6,13,29,30,31,33,36,40,42,44,47],"ascension_level":0}}