{"host":"e2ju6k0wppswbhbd","time":1612905580,"event":{"mods":["BaseMod","Minty Spire (QoL Compilation)","Rare Cards Sparkle","StSLib"],"gold_per_floor":[117,132,146,157,332,332,357,369,396,396,396,413,425,525,525,626,626,640,27,81,98,108,108,128,164,188,188,207,244,272,272,272,377,377,399,458,483,501,515,515,538,59,82,92,92,0,0,0],"floor_reached":47,"language":"FRA","playtime":5735,"items_purged":["Doubt","Defend_G"],"score":521,"play_id":"52ecf6f7-e0d1-4143-bed9-20293029a728","local_time":"20210209221940","is_ascension_mode":false,"campfire_choices":[{"floor":6,"key":"RECALL"},{"floor":11,"key":"REST"},{"data":"Neutralize","floor":15,"key":"SMITH"},{"data":"Backflip","floor":23,"key":"SMITH"},{"floor":27,"key":"REST"},{"data":"Dash","floor":32,"key":"SMITH"},{"data":"Madness","floor":40,"key":"SMITH"}],"circlet_count":0,"master_deck":["Strike_G","Strike_G","Strike_G","Strike_G","Strike_G","Defend_G","Defend_G","Defend_G","Defend_G","Survivor","Neutralize+1","Dramatic Entrance","Deadly Poison","Blur","Backflip+1","PiercingWail","Deadly Poison","Tactician","Dagger Spray","Catalyst","Doppelganger","PiercingWail+1","Noxious Fumes+1","Blind","Heel Hook","Escape Plan","Acrobatics+1","Prepared","Prepared+1","Bane+1","Dash+1","Adrenaline","Dagger Throw","Adrenaline","Sucker Punch+1","Deflect+1","Riddle With Holes+1","Madness+1","Madness","Caltrops+1","Footwork+1","Sadistic Nature+1"],"relics":["Ring of the Snake","Paper Crane","Philosopher\u0027s Stone","Frozen Egg 2","Bag of Marbles","CeramicFish","Ancient Tea Set","Vajra","HoveringKite","Pocketwatch","Potion Belt","Akabeko","Red Mask"],"acts_visited":["Exordium","TheCity","TheBeyond"],"potions_floor_usage":[13,16,16,18,22,29,39,41],"damage_taken":[{"damage":0,"enemies":"2 Louse","floor":1,"turns":2},{"damage":0,"enemies":"Jaw Worm","floor":2,"turns":4},{"damage":0,"enemies":"Cultist","floor":3,"turns":3},{"damage":4,"enemies":"3 Louse","floor":4,"turns":3},{"damage":61,"enemies":"Lagavulin","floor":7,"turns":17},{"damage":0,"enemies":"2 Fungi Beasts","floor":8,"turns":3},{"damage":0,"enemies":"Large Slime","floor":12,"turns":9},{"damage":0,"enemies":"Looter","floor":13,"turns":4},{"damage":19,"enemies":"The Guardian","floor":16,"turns":12},{"damage":14,"enemies":"3 Byrds","floor":18,"turns":6},{"damage":0,"enemies":"Shell Parasite","floor":21,"turns":3},{"damage":20,"enemies":"Cultist and Chosen","floor":22,"turns":7},{"damage":15,"enemies":"Sentry and Sphere","floor":24,"turns":4},{"damage":3,"enemies":"Book of Stabbing","floor":25,"turns":6},{"damage":6,"enemies":"Shelled Parasite and Fungi","floor":28,"turns":4},{"damage":4,"enemies":"Slavers","floor":29,"turns":6},{"damage":11,"enemies":"Centurion and Healer","floor":30,"turns":4},{"damage":51,"enemies":"Collector","floor":33,"turns":9},{"damage":0,"enemies":"3 Darklings","floor":35,"turns":5},{"damage":0,"enemies":"Mind Bloom Boss Battle","floor":36,"turns":7},{"damage":0,"enemies":"3 Shapes","floor":37,"turns":3},{"damage":2,"enemies":"Transient","floor":39,"turns":5},{"damage":0,"enemies":"4 Shapes","floor":41,"turns":2},{"damage":30,"enemies":"Sphere and 2 Shapes","floor":44,"turns":6},{"damage":40,"enemies":"Nemesis","floor":47,"turns":6}],"seed_played":"7114579411332292865","potions_obtained":[{"floor":2,"key":"FairyPotion"},{"floor":8,"key":"DuplicationPotion"},{"floor":12,"key":"AttackPotion"},{"floor":13,"key":"Dexterity Potion"},{"floor":16,"key":"SkillPotion"},{"floor":21,"key":"Fruit Juice"},{"floor":28,"key":"DistilledChaos"},{"floor":33,"key":"PowerPotion"},{"floor":36,"key":"Poison Potion"},{"floor":37,"key":"BlessingOfTheForge"}],"is_trial":false,"path_per_floor":["M","M","M","M","?","R","E","M","T","?","R","M","M","?","R","B",null,"M","$","T","M","M","R","M","E","T","R","M","E","M","?","R","B",null,"M","?","M","?","M","R","M","$","T","M","?","?","E"],"character_chosen":"THE_SILENT","items_purchased":["Frozen Egg 2","Noxious Fumes+1","Blind","Heel Hook","Escape Plan","Footwork+1","Sadistic Nature+1","Potion Belt"],"campfire_rested":2,"item_purchase_floors":[19,19,19,19,19,42,42,42],"current_hp_per_floor":[70,70,70,66,66,66,5,5,5,5,26,26,26,26,26,7,70,56,56,56,56,41,41,26,23,23,45,39,35,24,49,49,22,75,75,75,75,66,64,64,64,64,64,34,34,34,0,0],"gold":0,"neow_bonus":"RANDOM_COLORLESS","is_daily":false,"chose_seed":false,"campfire_upgraded":4,"win_rate":0.0,"timestamp":1612905580,"path_taken":["M","M","M","M","?","R","E","M","T","?","R","M","M","?","R","BOSS","M","$","?","M","M","R","M","E","T","R","M","E","M","?","R","BOSS","M","?","M","?","M","R","M","$","T","M","?","?","E"],"items_purchased_type":["Relic","Card","Card","Card","Card","Card","Card","Relic"],"build_version":"2020-12-22","purchased_purges":2,"victory":false,"max_hp_per_floor":[70,70,70,70,70,70,70,70,70,70,70,70,70,70,70,70,70,70,70,70,70,75,75,75,75,75,75,75,75,75,75,75,75,75,75,75,75,75,75,75,75,75,75,75,75,75,75,75],"card_choices":[{"not_picked":["Flash of Steel","Madness"],"picked":"Dramatic Entrance","floor":0},{"not_picked":["Outmaneuver","Flying Knee"],"picked":"Deadly Poison","floor":1},{"not_picked":["Dagger Throw","Predator"],"picked":"Blur","floor":2},{"not_picked":["Outmaneuver","Accuracy"],"picked":"Backflip","floor":3},{"not_picked":["Escape Plan","Dodge and Roll"],"picked":"PiercingWail","floor":4},{"not_picked":["Cloak And Dagger","Acrobatics"],"picked":"Deadly Poison","floor":7},{"not_picked":["Bane","Dagger Throw"],"picked":"Tactician","floor":8},{"not_picked":["Dodge and Roll","Unload"],"picked":"Dagger Spray","floor":12},{"not_picked":["Slice","Flying Knee"],"picked":"Catalyst","floor":13},{"not_picked":["Unload","Grand Finale"],"picked":"Doppelganger","floor":16},{"not_picked":["Underhanded Strike","Choke"],"picked":"PiercingWail+1","floor":18},{"not_picked":["Outmaneuver","Slice+1"],"picked":"Acrobatics+1","floor":21},{"not_picked":["Distraction","Slice"],"picked":"Prepared","floor":22},{"not_picked":["Backstab","Backflip"],"picked":"Prepared+1","floor":24},{"not_picked":["Catalyst","Dagger Spray"],"picked":"Bane+1","floor":25},{"not_picked":["Deadly Poison","Calculated Gamble"],"picked":"Dash","floor":28},{"not_picked":["Setup","Choke"],"picked":"Adrenaline","floor":29},{"not_picked":["Bane+1","Sucker Punch"],"picked":"Dagger Throw","floor":30},{"not_picked":["Unload","Doppelganger"],"picked":"Adrenaline","floor":33},{"not_picked":["Deadly Poison","Leg Sweep"],"picked":"Sucker Punch+1","floor":35},{"not_picked":["Acrobatics","Bane+1"],"picked":"Deflect+1","floor":36},{"not_picked":["PiercingWail+1","Dodge and Roll"],"picked":"Riddle With Holes+1","floor":37},{"not_picked":["Escape Plan+1","Sucker Punch","Accuracy+1"],"picked":"SKIP","floor":39},{"not_picked":["Slice","Skewer+1"],"picked":"Caltrops+1","floor":41},{"not_picked":["Slice","Dagger Spray+1","Prepared+1"],"picked":"SKIP","floor":44}],"player_experience":2807997,"relics_obtained":[{"floor":7,"key":"Paper Crane"},{"floor":20,"key":"Bag of Marbles"},{"floor":25,"key":"CeramicFish"},{"floor":26,"key":"Ancient Tea Set"},{"floor":29,"key":"Vajra"},{"floor":36,"key":"Pocketwatch"},{"floor":43,"key":"Akabeko"}],"event_choices":[{"damage_healed":0,"gold_gain":175,"player_choice":"AGREE","damage_taken":0,"max_hp_gain":0,"max_hp_loss":0,"event_name":"Liars Game","floor":5,"gold_loss":0,"cards_obtained":["Doubt"]},{"damage_healed":0,"gold_gain":0,"player_choice":"Fled","damage_taken":0,"max_hp_gain":0,"max_hp_loss":0,"event_name":"Scrap Ooze","floor":10,"gold_loss":0},{"damage_healed":0,"gold_gain":100,"player_choice":"Pray","damage_taken":0,"max_hp_gain":0,"max_hp_loss":0,"event_name":"Golden Shrine","floor":14,"gold_loss":0},{"damage_healed":25,"gold_gain":0,"player_choice":"Heal","damage_taken":0,"max_hp_gain":0,"max_hp_loss":0,"event_name":"The Library","floor":31,"gold_loss":0},{"damage_healed":0,"gold_gain":0,"player_choice":"Fight","damage_taken":0,"max_hp_gain":0,"max_hp_loss":0,"event_name":"MindBloom","floor":36,"gold_loss":0},{"damage_healed":0,"gold_gain":0,"player_choice":"Embrace Madness","damage_taken":9,"max_hp_gain":0,"max_hp_loss":0,"event_name":"Winding Halls","floor":38,"gold_loss":0,"cards_obtained":["Madness","Madness"]},{"damage_healed":0,"gold_gain":0,"player_choice":"Ignored","damage_taken":0,"max_hp_gain":0,"max_hp_loss":0,"event_name":"The Moai Head","floor":45,"gold_loss":0},{"damage_healed":0,"gold_gain":0,"player_choice":"Paid","damage_taken":0,"relics_obtained":["Red Mask"],"max_hp_gain":0,"max_hp_loss":0,"event_name":"Tomb of Lord Red Mask","floor":46,"gold_loss":92}],"is_beta":false,"boss_relics":[{"not_picked":["Tiny House","Ring of the Serpent"],"picked":"Philosopher\u0027s Stone"},{"not_picked":["Astrolabe","Sozu"],"picked":"HoveringKite"}],"items_purged_floors":[19,42],"is_endless":false,"potions_floor_spawned":[2,8,12,13,16,21,28,33,36,37],"killed_by":"Nemesis","ascension_level":0}}