{"host":"uv5ws9rdk87e8i5k","time":1612851982,"event":{"mods":["AchievementEnabler","BaseMod","Colored Map","Minty Spire (QoL Compilation)","Permanent Neow","Quick Restart","StSLib","SuperFastMode","The Necromancer"],"gold_per_floor":[116,134,152,170,120,147,161,195,195,208,228,262,262,282,282,386,386,401,411,427,427],"floor_reached":20,"language":"ENG","playtime":495,"items_purged":[],"score":353,"play_id":"e9f6ad6b-50bc-4534-8bf5-cb5ce3c84894","local_time":"20210209002622","is_ascension_mode":true,"campfire_choices":[{"data":"Searing Blow","floor":13,"key":"SMITH"},{"data":"Searing Blow+1","floor":15,"key":"SMITH"}],"circlet_count":0,"master_deck":["Strike_R","Strike_R","Strike_R","Strike_R","Defend_R","Defend_R","Defend_R","Defend_R","Bash","Cleave","Twin Strike","Thunderclap","Pommel Strike","Clothesline","Shrug It Off","Searing Blow+2","Dropkick","Flame Barrier","Rampage","Burning Pact","Headbutt","Havoc","Demon Form","Havoc","Havoc","Bloodletting","Battle Trance","Shrug It Off","Uppercut+1"],"relics":["Burning Blood","Anchor","Champion Belt","Lantern","Prayer Wheel","Matryoshka","Black Star"],"acts_visited":["Exordium","TheCity"],"potions_floor_usage":[4,11,12,16,19,20],"damage_taken":[{"damage":7.0,"enemies":"Small Slimes","floor":1.0,"turns":4.0},{"damage":0.0,"enemies":"2 Louse","floor":2.0,"turns":2.0},{"damage":2.0,"enemies":"Jaw Worm","floor":3.0,"turns":2.0},{"damage":5,"enemies":"Gremlin Gang","floor":4,"turns":4},{"damage":32,"enemies":"Gremlin Nob","floor":6,"turns":4},{"damage":0,"enemies":"2 Fungi Beasts","floor":7,"turns":2},{"damage":41,"enemies":"Lagavulin","floor":8,"turns":10},{"damage":3,"enemies":"Exordium Thugs","floor":10,"turns":4},{"damage":0,"enemies":"Large Slime","floor":11,"turns":5},{"damage":34,"enemies":"3 Sentries","floor":12,"turns":7},{"damage":0,"enemies":"Looter","floor":14,"turns":3},{"damage":0,"enemies":"Slime Boss","floor":16,"turns":8},{"damage":12,"enemies":"Chosen","floor":18,"turns":5},{"damage":30,"enemies":"Shell Parasite","floor":19,"turns":5},{"damage":17,"enemies":"Snake Plant","floor":20,"turns":4}],"seed_played":"-1518041863425143186","potions_obtained":[{"floor":3.0,"key":"Swift Potion"},{"floor":8,"key":"Energy Potion"},{"floor":10,"key":"Regen Potion"},{"floor":12,"key":"SpeedPotion"},{"floor":14,"key":"AttackPotion"},{"floor":18,"key":"BloodPotion"}],"is_trial":false,"path_per_floor":["M","M","M","M","?","E","M","E","T","M","M","E","R","M","R","B",null,"M","M","M"],"character_chosen":"IRONCLAD","items_purchased":[],"campfire_rested":0,"item_purchase_floors":[],"current_hp_per_floor":[71,77,80,80,80,54,60,25,25,28,48,20,20,26,26,32,68,62,54,43,43],"gold":427,"neow_bonus":"RANDOM_COMMON_RELIC","is_daily":false,"chose_seed":false,"campfire_upgraded":2,"win_rate":0.0,"timestamp":1612851982,"path_taken":["M","M","M","M","?","E","M","E","T","M","M","E","R","M","R","BOSS","M","M","M"],"items_purchased_type":[],"build_version":"2020-12-22","purchased_purges":0,"victory":false,"max_hp_per_floor":[80,80,80,80,80,80,80,80,80,80,80,80,80,80,80,80,80,80,80,80,80],"card_choices":[{"not_picked":["Clothesline","Infernal Blade"],"picked":"Cleave","floor":1.0},{"not_picked":["Wild Strike","Carnage"],"picked":"Twin Strike","floor":2.0},{"not_picked":["Reckless Charge","Sentinel"],"picked":"Thunderclap","floor":3.0},{"not_picked":["Combust","Clothesline"],"picked":"Pommel Strike","floor":4},{"not_picked":["Body Slam","Barricade"],"picked":"Clothesline","floor":6},{"not_picked":["Warcry","Iron Wave"],"picked":"Shrug It Off","floor":7},{"not_picked":["Iron Wave","Whirlwind"],"picked":"Searing Blow","floor":8},{"not_picked":["Hemokinesis","Infernal Blade"],"picked":"Dropkick","floor":10},{"not_picked":["Anger","Wild Strike"],"picked":"Flame Barrier","floor":10},{"not_picked":["Warcry","Twin Strike"],"picked":"Rampage","floor":11},{"not_picked":["Fiend Fire","Sword Boomerang"],"picked":"Burning Pact","floor":11},{"not_picked":["Flex","Berserk"],"picked":"Headbutt","floor":12},{"not_picked":["Wild Strike","Clash"],"picked":"Havoc","floor":14},{"not_picked":["Spot Weakness","Uppercut","Heavy Blade"],"picked":"SKIP","floor":14},{"not_picked":["Bludgeon","Immolate"],"picked":"Demon Form","floor":16},{"not_picked":["Headbutt","Clothesline"],"picked":"Havoc","floor":18},{"not_picked":["Clothesline","Sword Boomerang+1"],"picked":"Havoc","floor":18},{"not_picked":["Second Wind","Feel No Pain"],"picked":"Bloodletting","floor":19},{"not_picked":["Shrug It Off","Headbutt"],"picked":"Battle Trance","floor":19},{"not_picked":["Entrench","Twin Strike"],"picked":"Shrug It Off","floor":20},{"not_picked":["Intimidate","Sword Boomerang"],"picked":"Uppercut+1","floor":20}],"player_experience":282519,"relics_obtained":[{"floor":6,"key":"Champion Belt"},{"floor":8,"key":"Lantern"},{"floor":9,"key":"Prayer Wheel"},{"floor":12,"key":"Matryoshka"}],"event_choices":[{"cards_removed":["Strike_R"],"damage_healed":0,"gold_gain":0,"player_choice":"Card Removal","damage_taken":0,"max_hp_gain":0,"max_hp_loss":0,"event_name":"The Cleric","floor":5,"gold_loss":50}],"is_beta":false,"boss_relics":[{"not_picked":["Coffee Dripper","Fusion Hammer"],"picked":"Black Star"}],"items_purged_floors":[],"is_endless":false,"potions_floor_spawned":[3,8,10,12,14,18],"killed_by":"Snake Plant","ascension_level":8}}