{"host":"y76clbnovzmw9ubx","time":1612878516,"event":{"mods":["AchievementEnabler","BaseMod","Minty Spire (QoL Compilation)","Permanent Neow","Relic Stats"],"gold_per_floor":[113,124,135,135,135,170,170,195,222,222,222],"floor_reached":10,"language":"ENG","playtime":766,"items_purged":[],"score":152,"play_id":"4fe0e641-504b-4cdb-9882-ef62ceb5d65f","local_time":"20210209084836","is_ascension_mode":true,"campfire_choices":[{"floor":7,"key":"REST"}],"circlet_count":0,"master_deck":["AscendersBane","Strike_G","Strike_G","Strike_G","Strike_G","Strike_G","Defend_G","Defend_G","Defend_G","Defend_G","Defend_G","Survivor","Neutralize","Poisoned Stab","Masterful Stab","Footwork","Quick Slash","Skewer"],"relics":["Ring of the Snake","Potion Belt","Ancient Tea Set"],"acts_visited":["Exordium"],"potions_floor_usage":[6,8],"damage_taken":[{"damage":10,"enemies":"Cultist","floor":1,"turns":6},{"damage":2,"enemies":"2 Louse","floor":2,"turns":3},{"damage":0,"enemies":"Jaw Worm","floor":3,"turns":4},{"damage":16,"enemies":"3 Sentries","floor":6,"turns":12},{"damage":22,"enemies":"Gremlin Nob","floor":8,"turns":4},{"damage":41,"enemies":"Lagavulin","floor":10,"turns":6}],"seed_played":"-944885639287176557","potions_obtained":[{"floor":0,"key":"AttackPotion"},{"floor":0,"key":"LiquidMemories"}],"is_trial":false,"path_per_floor":["M","M","M","?","?","E","R","E","T","E"],"character_chosen":"THE_SILENT","items_purchased":[],"campfire_rested":1,"item_purchase_floors":[],"current_hp_per_floor":[49,47,47,47,47,31,50,28,28,0,0],"gold":222,"neow_bonus":"THREE_SMALL_POTIONS","is_daily":false,"chose_seed":false,"campfire_upgraded":0,"win_rate":0.0,"timestamp":1612878516,"path_taken":["M","M","M","?","?","E","R","E","T","E"],"items_purchased_type":[],"build_version":"2020-12-22","purchased_purges":0,"victory":false,"max_hp_per_floor":[66,66,66,66,66,66,66,66,66,66,66],"relic_stats":{"counters":[6,35],"obtain_stats":[{"Potion Belt":8,"Ancient Tea Set":9,"Ring of the Snake":0},{"Potion Belt":5,"Ancient Tea Set":5,"Ring of the Snake":0},{"Potion Belt":29,"Ancient Tea Set":29,"Ring of the Snake":0}],"Ring of the Snake":[12]},"card_choices":[{"not_picked":["Blade Dance","Flechettes"],"picked":"Poisoned Stab","floor":1},{"not_picked":["Blur","Outmaneuver"],"picked":"Masterful Stab","floor":2},{"not_picked":["Blur","Dagger Spray"],"picked":"Footwork","floor":3},{"not_picked":["PiercingWail","Flying Knee"],"picked":"Quick Slash","floor":6},{"not_picked":["Choke","Crippling Poison"],"picked":"Skewer","floor":8}],"player_experience":3216165,"relics_obtained":[{"floor":8,"key":"Potion Belt"},{"floor":9,"key":"Ancient Tea Set"}],"event_choices":[{"damage_healed":0,"gold_gain":0,"player_choice":"Ignored","damage_taken":0,"max_hp_gain":0,"max_hp_loss":0,"event_name":"Shining Light","floor":4,"gold_loss":0},{"damage_healed":0,"gold_gain":0,"player_choice":"Fled","damage_taken":0,"max_hp_gain":0,"max_hp_loss":0,"event_name":"Scrap Ooze","floor":5,"gold_loss":0}],"is_beta":false,"boss_relics":[],"items_purged_floors":[],"is_endless":false,"potions_floor_spawned":[3],"killed_by":"Lagavulin","ascension_level":20}}