{"host":"tq99ucv8ezzqzioe","time":1612840866,"event":{"mods":["BaseMod","Colored Map","Downfall","Highlight Path","Minty Spire (QoL Compilation)","StSLib"],"gold_per_floor":[112,112,124,134,153,178,178,178,202,234,32,44,62,97,109,222,234,258,270,293,325,337,337],"floor_reached":22,"language":"ENG","playtime":2083,"items_purged":[],"score":291,"play_id":"70d66269-c8ea-412d-b8f3-2a61d4bb5ab5","local_time":"20210208222106","is_ascension_mode":true,"campfire_choices":[{"floor":8,"key":"RECALL"},{"floor":15,"key":"REST"}],"circlet_count":0,"master_deck":["Strike_B","Strike_B","Strike_B","Defend_B","Defend_B","Defend_B","Defend_B","Zap","Dualcast","Sweeping Beam","Heatsinks","Streamline","Self Repair","Echo Form","Fusion","Leap","Self Repair","Conserve Battery","Ball Lightning","Self Repair","Tempest","Seek","Conserve Battery","Cold Snap+1","Leap"],"relics":["Cracked Core","Vajra","MawBank","Nuclear Battery","Nloth\u0027s Gift"],"acts_visited":["Exordium","TheCity"],"potions_floor_usage":[6,10,12,12,22],"damage_taken":[{"damage":4,"enemies":"2 Louse","floor":1,"turns":2},{"damage":1,"enemies":"Cultist","floor":3,"turns":4},{"damage":10,"enemies":"Small Slimes","floor":4,"turns":3},{"damage":15,"enemies":"2 Fungi Beasts","floor":5,"turns":4},{"damage":33,"enemies":"3 Sentries","floor":6,"turns":6},{"damage":17,"enemies":"Lagavulin","floor":10,"turns":6},{"damage":16,"enemies":"Exordium Thugs","floor":12,"turns":5},{"damage":7,"enemies":"Blue Slaver","floor":13,"turns":5},{"damage":36,"enemies":"3 Sentries","floor":14,"turns":7},{"damage":46,"enemies":"The Guardian","floor":16,"turns":12},{"damage":16,"enemies":"Shell Parasite","floor":18,"turns":6},{"damage":65,"enemies":"Chosen","floor":20,"turns":8},{"damage":32,"enemies":"Snake Plant","floor":21,"turns":7},{"damage":51,"enemies":"Chosen and Byrds","floor":22,"turns":6}],"seed_played":"-5552337261906738800","potions_obtained":[{"floor":3,"key":"Fire Potion"},{"floor":5,"key":"SpeedPotion"},{"floor":10,"key":"SkillPotion"},{"floor":21,"key":"Weak Potion"}],"is_trial":false,"path_per_floor":["M","?","M","M","M","E","?","R","T","E","$","M","M","E","R","B",null,"M","?","M","M","M"],"character_chosen":"DEFECT","items_purchased":["Leap","Self Repair","Conserve Battery","ColorlessPotion"],"campfire_rested":1,"item_purchase_floors":[11,11,11,11],"current_hp_per_floor":[71,71,70,60,45,19,46,46,46,36,36,34,55,40,64,46,73,78,78,48,51,0,0],"gold":337,"neow_bonus":"TEN_PERCENT_HP_BONUS","is_daily":false,"chose_seed":false,"campfire_upgraded":0,"win_rate":0.0,"timestamp":1612840866,"path_taken":["M","?","M","?","M","E","?","R","T","E","$","M","M","E","R","BOSS","M","?","M","M","M"],"items_purchased_type":["Card","Card","Card","Potion"],"build_version":"2020-12-22","purchased_purges":0,"victory":false,"max_hp_per_floor":[82,82,82,82,82,82,82,82,82,82,82,82,82,82,82,82,82,82,82,82,82,82,82],"card_choices":[{"not_picked":["Skim","Steam"],"picked":"Sweeping Beam","floor":1},{"not_picked":["Consume","Steam"],"picked":"Heatsinks","floor":3},{"not_picked":["Turbo","Compile Driver"],"picked":"Streamline","floor":4},{"not_picked":["Coolheaded","Barrage"],"picked":"Self Repair","floor":5},{"not_picked":["Force Field","Cold Snap"],"picked":"Echo Form","floor":6},{"not_picked":["Sweeping Beam","Hologram"],"picked":"Fusion","floor":10},{"not_picked":["Streamline","Turbo"],"picked":"Ball Lightning","floor":12},{"not_picked":["Conserve Battery","FTL"],"picked":"Self Repair","floor":13},{"not_picked":["Rebound","Stack"],"picked":"Tempest","floor":14},{"not_picked":["Core Surge","Meteor Strike"],"picked":"Seek","floor":16},{"not_picked":["Rebound+1","FTL"],"picked":"Conserve Battery","floor":18},{"not_picked":["Doom and Gloom","Scrape+1"],"picked":"Cold Snap+1","floor":20},{"not_picked":["Reinforced Body","Recycle"],"picked":"Leap","floor":21}],"player_experience":934059,"relics_obtained":[{"floor":6,"key":"Oddly Smooth Stone"},{"floor":10,"key":"Vajra"},{"floor":14,"key":"MawBank"}],"event_choices":[{"cards_removed":["Strike_B"],"damage_healed":0,"gold_gain":0,"player_choice":"Purged","damage_taken":0,"max_hp_gain":0,"max_hp_loss":0,"event_name":"Purifier","floor":2,"gold_loss":0},{"damage_healed":27,"gold_gain":0,"player_choice":"Banana","damage_taken":0,"max_hp_gain":0,"max_hp_loss":0,"event_name":"Big Fish","floor":7,"gold_loss":0},{"damage_healed":0,"gold_gain":0,"player_choice":"Traded Relic","damage_taken":0,"relics_obtained":["Nloth\u0027s Gift"],"max_hp_gain":0,"max_hp_loss":0,"event_name":"N\u0027loth","floor":19,"relics_lost":["Oddly Smooth Stone"],"gold_loss":0}],"is_beta":false,"boss_relics":[{"not_picked":["FrozenCore","Pandora\u0027s Box"],"picked":"Nuclear Battery"}],"items_purged_floors":[],"is_endless":false,"potions_floor_spawned":[3,5,10,21],"killed_by":"Chosen and Byrds","ascension_level":8}}