{"host":"p9vmbvw2hh2n16dn","time":1612866337,"event":{"mods":["AchievementEnabler","BaseMod","Block Reminder","Minty Spire (QoL Compilation)","Relic Stats","SuperFastMode"],"gold_per_floor":[109,109,125,143,164,205,224,268,322,349,349,349],"floor_reached":11,"language":"ENG","playtime":248,"items_purged":[],"score":123,"play_id":"4748815e-53d2-4341-b0db-50697155756b","local_time":"20210209112537","is_ascension_mode":true,"campfire_choices":[],"circlet_count":0,"master_deck":["Strike_B","Strike_B","Strike_B","Strike_B","Defend_B","Defend_B+1","Defend_B","Defend_B+1","Zap","Dualcast","Genetic Algorithm","Sweeping Beam","Cold Snap","Tempest"],"relics":["Cracked Core","NeowsBlessing","Golden Idol","Oddly Smooth Stone","Toxic Egg 2","War Paint","Potion Belt"],"acts_visited":["Exordium"],"potions_floor_usage":[6,6,8],"damage_taken":[{"damage":0,"enemies":"2 Louse","floor":1,"turns":1},{"damage":0,"enemies":"Jaw Worm","floor":3,"turns":1},{"damage":0,"enemies":"Cultist","floor":4,"turns":1},{"damage":11,"enemies":"2 Fungi Beasts","floor":5,"turns":4},{"damage":28,"enemies":"Lagavulin","floor":6,"turns":5},{"damage":0,"enemies":"3 Louse","floor":7,"turns":3},{"damage":15,"enemies":"3 Sentries","floor":8,"turns":6},{"damage":23,"enemies":"Gremlin Nob","floor":11,"turns":3}],"seed_played":"-5486165705608883419","potions_obtained":[{"floor":3,"key":"Fire Potion"},{"floor":4,"key":"Strength Potion"},{"floor":5,"key":"Energy Potion"}],"is_trial":false,"path_per_floor":["M","?","M","M","M","E","M","E","T","T","E"],"character_chosen":"DEFECT","items_purchased":[],"campfire_rested":0,"item_purchase_floors":[],"current_hp_per_floor":[68,68,68,68,57,29,29,14,14,14,0,0],"gold":349,"neow_bonus":"THREE_ENEMY_KILL","is_daily":false,"chose_seed":false,"campfire_upgraded":0,"win_rate":0.0,"timestamp":1612866337,"path_taken":["M","?","M","M","M","E","M","E","T","?","E"],"items_purchased_type":[],"build_version":"2020-12-22","purchased_purges":0,"victory":false,"max_hp_per_floor":[75,69,69,69,69,69,69,69,69,69,69,69],"relic_stats":{"counters":[8,24],"Golden Idol":32,"War Paint":["Defend_B","Defend_B"],"obtain_stats":[{"Potion Belt":10,"NeowsBlessing":0,"Golden Idol":2,"Oddly Smooth Stone":6,"Toxic Egg 2":8,"War Paint":9,"Cracked Core":0},{"Potion Belt":7,"NeowsBlessing":0,"Golden Idol":1,"Oddly Smooth Stone":5,"Toxic Egg 2":7,"War Paint":7,"Cracked Core":0},{"Potion Belt":21,"NeowsBlessing":0,"Golden Idol":1,"Oddly Smooth Stone":12,"Toxic Egg 2":21,"War Paint":21,"Cracked Core":0}]},"card_choices":[{"not_picked":["Coolheaded","Auto Shields"],"picked":"Genetic Algorithm","floor":1},{"not_picked":["Compile Driver","Aggregate","Redo"],"picked":"SKIP","floor":3},{"not_picked":["Rebound","Gash"],"picked":"Sweeping Beam","floor":4},{"not_picked":["Coolheaded","Rebound"],"picked":"Cold Snap","floor":5},{"not_picked":["Stack","Multi-Cast"],"picked":"Tempest","floor":6},{"not_picked":["Coolheaded","Compile Driver","Stack"],"picked":"SKIP","floor":7},{"not_picked":["Loop","Gash","Static Discharge"],"picked":"SKIP","floor":8}],"player_experience":310321,"relics_obtained":[{"floor":6,"key":"Oddly Smooth Stone"},{"floor":8,"key":"Toxic Egg 2"},{"floor":9,"key":"War Paint"},{"floor":10,"key":"Potion Belt"}],"event_choices":[{"damage_healed":0,"gold_gain":0,"player_choice":"Lose Max HP","damage_taken":0,"relics_obtained":["Golden Idol"],"max_hp_gain":0,"max_hp_loss":6,"event_name":"Golden Idol","floor":2,"gold_loss":0}],"is_beta":false,"boss_relics":[],"items_purged_floors":[],"is_endless":false,"potions_floor_spawned":[3,4,5],"killed_by":"Gremlin Nob","ascension_level":9}}