{"host":"uv5ws9rdk87e8i5k","time":1612850393,"event":{"mods":["AchievementEnabler","BaseMod","Colored Map","Minty Spire (QoL Compilation)","Permanent Neow","Quick Restart","StSLib","SuperFastMode","The Necromancer"],"gold_per_floor":[115,126,146,161,175,206,306,335,335,353,367,399,399,454,454,557,557,567,567,567,583,601,601,618,647,673,683,699,102,102,135,135,135,135],"floor_reached":33,"language":"ENG","playtime":497,"items_purged":["Pain"],"score":470,"play_id":"71db3b07-e54e-416f-bb3d-6f1458d7a117","local_time":"20210208235953","is_ascension_mode":true,"campfire_choices":[{"data":"Bludgeon","floor":13.0,"key":"SMITH"},{"data":"Immolate","floor":15.0,"key":"SMITH"},{"data":"Bludgeon","floor":23.0,"key":"SMITH"},{"floor":30.0,"key":"REST"},{"floor":32.0,"key":"DIG"}],"circlet_count":0,"master_deck":["Strike_R","Strike_R","Strike_R","Strike_R","Strike_R","Defend_R","Defend_R","Defend_R+1","Defend_R","Bash","Pommel Strike","Double Tap","Dropkick","Perfected Strike","Heavy Blade","Shockwave+1","Bludgeon+1","Metallicize","Clothesline","Immolate+1","Bludgeon+1","Carnage","Heavy Blade","Headbutt","Double Tap","Dual Wield","Havoc"],"relics":["Velvet Choker","Oddly Smooth Stone","Dream Catcher","Pear","Toy Ornithopter","Cursed Key","MutagenicStrength","Shovel","War Paint","Champion Belt","Du-Vu Doll","Juzu Bracelet"],"acts_visited":["Exordium","TheCity"],"potions_floor_usage":[],"damage_taken":[{"damage":0.0,"enemies":"2 Louse","floor":1.0,"turns":2.0},{"damage":0.0,"enemies":"Cultist","floor":2.0,"turns":3.0},{"damage":2.0,"enemies":"Jaw Worm","floor":3.0,"turns":2.0},{"damage":7.0,"enemies":"2 Fungi Beasts","floor":4.0,"turns":3.0},{"damage":6.0,"enemies":"3 Louse","floor":5.0,"turns":3.0},{"damage":9.0,"enemies":"3 Sentries","floor":6.0,"turns":6.0},{"damage":13.0,"enemies":"Gremlin Nob","floor":8.0,"turns":3.0},{"damage":13.0,"enemies":"Exordium Thugs","floor":10.0,"turns":3.0},{"damage":0.0,"enemies":"Looter","floor":11.0,"turns":2.0},{"damage":0.0,"enemies":"Lagavulin","floor":12.0,"turns":4.0},{"damage":15.0,"enemies":"The Guardian","floor":16.0,"turns":6.0},{"damage":6.0,"enemies":"3 Byrds","floor":18.0,"turns":2.0},{"damage":12.0,"enemies":"Shell Parasite","floor":21.0,"turns":2.0},{"damage":18.0,"enemies":"Snake Plant","floor":22.0,"turns":2.0},{"damage":5.0,"enemies":"Sentry and Sphere","floor":24.0,"turns":3.0},{"damage":10.0,"enemies":"Book of Stabbing","floor":25.0,"turns":2.0},{"damage":7.0,"enemies":"Snecko","floor":27.0,"turns":3.0},{"damage":24.0,"enemies":"Snake Plant","floor":28.0,"turns":2.0},{"damage":9.0,"enemies":"Gremlin Leader","floor":31.0,"turns":2.0},{"damage":0,"enemies":"Automaton","floor":33,"turns":1}],"seed_played":"-635908799555032294","potions_obtained":[{"floor":2.0,"key":"LiquidMemories"},{"floor":3.0,"key":"GamblersBrew"},{"floor":4.0,"key":"Dexterity Potion"},{"floor":6.0,"key":"FearPotion"},{"floor":11.0,"key":"GamblersBrew"},{"floor":16.0,"key":"LiquidBronze"},{"floor":18.0,"key":"SkillPotion"},{"floor":22.0,"key":"Energy Potion"},{"floor":27.0,"key":"PowerPotion"},{"floor":28.0,"key":"Swift Potion"}],"is_trial":false,"path_per_floor":["M","M","M","M","M","E","?","E","T","M","M","E","R","?","R","B",null,"M","?","?","M","M","R","M","E","T","M","M","$","R","E","R","B"],"character_chosen":"IRONCLAD","items_purchased":["Double Tap","DistilledChaos","Champion Belt"],"campfire_rested":1,"item_purchase_floors":[29,29,29],"current_hp_per_floor":[72,72,70,63,57,48,48,35,45,32,32,32,32,32,32,17,72,71,71,71,59,41,41,41,36,36,29,5,5,32,38,38,38,38],"gold":135,"neow_bonus":"BOSS_RELIC","is_daily":false,"chose_seed":false,"campfire_upgraded":3,"win_rate":0.0,"timestamp":1612850393,"path_taken":["M","M","M","M","M","E","?","E","T","M","?","E","R","?","R","BOSS","M","?","?","M","M","R","M","E","T","M","M","$","R","E","R","BOSS"],"items_purchased_type":["Card","Potion","Relic"],"build_version":"2020-12-22","purchased_purges":1,"victory":false,"max_hp_per_floor":[80,80,80,80,80,80,80,80,90,90,90,90,90,90,90,90,90,90,90,90,90,90,90,90,90,90,90,90,90,90,90,90,90,90],"card_choices":[{"not_picked":["Armaments","Warcry"],"picked":"Pommel Strike","floor":1.0},{"not_picked":["Anger","Iron Wave"],"picked":"Double Tap","floor":2.0},{"not_picked":["Iron Wave","Flex"],"picked":"Dropkick","floor":3.0},{"not_picked":["True Grit","Sword Boomerang"],"picked":"Perfected Strike","floor":4.0},{"not_picked":["Combust","Sword Boomerang"],"picked":"Heavy Blade","floor":5.0},{"not_picked":["Infernal Blade","Blood for Blood"],"picked":"Shockwave","floor":6.0},{"not_picked":["Searing Blow","Juggernaut"],"picked":"Bludgeon","floor":8.0},{"not_picked":["Wild Strike","Cleave"],"picked":"Metallicize","floor":10.0},{"not_picked":["Dark Embrace","Inflame"],"picked":"Clothesline","floor":11.0},{"not_picked":["Flex","Cleave"],"picked":"Immolate","floor":12.0},{"not_picked":["Exhume","Barricade"],"picked":"Bludgeon","floor":16.0},{"not_picked":["Pummel","Rage"],"picked":"Carnage","floor":18.0},{"not_picked":["Ghostly Armor","Body Slam"],"picked":"Heavy Blade","floor":21.0},{"not_picked":["Dark Embrace+1","Armaments"],"picked":"Headbutt","floor":22.0},{"not_picked":["Body Slam","Iron Wave","Pommel Strike"],"picked":"SKIP","floor":24.0},{"not_picked":["Corruption","Sentinel","Armaments"],"picked":"SKIP","floor":25.0},{"not_picked":["Havoc+1","Flex+1","True Grit"],"picked":"SKIP","floor":27.0},{"not_picked":["Sentinel","Iron Wave+1","Thunderclap"],"picked":"SKIP","floor":28.0},{"not_picked":["Burning Pact+1","Anger+1"],"picked":"Dual Wield","floor":30.0},{"not_picked":["Cleave","Rage"],"picked":"Havoc","floor":31.0}],"player_experience":280046,"relics_obtained":[{"floor":6.0,"key":"Oddly Smooth Stone"},{"floor":8.0,"key":"Dream Catcher"},{"floor":9.0,"key":"Pear"},{"floor":12.0,"key":"Toy Ornithopter"},{"floor":25.0,"key":"Shovel"},{"floor":26.0,"key":"War Paint"},{"floor":31.0,"key":"Du-Vu Doll"},{"floor":32.0,"key":"Juzu Bracelet"}],"event_choices":[{"damage_healed":0.0,"max_hp_gain":0.0,"max_hp_loss":0.0,"gold_gain":100.0,"event_name":"Golden Shrine","player_choice":"Pray","floor":7.0,"gold_loss":0.0,"damage_taken":0.0},{"damage_healed":0.0,"max_hp_gain":0.0,"max_hp_loss":0.0,"gold_gain":55.0,"event_name":"Golden Wing","player_choice":"Gained Gold","floor":14.0,"gold_loss":0.0,"damage_taken":0.0},{"damage_healed":0.0,"max_hp_gain":0.0,"max_hp_loss":0.0,"gold_gain":0.0,"event_name":"Ghosts","player_choice":"Ignored","floor":19.0,"gold_loss":0.0,"damage_taken":0.0},{"damage_healed":0.0,"max_hp_gain":0.0,"max_hp_loss":0.0,"gold_gain":0.0,"event_name":"Drug Dealer","player_choice":"Inject Mutagens","floor":20.0,"gold_loss":0.0,"damage_taken":0.0,"relics_obtained":["MutagenicStrength"]}],"is_beta":false,"boss_relics":[{"not_picked":["Busted Crown","Philosopher\u0027s Stone"],"picked":"Cursed Key"}],"items_purged_floors":[29],"is_endless":false,"potions_floor_spawned":[2,3,4,6,11,16,18,22,27,28],"killed_by":"Automaton","ascension_level":8}}