{"host":"j4g6ia6asvpyu2b0","time":1612829168,"event":{"mods":["BaseMod","Colored Map","Downfall","Minty Spire (QoL Compilation)","Permanent Neow","Quick Restart","Relic Stats","StSLib","Unceasing Turn Reminder"],"gold_per_floor":[349,368,378,395,162,162,162,185,185,360,360,377,377,392,406,506,506,406,426,426,426,443,468,468,94,94,106,106,126,159,19,32,32,32,32],"floor_reached":33,"language":"ENG","playtime":1309,"items_purged":["downfall:Bewildered","downfall:Bewildered","Doubt"],"score":291,"play_id":"951b0468-6e4e-42e2-adf0-456ad436de59","local_time":"20210208170608","is_ascension_mode":true,"campfire_choices":[{"data":"hexamod:Sear","floor":1.0,"key":"SMITH"},{"data":"hexamod:RainOfEmbers","floor":6.0,"key":"SMITH"},{"data":"hexamod:GhostflameInferno","floor":9.0,"key":"SMITH"},{"data":"hexamod:Incineration","floor":11.0,"key":"SMITH"},{"data":"hexamod:GhostOfSpireFuture","floor":13.0,"key":"SMITH"},{"data":"hexamod:Toasty","floor":18.0,"key":"SMITH"},{"data":"hexamod:RadiantFlame","floor":26,"key":"SMITH"}],"circlet_count":0,"master_deck":["hexamod:Strike","hexamod:Strike","hexamod:Strike","hexamod:Strike","hexamod:Defend+1","hexamod:Defend","hexamod:Defend+1","hexamod:Defend","hexamod:Sear+1","hexamod:Float","hexamod:StepThrough","hexamod:RainOfEmbers+1","hexamod:CatchUp","hexamod:Incineration+1","hexamod:GhostflameInferno+1","hexamod:GhostOfSpireFuture+1","hexamod:RadiantFlame+1","hexamod:ExtraCrispy+1","hexamod:Toasty+1","hexamod:FirstSeal","hexamod:HauntingEcho","hexamod:HeatMetal","hexamod:ThirdSeal","hexamod:PhantomCloak+1","hexamod:SixthSeal","hexamod:Toasty","hexamod:VolcanoVisage","hexamod:FirstSeal","hexamod:Rewind+1","hexamod:ShieldOfDarkness+1"],"relics":["hexamod:SpiritBrand","Happy Flower","Odd Mushroom","Philosopher\u0027s Stone","downfall:HeartBlessingBlue","sneckomod:BabySnecko","Sundial","Pocketwatch","Matryoshka","Mummified Hand","Omamori"],"acts_visited":["Exordium","TheCity"],"potions_floor_usage":[22,23,30,33],"damage_taken":[{"damage":0.0,"enemies":"Cultist","floor":2.0,"turns":3.0},{"damage":0.0,"enemies":"2 Louse","floor":3.0,"turns":2.0},{"damage":0.0,"enemies":"Small Slimes","floor":4.0,"turns":3.0},{"damage":0.0,"enemies":"downfall:FleeingMerchant","floor":5.0,"turns":4.0},{"damage":10.0,"enemies":"The Mushroom Lair","floor":8.0,"turns":4.0},{"damage":2.0,"enemies":"Blue Slaver","floor":12.0,"turns":2.0},{"damage":0.0,"enemies":"Exordium Thugs","floor":14.0,"turns":3.0},{"damage":0.0,"enemies":"2 Fungi Beasts","floor":15.0,"turns":2.0},{"damage":42.0,"enemies":"DF_ARCHETYPE_STREAMLINE","floor":16.0,"turns":8.0},{"damage":3.0,"enemies":"Spheric Guardian","floor":19.0,"turns":3.0},{"damage":5,"enemies":"Cultist and Chosen","floor":22,"turns":4},{"damage":20,"enemies":"Gremlin Leader","floor":23,"turns":7},{"damage":8,"enemies":"downfall:FleeingMerchant","floor":25,"turns":4},{"damage":20,"enemies":"Snake Plant","floor":27,"turns":3},{"damage":19,"enemies":"Centurion and Healer","floor":29,"turns":4},{"damage":15,"enemies":"Book of Stabbing","floor":30,"turns":3},{"damage":10,"enemies":"downfall:FleeingMerchant","floor":31,"turns":4},{"damage":9,"enemies":"Chosen and Byrds","floor":32,"turns":5},{"damage":14,"enemies":"IC_MUSHROOM_ARCHETYPE","floor":33,"turns":1}],"seed_played":"2071103257160047227","potions_obtained":[{"floor":2.0,"key":"SpeedPotion"},{"floor":3.0,"key":"Swift Potion"},{"floor":14.0,"key":"hexamod:SoulburnPotion"},{"floor":16.0,"key":"BlessingOfTheForge"},{"floor":23,"key":"LiquidBronze"},{"floor":29,"key":"FearPotion"},{"floor":30,"key":"Energy Potion"},{"floor":32,"key":"PowerPotion"}],"is_trial":false,"path_per_floor":["R","M","M","M","$","R","T","?","R","?","R","M","R","M","M","B",null,"R","M","?","T","M","E","T","$","R","M","?","M","E","$","M","B"],"character_chosen":"THE_SPIRIT","items_purchased":["Happy Flower","Mummified Hand"],"campfire_rested":0,"item_purchase_floors":[5,25],"current_hp_per_floor":[70,70,70,70,70,70,70,60,60,60,60,58,58,58,58,16,70,80,77,77,77,72,59,59,51,51,38,38,26,18,15,13,0,0,0],"gold":32,"neow_bonus":"TWO_FIFTY_GOLD","is_daily":false,"chose_seed":false,"campfire_upgraded":7,"win_rate":0.0,"timestamp":1612829168,"path_taken":["R","M","M","?","$","R","T","?","R","?","R","M","R","M","M","BOSS","R","M","?","?","M","E","T","$","R","M","?","M","E","$","M","BOSS"],"items_purchased_type":["Relic","Relic"],"build_version":"2020-12-22","purchased_purges":3,"victory":false,"max_hp_per_floor":[70,70,70,70,70,70,70,70,70,70,70,70,70,70,70,70,70,80,80,80,80,80,80,80,80,80,80,80,80,80,80,80,80,80,80],"relic_stats":{"Happy Flower":[19],"counters":[19,69],"Sundial":[0],"Mummified Hand":[30],"obtain_stats":[{"sneckomod:BabySnecko":20,"Matryoshka":24,"Happy Flower":5,"downfall:HeartBlessingBlue":18,"Sundial":21,"Mummified Hand":25,"Philosopher\u0027s Stone":17,"Omamori":30,"Odd Mushroom":8,"hexamod:SpiritBrand":0,"Pocketwatch":23},{"sneckomod:BabySnecko":10,"Matryoshka":12,"Happy Flower":4,"downfall:HeartBlessingBlue":9,"Sundial":10,"Mummified Hand":13,"Philosopher\u0027s Stone":9,"Omamori":16,"Odd Mushroom":5,"hexamod:SpiritBrand":0,"Pocketwatch":12},{"sneckomod:BabySnecko":34,"Matryoshka":45,"Happy Flower":12,"downfall:HeartBlessingBlue":31,"Sundial":34,"Mummified Hand":49,"Philosopher\u0027s Stone":31,"Omamori":59,"Odd Mushroom":16,"hexamod:SpiritBrand":0,"Pocketwatch":45}],"Pocketwatch":[6]},"card_choices":[{"not_picked":["hexamod:ThirdSeal","hexamod:InspiringFlames"],"picked":"hexamod:StepThrough","floor":2.0},{"not_picked":["hexamod:Firestarter","hexamod:AdvancingGuard"],"picked":"hexamod:RainOfEmbers","floor":3.0},{"not_picked":["hexamod:FlamesFromBeyond","hexamod:SpectralSpark"],"picked":"hexamod:CatchUp","floor":4.0},{"not_picked":["hexamod:HeatMetal","hexamod:Hexaguard"],"picked":"hexamod:Incineration","floor":5.0},{"not_picked":["hexamod:GhostLash","hexamod:AdvancingGuard"],"picked":"hexamod:GhostflameInferno","floor":8.0},{"not_picked":["hexamod:GhostOfSpirePast","hexamod:PhantomCloak"],"picked":"hexamod:GhostOfSpireFuture","floor":12.0},{"not_picked":["hexamod:ThermalTransfer","hexamod:BacktrackSmack"],"picked":"hexamod:RadiantFlame","floor":14.0},{"not_picked":["hexamod:NightmareGuise","hexamod:InspiringFlames"],"picked":"hexamod:ExtraCrispy","floor":15.0},{"not_picked":["hexamod:FlameSwitch","hexamod:TurnItUp"],"picked":"hexamod:Toasty","floor":16.0},{"not_picked":["hexamod:ShieldOfDarkness","hexamod:SwordOfDarkness"],"picked":"hexamod:FirstSeal","floor":19.0},{"not_picked":["hexamod:PhantomCloak","hexamod:GhostLash+1","hexamod:AdvancingGuard"],"picked":"SKIP","floor":22},{"not_picked":["hexamod:GhostLash","hexamod:FastForward"],"picked":"hexamod:HauntingEcho","floor":23},{"not_picked":["hexamod:ShieldOfDarkness","hexamod:RainOfEmbers"],"picked":"hexamod:ThermalTransfer","floor":25},{"not_picked":["hexamod:Incineration","hexamod:ShieldOfDarkness"],"picked":"hexamod:HeatMetal","floor":27},{"not_picked":["hexamod:NightmareStrike","hexamod:ShieldOfDarkness"],"picked":"hexamod:PhantomCloak+1","floor":29},{"not_picked":["hexamod:GhostShield+1","hexamod:HauntingEcho"],"picked":"hexamod:SixthSeal","floor":29},{"not_picked":["hexamod:NightmareStrike+1","hexamod:HeatMetal+1"],"picked":"hexamod:Toasty","floor":30},{"not_picked":["hexamod:RecurringNightmare+1","hexamod:GhostLash+1"],"picked":"hexamod:VolcanoVisage","floor":31},{"not_picked":["hexamod:SpectralSpark+1","hexamod:AdvancingGuard"],"picked":"hexamod:FirstSeal","floor":31},{"not_picked":["hexamod:ThermalTransfer","hexamod:ShieldOfDarkness"],"picked":"hexamod:Rewind+1","floor":32},{"not_picked":["hexamod:FirstSeal","hexamod:CatchUp"],"picked":"hexamod:ShieldOfDarkness+1","floor":32}],"player_experience":1225085,"relics_obtained":[{"floor":8.0,"key":"Odd Mushroom"},{"floor":21.0,"key":"Sundial"},{"floor":23,"key":"Pocketwatch"},{"floor":24,"key":"Matryoshka"},{"floor":30,"key":"Omamori"}],"event_choices":[{"damage_healed":0.0,"max_hp_gain":0.0,"max_hp_loss":0.0,"gold_gain":0.0,"event_name":"Mushrooms","player_choice":"Fought Mushrooms","floor":8.0,"gold_loss":0.0,"damage_taken":0.0}],"is_beta":false,"boss_relics":[{"not_picked":["Velvet Choker","bronze:MakeshiftBattery"],"picked":"Philosopher\u0027s Stone"}],"items_purged_floors":[5,25,31],"is_endless":false,"potions_floor_spawned":[2,3,14,16,23,29,30,32],"killed_by":"IC_MUSHROOM_ARCHETYPE","ascension_level":1}}