{"host":"awrw1gk2acwismlg","time":1612831020,"event":{"mods":["ATMod(阿瑾Mod)","Aspiration","BaseMod","Bestiary","Challenge The Spire","Conspire","Downfall","Energized Spire","Hermit","Jedi Mod","Marked Mod","Minty Spire (QoL Compilation)","Morshu Shopkeeper","Morshu Shopkeeper - ENHANCED","Quarter Circle Forward PUNCH!","Reliquary","Remilia_Scarlet Moed（蕾米莉亚・斯卡雷特）3.3.5","Replay The Spire","SIMod","Shop Mod","Small Relic Pack","StSLib","The Bug Knight","The Cursed","Warlord Emblem","Wide Potions","Yakumo Yukari mod","【遗物卡牌】REMEMod","篝火指南"],"gold_per_floor":[112,112,112,132,145,145,145,3,3,3,17,17,43,218,218,314,314,314,314,364,385,385,385],"floor_reached":22,"language":"ZHS","playtime":1733,"items_purged":["Strike_B"],"score":189,"play_id":"0922c612-c8cd-4833-9835-f51679c384d8","local_time":"20210209083700","is_ascension_mode":true,"campfire_choices":[{"data":"Genetic Algorithm","floor":6,"key":"SMITH"},{"data":"Genetic Algorithm","floor":10,"key":"SMITH"},{"data":"Conserve Battery","floor":12,"key":"SMITH"},{"floor":15,"key":"DIG"},{"data":"relicPack:ZaWorld","floor":19,"key":"SMITH"}],"circlet_count":0,"master_deck":["Strike_B","Strike_B","Defend_B","Defend_B","Defend_B","Defend_B","Zap","Dualcast","Strike_B","Conserve Battery+1","Genetic Algorithm+1","Leap","Genetic Algorithm+1","Leap","Doubt","Hyperbeam","relicPack:ZaWorld+1","Coolheaded"],"relics":["Cracked Core","REME_ComplimentaryCards","AT_ATBox","Ornamental Fan","MealTicket","Replay:Bottled Steam","relicPack:StarArrow","Ring of Panic","Ring of Greed","Golden Idol","The Courier"],"acts_visited":["Exordium","TheCity"],"potions_floor_usage":[11,16,16],"damage_taken":[{"damage":8,"enemies":"2 Louse","floor":1,"turns":3},{"damage":0,"enemies":"Cultist","floor":4,"turns":3},{"damage":3,"enemies":"Jaw Worm","floor":5,"turns":4},{"damage":21,"enemies":"Gremlin Gang","floor":11,"turns":7},{"damage":47,"enemies":"Fading Forest","floor":16,"turns":11},{"damage":8,"enemies":"Chosen","floor":18,"turns":6},{"damage":66,"enemies":"Shell Parasite","floor":21,"turns":25},{"damage":4,"enemies":"Snake Plant","floor":22,"turns":4}],"seed_played":"-2792311932313880587","potions_obtained":[{"floor":1,"key":"PowerPotion"},{"floor":3,"key":"Guardian:BlockOnCardUsePotion"},{"floor":11,"key":"Fire Potion"}],"is_trial":false,"path_per_floor":["M","?","?","M","M","R","?","$","T","R","M","R","T","?","R","B",null,"M","R","?","M","M"],"character_chosen":"DEFECT","items_purchased":["Genetic Algorithm"],"campfire_rested":0,"item_purchase_floors":[8],"current_hp_per_floor":[67,60,60,60,57,57,65,65,65,65,44,44,44,44,44,17,75,67,67,67,1,0,0],"gold":385,"neow_bonus":"REMOVE_CARD","is_daily":false,"chose_seed":false,"campfire_upgraded":4,"win_rate":0.0,"timestamp":1612831020,"path_taken":["M","?","?","M","?","R","?","$","T","R","?","R","?","?","R","BOSS","M","?","?","M","M"],"items_purchased_type":["Card"],"build_version":"2020-12-22","purchased_purges":1,"victory":false,"max_hp_per_floor":[75,75,75,75,75,75,75,75,75,75,75,75,75,75,75,75,75,75,75,75,75,75,75],"card_choices":[{"not_picked":["Heatsinks","Leap"],"picked":"Conserve Battery","floor":1},{"not_picked":["AT_ThreeBodyProblem","Beam Cell"],"picked":"Genetic Algorithm","floor":4},{"not_picked":["AT_HeatAcrobatics","Reprogram"],"picked":"Leap","floor":5},{"not_picked":["Gash","BasicCrystalCard"],"picked":"Leap","floor":11},{"not_picked":["All For One","Meteor Strike"],"picked":"Hyperbeam","floor":16},{"not_picked":["Rebound+1","AT_DarkMatter"],"picked":"Coolheaded","floor":21}],"player_experience":91557,"relics_obtained":[{"floor":9,"key":"Ornamental Fan"},{"floor":13,"key":"MealTicket"},{"floor":15,"key":"Replay:Bottled Steam"},{"floor":20,"key":"Ring of Panic"},{"floor":20,"key":"Ring of Greed"},{"floor":20,"key":"Golden Idol"},{"floor":20,"key":"The Courier"}],"event_choices":[{"cards_removed":["Strike_B"],"damage_healed":0,"gold_gain":0,"player_choice":"Card Removal","damage_taken":7,"max_hp_gain":0,"max_hp_loss":0,"event_name":"Golden Wing","floor":2,"gold_loss":0},{"damage_healed":0,"gold_gain":0,"player_choice":"Got Potions","damage_taken":0,"max_hp_gain":0,"max_hp_loss":0,"event_name":"Lab","floor":3,"gold_loss":0},{"damage_healed":0,"gold_gain":175,"player_choice":"AGREE","damage_taken":0,"max_hp_gain":0,"max_hp_loss":0,"event_name":"Liars Game","floor":14,"gold_loss":0,"cards_obtained":["Doubt"]}],"is_beta":false,"boss_relics":[{"not_picked":["Philosopher\u0027s Stone","aspiration:SilentSkillbook"],"picked":"relicPack:StarArrow"}],"items_purged_floors":[8],"is_endless":false,"potions_floor_spawned":[1,11],"killed_by":"Snake Plant","ascension_level":2}}