{"host":"z7aqijtw6ph01z7j","time":1612847084,"event":{"mods":["AchievementEnabler","BaseMod","BetterRewards","Card Forge","Colored Map","Energized Spire","Hermit","Koishi","KomeijiMod","Marisa£¨Ùöéë¡¡Øª×âÞÞ£©","Minty Spire (QoL Compilation)","Reimu£¨ÚÏ???£©","Remilia£¨?Ú·×é?£©","Replay The Spire","StSLib","SuperFastMode","Td1madao Mod","The Cursed","The Hierophant","The Mystic","The Necromancer","The Runesmith","The Servant 0.9.4","TheSwordswoman","Youmu£¨ûëÛÞèí?£©"],"gold_per_floor":[112,112,112,112,130,155,170,195,195,223,223,240,252,263,263,364,364,374,374,79,96,21,21,21,56,56,56,56,88,88,88,120,120,221,221,239,96,96,96,96,112,164,164,164],"floor_reached":43,"language":"KOR","playtime":2056,"items_purged":[],"score":734,"play_id":"980c6782-fb07-47b3-81ea-185a8ba1fc99","local_time":"20210209140444","is_ascension_mode":true,"campfire_choices":[{"floor":15.0,"key":"REST"},{"floor":24.0,"key":"REST"},{"floor":26.0,"key":"RECALL"},{"floor":28.0,"key":"REST"},{"floor":33,"key":"REST"}],"circlet_count":0,"master_deck":["Defend_R","Pommel Strike","Armaments+1","Twin Strike","Pommel Strike","Thunderclap+1","Pommel Strike","Clash","Flex+1","Inflame+1","Spot Weakness+1","Dual Wield+1","Berserk+1","Berserk+1","Body Slam","Dual Wield+1","Dual Wield","ReplayTheSpireMod:LeadingStrike","Anger","Reaper","Flex","Inflame","Pummel","Feed","Armaments","Flex+1","Sword Boomerang+1"],"relics":["Burning Blood","Hammer of Thor","Seething Fire","Anvil of the Gods","NeowsBlessing","RuthlessExorcism:ReiMu","Replay:Kaleidoscope","Vajra","Smiling Mask","Mummified Hand","energizedSpire:MagnifyingGlass","Ice Cream","Replay:Multitool","Replay:Bottled Snecko","ShirouKen","Oddly Smooth Stone","SlaversCollar","Whetstone","CatCart"],"acts_visited":["Exordium","TheCity","TheBeyond"],"potions_floor_usage":[41,41,42],"damage_taken":[{"damage":0.0,"enemies":"Small Slimes","floor":1.0,"turns":1.0},{"damage":0.0,"enemies":"Jaw Worm","floor":5.0,"turns":1.0},{"damage":0.0,"enemies":"Lagavulin","floor":6.0,"turns":1.0},{"damage":0.0,"enemies":"2 Louse","floor":7.0,"turns":1.0},{"damage":0.0,"enemies":"3 Sentries","floor":8.0,"turns":3.0},{"damage":33.0,"enemies":"Replay:BlueRogue","floor":10.0,"turns":6.0},{"damage":6.0,"enemies":"Looter","floor":12.0,"turns":2.0},{"damage":0.0,"enemies":"Exordium Wildlife","floor":13.0,"turns":1.0},{"damage":1.0,"enemies":"Red Slaver","floor":14.0,"turns":2.0},{"damage":18.0,"enemies":"Fading Forest","floor":16.0,"turns":11.0},{"damage":22.0,"enemies":"3 Byrds","floor":18.0,"turns":3.0},{"damage":33.0,"enemies":"2 Thieves","floor":21.0,"turns":3.0},{"damage":22.0,"enemies":"Slavers","floor":25.0,"turns":3.0},{"damage":30.0,"enemies":"Gremlin Leader","floor":29.0,"turns":3.0},{"damage":31,"enemies":"Slavers","floor":32,"turns":3},{"damage":24,"enemies":"Automaton","floor":34,"turns":5},{"damage":64,"enemies":"3 Shapes","floor":36,"turns":3},{"damage":4,"enemies":"3 Darklings","floor":41,"turns":2},{"damage":100,"enemies":"Orin","floor":42,"turns":9},{"damage":38,"enemies":"Nemesis","floor":43,"turns":4}],"seed_played":"-1811465704698381666","potions_obtained":[{"floor":5.0,"key":"Explosive Potion"},{"floor":7.0,"key":"SteroidPotion"},{"floor":8.0,"key":"Explosive Potion"},{"floor":13.0,"key":"Block Potion"},{"floor":16.0,"key":"BlessingOfTheForge"},{"floor":21.0,"key":"Block Potion"},{"floor":34,"key":"FearPotion"},{"floor":36,"key":"PowerPotion"},{"floor":40,"key":"DistilledChaos"}],"is_trial":false,"path_per_floor":["M","?","?","?","M","E","M","E","T","E","T","M","M","M","R","B",null,"M","?","$","M","?","?","R","E","R","T","R","E","$","?","E","R","B",null,"M","$","?","?","?","M","R","E"],"character_chosen":"IRONCLAD","items_purchased":["Ice Cream","Whetstone"],"campfire_rested":4,"item_purchase_floors":[20,37],"current_hp_per_floor":[78,78,75,75,80,80,80,80,80,53,53,53,59,64,80,68,77,61,61,61,34,34,34,58,42,42,42,66,42,42,42,17,41,23,66,40,40,40,40,40,80,20,0,0],"gold":164,"neow_bonus":"THREE_ENEMY_KILL","is_daily":false,"chose_seed":false,"campfire_upgraded":0,"win_rate":0.0,"timestamp":1612847084,"path_taken":["M","?","?","?","M","E","M","E","T","E","?","?","M","M","R","BOSS","M","?","?","?","?","?","R","E","R","T","R","E","?","?","E","R","BOSS","M","$","?","?","?","?","R","E"],"items_purchased_type":["Relic","Relic"],"build_version":"2020-12-22","purchased_purges":0,"victory":false,"max_hp_per_floor":[80,80,80,80,80,80,80,80,80,80,80,80,80,80,80,80,80,80,80,80,80,80,80,80,80,80,80,80,80,80,80,80,80,80,80,80,80,80,80,80,80,80,80,80],"card_choices":[{"not_picked":["Seeing Red","Iron Wave"],"picked":"Pommel Strike","floor":1.0},{"not_picked":["Thunderclap","Perfected Strike"],"picked":"Twin Strike","floor":5.0},{"not_picked":["Ghostly Armor","Havoc"],"picked":"Pommel Strike","floor":6.0},{"not_picked":["Defy Death","Cleave","Fiend Fire"],"picked":"SKIP","floor":7.0},{"not_picked":["Metallicize","Juggernaut","True Grit"],"picked":"SKIP","floor":8.0},{"not_picked":["Exhume","Blood for Blood"],"picked":"Thunderclap","floor":10.0},{"not_picked":["Replay:Undeath\u0027s Touch","Sever Soul"],"picked":"Pommel Strike","floor":12.0},{"not_picked":["Sever Soul","Havoc"],"picked":"Clash","floor":13.0},{"not_picked":["Power Through","Brutality"],"picked":"Perfected Strike","floor":14.0},{"not_picked":["Replay:Many Hands","Bludgeon"],"picked":"Berserk","floor":16.0},{"not_picked":["Massacre","ReplayTheSpireMod:Strike From Hell","ReplayReversal+1"],"picked":"SKIP","floor":18.0},{"not_picked":["Headbutt","ReplayTheSpireMod:Strike From Hell"],"picked":"Body Slam","floor":21.0},{"not_picked":["Clothesline+1","Cleave"],"picked":"Dual Wield","floor":25.0},{"not_picked":["Twin Strike","Clothesline+1"],"picked":"Dual Wield","floor":29.0},{"not_picked":["Warcry+1","Blood for Blood","Entrench+1"],"picked":"SKIP","floor":32},{"not_picked":["Corruption","Exhume"],"picked":"Reaper","floor":34},{"not_picked":["Dual Wield","Blood for Blood+1"],"picked":"Flex","floor":36},{"not_picked":["Searing Blow","ReplayTheSpireMod:Stacked+1"],"picked":"Flex+1","floor":41},{"not_picked":["Shockwave","Replay:Undeath\u0027s Touch+1"],"picked":"Sword Boomerang+1","floor":42}],"player_experience":353459,"relics_obtained":[{"floor":6.0,"key":"Replay:Kaleidoscope"},{"floor":8.0,"key":"Vajra"},{"floor":10.0,"key":"Smiling Mask"},{"floor":11.0,"key":"Mummified Hand"},{"floor":25.0,"key":"Replay:Multitool"},{"floor":27.0,"key":"Replay:Bottled Snecko"},{"floor":29.0,"key":"ShirouKen"},{"floor":32,"key":"Oddly Smooth Stone"},{"floor":42,"key":"CatCart"}],"event_choices":[{"damage_healed":0.0,"max_hp_gain":0.0,"max_hp_loss":0.0,"gold_gain":0.0,"event_name":"Scrap Ooze","player_choice":"Success","floor":3.0,"gold_loss":0.0,"damage_taken":3.0,"relics_obtained":["RuthlessExorcism:ReiMu"]},{"damage_healed":0.0,"max_hp_gain":0.0,"max_hp_loss":0.0,"gold_gain":0.0,"event_name":"Duplicator","player_choice":"Copied","floor":19.0,"gold_loss":0.0,"damage_taken":0.0,"cards_obtained":["Berserk"]},{"cards_removed":["Bash"],"damage_healed":0.0,"max_hp_gain":0.0,"max_hp_loss":0.0,"gold_gain":0.0,"event_name":"Beggar","player_choice":"Gave Gold","floor":22.0,"gold_loss":75.0,"damage_taken":0.0},{"damage_healed":0.0,"max_hp_gain":0.0,"max_hp_loss":0.0,"gold_gain":0.0,"cards_transformed":["Perfected Strike","Strike_R"],"event_name":"Drug Dealer","player_choice":"Became Test Subject","floor":31.0,"gold_loss":0.0,"damage_taken":0.0,"cards_obtained":["ReplayTheSpireMod:LeadingStrike","Anger"]},{"cards_removed":["Armaments"],"damage_healed":0,"gold_gain":0,"player_choice":"Removed Skill","damage_taken":0,"max_hp_gain":0,"max_hp_loss":0,"event_name":"Falling","floor":38,"gold_loss":0},{"damage_healed":0,"gold_gain":0,"player_choice":"Got Potions","damage_taken":0,"max_hp_gain":0,"max_hp_loss":0,"event_name":"Lab","floor":40,"gold_loss":0},{"damage_healed":0,"gold_gain":0,"player_choice":"Fight","damage_taken":0,"max_hp_gain":0,"max_hp_loss":0,"event_name":"OrinTheCat","floor":42,"gold_loss":0}],"is_beta":false,"boss_relics":[{"not_picked":["Abe\u0027s Treasure","energizedSpire:EnergizedDie"],"picked":"energizedSpire:MagnifyingGlass"},{"not_picked":["energizedSpire:RedRose","Replay:Drink Me"],"picked":"SlaversCollar"}],"items_purged_floors":[],"is_endless":false,"potions_floor_spawned":[5,7,8,13,16,21,34,36],"killed_by":"Nemesis","ascension_level":7}}