{"host":"fc5kl670efuhtomy","time":1612875746,"event":{"mods":["AchievementEnabler","BaseMod","Colored Powertips","Downfall","Marisa（F雨　魔理沙）","Minty Spire (QoL Compilation)","Quick Restart","Rare Cards Sparkle","Relic Stats","Replay The Spire","StSLib","The Bug Knight","The Construct","The Cursed","The Necromancer","The Servant 0.9.4","WarShipGirlsR/战舰少女R mod"],"gold_per_floor":[99,119,133,133,146,56,105,121,138,138,138,138],"floor_reached":10,"language":"ZHS","playtime":798,"items_purged":["bronze:Strike"],"score":60,"play_id":"9b89c6c4-5892-41e1-9730-1ad210ae0d43","local_time":"20210209210226","is_ascension_mode":false,"campfire_choices":[{"floor":1,"key":"DIG"}],"circlet_count":0,"master_deck":["bronze:Strike","bronze:Strike","bronze:Strike","bronze:Defend","bronze:Defend","bronze:Defend","bronze:Defend","bronze:Replicate","bronze:Goto","bronze:ChildClass","bronze:Repair","bronze:ChildClass","bronze:BronzeOrb","bronze:Branch","Parasite","bronze:BuggyMess","bronze:Constructor"],"relics":["Cursed Key","StoneCalendar"],"acts_visited":["Exordium"],"potions_floor_usage":[9],"damage_taken":[{"damage":1,"enemies":"Jaw Worm","floor":2,"turns":4},{"damage":0,"enemies":"Cultist","floor":3,"turns":3},{"damage":0,"enemies":"Small Slimes","floor":5,"turns":4},{"damage":0,"enemies":"downfall:FleeingMerchant","floor":6,"turns":4},{"damage":0,"enemies":"2 Fungi Beasts","floor":8,"turns":4},{"damage":3,"enemies":"Red Slaver","floor":9,"turns":4},{"damage":90,"enemies":"Gremlin Nob","floor":10,"turns":6}],"seed_played":"2354395005649928950","potions_obtained":[{"floor":3,"key":"Ancient Potion"},{"floor":8,"key":"LiquidMemories"}],"is_trial":false,"path_per_floor":["R","M","M","?","M","$","T","M","M","E"],"character_chosen":"THE_AUTOMATON","items_purchased":[],"campfire_rested":0,"item_purchase_floors":[],"current_hp_per_floor":[70,69,69,69,70,70,70,70,70,0,0,0],"gold":138,"neow_bonus":"BOSS_RELIC","is_daily":false,"chose_seed":false,"campfire_upgraded":0,"win_rate":0.0,"timestamp":1612875746,"path_taken":["R","M","M","?","M","?","T","M","M","E"],"items_purchased_type":[],"build_version":"2020-12-22","purchased_purges":1,"victory":false,"max_hp_per_floor":[70,70,70,70,70,70,70,70,70,70,70,70],"relic_stats":{"counters":[7,29],"StoneCalendar":[0],"Cursed Key":1,"obtain_stats":[{"bronze:BronzeCore":0,"StoneCalendar":1,"Cursed Key":0},{"bronze:BronzeCore":0,"StoneCalendar":0,"Cursed Key":0},{"bronze:BronzeCore":0,"StoneCalendar":0,"Cursed Key":0}]},"card_choices":[{"not_picked":["bronze:Overheat","bronze:Frontload"],"picked":"bronze:ChildClass","floor":2},{"not_picked":["bronze:Deprecate","bronze:FineTuning"],"picked":"bronze:Repair","floor":3},{"not_picked":["bronze:Boost","bronze:CutThrough"],"picked":"bronze:BronzeOrb","floor":5},{"not_picked":["bronze:OilSpill","bronze:Safeguard"],"picked":"bronze:Branch","floor":6},{"not_picked":["bronze:Philosophize","bronze:Overheat"],"picked":"bronze:BuggyMess","floor":8},{"not_picked":["bronze:ForceShield","bronze:CutThrough"],"picked":"bronze:Constructor","floor":9}],"player_experience":194144,"relics_obtained":[{"floor":1,"key":"StoneCalendar"}],"event_choices":[],"is_beta":false,"boss_relics":[],"items_purged_floors":[6],"is_endless":false,"potions_floor_spawned":[3,8],"killed_by":"Gremlin Nob","ascension_level":0}}