{"host":"mw3dmj42qtkbha4b","time":1612882724,"event":{"mods":["BaseMod","Colored Map","Colored Powertips","DeckTracker","Minty Spire (QoL Compilation)","StSLib","SuperFastMode"],"gold_per_floor":[119,135,146,165,190,217,217,245,270,270,285,43,43,56,56,127,127,143,43,60,60,60,60,90,90,90,90,90,90],"floor_reached":28,"language":"KOR","playtime":681,"items_purged":["Defend_P","Strike_P"],"score":492,"play_id":"51aad36a-5e0d-4374-a739-b0e151202d32","local_time":"20210209235844","is_ascension_mode":true,"campfire_choices":[{"floor":7.0,"key":"REST"},{"data":"Eruption","floor":13.0,"key":"SMITH"},{"floor":15.0,"key":"RECALL"},{"floor":23.0,"key":"REST"},{"floor":25.0,"key":"REST"}],"circlet_count":0,"master_deck":["AscendersBane","Strike_P","Strike_P","Strike_P","Defend_P","Defend_P","Defend_P","Eruption+1","Vigilance","Tantrum","Shame"],"relics":["PureWater","Pocketwatch","Bronze Scales","Akabeko","Damaru","Lee\u0027s Waffle","SacredBark","Matryoshka","Eternal Feather","Lantern","Calipers"],"acts_visited":["Exordium","TheCity"],"potions_floor_usage":[28],"damage_taken":[{"damage":0.0,"enemies":"Cultist","floor":1.0,"turns":2.0},{"damage":0.0,"enemies":"Jaw Worm","floor":2.0,"turns":2.0},{"damage":0.0,"enemies":"Small Slimes","floor":3.0,"turns":2.0},{"damage":18.0,"enemies":"Blue Slaver","floor":4.0,"turns":3.0},{"damage":3.0,"enemies":"Gremlin Nob","floor":6.0,"turns":3.0},{"damage":10.0,"enemies":"Lagavulin","floor":8.0,"turns":4.0},{"damage":5.0,"enemies":"Exordium Wildlife","floor":11.0,"turns":3.0},{"damage":4.0,"enemies":"Looter","floor":14.0,"turns":2.0},{"damage":58.0,"enemies":"The Guardian","floor":16.0,"turns":8.0},{"damage":31.0,"enemies":"3 Byrds","floor":18.0,"turns":3.0},{"damage":17.0,"enemies":"Spheric Guardian","floor":20.0,"turns":3.0},{"damage":21.0,"enemies":"Slavers","floor":24.0,"turns":4.0},{"damage":59,"enemies":"Gremlin Leader","floor":28,"turns":3}],"seed_played":"-1708981866381728564","potions_obtained":[{"floor":6.0,"key":"Block Potion"},{"floor":8.0,"key":"Block Potion"},{"floor":10.0,"key":"Fruit Juice"},{"floor":10.0,"key":"BlessingOfTheForge"},{"floor":11.0,"key":"LiquidBronze"},{"floor":16.0,"key":"DuplicationPotion"},{"floor":20.0,"key":"SteroidPotion"},{"floor":24.0,"key":"ColorlessPotion"}],"is_trial":false,"path_per_floor":["M","M","M","M","T","E","R","E","T","?","M","$","R","M","R","B",null,"M","$","M","$","?","R","E","R","T","?","E"],"character_chosen":"WATCHER","items_purchased":["Lee\u0027s Waffle"],"campfire_rested":3,"item_purchase_floors":[12],"current_hp_per_floor":[43,43,43,25,25,22,42,32,32,37,32,80,80,76,76,18,65,34,34,17,17,17,41,20,50,50,50,0,0],"gold":90,"neow_bonus":"ONE_RARE_RELIC","is_daily":false,"chose_seed":false,"campfire_upgraded":1,"win_rate":0.0,"timestamp":1612882724,"path_taken":["M","M","M","M","?","E","R","E","T","?","?","?","R","M","R","BOSS","M","$","M","$","?","R","E","R","T","?","E"],"items_purchased_type":["Relic"],"build_version":"2020-12-22","purchased_purges":2,"victory":false,"max_hp_per_floor":[68,68,68,68,68,68,68,68,68,73,73,80,80,80,80,80,80,80,80,80,80,80,80,80,80,80,80,80,80],"card_choices":[{"not_picked":["Halt","EmptyFist","Collect"],"picked":"SKIP","floor":1.0},{"not_picked":["WaveOfTheHand","Fasting2"],"picked":"Tantrum","floor":2.0},{"not_picked":["SashWhip","FlyingSleeves","FollowUp"],"picked":"SKIP","floor":3.0},{"not_picked":["Conclude","TalkToTheHand","PathToVictory"],"picked":"SKIP","floor":4.0},{"not_picked":["Weave","ConjureBlade","WindmillStrike"],"picked":"SKIP","floor":6.0},{"not_picked":["SashWhip","EmptyFist","JustLucky"],"picked":"SKIP","floor":8.0},{"not_picked":["SignatureMove","Halt","EmptyBody"],"picked":"SKIP","floor":11.0},{"not_picked":["Sanctity","InnerPeace","TalkToTheHand"],"picked":"SKIP","floor":14.0},{"not_picked":["CutThroughFate","Nirvana","Sanctity"],"picked":"SKIP","floor":18.0},{"not_picked":["CutThroughFate","Prostrate","Halt"],"picked":"SKIP","floor":20.0},{"not_picked":["Halt","Conclude","TalkToTheHand"],"picked":"SKIP","floor":24.0}],"player_experience":1808855,"relics_obtained":[{"floor":5.0,"key":"Bronze Scales"},{"floor":6.0,"key":"Akabeko"},{"floor":8.0,"key":"Damaru"},{"floor":24.0,"key":"Eternal Feather"},{"floor":26.0,"key":"Lantern"},{"floor":26.0,"key":"Calipers"}],"event_choices":[{"damage_healed":0.0,"max_hp_gain":0.0,"max_hp_loss":0.0,"gold_gain":0.0,"event_name":"Lab","player_choice":"Got Potions","floor":10.0,"gold_loss":0.0,"damage_taken":0.0},{"damage_healed":0.0,"max_hp_gain":0.0,"max_hp_loss":0.0,"gold_gain":0.0,"event_name":"Addict","player_choice":"Stole Relic","floor":22.0,"gold_loss":0.0,"damage_taken":0.0,"relics_obtained":["Matryoshka"],"cards_obtained":["Shame"]},{"damage_healed":0.0,"max_hp_gain":0.0,"max_hp_loss":0.0,"gold_gain":0.0,"event_name":"Cursed Tome","player_choice":"Ignored","floor":27.0,"gold_loss":0.0,"damage_taken":0.0}],"is_beta":false,"boss_relics":[{"not_picked":["Pandora\u0027s Box","Velvet Choker"],"picked":"SacredBark"}],"items_purged_floors":[12,19],"is_endless":false,"potions_floor_spawned":[6,8,11,16,20,24],"killed_by":"Gremlin Leader","ascension_level":20}}