{"host":"ewe4oe702q4ujr6i","time":1612886771,"event":{"mods":["BaseMod","Colored Map","Colored Powertips","DeckTracker","Minty Spire (QoL Compilation)","SuperFastMode"],"gold_per_floor":[116,128,128,52,76,76,107,107,107,122,136,180,180,205,205,329,329,354,344,344,360,59,103,103,143,143,143,156,156,169,192,192,323,323,347,680,680,305,320,320,39,70,153,196,208,236,248,260,272,284],"floor_reached":51,"language":"KOR","playtime":3246,"items_purged":["Strike_R","Strike_R","Strike_R"],"score":946,"play_id":"6fc97639-267e-42cf-8b43-844d2b794e8a","local_time":"20210210010611","is_ascension_mode":true,"campfire_choices":[{"data":"Bash","floor":6,"key":"SMITH"},{"data":"Whirlwind","floor":13,"key":"SMITH"},{"data":"Shrug It Off","floor":15,"key":"SMITH"},{"data":"Rupture","floor":27,"key":"SMITH"},{"floor":29,"key":"REST"},{"data":"Power Through","floor":32,"key":"SMITH"},{"data":"Barricade","floor":40,"key":"SMITH"},{"floor":45,"key":"REST"},{"data":"Brutality","floor":47,"key":"SMITH"},{"floor":49,"key":"REST"}],"circlet_count":0,"master_deck":["Defend_R","Defend_R","Defend_R","Defend_R","Bash+1","Shrug It Off+1","Bloodletting","Power Through+1","Whirlwind+1","Hemokinesis","Flex+1","Limit Break+1","Headbutt+1","True Grit+1","Rupture+1","Reaper","Evolve","Impervious+1","True Grit+1","Warcry+1","Armaments+1","Barricade+1","Fire Breathing","Shrug It Off+1","Fire Breathing","Brutality+1"],"relics":["Black Blood","Mango","Red Skull","Toxic Egg 2","Dead Branch","Vajra","Blood Vial","Smiling Mask","SlaversCollar","Toy Ornithopter","OrangePellets","MawBank","Singing Bowl","Shuriken"],"acts_visited":["Exordium","TheCity","TheBeyond"],"potions_floor_usage":[14,18,23,25,28,28,30,42,46,50],"damage_taken":[{"damage":1,"enemies":"Cultist","floor":1,"turns":4},{"damage":0,"enemies":"2 Louse","floor":2,"turns":3},{"damage":0,"enemies":"Jaw Worm","floor":5,"turns":6},{"damage":63,"enemies":"Gremlin Nob","floor":7,"turns":7},{"damage":24,"enemies":"Large Slime","floor":10,"turns":7},{"damage":14,"enemies":"Exordium Thugs","floor":11,"turns":7},{"damage":20,"enemies":"3 Sentries","floor":12,"turns":6},{"damage":2,"enemies":"Looter","floor":14,"turns":3},{"damage":59,"enemies":"Hexaghost","floor":16,"turns":9},{"damage":38,"enemies":"Shell Parasite","floor":18,"turns":7},{"damage":19,"enemies":"2 Thieves","floor":19,"turns":4},{"damage":36,"enemies":"Snecko","floor":21,"turns":8},{"damage":38,"enemies":"Gremlin Leader","floor":23,"turns":6},{"damage":99,"enemies":"Book of Stabbing","floor":25,"turns":8},{"damage":39,"enemies":"Sentry and Sphere","floor":28,"turns":7},{"damage":27,"enemies":"3 Cultists","floor":30,"turns":6},{"damage":12,"enemies":"Snake Plant","floor":31,"turns":4},{"damage":60,"enemies":"Collector","floor":33,"turns":7},{"damage":11,"enemies":"3 Shapes","floor":35,"turns":7},{"damage":55,"enemies":"Orb Walker","floor":39,"turns":8},{"damage":73,"enemies":"Giant Head","floor":42,"turns":9},{"damage":96,"enemies":"Reptomancer","floor":44,"turns":6},{"damage":12,"enemies":"Sphere and 2 Shapes","floor":46,"turns":7},{"damage":81,"enemies":"Time Eater","floor":50,"turns":8}],"seed_played":"-7475420770833289372","potions_obtained":[{"floor":1,"key":"Ancient Potion"},{"floor":2,"key":"Regen Potion"},{"floor":11,"key":"Ancient Potion"},{"floor":14,"key":"Fruit Juice"},{"floor":16,"key":"Fire Potion"},{"floor":19,"key":"AttackPotion"},{"floor":21,"key":"BloodPotion"},{"floor":25,"key":"BloodPotion"},{"floor":28,"key":"Strength Potion"},{"floor":39,"key":"BloodPotion"},{"floor":42,"key":"FearPotion"},{"floor":46,"key":"GamblersBrew"}],"is_trial":false,"path_per_floor":["M","M","?","$","M","R","E","?","T","M","M","E","R","M","R","B",null,"M","M","?","M","$","E","?","E","T","R","M","R","M","M","R","B",null,"M","?","?","$","M","R","$","E","T","E","R","M","R","?","R","B",null],"character_chosen":"IRONCLAD","items_purchased":["Impervious","Rupture","Reaper","Fire Breathing","PowerPotion","PowerPotion","Toy Ornithopter","OrangePellets","Fire Breathing"],"campfire_rested":3,"item_purchase_floors":[4,22,22,38,38,38,38,41,41],"current_hp_per_floor":[75,81,58,58,64,64,7,104,104,86,78,64,64,73,73,20,109,83,76,76,52,52,53,53,13,13,13,27,59,46,60,60,14,109,109,109,109,109,73,73,73,84,84,22,55,86,86,86,113,87],"gold":296,"neow_bonus":"ONE_RARE_RELIC","is_daily":false,"chose_seed":false,"campfire_upgraded":7,"win_rate":0.0,"timestamp":1612886771,"path_taken":["M","?","?","?","M","R","E","?","T","M","?","E","R","M","R","BOSS","M","M","?","M","$","E","?","E","T","R","?","R","M","M","R","BOSS","M","?","?","$","M","R","?","E","T","E","R","?","R","?","R","BOSS"],"items_purchased_type":["Card","Card","Card","Card","Potion","Potion","Relic","Relic","Card"],"build_version":"2020-12-22","purchased_purges":3,"victory":true,"max_hp_per_floor":[94,94,94,94,94,94,94,104,104,104,104,104,104,109,109,109,109,109,109,109,109,109,109,109,109,109,109,109,109,109,109,109,109,109,109,109,109,109,109,109,109,109,109,111,111,113,113,113,113,113],"card_choices":[{"not_picked":["Clash","Clothesline"],"picked":"Shrug It Off","floor":1},{"not_picked":["Blood for Blood","Clothesline"],"picked":"Bloodletting","floor":2},{"not_picked":["Thunderclap","Ghostly Armor"],"picked":"Power Through","floor":5},{"not_picked":["Combust","Bludgeon"],"picked":"Whirlwind","floor":7},{"not_picked":["Warcry+1","Dark Embrace"],"picked":"Hemokinesis","floor":10},{"not_picked":["Headbutt","Entrench+1"],"picked":"Flex+1","floor":11},{"not_picked":["Clash","Reckless Charge","Perfected Strike"],"picked":"SKIP","floor":12},{"not_picked":["Reckless Charge","Clash","Berserk"],"picked":"SKIP","floor":14},{"not_picked":["Corruption","Reaper"],"picked":"Limit Break+1","floor":16},{"not_picked":["Second Wind+1","Dual Wield+1"],"picked":"Headbutt","floor":18},{"not_picked":["Warcry+1","Sentinel+1","Thunderclap+1"],"picked":"SKIP","floor":19},{"not_picked":["Perfected Strike","Cleave"],"picked":"True Grit+1","floor":21},{"not_picked":["Dropkick","Perfected Strike"],"picked":"Evolve","floor":23},{"not_picked":["Dark Embrace","Heavy Blade+1"],"picked":"True Grit+1","floor":25},{"not_picked":["Pommel Strike","Cleave"],"picked":"Warcry+1","floor":28},{"not_picked":["Headbutt+1","Anger+1","Sword Boomerang"],"picked":"SKIP","floor":30},{"not_picked":["Uppercut+1","Berserk"],"picked":"Armaments+1","floor":31},{"not_picked":["Demon Form","Feed"],"picked":"Barricade","floor":33},{"not_picked":["Clothesline+1","Second Wind+1","Wild Strike+1"],"picked":"SKIP","floor":35},{"not_picked":["Sentinel+1","Pommel Strike+1"],"picked":"Shrug It Off+1","floor":39},{"not_picked":["Clash+1","Perfected Strike"],"picked":"Brutality","floor":42},{"not_picked":["Rage+1","Iron Wave","Cleave"],"picked":"Singing Bowl","floor":44},{"not_picked":["Warcry+1","Armaments+1","Thunderclap"],"picked":"Singing Bowl","floor":46}],"player_experience":222866,"relics_obtained":[{"floor":7,"key":"Red Skull"},{"floor":9,"key":"Toxic Egg 2"},{"floor":12,"key":"Dead Branch"},{"floor":23,"key":"Vajra"},{"floor":25,"key":"Blood Vial"},{"floor":26,"key":"Smiling Mask"},{"floor":42,"key":"MawBank"},{"floor":43,"key":"Singing Bowl"},{"floor":44,"key":"Shuriken"}],"event_choices":[{"damage_healed":0,"gold_gain":0,"player_choice":"Take Damage","damage_taken":23,"relics_obtained":["Golden Idol"],"max_hp_gain":0,"max_hp_loss":0,"event_name":"Golden Idol","floor":3,"gold_loss":0},{"cards_removed":["Impervious"],"damage_healed":87,"gold_gain":0,"player_choice":"Offered Rare","damage_taken":0,"max_hp_gain":10,"max_hp_loss":0,"event_name":"Bonfire Elementals","floor":8,"gold_loss":0},{"damage_healed":0,"gold_gain":0,"player_choice":"Ignored","damage_taken":0,"max_hp_gain":0,"max_hp_loss":0,"event_name":"Vampires","floor":20,"gold_loss":0},{"damage_healed":0,"gold_gain":0,"cards_transformed":["Strike_R"],"player_choice":"Transformed","damage_taken":0,"max_hp_gain":0,"max_hp_loss":0,"event_name":"Transmorgrifier","floor":24,"gold_loss":0,"cards_obtained":["Impervious"]},{"damage_healed":0,"gold_gain":333,"player_choice":"Gave Idol","damage_taken":0,"max_hp_gain":0,"max_hp_loss":0,"event_name":"The Moai Head","floor":36,"relics_lost":["Golden Idol"],"gold_loss":0},{"cards_removed":["Strike_R"],"damage_healed":0,"gold_gain":0,"player_choice":"Removed Attack","damage_taken":0,"max_hp_gain":0,"max_hp_loss":0,"event_name":"Falling","floor":37,"gold_loss":0},{"damage_healed":0,"gold_gain":0,"player_choice":"Forge","damage_taken":0,"max_hp_gain":0,"max_hp_loss":0,"event_name":"Accursed Blacksmith","floor":48,"gold_loss":0,"cards_upgraded":["Headbutt"]}],"is_beta":false,"boss_relics":[{"not_picked":["Tiny House","Runic Dome"],"picked":"Black Blood"},{"not_picked":["Empty Cage","SacredBark"],"picked":"SlaversCollar"}],"items_purged_floors":[22,38,41],"is_endless":false,"potions_floor_spawned":[1,2,11,14,16,19,21,25,28,39,42,46],"ascension_level":4}}