{"host":"7tvb1em0d2fx72q7","time":1612847447,"event":{"mods":["BaseMod","Challenge The Spire","Minty Spire (QoL Compilation)","StSLib","everything is the same but u backflip on backflip"],"gold_per_floor":[114,114,39,39,55,55,80,80,160,188,206,34,34,62,62,140,140,155,205,52,71,81,81,81],"floor_reached":23,"language":"ENG","playtime":852,"items_purged":["Strike_B"],"score":614,"play_id":"334fe681-c87e-4bf8-8479-157543eb5c32","local_time":"20210209001047","is_ascension_mode":true,"campfire_choices":[{"data":"Zap","floor":6,"key":"SMITH"},{"data":"Hologram","floor":8,"key":"SMITH"},{"data":"Hyperbeam","floor":13,"key":"SMITH"},{"data":"Beam Cell","floor":15,"key":"SMITH"}],"circlet_count":0,"master_deck":["AscendersBane","Strike_B","Strike_B","Defend_B","Defend_B","Defend_B","Defend_B","Zap+1","Dualcast","Auto Shields","Conserve Battery","Hologram+1","Hyperbeam+1","Beam Cell+1","Meteor Strike","Chill","Double Energy","Static Discharge","Stack"],"relics":["Cracked Core","NeowsBlessing","Ancient Tea Set","StrikeDummy","White Beast Statue","Potion Belt","Pen Nib","Nuclear Battery"],"acts_visited":["Exordium","TheCity"],"potions_floor_usage":[10,14,14,21],"damage_taken":[{"damage":0,"enemies":"Cultist","floor":1,"turns":1},{"damage":0,"enemies":"2 Louse","floor":5,"turns":1},{"damage":0,"enemies":"Gremlin Nob","floor":7,"turns":1},{"damage":15,"enemies":"3 Sentries","floor":10,"turns":4},{"damage":0,"enemies":"Small Slimes","floor":11,"turns":1},{"damage":0,"enemies":"Lagavulin","floor":14,"turns":4},{"damage":0,"enemies":"Slime Boss","floor":16,"turns":4},{"damage":6,"enemies":"Spheric Guardian","floor":18,"turns":3},{"damage":2,"enemies":"Shell Parasite","floor":21,"turns":3},{"damage":73,"enemies":"Cultist and Chosen","floor":22,"turns":7},{"damage":21,"enemies":"Slavers","floor":23,"turns":1}],"seed_played":"5598690974343952417","potions_obtained":[{"floor":1,"key":"FearPotion"},{"floor":7,"key":"PowerPotion"},{"floor":11,"key":"ColorlessPotion"},{"floor":14,"key":"FairyPotion"},{"floor":16,"key":"Fire Potion"},{"floor":18,"key":"Block Potion"},{"floor":21,"key":"PotionOfCapacity"},{"floor":22,"key":"FearPotion"}],"is_trial":false,"path_per_floor":["M","?","?","?","M","R","E","R","T","E","M","$","R","E","R","B",null,"M","?","$","M","M","E"],"character_chosen":"DEFECT","items_purchased":["Potion Belt","Double Energy"],"campfire_rested":0,"item_purchase_floors":[12,20],"current_hp_per_floor":[64,64,64,69,69,69,69,69,69,54,54,54,54,54,54,54,71,65,65,65,63,14,0,0],"gold":81,"neow_bonus":"THREE_ENEMY_KILL","is_daily":false,"chose_seed":false,"campfire_upgraded":4,"win_rate":0.0,"timestamp":1612847447,"path_taken":["M","?","?","?","M","R","E","R","T","E","M","$","R","E","R","BOSS","M","?","?","M","M","E"],"items_purchased_type":["Relic","Card"],"build_version":"2020-12-22","purchased_purges":1,"victory":false,"max_hp_per_floor":[71,71,71,76,76,76,76,76,76,76,76,76,76,76,76,76,76,76,76,76,76,76,76,76],"card_choices":[{"not_picked":["Storm","Blizzard"],"picked":"Auto Shields","floor":1},{"not_picked":["Beam Cell","Steam"],"picked":"Conserve Battery","floor":5},{"not_picked":["Capacitor","Steam"],"picked":"Hologram","floor":7},{"not_picked":["Heatsinks","Double Energy"],"picked":"Hyperbeam","floor":10},{"not_picked":["Scrape","Reinforced Body","Turbo"],"picked":"SKIP","floor":11},{"not_picked":["Auto Shields","Rebound"],"picked":"Beam Cell","floor":14},{"not_picked":["Fission","Rainbow"],"picked":"Meteor Strike","floor":16},{"not_picked":["Ball Lightning","Sweeping Beam"],"picked":"Chill","floor":18},{"not_picked":["Turbo","White Noise"],"picked":"Static Discharge","floor":21},{"not_picked":["Conserve Battery","Storm"],"picked":"Stack","floor":22}],"player_experience":2042849,"relics_obtained":[{"floor":7,"key":"Ancient Tea Set"},{"floor":9,"key":"StrikeDummy"},{"floor":10,"key":"White Beast Statue"},{"floor":14,"key":"Pen Nib"}],"event_choices":[{"damage_healed":0,"gold_gain":0,"player_choice":"Ignored","damage_taken":0,"max_hp_gain":0,"max_hp_loss":0,"event_name":"Liars Game","floor":2,"gold_loss":0},{"cards_removed":["Strike_B"],"damage_healed":0,"gold_gain":0,"player_choice":"Card Removal","damage_taken":0,"max_hp_gain":0,"max_hp_loss":0,"event_name":"The Cleric","floor":3,"gold_loss":75},{"damage_healed":0,"gold_gain":0,"player_choice":"Donut","damage_taken":0,"max_hp_gain":5,"max_hp_loss":0,"event_name":"Big Fish","floor":4,"gold_loss":0},{"damage_healed":0,"gold_gain":50,"player_choice":"Pray","damage_taken":0,"max_hp_gain":0,"max_hp_loss":0,"event_name":"Golden Shrine","floor":19,"gold_loss":0}],"is_beta":false,"boss_relics":[{"not_picked":["Velvet Choker","Philosopher\u0027s Stone"],"picked":"Nuclear Battery"}],"items_purged_floors":[20],"is_endless":false,"potions_floor_spawned":[1,7,11,14,16,18,21,22],"killed_by":"Slavers","ascension_level":20}}