{"host":"fhyqvp7txwl2j5aw","time":1612842893,"event":{"mods":["AchievementEnabler","BaseMod","Better Altar","Better Match","Better Note","Better Sensory Stone","Better Skull","Better Third Choice","Card Forge","Colored Map","Colored Powertips","Highlight Path","Minty Spire (QoL Compilation)","Rare Cards Sparkle","Relic Filter Mod","StSLib","Transform Curses"],"gold_per_floor":[118,132,58,74,137,172,185,195,195,120,120,120,120,131,131,228,228,246,246,256,256,267,295,295,320,320,320,4,23,50,0,0,104,104,123,173,173,227,254,254,273,273,273,290,290,316,17,17,17,17],"floor_reached":51,"language":"JPN","playtime":3612,"items_purged":[],"score":911,"play_id":"6910927b-31d6-4dc6-aa84-190edc702b69","local_time":"20210209125453","is_ascension_mode":false,"campfire_choices":[{"floor":15,"key":"REST"},{"floor":27,"key":"REST"},{"data":"Calculated Gamble","floor":32,"key":"SMITH"},{"floor":40,"key":"REST"},{"floor":42,"key":"REST"},{"data":"Storm of Steel","floor":49,"key":"SMITH"}],"circlet_count":0,"master_deck":["Survivor+1","Tactician+1","Dagger Throw+1","Underhanded Strike+1","Flying Knee+1","Prepared+1","Tools of the Trade+1","Acrobatics+1","Eviscerate+1","Endless Agony+1","Reflex+1","Adrenaline+1","Insight+1","Calculated Gamble+1","CurseOfTheBell","Eviscerate+1","Purity+1","Tactician+1","AscendersBane","Storm of Steel+1"],"relics":["Ring of the Snake","Hammer of Thor","Seething Fire","Anvil of the Gods","Pear","Ninja Scroll","Unceasing Top","Black Star","PreservedInsect","Bottled Tornado","Pocketwatch","Darkstone Periapt","Dead Branch","Mummified Hand","Red Mask","Calling Bell","Bronze Scales","InkBottle","Tingsha","CaptainsWheel","FossilizedHelix","Orichalcum","HornCleat","Ornamental Fan","Frozen Egg 2","Gambling Chip"],"acts_visited":["Exordium","TheCity","TheBeyond"],"potions_floor_usage":[6,16],"damage_taken":[{"damage":6,"enemies":"Jaw Worm","floor":1,"turns":4},{"damage":1,"enemies":"Cultist","floor":2,"turns":4},{"damage":0,"enemies":"2 Louse","floor":4,"turns":2},{"damage":28,"enemies":"Lagavulin","floor":6,"turns":8},{"damage":0,"enemies":"Blue Slaver","floor":7,"turns":4},{"damage":6,"enemies":"3 Louse","floor":8,"turns":3},{"damage":0,"enemies":"2 Fungi Beasts","floor":14,"turns":1},{"damage":55,"enemies":"The Guardian","floor":16,"turns":11},{"damage":0,"enemies":"Spheric Guardian","floor":18,"turns":1},{"damage":0,"enemies":"2 Thieves","floor":20,"turns":2},{"damage":0,"enemies":"Snake Plant","floor":22,"turns":2},{"damage":4,"enemies":"Gremlin Leader","floor":23,"turns":2},{"damage":0,"enemies":"Slavers","floor":25,"turns":1},{"damage":0,"enemies":"3 Cultists","floor":29,"turns":1},{"damage":0,"enemies":"Masked Bandits","floor":30,"turns":1},{"damage":0,"enemies":"Collector","floor":33,"turns":2},{"damage":0,"enemies":"Orb Walker","floor":35,"turns":1},{"damage":0,"enemies":"Mind Bloom Boss Battle","floor":36,"turns":1},{"damage":0,"enemies":"2 Orb Walkers","floor":38,"turns":1},{"damage":0,"enemies":"3 Darklings","floor":41,"turns":1},{"damage":0,"enemies":"Spire Growth","floor":44,"turns":1},{"damage":0,"enemies":"Giant Head","floor":46,"turns":1},{"damage":26,"enemies":"Time Eater","floor":50,"turns":6}],"seed_played":"-6049060941434314521","potions_obtained":[{"floor":2,"key":"Fire Potion"},{"floor":4,"key":"PowerPotion"},{"floor":16,"key":"PowerPotion"},{"floor":22,"key":"Weak Potion"},{"floor":23,"key":"Energy Potion"},{"floor":30,"key":"LiquidMemories"}],"is_trial":false,"path_per_floor":["M","M","$","M","?","E","M","M","T","?","?","$","T","M","R","B",null,"M","?","M","?","M","E","?","E","T","R","$","M","?","?","R","B",null,"M","?","?","?","T","R","M","R","T","M","$","E","$","?","R","B",null],"character_chosen":"THE_SILENT","items_purchased":["Backstab","Calculated Gamble","Mummified Hand","Gambling Chip"],"campfire_rested":4,"item_purchase_floors":[3,28,28,47],"current_hp_per_floor":[71,70,70,70,70,52,52,46,46,46,51,51,51,51,78,23,92,92,92,92,92,92,88,88,88,88,92,92,92,92,92,92,92,98,98,98,98,98,98,98,98,98,98,98,98,98,98,104,104,78],"gold":17,"neow_bonus":"TEN_PERCENT_HP_BONUS","is_daily":false,"chose_seed":false,"campfire_upgraded":2,"win_rate":0.0,"timestamp":1612842893,"path_taken":["M","M","$","M","?","E","M","M","T","?","?","$","?","M","R","BOSS","M","?","M","?","M","E","?","E","T","R","$","?","?","?","R","BOSS","M","?","?","?","?","R","?","R","T","M","?","E","$","?","R","BOSS"],"items_purchased_type":["Card","Card","Relic","Relic"],"build_version":"2020-12-22","purchased_purges":0,"victory":true,"max_hp_per_floor":[77,77,77,77,77,87,87,87,87,87,92,92,92,92,92,92,92,92,92,92,92,92,92,92,92,92,92,92,92,92,92,92,92,98,98,98,98,98,98,98,98,98,98,98,98,98,98,104,104,104],"card_choices":[{"not_picked":["Bane","Footwork"],"picked":"Tactician","floor":1},{"not_picked":["PiercingWail","Endless Agony"],"picked":"Dagger Throw","floor":2},{"not_picked":["Blur","Leg Sweep","Quick Slash"],"picked":"SKIP","floor":4},{"not_picked":["Backflip","Dodge and Roll","Flying Knee"],"picked":"SKIP","floor":6},{"not_picked":["Bouncing Flask","Catalyst"],"picked":"Underhanded Strike","floor":7},{"not_picked":["Bane","Flying Knee"],"picked":"Underhanded Strike","floor":8},{"not_picked":["Quick Slash","Sucker Punch"],"picked":"Flying Knee","floor":10},{"not_picked":["Backflip","Dagger Spray"],"picked":"Prepared","floor":10},{"not_picked":["Riddle With Holes","Leg Sweep","Dash"],"picked":"SKIP","floor":14},{"not_picked":["Unload","Glass Knife"],"picked":"Tools of the Trade","floor":16},{"not_picked":["Dagger Spray+1","Masterful Stab","Footwork+1"],"picked":"SKIP","floor":18},{"not_picked":["Slice","Tactician","Noxious Fumes"],"picked":"SKIP","floor":20},{"not_picked":["Outmaneuver","Prepared+1"],"picked":"Acrobatics","floor":22},{"not_picked":["Riddle With Holes","Sucker Punch","Escape Plan"],"picked":"SKIP","floor":23},{"not_picked":["Backflip","Dodge and Roll","Leg Sweep"],"picked":"SKIP","floor":25},{"not_picked":["Heel Hook+1","Crippling Poison+1","Acrobatics"],"picked":"SKIP","floor":29},{"not_picked":["Backstab","Prepared+1","Calculated Gamble+1"],"picked":"SKIP","floor":35},{"not_picked":["Slice+1","Dagger Throw"],"picked":"Eviscerate","floor":38},{"not_picked":["Deflect","Outmaneuver+1","Calculated Gamble"],"picked":"SKIP","floor":41},{"not_picked":["Deadly Poison+1","Distraction"],"picked":"Tactician+1","floor":44},{"not_picked":["All Out Attack","Catalyst+1","Corpse Explosion"],"picked":"SKIP","floor":46}],"player_experience":21647,"relics_obtained":[{"floor":6,"key":"Pear"},{"floor":9,"key":"Ninja Scroll"},{"floor":13,"key":"Unceasing Top"},{"floor":23,"key":"PreservedInsect"},{"floor":23,"key":"Bottled Tornado"},{"floor":25,"key":"Pocketwatch"},{"floor":25,"key":"Darkstone Periapt"},{"floor":26,"key":"Dead Branch"},{"floor":30,"key":"Red Mask"},{"floor":34,"key":"Bronze Scales"},{"floor":34,"key":"InkBottle"},{"floor":34,"key":"Tingsha"},{"floor":36,"key":"CaptainsWheel"},{"floor":38,"key":"FossilizedHelix"},{"floor":39,"key":"Orichalcum"},{"floor":43,"key":"HornCleat"},{"floor":46,"key":"Ornamental Fan"},{"floor":46,"key":"Frozen Egg 2"}],"event_choices":[{"damage_healed":0,"gold_gain":63,"player_choice":"Gained Gold","damage_taken":0,"max_hp_gain":0,"max_hp_loss":0,"event_name":"Golden Wing","floor":5,"gold_loss":0},{"damage_healed":0,"gold_gain":0,"player_choice":"1","damage_taken":0,"max_hp_gain":0,"max_hp_loss":0,"event_name":"betterMatch:BetterMatch","floor":10,"gold_loss":0,"cards_obtained":["betterMatch:ColorlessUncommonCard","betterMatch:CommonCard","betterMatch:CommonCard"]},{"damage_healed":0,"gold_gain":0,"player_choice":"Donut","damage_taken":0,"max_hp_gain":5,"max_hp_loss":0,"event_name":"Big Fish","floor":11,"gold_loss":0},{"cards_removed":["Underhanded Strike"],"damage_healed":0,"gold_gain":0,"player_choice":"Purged","damage_taken":0,"max_hp_gain":0,"max_hp_loss":0,"event_name":"Purifier","floor":19,"gold_loss":0},{"damage_healed":0,"gold_gain":0,"player_choice":"Cursed","damage_taken":0,"max_hp_gain":0,"max_hp_loss":0,"event_name":"Wheel of Change","floor":21,"gold_loss":0,"cards_obtained":["Decay"]},{"damage_healed":0,"gold_gain":0,"player_choice":"Take","damage_taken":0,"max_hp_gain":0,"max_hp_loss":0,"event_name":"betterNote:BetterNote","floor":24,"gold_loss":0,"cards_obtained":["Insight"]},{"damage_healed":0,"gold_gain":0,"player_choice":"Fought Bandits","damage_taken":0,"max_hp_gain":0,"max_hp_loss":0,"event_name":"Masked Bandits","floor":30,"gold_loss":0},{"damage_healed":0,"gold_gain":0,"player_choice":"Bet on Murderer","damage_taken":0,"max_hp_gain":0,"max_hp_loss":0,"event_name":"The Joust","floor":31,"gold_loss":50},{"damage_healed":0,"gold_gain":0,"player_choice":"Fight","damage_taken":0,"max_hp_gain":0,"max_hp_loss":0,"event_name":"MindBloom","floor":36,"gold_loss":0},{"cards_removed":["Purity"],"damage_healed":0,"gold_gain":0,"player_choice":"Removed Skill","damage_taken":0,"max_hp_gain":0,"max_hp_loss":0,"event_name":"Falling","floor":37,"gold_loss":0},{"damage_healed":0,"gold_gain":0,"player_choice":"Fight","damage_taken":0,"max_hp_gain":0,"max_hp_loss":0,"event_name":"Mysterious Sphere","floor":38,"gold_loss":0},{"damage_healed":0,"gold_gain":3,"player_choice":"3","damage_taken":0,"max_hp_gain":0,"max_hp_loss":0,"event_name":"betterStone:BetterStone","floor":48,"gold_loss":0,"cards_obtained":["Storm of Steel"]}],"is_beta":false,"boss_relics":[{"not_picked":["SacredBark","Sozu"],"picked":"Black Star"},{"not_picked":["Busted Crown","HoveringKite"],"picked":"Calling Bell"}],"items_purged_floors":[],"is_endless":false,"potions_floor_spawned":[2,4,16,22,23,30,33,36,38,46],"ascension_level":0}}