{"host":"xwgrz7y3g1a3iikb","time":1612896449,"event":{"mods":["BaseMod","Bestiary","Minty Spire (QoL Compilation)","Permanent Neow","Quick Restart","Relic Stats","StSLib","ojb\u0027s Info Mod"],"gold_per_floor":[118,118,130,150,164,164,197,197,197,219,231,243,255,294,306,423,435,463,489,501,513,525,537,582,594,606,634,646,673,697,560,560,656,656,670,670,670,670,689,689,722,742,795,809,809,809,823,856,856,856,856,856,41,66,66],"floor_reached":56,"language":"ENG","playtime":1846,"items_purged":["Writhe","Bite"],"score":1310,"play_id":"5ae6b6dd-ec03-49c3-9df6-75e46278439a","local_time":"20210209104729","is_ascension_mode":false,"campfire_choices":[{"data":"Bludgeon","floor":6.0,"key":"SMITH"},{"data":"Cleave","floor":8.0,"key":"SMITH"},{"data":"Burning Pact","floor":12.0,"key":"SMITH"},{"data":"Pommel Strike","floor":15.0,"key":"SMITH"},{"data":"Demon Form","floor":23.0,"key":"SMITH"},{"data":"Bash","floor":25.0,"key":"SMITH"},{"data":"Clothesline","floor":28.0,"key":"SMITH"},{"data":"Feel No Pain","floor":32.0,"key":"SMITH"},{"data":"Evolve","floor":40,"key":"SMITH"},{"floor":45,"key":"RECALL"},{"data":"Exhume","floor":49,"key":"SMITH"},{"data":"Defend_R","floor":52,"key":"SMITH"}],"circlet_count":0,"master_deck":["Defend_R+1","Defend_R","Defend_R","Defend_R","Bash+1","Cleave+1","Clothesline+1","Burning Pact+1","Bludgeon+1","Exhume+1","Pommel Strike+1","Demon Form+1","Shrug It Off+1","True Grit+1","Bite","Bite","Bite","Bite","Heavy Blade+1","Shrug It Off+1","Evolve+1","Feel No Pain+1","Corruption","Secret Weapon","Secret Technique","Burning Pact+1","True Grit+1","Body Slam+1","Entrench+1","Demon Form","Shrug It Off","Limit Break"],"relics":["Philosopher\u0027s Stone","Pen Nib","MawBank","Kunai","Snecko Eye","Regal Pillow","NlothsMask","Gremlin Horn","SacredBark","Self Forming Clay","Bottled Tornado","Bag of Marbles","ClockworkSouvenir","Thread and Needle","Champion Belt"],"acts_visited":["Exordium","TheCity","TheBeyond","TheEnding"],"potions_floor_usage":[41,42,55,55],"damage_taken":[{"damage":7.0,"enemies":"Jaw Worm","floor":1.0,"turns":3.0},{"damage":3.0,"enemies":"Small Slimes","floor":3.0,"turns":2.0},{"damage":5.0,"enemies":"2 Louse","floor":4.0,"turns":2.0},{"damage":12.0,"enemies":"Exordium Thugs","floor":5.0,"turns":5.0},{"damage":15.0,"enemies":"3 Sentries","floor":7.0,"turns":5.0},{"damage":9.0,"enemies":"Large Slime","floor":10.0,"turns":3.0},{"damage":0.0,"enemies":"Lagavulin","floor":14.0,"turns":3.0},{"damage":17.0,"enemies":"Slime Boss","floor":16.0,"turns":7.0},{"damage":11.0,"enemies":"Spheric Guardian","floor":18.0,"turns":3.0},{"damage":25.0,"enemies":"3 Byrds","floor":19.0,"turns":4.0},{"damage":19.0,"enemies":"Book of Stabbing","floor":24.0,"turns":3.0},{"damage":19.0,"enemies":"Snake Plant","floor":27.0,"turns":2.0},{"damage":14.0,"enemies":"3 Cultists","floor":29.0,"turns":3.0},{"damage":0.0,"enemies":"Shelled Parasite and Fungi","floor":30.0,"turns":4.0},{"damage":35,"enemies":"Automaton","floor":33,"turns":6},{"damage":7,"enemies":"Orb Walker","floor":35,"turns":2},{"damage":9,"enemies":"3 Darklings","floor":39,"turns":6},{"damage":27,"enemies":"Nemesis","floor":41,"turns":5},{"damage":14,"enemies":"Jaw Worm Horde","floor":42,"turns":4},{"damage":0,"enemies":"Maw","floor":44,"turns":6},{"damage":0,"enemies":"4 Shapes","floor":47,"turns":3},{"damage":0,"enemies":"Reptomancer","floor":48,"turns":3},{"damage":52,"enemies":"Donu and Deca","floor":50,"turns":8},{"damage":27,"enemies":"Shield and Spear","floor":54,"turns":4},{"damage":15,"enemies":"The Heart","floor":55,"turns":6}],"seed_played":"1117141854718552560","potions_obtained":[{"floor":4.0,"key":"Strength Potion"},{"floor":5.0,"key":"GamblersBrew"},{"floor":14.0,"key":"Fruit Juice"},{"floor":16.0,"key":"ColorlessPotion"},{"floor":29.0,"key":"LiquidMemories"},{"floor":39,"key":"Ancient Potion"},{"floor":41,"key":"Energy Potion"}],"is_trial":false,"path_per_floor":["M","?","M","M","M","R","E","R","T","M","?","R","?","E","R","B",null,"M","M","?","?","?","R","E","R","T","M","R","M","M","$","R","B",null,"M","?","$","?","M","R","E","M","T","M","R","T","M","E","R","B",null,"R","$","E","B",null],"character_chosen":"IRONCLAD","items_purchased":["Feel No Pain","ClockworkSouvenir","Thread and Needle","Demon Form","Shrug It Off","LiquidBronze"],"campfire_rested":0,"item_purchase_floors":[31,53,53,53,53,53],"current_hp_per_floor":[73,78,75,70,58,58,43,43,43,34,34,34,34,34,34,22,90,79,54,54,54,54,54,45,45,45,30,30,22,32,32,32,11,62,59,49,49,49,56,56,43,41,41,59,59,59,62,62,62,24,62,62,62,45,36],"gold":66,"neow_bonus":"BOSS_RELIC","is_daily":false,"chose_seed":false,"campfire_upgraded":11,"win_rate":0.0,"timestamp":1612896449,"path_taken":["M","?","M","M","M","R","E","R","T","M","?","R","?","E","R","BOSS","M","M","?","?","?","R","E","R","T","M","R","M","M","$","R","BOSS","M","?","$","?","M","R","E","M","T","M","R","?","M","E","R","BOSS","R","$","E","BOSS"],"items_purchased_type":["Card","Relic","Relic","Card","Card","Potion"],"build_version":"2020-12-22","purchased_purges":2,"victory":true,"max_hp_per_floor":[80,85,85,85,85,85,85,85,85,85,85,85,85,85,85,90,90,90,90,90,62,62,62,62,62,62,62,62,62,62,62,62,62,62,62,62,62,62,62,62,62,62,62,62,62,62,62,62,62,62,62,62,62,62,62],"relic_stats":{"Regal Pillow":0,"Gremlin Horn":[20,20],"counters":[25,102],"Self Forming Clay":[51],"Snecko Eye":[142,178,139,161],"Pen Nib":[20],"Kunai":[34],"Champion Belt":[2],"MawBank":264,"obtain_stats":[{"Regal Pillow":20,"Gremlin Horn":24,"Self Forming Clay":41,"SacredBark":34,"Thread and Needle":53,"Pen Nib":7,"Bottled Tornado":46,"MawBank":9,"Burning Blood":0,"ClockworkSouvenir":53,"Snecko Eye":17,"Philosopher\u0027s Stone":0,"Bag of Marbles":48,"Kunai":14,"Champion Belt":54,"NlothsMask":22},{"Regal Pillow":10,"Gremlin Horn":11,"Self Forming Clay":18,"SacredBark":15,"Thread and Needle":23,"Pen Nib":5,"Bottled Tornado":20,"MawBank":5,"Burning Blood":0,"ClockworkSouvenir":23,"Snecko Eye":8,"Philosopher\u0027s Stone":0,"Bag of Marbles":22,"Kunai":7,"Champion Belt":24,"NlothsMask":10},{"Regal Pillow":37,"Gremlin Horn":40,"Self Forming Clay":68,"SacredBark":55,"Thread and Needle":92,"Pen Nib":17,"Bottled Tornado":78,"MawBank":17,"Burning Blood":0,"ClockworkSouvenir":92,"Snecko Eye":30,"Philosopher\u0027s Stone":0,"Bag of Marbles":84,"Kunai":23,"Champion Belt":96,"NlothsMask":37}]},"card_choices":[{"not_picked":["Wild Strike","Rage"],"picked":"Cleave","floor":1.0},{"not_picked":["Warcry","Dropkick"],"picked":"Clothesline","floor":3.0},{"not_picked":["Clothesline","Cleave"],"picked":"Burning Pact","floor":4.0},{"not_picked":["Combust","Blood for Blood"],"picked":"Bludgeon","floor":5.0},{"not_picked":["Anger","Twin Strike"],"picked":"Exhume","floor":7.0},{"not_picked":["Iron Wave","Headbutt","Thunderclap"],"picked":"SKIP","floor":10.0},{"not_picked":["Anger","Rage"],"picked":"Pommel Strike","floor":14.0},{"not_picked":["Limit Break","Barricade"],"picked":"Demon Form","floor":16.0},{"not_picked":["Perfected Strike+1","Spot Weakness"],"picked":"Shrug It Off+1","floor":18.0},{"not_picked":["Heavy Blade","Combust"],"picked":"True Grit+1","floor":19.0},{"not_picked":["Perfected Strike","Hemokinesis"],"picked":"Heavy Blade+1","floor":24.0},{"not_picked":["Dropkick","Wild Strike"],"picked":"Shrug It Off+1","floor":27.0},{"not_picked":["Clash","Wild Strike","True Grit"],"picked":"SKIP","floor":29.0},{"not_picked":["Clash","Berserk"],"picked":"Evolve","floor":30.0},{"not_picked":["Juggernaut","Impervious"],"picked":"Corruption","floor":33},{"not_picked":["Perfected Strike","Flex+1","Headbutt"],"picked":"SKIP","floor":35},{"not_picked":["Mind Blast","Magnetism"],"picked":"Secret Weapon","floor":36},{"not_picked":["Swift Strike","Panacea"],"picked":"Secret Technique","floor":36},{"not_picked":["Headbutt+1","Second Wind","Heavy Blade"],"picked":"SKIP","floor":39},{"not_picked":["Evolve","Iron Wave"],"picked":"Burning Pact+1","floor":41},{"not_picked":["Thunderclap+1","Anger","Reckless Charge+1"],"picked":"SKIP","floor":42},{"not_picked":["Havoc","Flex+1"],"picked":"True Grit+1","floor":44},{"not_picked":["Rupture","Iron Wave"],"picked":"Body Slam+1","floor":47},{"not_picked":["Perfected Strike+1","Clash+1"],"picked":"Entrench+1","floor":48},{"not_picked":["Thunderclap+1","Anger"],"picked":"Limit Break","floor":54}],"player_experience":335540,"relics_obtained":[{"floor":7.0,"key":"Pen Nib"},{"floor":9.0,"key":"MawBank"},{"floor":14.0,"key":"Kunai"},{"floor":24.0,"key":"Gremlin Horn"},{"floor":41,"key":"Self Forming Clay"},{"floor":46,"key":"Bottled Tornado"},{"floor":48,"key":"Bag of Marbles"},{"floor":54,"key":"Champion Belt"}],"event_choices":[{"damage_healed":0.0,"max_hp_gain":5.0,"max_hp_loss":0.0,"gold_gain":0.0,"event_name":"Big Fish","player_choice":"Donut","floor":2.0,"gold_loss":0.0,"damage_taken":0.0},{"cards_removed":["Strike_R"],"damage_healed":0.0,"max_hp_gain":0.0,"max_hp_loss":0.0,"gold_gain":0.0,"event_name":"Living Wall","player_choice":"Forget","floor":11.0,"gold_loss":0.0,"damage_taken":0.0},{"damage_healed":0.0,"max_hp_gain":0.0,"max_hp_loss":0.0,"gold_gain":0.0,"event_name":"Liars Game","player_choice":"Ignored","floor":13.0,"gold_loss":0.0,"damage_taken":0.0},{"damage_healed":0.0,"max_hp_gain":0.0,"max_hp_loss":0.0,"gold_gain":0.0,"event_name":"The Mausoleum","player_choice":"Opened","floor":20.0,"gold_loss":0.0,"damage_taken":0.0,"relics_obtained":["Regal Pillow"],"cards_obtained":["Writhe"]},{"damage_healed":0.0,"max_hp_gain":0.0,"max_hp_loss":28.0,"gold_gain":0.0,"event_name":"Vampires","player_choice":"Became a vampire","floor":21.0,"gold_loss":0.0,"damage_taken":0.0,"cards_obtained":["Bite","Bite","Bite","Bite","Bite"]},{"damage_healed":0.0,"max_hp_gain":0.0,"max_hp_loss":0.0,"gold_gain":0.0,"event_name":"FaceTrader","player_choice":"Trade","floor":22.0,"gold_loss":0.0,"damage_taken":0.0,"relics_obtained":["NlothsMask"]},{"damage_healed":0,"gold_gain":0,"player_choice":"Memory 3","damage_taken":10,"max_hp_gain":0,"max_hp_loss":0,"event_name":"SensoryStone","floor":36,"gold_loss":0},{"damage_healed":0,"gold_gain":0,"player_choice":"Ignored","damage_taken":0,"max_hp_gain":0,"max_hp_loss":0,"event_name":"Tomb of Lord Red Mask","floor":38,"gold_loss":0}],"is_beta":false,"boss_relics":[{"not_picked":["Cursed Key","Astrolabe"],"picked":"Snecko Eye"},{"not_picked":["Tiny House","Empty Cage"],"picked":"SacredBark"}],"items_purged_floors":[31,53],"is_endless":false,"potions_floor_spawned":[4,5,14,16,29,39,41],"ascension_level":0}}