{"host":"okvf2hy7r209l3k2","time":1612832036,"event":{"mods":["BaseMod","Block Reminder","Colored Map","Colored Powertips","Downfall","Hermit","Highlight Path","Minty Spire (QoL Compilation)","Permanent Neow","Quick Restart","StSLib","The Cursed","The Disciple","The Hierophant","The Necromancer","The Runesmith","The Servant 0.9.4"],"gold_per_floor":[113,129,139,150,150,183,55,55,55],"floor_reached":8,"language":"ENG","playtime":913,"items_purged":[],"score":58,"play_id":"b29dbce3-feb9-4be1-955a-901280e48654","local_time":"20210208155356","is_ascension_mode":false,"campfire_choices":[],"circlet_count":0,"master_deck":["Runesmith:Strike_RS","Runesmith:Strike_RS","Runesmith:Strike_RS","Runesmith:Defend_RS","Runesmith:Defend_RS","Runesmith:Defend_RS","Runesmith:Defend_RS","Runesmith:CraftFirestone","Runesmith:Fortify","Runesmith:UnlimitedPower","Runesmith:HammerThrow","Runesmith:ElementalConversion","Runesmith:BackupBattery","Runesmith:CraftPrismatica","Runesmith:CraftIncendium","Runesmith:Permafrost","Runesmith:Grindstone"],"relics":["Runesmith:BrokenRuby","Bag of Marbles"],"acts_visited":["Exordium"],"potions_floor_usage":[8,8,8],"damage_taken":[{"damage":7.0,"enemies":"Jaw Worm","floor":1.0,"turns":4.0},{"damage":3.0,"enemies":"2 Louse","floor":2.0,"turns":3.0},{"damage":9.0,"enemies":"Small Slimes","floor":3.0,"turns":4.0},{"damage":13.0,"enemies":"Looter","floor":4.0,"turns":4.0},{"damage":28.0,"enemies":"3 Sentries","floor":6.0,"turns":8.0},{"damage":6,"enemies":"Lagavulin","floor":8,"turns":4}],"seed_played":"-309532362717553528","potions_obtained":[{"floor":2.0,"key":"Block Potion"},{"floor":4.0,"key":"Dexterity Potion"},{"floor":6.0,"key":"champ:CounterPotion"}],"is_trial":false,"path_per_floor":["M","M","M","M","?","E","$","E"],"character_chosen":"RUNESMITH_CLASS","items_purchased":["Runesmith:Permafrost","Runesmith:Grindstone"],"campfire_rested":0,"item_purchase_floors":[7,7],"current_hp_per_floor":[63,60,51,38,31,3,3,0,0],"gold":55,"neow_bonus":"ONE_RANDOM_RARE_CARD","is_daily":false,"chose_seed":false,"campfire_upgraded":0,"win_rate":0.0,"timestamp":1612832036,"path_taken":["M","M","M","M","?","E","$","E"],"items_purchased_type":["Card","Card"],"build_version":"2020-12-22","purchased_purges":0,"victory":false,"max_hp_per_floor":[70,70,70,70,70,70,70,70,70],"card_choices":[{"not_picked":["Runesmith:UnstableHammer","Runesmith:EarthShield"],"picked":"Runesmith:HammerThrow","floor":1.0},{"not_picked":["Runesmith:ChiselStab","Runesmith:HeatExchange"],"picked":"Runesmith:ElementalConversion","floor":2.0},{"not_picked":["Runesmith:Repurpose","Runesmith:ChiselStab"],"picked":"Runesmith:BackupBattery","floor":3.0},{"not_picked":["Runesmith:CraftReservo","Runesmith:HeatExchange"],"picked":"Runesmith:CraftPrismatica","floor":4.0},{"not_picked":["Runesmith:LithiumIon","Runesmith:EnergizedChisel"],"picked":"Runesmith:CraftIncendium","floor":6.0}],"player_experience":218944,"relics_obtained":[{"floor":6.0,"key":"Bag of Marbles"}],"event_choices":[{"cards_removed":["Runesmith:Strike_RS"],"damage_healed":0.0,"max_hp_gain":0.0,"max_hp_loss":0.0,"gold_gain":0.0,"event_name":"Golden Wing","player_choice":"Card Removal","floor":5.0,"gold_loss":0.0,"damage_taken":7.0}],"is_beta":false,"boss_relics":[],"items_purged_floors":[],"is_endless":false,"potions_floor_spawned":[2,4,6],"killed_by":"Lagavulin","ascension_level":0}}