{"host":"6dypmz777xraikqf","time":1612894446,"event":{"mods":["AchievementEnabler","BaseMod","BetterRewards","Colored Map","Colored Powertips","Downfall","Highlight Path","Hubris","Infinite Spire","Minty Spire (QoL Compilation)","Replay The Spire","StSLib"],"gold_per_floor":[117,135,153,163,176,207,207,237,237,269,288,288,288,317,317,413,413,428,343,268,279,279,306,306,338,361,386,400,412,426,351,351,448,448,466,477,477,477,477],"floor_reached":38,"language":"ENG","playtime":2510,"items_purged":["Strike_G"],"score":877,"play_id":"00a71e13-1128-4c95-adcf-3b89ad8b8b95","local_time":"20210209181406","is_ascension_mode":true,"campfire_choices":[{"data":"Backflip","floor":7.0,"key":"SMITH"},{"data":"Neutralize","floor":12.0,"key":"SMITH"},{"data":"Leg Sweep","floor":15.0,"key":"SMITH"},{"data":"infinitespire:NeuralNetwork","floor":24.0,"key":"SMITH"},{"data":"Night Terror","floor":32.0,"key":"SMITH"}],"circlet_count":0,"master_deck":["AscendersBane","hubris:Fate+1","Strike_G","Strike_G","Strike_G","Defend_G","Defend_G","Defend_G","Defend_G","Defend_G","Survivor","Neutralize+1","Backflip+1","Slice","Hidden Blade","Cloak And Dagger","Hidden Blade","BasicCrystalCard","Leg Sweep+1","Night Terror+1","Hidden Blade+1","hubris:TrickCloak","infinitespire:NeuralNetwork+1","Acrobatics","Dash","Acrobatics","Well Laid Plans+1","Bullet Time","hubris:SlightOfHand","Caltrops+1"],"relics":["Ring of the Snake","hubris:EmptyBottle","Ring of Shattering","hubris:DisguiseKit","Blue Doll","Blood Vial","The Specimen","ReplayTheSpireMod:Lightbulb","Snecko Eye","Du-Vu Doll","Replay:Wax Seal","Sundial","ReplayTheSpireMod:TigerMarble","infinitespire:BottledMercury","Black Star"],"acts_visited":["Exordium","TheCity","TheBeyond"],"potions_floor_usage":[38,38],"damage_taken":[{"damage":0.0,"enemies":"Small Slimes","floor":1.0,"turns":1.0},{"damage":0.0,"enemies":"Jaw Worm","floor":2.0,"turns":3.0},{"damage":0.0,"enemies":"2 Louse","floor":3.0,"turns":3.0},{"damage":0.0,"enemies":"2 Fungi Beasts","floor":4.0,"turns":4.0},{"damage":0.0,"enemies":"3 Louse","floor":5.0,"turns":2.0},{"damage":7.0,"enemies":"Lagavulin","floor":6.0,"turns":7.0},{"damage":13.0,"enemies":"Replay:BlueRogue","floor":8.0,"turns":10.0},{"damage":0.0,"enemies":"Lagavulin","floor":10.0,"turns":2.0},{"damage":1.0,"enemies":"Red Slaver","floor":11.0,"turns":4.0},{"damage":2.0,"enemies":"3 Sentries","floor":14.0,"turns":13.0},{"damage":21.0,"enemies":"The Guardian","floor":16.0,"turns":16.0},{"damage":2.0,"enemies":"Chosen","floor":18.0,"turns":2.0},{"damage":4.0,"enemies":"3 Byrds","floor":21.0,"turns":7.0},{"damage":0.0,"enemies":"Replay:Snechameleon","floor":23.0,"turns":2.0},{"damage":0.0,"enemies":"Gremlin Leader","floor":25.0,"turns":1.0},{"damage":6.0,"enemies":"Replay:Snechameleon","floor":27.0,"turns":5.0},{"damage":13.0,"enemies":"Snake Plant","floor":28.0,"turns":3.0},{"damage":6.0,"enemies":"Cultist and Chosen","floor":29.0,"turns":4.0},{"damage":0.0,"enemies":"Centurion and Healer","floor":30.0,"turns":2.0},{"damage":0.0,"enemies":"Champ","floor":33.0,"turns":3.0},{"damage":7.0,"enemies":"3 Darklings","floor":35.0,"turns":3.0},{"damage":21.0,"enemies":"3 Shapes","floor":36.0,"turns":11.0}],"seed_played":"-1418546472022391728","potions_obtained":[{"floor":2.0,"key":"Fire Potion"},{"floor":5.0,"key":"hexamod:SoulburnPotion"},{"floor":6.0,"key":"Strength Potion"},{"floor":8.0,"key":"SmokeBomb"},{"floor":11.0,"key":"PowerPotion"},{"floor":18.0,"key":"SkillPotion"},{"floor":21.0,"key":"champ:CounterPotion"},{"floor":29.0,"key":"Fire Potion"},{"floor":35.0,"key":"Regen Potion"}],"is_trial":false,"path_per_floor":["M","M","M","M","M","E","R","E","T","E","M","R","?","E","R","B",null,"M","?","$","M","?","E","R","E","T","E","M","M","M","?","R","B",null,"M","M","?","M"],"character_chosen":"THE_SILENT","items_purchased":["hubris:EmptyBottle"],"campfire_rested":0,"item_purchase_floors":[0],"current_hp_per_floor":[63,63,63,63,63,56,56,43,43,45,46,46,39,39,39,20,58,58,58,58,56,40,42,42,44,44,40,29,40,42,42,42,44,64,59,40,40,13,13],"gold":477,"neow_bonus":"","is_daily":false,"chose_seed":false,"campfire_upgraded":5,"win_rate":0.0,"timestamp":1612894446,"path_taken":["M","M","M","M","M","E","R","E","T","E","M","R","?","E","R","BOSS","M","?","$","M","?","E","R","E","T","E","M","M","M","?","R","BOSS","M","M","?","M"],"items_purchased_type":["Relic"],"build_version":"2020-12-22","purchased_purges":1,"victory":false,"max_hp_per_floor":[70,70,70,70,70,70,70,70,70,70,70,70,70,70,70,70,70,70,70,70,70,70,70,70,70,70,70,70,70,70,70,70,70,70,70,70,70,70,70],"card_choices":[{"not_picked":["Poisoned Stab","Dagger Throw"],"picked":"Backflip","floor":1.0},{"not_picked":["Backflip","Outmaneuver"],"picked":"Slice","floor":2.0},{"not_picked":["Outmaneuver","Sucker Punch","Dodge and Roll"],"picked":"SKIP","floor":3.0},{"not_picked":["Phantasmal Killer","Masterful Stab"],"picked":"Hidden Blade","floor":4.0},{"not_picked":["ReplayTheSpireMod:Scrap Shanks","Quick Slash"],"picked":"Cloak And Dagger","floor":5.0},{"not_picked":["Dodge and Roll","Dagger Throw"],"picked":"Hidden Blade","floor":6.0},{"not_picked":["Accuracy","Deflect","Dash"],"picked":"BasicCrystalCard","floor":8.0},{"not_picked":["Predator","hubris:Sniper","Eviscerate","ReplayTheSpireMod:System Scan"],"picked":"SKIP","floor":10.0},{"not_picked":["Noxious Fumes","Escape Plan","Streamline"],"picked":"Leg Sweep","floor":11.0},{"not_picked":["Slice","Leg Sweep","Flying Knee","Biased Cognition"],"picked":"SKIP","floor":14.0},{"not_picked":["Glass Knife","Doppelganger","Reboot"],"picked":"Night Terror","floor":16.0},{"not_picked":["Sucker Punch","Quick Slash+1","Storm"],"picked":"Hidden Blade+1","floor":18.0},{"not_picked":["Acrobatics","Deadly Poison","Panic Button"],"picked":"hubris:TrickCloak","floor":21.0},{"not_picked":["infinitespire:Punishment","infinitespire:TheBestDefense"],"picked":"infinitespire:NeuralNetwork","floor":22.0},{"not_picked":["Dagger Spray+1","Sucker Punch","Ball Lightning"],"picked":"Acrobatics","floor":23.0},{"not_picked":["Sucker Punch","Distraction+1","ReplayRNGCard"],"picked":"Dash","floor":25.0},{"not_picked":["Corpse Explosion","Underhanded Strike","Beam Cell"],"picked":"Acrobatics","floor":27.0},{"not_picked":["Prepared","Backstab","Cold Snap"],"picked":"hubris:TrickCloak+1","floor":28.0},{"not_picked":["Deadly Poison","Dodge and Roll","Leap"],"picked":"Well Laid Plans+1","floor":29.0},{"not_picked":["Cloak And Dagger+1","Escape Plan","Toxin Wave+1","Ball Lightning"],"picked":"SKIP","floor":30.0},{"not_picked":["Adrenaline","ReplayTheSpireMod:Necrosis","Buffer"],"picked":"Bullet Time","floor":33.0},{"not_picked":["Eviscerate","Deflect","Skim"],"picked":"hubris:SlightOfHand","floor":35.0},{"not_picked":["ReplayTheSpireMod:Speed Training","Catalyst","Steam"],"picked":"Caltrops+1","floor":36.0}],"player_experience":205676,"relics_obtained":[{"floor":6.0,"key":"hubris:DisguiseKit"},{"floor":8.0,"key":"Blue Doll"},{"floor":9.0,"key":"Blood Vial"},{"floor":10.0,"key":"The Specimen"},{"floor":14.0,"key":"ReplayTheSpireMod:Lightbulb"},{"floor":23.0,"key":"Replay:Wax Seal"},{"floor":25.0,"key":"Sundial"},{"floor":26.0,"key":"ReplayTheSpireMod:TigerMarble"},{"floor":27.0,"key":"infinitespire:BottledMercury"}],"event_choices":[{"cards_removed":["Strike_G"],"damage_healed":0.0,"max_hp_gain":0.0,"max_hp_loss":0.0,"gold_gain":0.0,"event_name":"Golden Wing","player_choice":"Card Removal","floor":13.0,"gold_loss":0.0,"damage_taken":7.0},{"damage_healed":0.0,"max_hp_gain":0.0,"max_hp_loss":0.0,"gold_gain":0.0,"event_name":"Addict","player_choice":"Obtained Relic","floor":19.0,"gold_loss":85.0,"damage_taken":0.0,"relics_obtained":["Du-Vu Doll"]},{"cards_removed":["hubris:TrickCloak"],"damage_healed":0.0,"max_hp_gain":0.0,"max_hp_loss":0.0,"gold_gain":0.0,"event_name":"Beggar","player_choice":"Gave Gold","floor":31.0,"gold_loss":75.0,"damage_taken":0.0},{"damage_healed":0.0,"max_hp_gain":0.0,"max_hp_loss":0.0,"gold_gain":0.0,"event_name":"Lab","player_choice":"Got Potions","floor":37.0,"gold_loss":0.0,"damage_taken":0.0}],"is_beta":false,"boss_relics":[{"not_picked":["Replay:Drink Me","ChewingGum"],"picked":"Snecko Eye"},{"not_picked":["Coffee Dripper","hubris:ScarierMask"],"picked":"Black Star"}],"items_purged_floors":[20],"is_endless":false,"potions_floor_spawned":[2,5,6,8,11,18,21,29,30,35],"killed_by":"3 Darklings","ascension_level":11}}