{"host":"uv5ws9rdk87e8i5k","time":1612847063,"event":{"mods":["AchievementEnabler","BaseMod","Colored Map","Minty Spire (QoL Compilation)","Permanent Neow","Quick Restart","StSLib","SuperFastMode","The Necromancer"],"gold_per_floor":[113,129,146,165,183,216,216,234,261,261,274,309,309,339,339,443,443],"floor_reached":16,"language":"ENG","playtime":344,"items_purged":[],"score":244,"play_id":"55d9fb1f-c11c-456b-85bc-029f01d15621","local_time":"20210208230423","is_ascension_mode":true,"campfire_choices":[{"data":"Pommel Strike","floor":7.0,"key":"SMITH"},{"data":"Havoc","floor":15,"key":"SMITH"}],"circlet_count":0,"master_deck":["Strike_R","Strike_R","Strike_R","Strike_R","Strike_R","Defend_R","Defend_R","Defend_R+1","Defend_R+1","Bash","Pommel Strike","Shrug It Off","Pommel Strike+1","Iron Wave","Double Tap","Shrug It Off","Cleave+1","Fiend Fire","Clothesline","Havoc+1","Bludgeon"],"relics":["Philosopher\u0027s Stone","Boot","Omamori","The Courier","War Paint"],"acts_visited":["Exordium"],"potions_floor_usage":[14,16],"damage_taken":[{"damage":8.0,"enemies":"Jaw Worm","floor":1.0,"turns":3.0},{"damage":0.0,"enemies":"2 Louse","floor":2.0,"turns":2.0},{"damage":2.0,"enemies":"Cultist","floor":3.0,"turns":4.0},{"damage":5.0,"enemies":"3 Louse","floor":4.0,"turns":3.0},{"damage":10.0,"enemies":"Lots of Slimes","floor":5.0,"turns":4.0},{"damage":27.0,"enemies":"Lagavulin","floor":6.0,"turns":6.0},{"damage":0.0,"enemies":"Exordium Wildlife","floor":8.0,"turns":3.0},{"damage":0.0,"enemies":"Large Slime","floor":11.0,"turns":4.0},{"damage":7.0,"enemies":"3 Sentries","floor":12.0,"turns":6.0},{"damage":2,"enemies":"Gremlin Nob","floor":14,"turns":3},{"damage":15,"enemies":"Slime Boss","floor":16,"turns":9}],"seed_played":"7944513327698678520","potions_obtained":[{"floor":1.0,"key":"Regen Potion"},{"floor":3.0,"key":"PowerPotion"},{"floor":4.0,"key":"PowerPotion"},{"floor":12.0,"key":"DuplicationPotion"},{"floor":14,"key":"Explosive Potion"},{"floor":16,"key":"DistilledChaos"}],"is_trial":false,"path_per_floor":["M","M","M","M","M","E","R","M","T","?","M","E","?","E","R","B"],"character_chosen":"IRONCLAD","items_purchased":[],"campfire_rested":0,"item_purchase_floors":[],"current_hp_per_floor":[64,64,62,57,59,32,32,32,32,32,32,25,51,49,49,34,34],"gold":443,"neow_bonus":"BOSS_RELIC","is_daily":false,"chose_seed":false,"campfire_upgraded":2,"win_rate":0.0,"timestamp":1612847063,"path_taken":["M","M","M","M","M","E","R","M","T","?","M","E","?","E","R","BOSS"],"items_purchased_type":[],"build_version":"2020-12-22","purchased_purges":0,"victory":false,"max_hp_per_floor":[80,80,80,80,80,80,80,80,80,80,80,80,80,80,80,80,80],"card_choices":[{"not_picked":["Flame Barrier","Sentinel"],"picked":"Pommel Strike","floor":1.0},{"not_picked":["Clothesline","Feel No Pain"],"picked":"Shrug It Off","floor":2.0},{"not_picked":["Havoc","Shrug It Off"],"picked":"Pommel Strike","floor":3.0},{"not_picked":["Sword Boomerang","Havoc"],"picked":"Iron Wave","floor":4.0},{"not_picked":["Sever Soul","Headbutt"],"picked":"Double Tap","floor":5.0},{"not_picked":["Rupture","Iron Wave"],"picked":"Shrug It Off","floor":6.0},{"not_picked":["Fire Breathing","Rage"],"picked":"Cleave","floor":8.0},{"not_picked":["Heavy Blade","Seeing Red"],"picked":"Fiend Fire","floor":11.0},{"not_picked":["Headbutt","Heavy Blade"],"picked":"Clothesline","floor":12.0},{"not_picked":["Shrug It Off","Fire Breathing"],"picked":"Havoc","floor":14},{"not_picked":["Feed","Limit Break"],"picked":"Bludgeon","floor":16}],"player_experience":278492,"relics_obtained":[{"floor":6.0,"key":"Boot"},{"floor":9.0,"key":"Omamori"},{"floor":12.0,"key":"The Courier"},{"floor":14,"key":"War Paint"}],"event_choices":[{"damage_healed":0.0,"max_hp_gain":0.0,"max_hp_loss":0.0,"gold_gain":0.0,"event_name":"Living Wall","player_choice":"Grow","floor":10.0,"gold_loss":0.0,"damage_taken":0.0,"cards_upgraded":["Cleave"]},{"damage_healed":26.0,"max_hp_gain":0.0,"max_hp_loss":0.0,"gold_gain":0.0,"event_name":"Big Fish","player_choice":"Banana","floor":13.0,"gold_loss":0.0,"damage_taken":0.0}],"is_beta":false,"boss_relics":[],"items_purged_floors":[],"is_endless":false,"potions_floor_spawned":[1,3,4,12,14,16],"killed_by":"Slime Boss","ascension_level":8}}