{"host":"s24sb66hw4a4sfft","time":1612892221,"event":{"mods":["AchievementEnabler","BaseMod","Colored Map","Colored Powertips","Googly Eyes","Hermit","Hubris","Minty Spire (QoL Compilation)","Quick Restart","Shop Mod","StSLib"],"gold_per_floor":[117,133,308,308,308,338,356,47,47,158,177,177,177,80,80,252,252,278,298,298,41,41,105,149,149,149,149,149,149,149,64,64,64,64],"floor_reached":33,"language":"ENG","playtime":1159,"items_purged":["Doubt","hermit:Strike_Hermit"],"score":261,"play_id":"5a1e38f9-4151-4da0-b4e3-edb985d0cb5d","local_time":"20210209123701","is_ascension_mode":false,"campfire_choices":[{"floor":13.0,"key":"REST"},{"floor":15.0,"key":"REST"},{"floor":25.0,"key":"REST"},{"floor":27.0,"key":"REST"},{"data":"hermit:GoldenBullet","floor":30.0,"key":"SMITH"},{"data":"hermit:Quickdraw","floor":32.0,"key":"SMITH"}],"circlet_count":0,"master_deck":["hermit:Strike_Hermit","hermit:Strike_Hermit","hermit:Defend_Hermit","hermit:Defend_Hermit","hermit:Defend_Hermit","hermit:Snapshot","hermit:Covet","hermit:GoldenBullet+1","hermit:CursedWeapon+1","hermit:Quickdraw+1","Bandage Up","hermit:DeadOrAlive","hermit:Enervate","Bandage Up","hermit:DeadOrAlive","hermit:Coalescence","hermit:Quickdraw","hermit:Strike_Hermit","Normality"],"relics":["hermit:Momento","hubris:Icosahedron","hubris:Towel","Shuriken","Orichalcum","Mummified Hand","hubris:CrystalStatue","Empty Cage","PreservedInsect","Juzu Bracelet","Singing Bowl"],"acts_visited":["Exordium","TheCity"],"potions_floor_usage":[33],"damage_taken":[{"damage":0.0,"enemies":"2 Louse","floor":1.0,"turns":2.0},{"damage":6.0,"enemies":"Jaw Worm","floor":2.0,"turns":2.0},{"damage":40.0,"enemies":"Gremlin Nob","floor":6.0,"turns":5.0},{"damage":9.0,"enemies":"Small Slimes","floor":7.0,"turns":2.0},{"damage":6.0,"enemies":"Exordium Wildlife","floor":10.0,"turns":3.0},{"damage":1.0,"enemies":"Looter","floor":11.0,"turns":2.0},{"damage":63.0,"enemies":"The Guardian","floor":16.0,"turns":10.0},{"damage":19.0,"enemies":"Shell Parasite","floor":18.0,"turns":4.0},{"damage":2.0,"enemies":"Chosen","floor":19.0,"turns":2.0},{"damage":23.0,"enemies":"Slavers","floor":23.0,"turns":8.0},{"damage":16.0,"enemies":"Centurion and Healer","floor":24.0,"turns":3.0},{"damage":74,"enemies":"Collector","floor":33,"turns":6}],"seed_played":"1373459370908181508","potions_obtained":[{"floor":7.0,"key":"LiquidMemories"},{"floor":11.0,"key":"Regen Potion"},{"floor":16.0,"key":"BlessingOfTheForge"},{"floor":19.0,"key":"hermit:BlackBile"}],"is_trial":false,"path_per_floor":["M","M","?","?","?","E","M","$","T","M","M","?","R","$","R","B",null,"M","M","?","$","?","E","M","R","T","R","?","?","R","?","R","B"],"character_chosen":"HERMIT","items_purchased":["Bandage Up","Orichalcum","Bandage Up","PreservedInsect"],"campfire_rested":4,"item_purchase_floors":[8,8,14,21],"current_hp_per_floor":[75,69,69,69,69,29,20,20,20,18,21,21,43,43,65,10,75,62,64,50,50,50,35,29,53,53,77,77,77,77,77,77,11,11],"gold":64,"neow_bonus":"THREE_CARDS","is_daily":false,"chose_seed":false,"campfire_upgraded":2,"win_rate":0.0,"timestamp":1612892221,"path_taken":["M","M","?","?","?","E","M","$","T","M","?","?","R","?","R","BOSS","M","M","?","$","?","E","M","R","T","R","?","?","R","?","R","BOSS"],"items_purchased_type":["Card","Relic","Card","Relic"],"build_version":"2020-12-22","purchased_purges":2,"victory":false,"max_hp_per_floor":[75,75,75,75,75,75,75,75,75,75,75,75,75,75,75,75,75,75,75,80,80,80,80,80,80,80,80,80,80,80,80,80,80,80],"card_choices":[{"not_picked":["hermit:LowProfile","hermit:Quickdraw"],"picked":"hermit:GoldenBullet","floor":0.0},{"not_picked":["hermit:HoleUp","hermit:Glare","hermit:Coalescence"],"picked":"SKIP","floor":1.0},{"not_picked":["hermit:Quickdraw","hermit:Glare"],"picked":"hermit:CursedWeapon","floor":2.0},{"not_picked":["hermit:Snipe","hermit:FlashPowder","hermit:Virtue"],"picked":"SKIP","floor":6.0},{"not_picked":["hermit:CalledShot","hermit:LoneWolf"],"picked":"hermit:Quickdraw","floor":7.0},{"not_picked":["hermit:Feint","hermit:Combo"],"picked":"hermit:DeadOrAlive","floor":10.0},{"not_picked":["hermit:Dive","hermit:TakeAim"],"picked":"hermit:Enervate","floor":11.0},{"not_picked":["hermit:Reprieve","hermit:FatalDesire"],"picked":"hermit:DeadOrAlive","floor":16.0},{"not_picked":["hermit:Desperado","hermit:HighCaliber","hermit:HighNoon"],"picked":"SKIP","floor":18.0},{"not_picked":["hermit:CalledShot+1","hermit:Desperado+1"],"picked":"hermit:Coalescence","floor":19.0},{"not_picked":["hermit:Vantage","hermit:Horror+1"],"picked":"hermit:Quickdraw","floor":23.0},{"not_picked":["hermit:CalledShot","hermit:NoHoldsBarred","hermit:HoleUp"],"picked":"SKIP","floor":24.0}],"player_experience":597639,"relics_obtained":[{"floor":6.0,"key":"Shuriken"},{"floor":9.0,"key":"Mummified Hand"},{"floor":23.0,"key":"Juzu Bracelet"}],"event_choices":[{"damage_healed":0.0,"max_hp_gain":0.0,"max_hp_loss":0.0,"gold_gain":175.0,"event_name":"Liars Game","player_choice":"AGREE","floor":3.0,"gold_loss":0.0,"damage_taken":0.0,"cards_obtained":["Doubt"]},{"damage_healed":0.0,"max_hp_gain":0.0,"max_hp_loss":0.0,"gold_gain":0.0,"event_name":"WeMeetAgain","player_choice":"Gave Potion","floor":12.0,"gold_loss":0.0,"damage_taken":0.0,"relics_obtained":["hubris:CrystalStatue"]},{"damage_healed":0.0,"max_hp_gain":5.0,"max_hp_loss":0.0,"gold_gain":0.0,"event_name":"Forgotten Altar","player_choice":"Shed Blood","floor":20.0,"gold_loss":0.0,"damage_taken":19.0},{"damage_healed":0.0,"max_hp_gain":0.0,"max_hp_loss":0.0,"gold_gain":0.0,"event_name":"Match and Keep!","player_choice":"2 cards matched","floor":28.0,"gold_loss":0.0,"damage_taken":0.0,"cards_obtained":["hermit:Strike_Hermit","Normality"]},{"damage_healed":0.0,"max_hp_gain":0.0,"max_hp_loss":0.0,"gold_gain":0.0,"event_name":"Vampires","player_choice":"Ignored","floor":29.0,"gold_loss":0.0,"damage_taken":0.0},{"damage_healed":0.0,"max_hp_gain":0.0,"max_hp_loss":0.0,"gold_gain":0.0,"event_name":"Addict","player_choice":"Obtained Relic","floor":31.0,"gold_loss":85.0,"damage_taken":0.0,"relics_obtained":["Singing Bowl"]}],"is_beta":false,"boss_relics":[{"not_picked":["hubris:Stopwatch","hubris:TerracottaHorce"],"picked":"Empty Cage"}],"items_purged_floors":[8,21],"is_endless":false,"potions_floor_spawned":[7,11,16,19,23],"killed_by":"Collector","ascension_level":0}}