{"host":"mqhvlr3kpxebko0t","time":1612879158,"event":{"mods":["AchievementEnabler","BaseMod","Colored Map","Colored Powertips","KOR Keyword Fix","Keyboard Shortcuts","Minty Spire (QoL Compilation)","StSLib","SuperFastMode"],"gold_per_floor":[112,112,128,128,128,166,166,197,197,210,86,86,109,124,124,124,124],"floor_reached":16,"language":"KOR","playtime":169,"items_purged":["Strike_R"],"score":270,"play_id":"828200d6-4320-455c-95b5-85fad3ec0dbb","local_time":"20210209225918","is_ascension_mode":true,"campfire_choices":[{"data":"Fire Breathing","floor":7,"key":"SMITH"},{"data":"Blood for Blood","floor":15,"key":"SMITH"}],"circlet_count":0,"master_deck":["AscendersBane","Strike_R","Strike_R","Defend_R","Defend_R","Defend_R","Defend_R","Bash","Anger","Fire Breathing+1","Blood for Blood+1","Hemokinesis","Evolve"],"relics":["Burning Blood","NeowsBlessing","Golden Idol","Blue Candle","Bag of Preparation","The Courier"],"acts_visited":["Exordium"],"potions_floor_usage":[14,16],"damage_taken":[{"damage":0,"enemies":"Jaw Worm","floor":1,"turns":1},{"damage":0,"enemies":"2 Louse","floor":3,"turns":2},{"damage":0,"enemies":"Lagavulin","floor":6,"turns":2},{"damage":20,"enemies":"3 Sentries","floor":8,"turns":4},{"damage":3,"enemies":"Small Slimes","floor":10,"turns":3},{"damage":7,"enemies":"3 Louse","floor":13,"turns":3},{"damage":9,"enemies":"Exordium Wildlife","floor":14,"turns":3},{"damage":62,"enemies":"Hexaghost","floor":16,"turns":9}],"seed_played":"-2400381040071804891","potions_obtained":[{"floor":1,"key":"Regen Potion"},{"floor":3,"key":"SkillPotion"},{"floor":8,"key":"Fire Potion"},{"floor":10,"key":"BloodPotion"}],"is_trial":false,"path_per_floor":["M","?","M","?","?","E","R","E","T","M","$","?","M","M","R","B"],"character_chosen":"IRONCLAD","items_purchased":["Blood for Blood"],"campfire_rested":0,"item_purchase_floors":[11],"current_hp_per_floor":[74,48,54,47,52,58,58,44,44,47,47,47,46,43,43,0,0],"gold":124,"neow_bonus":"THREE_ENEMY_KILL","is_daily":false,"chose_seed":false,"campfire_upgraded":2,"win_rate":0.0,"timestamp":1612879158,"path_taken":["M","?","M","?","?","E","R","E","T","M","$","?","?","M","R","BOSS"],"items_purchased_type":["Card"],"build_version":"2020-12-22","purchased_purges":1,"victory":false,"max_hp_per_floor":[75,75,75,75,80,80,80,80,80,80,80,80,80,80,80,80,80],"card_choices":[{"not_picked":["Power Through","Dark Embrace"],"picked":"Anger","floor":1},{"not_picked":["Twin Strike","True Grit"],"picked":"Fire Breathing","floor":3},{"not_picked":["Cleave","Clothesline","Thunderclap"],"picked":"SKIP","floor":6},{"not_picked":["Berserk","Intimidate","Anger"],"picked":"SKIP","floor":8},{"not_picked":["Dual Wield","Thunderclap","Heavy Blade"],"picked":"SKIP","floor":10},{"not_picked":["Anger","Havoc","Inflame"],"picked":"SKIP","floor":13},{"not_picked":["Cleave","Exhume"],"picked":"Evolve","floor":14}],"player_experience":699973,"relics_obtained":[{"floor":6,"key":"Blue Candle"},{"floor":8,"key":"Bag of Preparation"},{"floor":9,"key":"The Courier"}],"event_choices":[{"damage_healed":0,"gold_gain":0,"player_choice":"Take Damage","damage_taken":26,"relics_obtained":["Golden Idol"],"max_hp_gain":0,"max_hp_loss":0,"event_name":"Golden Idol","floor":2,"gold_loss":0},{"cards_removed":["Strike_R"],"damage_healed":0,"gold_gain":0,"player_choice":"Card Removal","damage_taken":7,"max_hp_gain":0,"max_hp_loss":0,"event_name":"Golden Wing","floor":4,"gold_loss":0},{"damage_healed":0,"gold_gain":0,"player_choice":"Donut","damage_taken":0,"max_hp_gain":5,"max_hp_loss":0,"event_name":"Big Fish","floor":5,"gold_loss":0},{"damage_healed":0,"gold_gain":0,"cards_transformed":["Strike_R"],"player_choice":"Change","damage_taken":0,"max_hp_gain":0,"max_hp_loss":0,"event_name":"Living Wall","floor":12,"gold_loss":0,"cards_obtained":["Hemokinesis"]}],"is_beta":false,"boss_relics":[],"items_purged_floors":[11],"is_endless":false,"potions_floor_spawned":[1,3,8,10],"killed_by":"Hexaghost","ascension_level":20}}