{"host":"lnfs5t5iydkm2lft","time":1612840025,"event":{"mods":["AchievementEnabler","BaseMod","BetterRewards","Colored Powertips","Downfall","Marisa????????","Minty Spire (QoL Compilation)","Quick Restart","StSLib"],"gold_per_floor":[99,99,99,99,99,99,124,224,237,237,249,262,262,262,277,379,379,379,394,19,37,37,37,37,37],"floor_reached":23,"language":"ENG","playtime":1570,"items_purged":["Slimebound:Strike_Slimebound"],"score":177,"play_id":"ad6477fc-f12e-4a62-ba01-351c68fef5bc","local_time":"20210208210705","is_ascension_mode":false,"campfire_choices":[{"data":"Slimebound:Split","floor":1,"key":"SMITH"},{"floor":10,"key":"REST"},{"floor":13,"key":"REST"},{"data":"Slimebound:Recycling","floor":18,"key":"SMITH"}],"circlet_count":0,"master_deck":["Slimebound:Strike_Slimebound","Slimebound:Strike_Slimebound","Slimebound:Defend_Slimebound","Slimebound:Defend_Slimebound","Slimebound:Split+1","Slimebound:CorrosiveSpit","Slimebound:SplitLeeching","Slimebound:LivingWall+1","Slimebound:Nibble","Slimebound:ItLooksTasty","Slimebound:Recycling+1","Slimebound:SplitBruiser","Slimebound:SamplingLick","Slimebound:ItLooksTasty","Slimebound:DouseInSlime","Slimebound:Prepare","Slimebound:LeadByExample+1","expansioncontent:DashGenerateEvil","Slimebound:SplitLeeching"],"relics":["Slimebound:AbsorbEndCombat","downfall:HeartsMalice","Pen Nib","Black Star"],"acts_visited":["Exordium","TheCity"],"potions_floor_usage":[9,16,21,23],"damage_taken":[{"damage":0,"enemies":"2 Louse","floor":2,"turns":1},{"damage":0,"enemies":"Small Slimes","floor":4,"turns":1},{"damage":0,"enemies":"Cultist","floor":5,"turns":1},{"damage":64,"enemies":"downfall:Heads","floor":8,"turns":8},{"damage":3,"enemies":"Red Slaver","floor":9,"turns":3},{"damage":0,"enemies":"Large Slime","floor":11,"turns":5},{"damage":1,"enemies":"Blue Slaver","floor":12,"turns":3},{"damage":0,"enemies":"2 Fungi Beasts","floor":15,"turns":3},{"damage":19,"enemies":"SI_SHIV_ARCHETYPE","floor":16,"turns":7},{"damage":24,"enemies":"Shell Parasite","floor":19,"turns":4},{"damage":0,"enemies":"downfall:FleeingMerchant","floor":20,"turns":4},{"damage":46,"enemies":"3 Cultists","floor":21,"turns":7},{"damage":17,"enemies":"Gremlin Leader","floor":23,"turns":2}],"seed_played":"8391127803494986761","potions_obtained":[{"floor":8,"key":"EssenceOfSteel"},{"floor":11,"key":"hexamod:SoulburnPotion"},{"floor":15,"key":"Guardian:BlockOnCardUsePotion"},{"floor":21,"key":"LiquidBronze"}],"is_trial":false,"path_per_floor":["R","M","?","M","M","?","T","?","M","R","M","M","R","?","M","B",null,"R","M","$","M","?","E"],"character_chosen":"SLIMEBOUND","items_purchased":["Slimebound:LeadByExample","expansioncontent:DashGenerateEvil","Slimebound:SplitLeeching"],"campfire_rested":2,"item_purchase_floors":[20,20,20],"current_hp_per_floor":[65,65,70,70,70,70,70,12,15,36,42,45,66,66,70,57,70,70,48,54,16,16,0,0,0],"gold":37,"neow_bonus":"THREE_ENEMY_KILL","is_daily":false,"chose_seed":false,"campfire_upgraded":2,"win_rate":0.0,"timestamp":1612840025,"path_taken":["R","M","?","M","M","?","T","?","M","R","M","M","R","?","M","BOSS","R","M","$","M","?","E"],"items_purchased_type":["Card","Card","Card"],"build_version":"2020-12-22","purchased_purges":1,"victory":false,"max_hp_per_floor":[65,65,70,70,70,70,70,70,70,70,70,70,70,70,70,70,70,70,70,70,70,70,70,70,70],"card_choices":[{"not_picked":["Slimebound:LivingWall","Slimebound:GoopTackle"],"picked":"Slimebound:SplitLeeching","floor":2},{"not_picked":["Slimebound:LeechingTouch","Slimebound:ItLooksTasty"],"picked":"Slimebound:LivingWall","floor":4},{"not_picked":["Slimebound:LivingWall","Slimebound:SamplingLick"],"picked":"Slimebound:Nibble","floor":5},{"not_picked":["Slimebound:RainOfGoop","Slimebound:LeechingTouch"],"picked":"Slimebound:ItLooksTasty","floor":8},{"not_picked":["Slimebound:MegaLick","Slimebound:LeechingTouch"],"picked":"Slimebound:SplitBruiser","floor":9},{"not_picked":["Slimebound:LeechEnergy","Slimebound:SplitMire"],"picked":"Slimebound:SamplingLick","floor":11},{"not_picked":["Slimebound:RainOfGoop","Slimebound:LeechEnergy","Slimebound:SplitAcid"],"picked":"SKIP","floor":12},{"not_picked":["Slimebound:BestDefense","Slimebound:ComboTackle"],"picked":"Slimebound:ItLooksTasty","floor":15},{"not_picked":["Slimebound:SlimeSlap","Slimebound:OneTwoCombo"],"picked":"Slimebound:DouseInSlime","floor":16},{"not_picked":["Slimebound:ComboTackle","Slimebound:SlimeTap+1","Slimebound:RollThrough"],"picked":"SKIP","floor":19},{"not_picked":["Slimebound:ItLooksTasty+1","Slimebound:LeechEnergy+1"],"picked":"Slimebound:Prepare","floor":20},{"not_picked":["Slimebound:DisruptingSlam","Slimebound:SlimeTap","Slimebound:HungryTackle+1"],"picked":"SKIP","floor":21}],"player_experience":303184,"relics_obtained":[{"floor":7,"key":"Pen Nib"}],"event_choices":[{"damage_healed":0,"gold_gain":0,"player_choice":"Donut","damage_taken":0,"max_hp_gain":5,"max_hp_loss":0,"event_name":"Big Fish","floor":3,"gold_loss":0},{"cards_removed":["Slimebound:Tackle"],"damage_healed":0,"gold_gain":0,"player_choice":"Card Removal","damage_taken":0,"max_hp_gain":0,"max_hp_loss":0,"event_name":"The Cleric","floor":6,"gold_loss":0}],"is_beta":false,"boss_relics":[{"not_picked":["Busted Crown","Calling Bell"],"picked":"Black Star"}],"items_purged_floors":[20],"is_endless":false,"potions_floor_spawned":[8,11,15,21],"killed_by":"Gremlin Leader","ascension_level":0}}