{"host":"6pgtslebjnyv5xmi","time":1612841040,"event":{"mods":["AchievementEnabler","BaseMod","Colored Map","Minty Spire (QoL Compilation)","Rare Cards Sparkle","StSLib","SuperFastMode","The Cursed","everything is the same but u backflip on backflip"],"gold_per_floor":[115,115,37,56,56,56,75,75,101,119,119,146,157,307,307,378,378,378,378,389,402,85,85,85,85],"floor_reached":24,"language":"KOR","playtime":1012,"items_purged":["Doubt"],"score":397,"play_id":"90bb69a1-abe2-44f2-b9e2-95f07713a1f4","local_time":"20210209122400","is_ascension_mode":true,"campfire_choices":[{"data":"Feed","floor":6,"key":"SMITH"},{"data":"Wild Strike","floor":11,"key":"SMITH"},{"data":"Fiend Fire","floor":15,"key":"SMITH"},{"data":"Apotheosis","floor":23,"key":"SMITH"}],"circlet_count":0,"master_deck":["AscendersBane","Strike_R","Strike_R","Strike_R","Strike_R","Strike_R","Defend_R","Defend_R","Defend_R","Defend_R","Bash","Bandage Up+1","Shockwave","Feed+1","Second Wind","Inflame","Wild Strike+1","Fiend Fire+1","Immolate","Apotheosis+1","Evolve"],"relics":["Burning Blood","Potion Belt","Anchor","Oddly Smooth Stone","Mark of Pain","Membership Card"],"acts_visited":["Exordium","TheCity"],"potions_floor_usage":[10,12,16,18,24],"damage_taken":[{"damage":9,"enemies":"2 Louse","floor":1,"turns":2},{"damage":11,"enemies":"Jaw Worm","floor":4,"turns":4},{"damage":10,"enemies":"Small Slimes","floor":7,"turns":4},{"damage":3,"enemies":"Gremlin Gang","floor":10,"turns":5},{"damage":30,"enemies":"Gremlin Nob","floor":12,"turns":4},{"damage":2,"enemies":"3 Louse","floor":13,"turns":3},{"damage":80,"enemies":"The Guardian","floor":16,"turns":10},{"damage":0,"enemies":"2 Thieves","floor":18,"turns":1},{"damage":12,"enemies":"3 Byrds","floor":20,"turns":5},{"damage":46,"enemies":"Snecko","floor":21,"turns":6},{"damage":59,"enemies":"Book of Stabbing","floor":24,"turns":4}],"seed_played":"-6325411505235059762","potions_obtained":[{"floor":1,"key":"Fire Potion"},{"floor":7,"key":"PowerPotion"},{"floor":8,"key":"Energy Potion"},{"floor":8,"key":"Regen Potion"},{"floor":13,"key":"SmokeBomb"},{"floor":16,"key":"Strength Potion"}],"is_trial":false,"path_per_floor":["M","?","$","M","T","R","M","?","T","M","R","E","M","?","R","B",null,"M","?","M","M","$","R","E"],"character_chosen":"IRONCLAD","items_purchased":["Feed","Membership Card","Apotheosis","Evolve"],"campfire_rested":0,"item_purchase_floors":[3,22,22,22],"current_hp_per_floor":[69,69,69,73,73,73,78,78,78,85,85,61,75,75,75,22,73,79,79,83,53,53,53,0,0],"gold":85,"neow_bonus":"RANDOM_COLORLESS","is_daily":false,"chose_seed":false,"campfire_upgraded":4,"win_rate":0.0,"timestamp":1612841040,"path_taken":["M","?","$","M","?","R","M","?","T","?","R","E","M","?","R","BOSS","M","?","M","M","$","R","E"],"items_purchased_type":["Card","Relic","Card","Card"],"build_version":"2020-12-22","purchased_purges":1,"victory":false,"max_hp_per_floor":[75,75,75,78,78,78,82,82,82,86,86,86,90,90,90,90,90,90,90,94,98,98,98,98,98],"card_choices":[{"not_picked":["Finesse","Impatience"],"picked":"Bandage Up","floor":0},{"not_picked":["Wild Strike","Flex"],"picked":"Shockwave","floor":1},{"not_picked":["Dropkick","Body Slam"],"picked":"Second Wind","floor":4},{"not_picked":["Body Slam","Shockwave"],"picked":"Inflame","floor":7},{"not_picked":["Twin Strike","Shrug It Off"],"picked":"Wild Strike","floor":10},{"not_picked":["Berserk","Corruption"],"picked":"Fiend Fire","floor":12},{"not_picked":["Body Slam","Carnage","Headbutt"],"picked":"SKIP","floor":13},{"not_picked":["Exhume","Double Tap"],"picked":"Immolate","floor":16},{"not_picked":["Rupture","Havoc","Clothesline"],"picked":"SKIP","floor":20},{"not_picked":["Armaments","Flex","Cleave"],"picked":"SKIP","floor":21}],"player_experience":1052231,"relics_obtained":[{"floor":5,"key":"Potion Belt"},{"floor":9,"key":"Anchor"},{"floor":12,"key":"Oddly Smooth Stone"}],"event_choices":[{"damage_healed":0,"gold_gain":0,"player_choice":"Grow","damage_taken":0,"max_hp_gain":0,"max_hp_loss":0,"event_name":"Living Wall","floor":2,"gold_loss":0,"cards_upgraded":["Bandage Up"]},{"damage_healed":0,"gold_gain":0,"player_choice":"Got Potions","damage_taken":0,"max_hp_gain":0,"max_hp_loss":0,"event_name":"Lab","floor":8,"gold_loss":0},{"damage_healed":0,"gold_gain":150,"player_choice":"AGREE","damage_taken":0,"max_hp_gain":0,"max_hp_loss":0,"event_name":"Liars Game","floor":14,"gold_loss":0,"cards_obtained":["Doubt"]},{"damage_healed":0,"gold_gain":0,"player_choice":"Ignored","damage_taken":0,"max_hp_gain":0,"max_hp_loss":0,"event_name":"Ghosts","floor":19,"gold_loss":0}],"is_beta":false,"boss_relics":[{"not_picked":["Philosopher\u0027s Stone","Sozu"],"picked":"Mark of Pain"}],"items_purged_floors":[22],"is_endless":false,"potions_floor_spawned":[1,7,13,16,18],"killed_by":"Book of Stabbing","ascension_level":18}}