{"host":"mcmflfjoldkjkv7m","time":1612860346,"event":{"mods":["AchievementEnabler","BaseMod","DeckTracker","Minty Spire (QoL Compilation)","SuperFastMode"],"gold_per_floor":[111,121,46,46,46,46,77,95,121,144,161,177,20,46,46,146,146,159,172,186,286,301,301,315,344,344,344,344,359,375,404,404,509,509,527,221,237,237,256,256,286,305,305,405,416,428,481,481,481,481],"floor_reached":51,"language":"KOR","playtime":1048,"items_purged":["Defend_R"],"score":1068,"play_id":"66e13e89-7edc-4ea3-be15-a432a5e70333","local_time":"20210209174546","is_ascension_mode":true,"campfire_choices":[{"data":"Bash","floor":6.0,"key":"SMITH"},{"data":"Perfected Strike","floor":15,"key":"SMITH"},{"floor":23,"key":"REST"},{"floor":28,"key":"REST"},{"data":"Armaments","floor":32,"key":"SMITH"},{"floor":40,"key":"REST"},{"floor":49,"key":"REST"}],"circlet_count":0,"master_deck":["Strike_R","Strike_R","Strike_R","Strike_R","Strike_R","Defend_R","Defend_R","Defend_R","Bash+1","Perfected Strike+1","Wild Strike","Perfected Strike+1","Perfected Strike","Feed","Dark Embrace","Barricade","Havoc+1","Perfected Strike","Perfected Strike","Armaments+1","Perfected Strike","Warcry+1","Impervious","Pommel Strike+1","Apotheosis","True Grit+1","Intimidate+1","Perfected Strike+1"],"relics":["Burning Blood","NeowsBlessing","Lantern","Pen Nib","Odd Mushroom","TheAbacus","Paper Frog","Black Star","Blood Vial","Champion Belt","Meat on the Bone","Pantograph","Vajra","Fusion Hammer","Lizard Tail","Ice Cream","Regal Pillow","Pocketwatch","FossilizedHelix"],"acts_visited":["Exordium","TheCity","TheBeyond"],"potions_floor_usage":[20,22,22,22,41,50],"damage_taken":[{"damage":0.0,"enemies":"Cultist","floor":1.0,"turns":1.0},{"damage":0.0,"enemies":"2 Louse","floor":2.0,"turns":1.0},{"damage":0.0,"enemies":"Lagavulin","floor":7.0,"turns":1.0},{"damage":1.0,"enemies":"Small Slimes","floor":8.0,"turns":2.0},{"damage":18.0,"enemies":"The Mushroom Lair","floor":10.0,"turns":3.0},{"damage":7.0,"enemies":"2 Fungi Beasts","floor":11.0,"turns":2.0},{"damage":3.0,"enemies":"Blue Slaver","floor":12.0,"turns":3.0},{"damage":10,"enemies":"3 Sentries","floor":14,"turns":5},{"damage":12,"enemies":"Slime Boss","floor":16,"turns":6},{"damage":11,"enemies":"Spheric Guardian","floor":18,"turns":3},{"damage":72,"enemies":"3 Byrds","floor":19,"turns":6},{"damage":12,"enemies":"Centurion and Healer","floor":20,"turns":4},{"damage":11,"enemies":"Snake Plant","floor":22,"turns":2},{"damage":0,"enemies":"Snecko","floor":24,"turns":2},{"damage":47,"enemies":"Slavers","floor":25,"turns":4},{"damage":4,"enemies":"Centurion and Healer","floor":29,"turns":4},{"damage":0,"enemies":"Sentry and Sphere","floor":30,"turns":2},{"damage":48,"enemies":"Book of Stabbing","floor":31,"turns":4},{"damage":55,"enemies":"Champ","floor":33,"turns":9},{"damage":10,"enemies":"3 Darklings","floor":35,"turns":4},{"damage":0,"enemies":"3 Shapes","floor":37,"turns":2},{"damage":50,"enemies":"Spire Growth","floor":39,"turns":4},{"damage":109,"enemies":"Reptomancer","floor":41,"turns":3},{"damage":12,"enemies":"Sphere and 2 Shapes","floor":42,"turns":4},{"damage":4,"enemies":"3 Darklings","floor":45,"turns":5},{"damage":11,"enemies":"Transient","floor":46,"turns":5},{"damage":32,"enemies":"2 Orb Walkers","floor":47,"turns":3},{"damage":126,"enemies":"Donu and Deca","floor":50,"turns":8}],"seed_played":"-9079414875423347670","potions_obtained":[{"floor":7.0,"key":"SpeedPotion"},{"floor":8.0,"key":"EssenceOfSteel"},{"floor":14,"key":"BlessingOfTheForge"},{"floor":20,"key":"Fire Potion"},{"floor":22,"key":"ElixirPotion"},{"floor":25,"key":"Fire Potion"},{"floor":31,"key":"Dexterity Potion"},{"floor":42,"key":"ColorlessPotion"}],"is_trial":false,"path_per_floor":["M","M","$","?","?","R","E","M","T","?","M","M","$","E","R","B",null,"M","M","M","?","M","R","M","E","T","?","R","M","M","E","R","B",null,"M","$","M","?","M","R","E","M","T","?","M","M","?","T","R","B",null],"character_chosen":"IRONCLAD","items_purchased":["TheAbacus","Apotheosis","Fiend Fire"],"campfire_rested":4,"item_purchase_floors":[13,36,36],"current_hp_per_floor":[78,80,80,80,80,80,80,80,80,68,70,73,73,72,72,69,84,79,16,13,13,11,40,46,8,8,8,38,57,65,37,37,27,85,83,83,91,114,74,109,23,31,31,31,47,56,44,44,95,78],"gold":481,"neow_bonus":"THREE_ENEMY_KILL","is_daily":false,"chose_seed":false,"campfire_upgraded":3,"win_rate":0.0,"timestamp":1612860346,"path_taken":["M","?","$","?","?","R","E","M","T","?","M","M","?","E","R","BOSS","M","M","?","?","?","R","M","E","T","?","R","M","M","E","R","BOSS","M","$","M","?","?","R","E","M","T","?","M","?","?","?","R","BOSS"],"items_purchased_type":["Relic","Card","Card"],"build_version":"2020-12-22","purchased_purges":1,"victory":true,"max_hp_per_floor":[80,80,80,80,80,80,80,80,80,80,83,83,83,86,86,89,89,89,92,95,95,98,98,98,101,101,101,101,104,104,104,104,104,104,104,104,104,114,118,118,121,121,121,121,121,121,121,121,121,121],"card_choices":[{"not_picked":["Inflame","Warcry"],"picked":"Perfected Strike","floor":1.0},{"not_picked":["Clash","Sword Boomerang"],"picked":"Wild Strike","floor":2.0},{"not_picked":["Body Slam","Clothesline"],"picked":"Perfected Strike","floor":7.0},{"not_picked":["Flex","Sword Boomerang"],"picked":"Perfected Strike","floor":8.0},{"not_picked":["Headbutt","Entrench"],"picked":"Feed","floor":10.0},{"not_picked":["Flex","Body Slam","Heavy Blade"],"picked":"SKIP","floor":11.0},{"not_picked":["Blood for Blood","Cleave","Iron Wave"],"picked":"SKIP","floor":12.0},{"not_picked":["Clothesline","Rampage"],"picked":"Dark Embrace","floor":14},{"not_picked":["Immolate","Corruption"],"picked":"Barricade","floor":16},{"not_picked":["Iron Wave","Headbutt","Seeing Red"],"picked":"SKIP","floor":18},{"not_picked":["Flex+1","Clash","Blood for Blood"],"picked":"SKIP","floor":19},{"not_picked":["Twin Strike","Shrug It Off"],"picked":"Havoc+1","floor":20},{"not_picked":["Pommel Strike","Fire Breathing"],"picked":"Perfected Strike","floor":22},{"not_picked":["Bludgeon","Intimidate"],"picked":"Perfected Strike","floor":24},{"not_picked":["Whirlwind","Bloodletting"],"picked":"Armaments","floor":25},{"not_picked":["Sword Boomerang","Thunderclap"],"picked":"Perfected Strike","floor":29},{"not_picked":["Cleave","Armaments"],"picked":"Warcry+1","floor":30},{"not_picked":["Shrug It Off","Clash+1","Intimidate+1"],"picked":"SKIP","floor":31},{"not_picked":["Brutality","Limit Break"],"picked":"Impervious","floor":33},{"not_picked":["Iron Wave","Uppercut+1"],"picked":"Pommel Strike+1","floor":35},{"not_picked":["Armaments","Shrug It Off+1"],"picked":"True Grit+1","floor":37},{"not_picked":["Seeing Red+1","Combust+1","Sentinel+1"],"picked":"SKIP","floor":39},{"not_picked":["Armaments+1","Body Slam"],"picked":"Intimidate+1","floor":41},{"not_picked":["Infernal Blade","Rampage","Bloodletting"],"picked":"SKIP","floor":42},{"not_picked":["Wild Strike+1","Iron Wave+1"],"picked":"Perfected Strike+1","floor":45},{"not_picked":["Cleave+1","Searing Blow","Flame Barrier"],"picked":"SKIP","floor":46}],"player_experience":366210,"relics_obtained":[{"floor":7.0,"key":"Lantern"},{"floor":9.0,"key":"Pen Nib"},{"floor":10.0,"key":"Odd Mushroom"},{"floor":14,"key":"Paper Frog"},{"floor":25,"key":"Blood Vial"},{"floor":25,"key":"Champion Belt"},{"floor":26,"key":"Meat on the Bone"},{"floor":31,"key":"Pantograph"},{"floor":31,"key":"Vajra"},{"floor":41,"key":"Lizard Tail"},{"floor":41,"key":"Ice Cream"},{"floor":43,"key":"Regal Pillow"},{"floor":47,"key":"Pocketwatch"},{"floor":48,"key":"FossilizedHelix"}],"event_choices":[{"damage_healed":0.0,"max_hp_gain":0.0,"max_hp_loss":0.0,"gold_gain":0.0,"event_name":"The Cleric","player_choice":"Leave","floor":4.0,"gold_loss":0.0,"damage_taken":0.0},{"damage_healed":0.0,"max_hp_gain":0.0,"max_hp_loss":0.0,"gold_gain":0.0,"event_name":"Living Wall","player_choice":"Grow","floor":5.0,"gold_loss":0.0,"damage_taken":0.0,"cards_upgraded":["Perfected Strike"]},{"damage_healed":0.0,"max_hp_gain":0.0,"max_hp_loss":0.0,"gold_gain":0.0,"event_name":"Mushrooms","player_choice":"Fought Mushrooms","floor":10.0,"gold_loss":0.0,"damage_taken":0.0},{"damage_healed":0,"gold_gain":100,"player_choice":"Pray","damage_taken":0,"max_hp_gain":0,"max_hp_loss":0,"event_name":"Golden Shrine","floor":21,"gold_loss":0},{"damage_healed":0,"gold_gain":0,"player_choice":"Ignored","damage_taken":0,"max_hp_gain":0,"max_hp_loss":0,"event_name":"Cursed Tome","floor":27,"gold_loss":0},{"cards_removed":["Fiend Fire"],"damage_healed":13,"gold_gain":0,"player_choice":"Offered Rare","damage_taken":0,"max_hp_gain":10,"max_hp_loss":0,"event_name":"Bonfire Elementals","floor":38,"gold_loss":0},{"damage_healed":0,"gold_gain":100,"player_choice":"Pray","damage_taken":0,"max_hp_gain":0,"max_hp_loss":0,"event_name":"Golden Shrine","floor":44,"gold_loss":0},{"damage_healed":0,"gold_gain":0,"player_choice":"Fight","damage_taken":0,"max_hp_gain":0,"max_hp_loss":0,"event_name":"Mysterious Sphere","floor":47,"gold_loss":0}],"is_beta":false,"boss_relics":[{"not_picked":["Runic Dome","Busted Crown"],"picked":"Black Star"},{"not_picked":["Mark of Pain","Velvet Choker"],"picked":"Fusion Hammer"}],"items_purged_floors":[3],"is_endless":false,"potions_floor_spawned":[7,8,14,20,22,25,31,33,37,39,42,47],"ascension_level":6}}