{"host":"dzs26xzxvr8oc34c","time":1612876429,"event":{"mods":["BaseMod","Colored Map","Downfall","Minty Spire (QoL Compilation)","StSLib","SuperFastMode","Waifu the Spire"],"gold_per_floor":[110,160,160,110,35,35,48,48,48,77,2,2,19,49,49,152,152,172,172,185,203,221,250,250,283,283,31,62,76,93,107,107,209,209,226,226,226,242,242,242,242,242,242,274,149,149,149,149,149,149],"floor_reached":51,"language":"ZHS","playtime":3051,"items_purged":["Defend_B","Defend_B","Defend_B"],"score":829,"play_id":"d4316799-b303-45a2-9c85-aed4325d48af","local_time":"20210209211349","is_ascension_mode":false,"campfire_choices":[{"data":"Redo","floor":6.0,"key":"SMITH"},{"data":"Double Energy","floor":8.0,"key":"SMITH"},{"floor":12.0,"key":"DIG"},{"data":"Chaos","floor":15.0,"key":"SMITH"},{"data":"Fission","floor":24.0,"key":"SMITH"},{"floor":32.0,"key":"DIG"},{"data":"Skim","floor":40,"key":"SMITH"},{"data":"Creative AI","floor":42,"key":"SMITH"},{"floor":49,"key":"DIG"}],"circlet_count":0,"master_deck":["Zap+1","Dualcast+1","Double Energy+1","Redo+1","Glacier+1","Skim+1","Heatsinks+1","Chaos+1","FTL+1","Fission+1","Meteor Strike+1","Streamline+1","Fission+1","Self Repair+1","Heatsinks+1","Aggregate+1","Fusion+1","Redo+1","Skim+1","Compile Driver+1","Creative AI+1","Defragment+1","Madness+1","Madness+1","Steam Power+1"],"relics":["Cracked Core","Oddly Smooth Stone","Shovel","StoneCalendar","Calipers","Odd Mushroom","Astrolabe","HornCleat","Bottled Lightning","Bag of Marbles","Bag of Preparation","War Paint","White Beast Statue","Bottled Tornado","Black Star","Ice Cream","PreservedInsect","Boot","Mark of the Bloom","Bronze Scales"],"acts_visited":["TheCity","TheBeyond"],"potions_floor_usage":[],"damage_taken":[{"damage":0.0,"enemies":"Cultist","floor":1.0,"turns":4.0},{"damage":5.0,"enemies":"Jaw Worm","floor":7.0,"turns":3.0},{"damage":23.0,"enemies":"3 Sentries","floor":10.0,"turns":16.0},{"damage":0.0,"enemies":"2 Louse","floor":13.0,"turns":2.0},{"damage":4.0,"enemies":"The Mushroom Lair","floor":14.0,"turns":4.0},{"damage":10.0,"enemies":"Slime Boss","floor":16.0,"turns":7.0},{"damage":0.0,"enemies":"2 Thieves","floor":18.0,"turns":2.0},{"damage":0.0,"enemies":"Shell Parasite","floor":20.0,"turns":2.0},{"damage":9.0,"enemies":"Snake Plant","floor":21.0,"turns":2.0},{"damage":8.0,"enemies":"Centurion and Healer","floor":22.0,"turns":3.0},{"damage":29.0,"enemies":"Gremlin Leader","floor":23.0,"turns":7.0},{"damage":4.0,"enemies":"Book of Stabbing","floor":25.0,"turns":3.0},{"damage":0.0,"enemies":"Slavers","floor":28.0,"turns":4.0},{"damage":0.0,"enemies":"3 Cultists","floor":29.0,"turns":4.0},{"damage":0.0,"enemies":"Snecko","floor":30.0,"turns":3.0},{"damage":0.0,"enemies":"Sentry and Sphere","floor":31.0,"turns":4.0},{"damage":0.0,"enemies":"Champ","floor":33.0,"turns":6.0},{"damage":0.0,"enemies":"3 Shapes","floor":35.0,"turns":3.0},{"damage":0.0,"enemies":"3 Darklings","floor":38.0,"turns":3.0},{"damage":0,"enemies":"Reptomancer","floor":44,"turns":2},{"damage":14,"enemies":"Time Eater","floor":50,"turns":7}],"seed_played":"-7957433410369401382","potions_obtained":[{"floor":7.0,"key":"Regen Potion"},{"floor":10.0,"key":"FearPotion"},{"floor":16.0,"key":"ColorlessPotion"},{"floor":21.0,"key":"SneckoOil"},{"floor":28.0,"key":"Dexterity Potion"},{"floor":29.0,"key":"Weak Potion"},{"floor":31.0,"key":"Swift Potion"},{"floor":33.0,"key":"FairyPotion"}],"is_trial":false,"path_per_floor":["M","T","?","?","$","R","M","R","T","E","$","R","M","?","R","B",null,"M","?","M","M","M","E","R","E","T","$","E","M","M","M","R","B",null,"M","?","?","M","?","R","?","R","T","E","$","?","?","$","R","B",null],"character_chosen":"DEFECT","items_purchased":["Glacier","War Paint"],"campfire_rested":0,"item_purchase_floors":[5,27],"current_hp_per_floor":[82,82,82,82,82,82,77,77,77,54,54,54,54,50,50,40,82,82,82,82,80,79,57,57,60,60,60,67,74,81,82,82,82,82,82,72,64,71,71,71,71,71,71,78,78,78,78,78,78,64],"gold":149,"neow_bonus":"TEN_PERCENT_HP_BONUS","is_daily":false,"chose_seed":false,"campfire_upgraded":6,"win_rate":0.0,"timestamp":1612876429,"path_taken":["M","?","?","?","$","R","M","R","T","E","$","R","M","?","R","BOSS","M","?","?","M","M","E","R","E","T","$","E","M","M","M","R","BOSS","M","?","?","?","?","R","?","R","T","E","$","?","?","$","R","BOSS"],"items_purchased_type":["Card","Relic"],"build_version":"2020-12-22","purchased_purges":3,"victory":true,"max_hp_per_floor":[82,82,82,82,82,82,82,82,82,82,82,82,82,82,82,82,82,82,82,82,82,82,82,82,82,82,82,82,82,82,82,82,82,82,82,82,82,82,82,82,82,82,82,82,82,82,82,82,82,82],"card_choices":[{"not_picked":["Turbo","Consume"],"picked":"Double Energy","floor":1.0},{"not_picked":["Leap","Turbo"],"picked":"Skim","floor":7.0},{"not_picked":["Beam Cell","Double Energy"],"picked":"Heatsinks","floor":10.0},{"not_picked":["Undo","Sweeping Beam"],"picked":"Chaos","floor":13.0},{"not_picked":["Rebound","Barrage"],"picked":"FTL","floor":14.0},{"not_picked":["Core Surge","Creative AI"],"picked":"Fission","floor":16.0},{"not_picked":["Streamline","Turbo"],"picked":"Self Repair","floor":18.0},{"not_picked":["Static Discharge","BootSequence"],"picked":"Heatsinks+1","floor":20.0},{"not_picked":["Hello World","Conserve Battery"],"picked":"Cold Snap","floor":21.0},{"not_picked":["Cold Snap","Streamline","Beam Cell"],"picked":"SKIP","floor":22.0},{"not_picked":["Aggregate+1","Rebound","Doom and Gloom"],"picked":"SKIP","floor":23.0},{"not_picked":["Rebound","Doom and Gloom"],"picked":"Aggregate+1","floor":23.0},{"not_picked":["Gash+1","BootSequence+1"],"picked":"Fusion+1","floor":25.0},{"not_picked":["Auto Shields","Amplify"],"picked":"Redo","floor":28.0},{"not_picked":["Turbo+1","Stack","Reinforced Body"],"picked":"SKIP","floor":29.0},{"not_picked":["Auto Shields","Fusion"],"picked":"Skim","floor":30.0},{"not_picked":["Redo","Reprogram"],"picked":"Compile Driver","floor":31.0},{"not_picked":["Machine Learning","All For One"],"picked":"Creative AI","floor":33.0},{"not_picked":["Go for the Eyes","Beam Cell"],"picked":"Defragment","floor":35.0},{"not_picked":["Beam Cell+1","White Noise"],"picked":"Steam Power+1","floor":38},{"not_picked":["Leap+1","Streamline","Melter+1"],"picked":"SKIP","floor":44}],"player_experience":1197838,"relics_obtained":[{"floor":2.0,"key":"Oddly Smooth Stone"},{"floor":9.0,"key":"Shovel"},{"floor":10.0,"key":"StoneCalendar"},{"floor":12.0,"key":"Calipers"},{"floor":14.0,"key":"Odd Mushroom"},{"floor":23.0,"key":"Bottled Lightning"},{"floor":25.0,"key":"Bag of Marbles"},{"floor":26.0,"key":"Bag of Preparation"},{"floor":28.0,"key":"White Beast Statue"},{"floor":32.0,"key":"Bottled Tornado"},{"floor":43,"key":"Ice Cream"},{"floor":44,"key":"PreservedInsect"},{"floor":44,"key":"Boot"},{"floor":49,"key":"Bronze Scales"}],"event_choices":[{"damage_healed":0.0,"max_hp_gain":0.0,"max_hp_loss":0.0,"gold_gain":0.0,"cards_transformed":["Strike_B"],"event_name":"Living Wall","player_choice":"Change","floor":3.0,"gold_loss":0.0,"damage_taken":0.0,"cards_obtained":["Redo"]},{"cards_removed":["Strike_B"],"damage_healed":0.0,"max_hp_gain":0.0,"max_hp_loss":0.0,"gold_gain":0.0,"event_name":"The Cleric","player_choice":"Card Removal","floor":4.0,"gold_loss":50.0,"damage_taken":0.0},{"damage_healed":0.0,"max_hp_gain":0.0,"max_hp_loss":0.0,"gold_gain":0.0,"event_name":"Mushrooms","player_choice":"Fought Mushrooms","floor":14.0,"gold_loss":0.0,"damage_taken":0.0},{"damage_healed":0.0,"max_hp_gain":0.0,"max_hp_loss":0.0,"gold_gain":0.0,"event_name":"WeMeetAgain","player_choice":"Gave Potion","floor":19.0,"gold_loss":0.0,"damage_taken":0.0,"relics_obtained":["HornCleat"]},{"damage_healed":0.0,"max_hp_gain":0.0,"max_hp_loss":0.0,"gold_gain":0.0,"event_name":"Winding Halls","player_choice":"Embrace Madness","floor":36.0,"gold_loss":0.0,"damage_taken":10.0,"cards_obtained":["Madness","Madness"]},{"damage_healed":0.0,"max_hp_gain":0.0,"max_hp_loss":0.0,"gold_gain":0.0,"event_name":"Wheel of Change","player_choice":"Damaged","floor":37.0,"gold_loss":0.0,"damage_taken":8.0},{"cards_removed":["Cold Snap"],"damage_healed":0,"gold_gain":0,"player_choice":"Removed Attack","damage_taken":0,"max_hp_gain":0,"max_hp_loss":0,"event_name":"Falling","floor":39,"gold_loss":0},{"damage_healed":0,"gold_gain":0,"player_choice":"Ignored","damage_taken":0,"max_hp_gain":0,"max_hp_loss":0,"event_name":"Tomb of Lord Red Mask","floor":41,"gold_loss":0},{"damage_healed":0,"gold_gain":0,"player_choice":"Upgrade","damage_taken":0,"relics_obtained":["Mark of the Bloom"],"max_hp_gain":0,"max_hp_loss":0,"event_name":"MindBloom","floor":46,"gold_loss":0,"cards_upgraded":["Zap","Heatsinks","FTL","Self Repair","Redo","Skim","Compile Driver","Defragment","Madness","Madness"]},{"damage_healed":0,"gold_gain":0,"player_choice":"Memory 1","damage_taken":0,"max_hp_gain":0,"max_hp_loss":0,"event_name":"SensoryStone","floor":47,"gold_loss":0}],"is_beta":false,"boss_relics":[{"not_picked":["Fusion Hammer","Snecko Eye"],"picked":"Astrolabe"},{"not_picked":["Runic Dome","Pandora\u0027s Box"],"picked":"Black Star"}],"items_purged_floors":[11,27,45],"is_endless":false,"potions_floor_spawned":[7,10,16,18,21,22,28,29,30,31,33,35,38,44],"ascension_level":0}}