{"host":"u0qetpmu4y58k1tf","time":1612885640,"event":{"mods":["AchievementEnabler","BaseMod","Colored Map","Colored Powertips","Hermit","Marisa£¨Ùöéë¡¡Øª×âÞÞ£©","Minty Spire (QoL Compilation)","Reliquary","Replay The Spire","StSLib","SuperFastMode","The Bug Knight","The Cursed","The Hierophant","The Runesmith"],"gold_per_floor":[117,117,42,42,59,93,93,126,126,126,169,237,237,272,272,391,391,374,473,216,236,261,305,305,346,346,346,366,389,389,389,389,513,513,527,527,487,511,536,572,112,151,151,182,182,206,244,260,260,260,260],"floor_reached":50,"language":"KOR","playtime":2619,"items_purged":["Strike_R","Strike_R","Defend_R"],"score":889,"play_id":"370f6e28-4c96-4862-867f-f6ebffbafbaa","local_time":"20210210004720","is_ascension_mode":true,"campfire_choices":[{"data":"Searing Blow+1","floor":7,"key":"SMITH"},{"floor":13,"key":"REST"},{"floor":15,"key":"DIG"},{"data":"Strike_R","floor":24,"key":"PURGE"},{"data":"Strike_R","floor":27,"key":"PURGE"},{"data":"Berserk","floor":30,"key":"SMITH"},{"data":"Uppercut","floor":32,"key":"SMITH"},{"floor":45,"key":"RECALL"},{"floor":49,"key":"REST"}],"circlet_count":0,"master_deck":["Defend_R","Defend_R","Defend_R","Uppercut+1","Searing Blow+2","Berserk+1","Evolve","Demon Form","Burning Pact","Rage+1","Rampage","Brutality","Intimidate","Fire Breathing","Limit Break","Ghostly Armor+1","Battle Trance+1","Clash+1","Spot Weakness+1","Rupture","Flex+1","Sever Soul","ReplayTheSpireMod:Strike From Hell","Combust","Dropkick+1"],"relics":["Burning Blood","NeowsBlessing","Iron Hammer","Strawberry","Replay:WaspNest","Golden Idol","Toy Ornithopter","Peace Pipe","Paper Frog","Potion Belt","SlaversCollar","Lantern","Runesmith:AutoHammer","Quantum Egg","Mark of Pain","Ring of Misfortune","ReplayTheSpireMod:Ring of Challenge","Gremlin Horn","Pear","Golden Egg","Juzu Bracelet","Onion Ring","Runesmith:Nanobots"],"acts_visited":["Exordium","TheCity","TheBeyond"],"potions_floor_usage":[1,8,18,23,28,29,33,40,40,40,48,50,50],"damage_taken":[{"damage":0,"enemies":"2 Louse","floor":1,"turns":1},{"damage":0,"enemies":"Jaw Worm","floor":5,"turns":1},{"damage":0,"enemies":"HollowMod:MossKnight","floor":6,"turns":1},{"damage":22,"enemies":"Lagavulin","floor":8,"turns":5},{"damage":6,"enemies":"HollowMod:MossKnight","floor":11,"turns":6},{"damage":32,"enemies":"Gremlin Nob","floor":12,"turns":4},{"damage":10,"enemies":"Lagavulin","floor":14,"turns":5},{"damage":31,"enemies":"The Guardian","floor":16,"turns":7},{"damage":27,"enemies":"2 Thieves","floor":18,"turns":4},{"damage":12,"enemies":"Chosen","floor":21,"turns":4},{"damage":2,"enemies":"Snecko","floor":22,"turns":3},{"damage":27,"enemies":"Gremlin Leader","floor":23,"turns":6},{"damage":0,"enemies":"HollowMod:Nosk","floor":25,"turns":6},{"damage":20,"enemies":"Shelled Parasite and Fungi","floor":28,"turns":5},{"damage":26,"enemies":"Snake Plant","floor":29,"turns":2},{"damage":42,"enemies":"Automaton","floor":33,"turns":6},{"damage":21,"enemies":"Orb Walker","floor":35,"turns":4},{"damage":0,"enemies":"3 Shapes","floor":38,"turns":5},{"damage":22,"enemies":"Maw","floor":39,"turns":6},{"damage":21,"enemies":"Reptomancer","floor":40,"turns":5},{"damage":10,"enemies":"Nemesis","floor":42,"turns":7},{"damage":2,"enemies":"HollowMod:StalkingDevout","floor":44,"turns":4},{"damage":28,"enemies":"Writhing Mass","floor":46,"turns":4},{"damage":34,"enemies":"R_Hoarder","floor":47,"turns":5},{"damage":13,"enemies":"Sphere and 2 Shapes","floor":48,"turns":5},{"damage":75,"enemies":"Donu and Deca","floor":50,"turns":4}],"seed_played":"5668595734525342404","potions_obtained":[{"floor":1,"key":"Fruit Juice"},{"floor":6,"key":"DistilledChaos"},{"floor":12,"key":"Explosive Potion"},{"floor":18,"key":"SkillPotion"},{"floor":21,"key":"SpeedPotion"},{"floor":25,"key":"ColorlessPotion"},{"floor":29,"key":"SkillPotion"},{"floor":37,"key":"Swift Potion"},{"floor":37,"key":"PowerPotion"},{"floor":37,"key":"Energy Potion"},{"floor":40,"key":"Fire Potion"},{"floor":42,"key":"ElixirPotion"},{"floor":48,"key":"Elixir"}],"is_trial":false,"path_per_floor":["M","?","$","?","M","E","R","E","T","?","E","?","R","E","R_BF","B",null,"M","?","$","M","M","E","R","E","T","R","M","M","R","?","R","B",null,"M","?","?","M","M","E","$","E","T","E","R","M","E","M","R_BF","B"],"character_chosen":"IRONCLAD","items_purchased":["Lantern","Rupture","Pear"],"campfire_rested":2,"item_purchase_floors":[20,41,41],"current_hp_per_floor":[85,78,78,78,84,85,85,76,76,53,53,27,54,50,50,25,92,76,76,76,70,74,58,58,64,64,64,55,40,40,40,40,9,92,77,77,77,83,67,67,77,73,73,77,77,55,27,25,55,0,0],"gold":260,"neow_bonus":"THREE_ENEMY_KILL","is_daily":false,"chose_seed":false,"campfire_upgraded":3,"win_rate":0.0,"timestamp":1612885640,"path_taken":["M","?","$","?","M","E","R","E","T","?","E","?","R","E","R_BF","BOSS","M","?","$","M","M","E","R","E","T","R","M","M","R","?","R","BOSS","M","?","?","?","M","E","$","E","T","E","R","M","E","M","R_BF","BOSS"],"items_purchased_type":["Relic","Card","Relic"],"build_version":"2020-12-22","purchased_purges":3,"victory":false,"max_hp_per_floor":[85,85,85,85,85,85,85,92,92,92,92,92,92,92,92,92,92,92,92,92,92,92,92,92,92,92,92,92,92,92,92,92,92,92,92,92,92,92,92,92,102,102,102,102,102,102,102,102,102,102,102],"card_choices":[{"not_picked":["Battle Trance","Replay:Undeath\u0027s Touch"],"picked":"Uppercut","floor":1},{"not_picked":["Power Through","Clothesline","Ghostly Armor"],"picked":"SKIP","floor":5},{"not_picked":["Sword Boomerang","Defy Death","Limit Break"],"picked":"SKIP","floor":6},{"not_picked":["Combust","Perfected Strike","Pommel Strike"],"picked":"SKIP","floor":8},{"not_picked":["Run Through","Wild Strike"],"picked":"Berserk","floor":11},{"not_picked":["Run Through","Replay:Undeath\u0027s Touch"],"picked":"Evolve","floor":12},{"not_picked":["True Grit","Defy Death","Replay:Many Hands"],"picked":"SKIP","floor":14},{"not_picked":["Impervious","Berserk"],"picked":"Demon Form","floor":16},{"not_picked":["Heavy Blade","Twin Strike+1","ReplayTheSpireMod:Strike From Hell"],"picked":"SKIP","floor":18},{"not_picked":["Cleave","Immolate"],"picked":"Burning Pact","floor":21},{"not_picked":["Iron Wave","Rupture"],"picked":"Rage+1","floor":22},{"not_picked":["Demonic Infusion","Metallicize"],"picked":"Rampage","floor":23},{"not_picked":["Wild Strike","Uppercut+1"],"picked":"Brutality","floor":25},{"not_picked":["Abandon","Run Through","Infernal Blade"],"picked":"SKIP","floor":28},{"not_picked":["Metallicize","Armaments"],"picked":"Intimidate","floor":29},{"not_picked":["Eclipse","Brutality"],"picked":"Limit Break","floor":33},{"not_picked":["Pummel","Cleave"],"picked":"Ghostly Armor+1","floor":35},{"not_picked":["Headbutt","True Grit"],"picked":"Battle Trance+1","floor":38},{"not_picked":["Warcry","Combust+1"],"picked":"Clash+1","floor":39},{"not_picked":["Clothesline+1","Flame Barrier"],"picked":"Spot Weakness+1","floor":40},{"not_picked":["Clash+1","Headbutt"],"picked":"Flex+1","floor":42},{"not_picked":["Wild Strike","ReplayTheSpireMod:Corrosion Curse"],"picked":"Sever Soul","floor":44},{"not_picked":["Perfected Strike","Flame Barrier"],"picked":"ReplayTheSpireMod:Strike From Hell","floor":46},{"not_picked":["Immolate","Cleave+1"],"picked":"Combust","floor":47},{"not_picked":["Wild Strike+1","Flame Barrier"],"picked":"Dropkick+1","floor":48}],"player_experience":88661,"relics_obtained":[{"floor":6,"key":"Iron Hammer"},{"floor":8,"key":"Strawberry"},{"floor":9,"key":"Replay:WaspNest"},{"floor":11,"key":"Toy Ornithopter"},{"floor":12,"key":"Peace Pipe"},{"floor":14,"key":"Paper Frog"},{"floor":15,"key":"Potion Belt"},{"floor":23,"key":"Runesmith:AutoHammer"},{"floor":25,"key":"Quantum Egg"},{"floor":36,"key":"Ring of Misfortune"},{"floor":36,"key":"ReplayTheSpireMod:Ring of Challenge"},{"floor":40,"key":"Gremlin Horn"},{"floor":42,"key":"Golden Egg"},{"floor":43,"key":"Juzu Bracelet"},{"floor":44,"key":"Onion Ring"},{"floor":47,"key":"Runesmith:Nanobots"}],"event_choices":[{"cards_removed":["Strike_R"],"damage_healed":0,"gold_gain":0,"player_choice":"Card Removal","damage_taken":7,"max_hp_gain":0,"max_hp_loss":0,"event_name":"Golden Wing","floor":2,"gold_loss":0},{"damage_healed":0,"gold_gain":0,"player_choice":"Take Damage","damage_taken":23,"relics_obtained":["Golden Idol"],"max_hp_gain":0,"max_hp_loss":0,"event_name":"Golden Idol","floor":10,"gold_loss":0},{"damage_healed":0,"gold_gain":30,"player_choice":"Searched \u00272\u0027 times","damage_taken":0,"max_hp_gain":0,"max_hp_loss":0,"event_name":"Dead Adventurer","floor":12,"gold_loss":0},{"damage_healed":0,"gold_gain":99,"player_choice":"Stole From Cult","damage_taken":0,"max_hp_gain":0,"max_hp_loss":0,"event_name":"Nest","floor":19,"gold_loss":0},{"damage_healed":0,"gold_gain":0,"player_choice":"Read","damage_taken":0,"max_hp_gain":0,"max_hp_loss":0,"event_name":"The Library","floor":31,"gold_loss":0,"cards_obtained":["Fire Breathing"]},{"damage_healed":0,"gold_gain":0,"player_choice":"Bought 3 Potions","damage_taken":0,"max_hp_gain":0,"max_hp_loss":0,"event_name":"The Woman in Blue","floor":37,"gold_loss":0}],"is_beta":false,"boss_relics":[{"not_picked":["Replay:Drink Me","Replay:Wanted Poster"],"picked":"SlaversCollar"},{"not_picked":["Philosopher\u0027s Stone","reliquary:KinkedSpring"],"picked":"Mark of Pain"}],"items_purged_floors":[3,20,41],"is_endless":false,"potions_floor_spawned":[1,6,12,18,21,25,29,40,42,48],"killed_by":"Donu and Deca","ascension_level":4}}