{"host":"u7lm8z2rvb4dg2oo","time":1612849109,"event":{"mods":["AchievementEnabler","BaseMod","Bestiary","Block Reminder","Colored Map","Colored Powertips","Curses Come First","DeckTracker","Googly Eyes","Highlight Path","Minty Spire (QoL Compilation)","Quick Restart","StSLib"],"gold_per_floor":[110,110,42,66,66,100,100,113,113,154,167,202,225,256,256,382,382,402,327,327,30,45,45,60,99,99,124,124,19,37,61,61,180,180,203,203,536,552,5,38,38,73,100,111,111,145,145,158,158,158,158],"floor_reached":50,"language":"ENG","playtime":3143,"items_purged":["Strike_G"],"score":1083,"play_id":"a0c2b9cc-32a5-4b56-b9cf-4aaf248c0882","local_time":"20210209003829","is_ascension_mode":true,"campfire_choices":[{"data":"Footwork","floor":7.0,"key":"SMITH"},{"floor":15.0,"key":"REST"},{"data":"After Image","floor":23.0,"key":"SMITH"},{"data":"Catalyst","floor":28.0,"key":"SMITH"},{"floor":32.0,"key":"REST"},{"floor":41.0,"key":"REST"},{"data":"Envenom","floor":45.0,"key":"SMITH"},{"floor":49.0,"key":"REST"}],"circlet_count":0,"master_deck":["AscendersBane","Strike_G","Defend_G","Defend_G","Defend_G","Defend_G","Defend_G","Survivor","Neutralize","Endless Agony","Footwork+1","Deadly Poison","Sucker Punch","Bane","Dash","Quick Slash+1","Poisoned Stab+1","PiercingWail","After Image+1","Well Laid Plans","Skewer+1","Noxious Fumes","Bouncing Flask","Catalyst+1","Envenom+1","CurseOfTheBell","Caltrops","Noxious Fumes","Crippling Poison","Discovery","Deadly Poison+1"],"relics":["Ring of the Snake","NeowsBlessing","Happy Flower","Mummified Hand","Darkstone Periapt","Molten Egg 2","Singing Bowl","SacredBark","Tiny Chest","Bottled Flame","Vajra","Calling Bell","Juzu Bracelet","Mercury Hourglass","Incense Burner","Lizard Tail","StrikeDummy","Toxic Egg 2","Strawberry","Pear","Tingsha"],"acts_visited":["Exordium","TheCity","TheBeyond"],"potions_floor_usage":[],"damage_taken":[{"damage":0.0,"enemies":"Jaw Worm","floor":1.0,"turns":1.0},{"damage":0.0,"enemies":"Small Slimes","floor":4.0,"turns":1.0},{"damage":0.0,"enemies":"Lagavulin","floor":6.0,"turns":1.0},{"damage":0.0,"enemies":"2 Louse","floor":8.0,"turns":3.0},{"damage":21.0,"enemies":"Gremlin Nob","floor":10.0,"turns":5.0},{"damage":0.0,"enemies":"Large Slime","floor":11.0,"turns":7.0},{"damage":8.0,"enemies":"3 Sentries","floor":12.0,"turns":8.0},{"damage":5.0,"enemies":"Gremlin Gang","floor":13.0,"turns":4.0},{"damage":20.0,"enemies":"Lagavulin","floor":14.0,"turns":5.0},{"damage":15.0,"enemies":"The Guardian","floor":16.0,"turns":11.0},{"damage":2.0,"enemies":"Chosen","floor":18.0,"turns":6.0},{"damage":0.0,"enemies":"3 Byrds","floor":22.0,"turns":6.0},{"damage":2.0,"enemies":"Sentry and Sphere","floor":24.0,"turns":6.0},{"damage":18.0,"enemies":"Slavers","floor":25.0,"turns":5.0},{"damage":8.0,"enemies":"Snake Plant","floor":27.0,"turns":3.0},{"damage":6.0,"enemies":"Snecko","floor":30.0,"turns":4.0},{"damage":16.0,"enemies":"3 Cultists","floor":31.0,"turns":5.0},{"damage":32.0,"enemies":"Champ","floor":33.0,"turns":8.0},{"damage":33.0,"enemies":"3 Darklings","floor":35.0,"turns":6.0},{"damage":10.0,"enemies":"Orb Walker","floor":38.0,"turns":4.0},{"damage":36.0,"enemies":"Nemesis","floor":40.0,"turns":7.0},{"damage":44.0,"enemies":"Giant Head","floor":42.0,"turns":7.0},{"damage":52.0,"enemies":"Transient","floor":44.0,"turns":5.0},{"damage":6.0,"enemies":"Nemesis","floor":46.0,"turns":5.0},{"damage":47.0,"enemies":"Writhing Mass","floor":48.0,"turns":6.0},{"damage":115,"enemies":"Awakened One","floor":50,"turns":10}],"seed_played":"-4465503384369312746","potions_obtained":[{"floor":1.0,"key":"GamblersBrew"},{"floor":10.0,"key":"Swift Potion"},{"floor":12.0,"key":"SpeedPotion"},{"floor":14.0,"key":"AttackPotion"},{"floor":22.0,"key":"Dexterity Potion"},{"floor":24.0,"key":"Explosive Potion"},{"floor":25.0,"key":"FearPotion"},{"floor":31.0,"key":"Regen Potion"},{"floor":33.0,"key":"FairyPotion"},{"floor":38.0,"key":"BlessingOfTheForge"},{"floor":42.0,"key":"Regen Potion"},{"floor":44.0,"key":"PowerPotion"}],"is_trial":false,"path_per_floor":["M","?","$","M","?","E","R","M","T","E","M","E","M","E","R","B",null,"M","?","?","$","M","R","M","E","T","M","R","$","M","M","R","B",null,"M","?","?","M","$","E","R","E","T","M","R","E","T","M","R","B"],"character_chosen":"THE_SILENT","items_purchased":["Footwork","Tiny Chest","Noxious Fumes","CultistPotion","Noxious Fumes","Lizard Tail","Poison Potion","Crippling Poison","Discovery"],"campfire_rested":4,"item_purchase_floors":[3,21,21,29,39,39,39,39,39],"current_hp_per_floor":[63,63,63,63,63,63,63,63,63,42,42,34,29,9,30,15,56,54,54,54,54,54,54,52,36,36,30,30,30,26,12,35,52,78,47,47,47,37,37,3,29,54,61,49,49,55,55,10,43,0,0],"gold":158,"neow_bonus":"THREE_ENEMY_KILL","is_daily":false,"chose_seed":false,"campfire_upgraded":4,"win_rate":0.0,"timestamp":1612849109,"path_taken":["M","?","$","M","?","E","R","M","T","E","M","E","M","E","R","BOSS","M","?","?","$","?","R","M","E","T","M","R","$","M","M","R","BOSS","M","?","?","M","$","E","R","E","T","M","R","E","?","M","R","BOSS"],"items_purchased_type":["Card","Relic","Card","Potion","Card","Relic","Potion","Card","Card"],"build_version":"2020-12-22","purchased_purges":1,"victory":false,"max_hp_per_floor":[70,70,70,70,70,70,70,70,70,70,70,70,70,70,70,70,70,70,70,70,70,70,70,70,72,72,74,74,74,76,78,78,78,84,86,86,86,86,86,88,88,90,97,97,97,109,109,111,111,111,111],"card_choices":[{"not_picked":["Underhanded Strike","Outmaneuver"],"picked":"Endless Agony","floor":1.0},{"not_picked":["Prepared","Calculated Gamble","Backflip"],"picked":"SKIP","floor":4.0},{"not_picked":["Backflip","Outmaneuver"],"picked":"Deadly Poison","floor":6.0},{"not_picked":["Deflect","Infinite Blades"],"picked":"Sucker Punch","floor":8.0},{"not_picked":["Predator","Blade Dance"],"picked":"Bane","floor":10.0},{"not_picked":["Flechettes","Flying Knee"],"picked":"Dash","floor":11.0},{"not_picked":["Choke+1","Outmaneuver"],"picked":"Quick Slash+1","floor":12.0},{"not_picked":["Night Terror","Underhanded Strike+1"],"picked":"Poisoned Stab+1","floor":13.0},{"not_picked":["Predator+1","Deflect"],"picked":"PiercingWail","floor":14.0},{"not_picked":["Tools of the Trade","Doppelganger"],"picked":"After Image","floor":16.0},{"not_picked":["Blur","Outmaneuver+1"],"picked":"Well Laid Plans","floor":18.0},{"not_picked":["Choke+1","PiercingWail"],"picked":"Bouncing Flask","floor":22.0},{"not_picked":["Heel Hook+1","Slice+1"],"picked":"Catalyst","floor":24.0},{"not_picked":["Setup","Slice+1","Blade Dance+1"],"picked":"Singing Bowl","floor":25.0},{"not_picked":["Underhanded Strike+1","Dagger Throw+1","Escape Plan"],"picked":"Singing Bowl","floor":27.0},{"not_picked":["Deflect","Sucker Punch+1","Calculated Gamble"],"picked":"Singing Bowl","floor":30.0},{"not_picked":["Acrobatics","Blade Dance","Quick Slash+1"],"picked":"Singing Bowl","floor":31.0},{"not_picked":["Bullet Time","Storm of Steel"],"picked":"Envenom","floor":33.0},{"not_picked":["Dagger Throw+1","Dodge and Roll","Infinite Blades"],"picked":"Singing Bowl","floor":35.0},{"not_picked":["Flying Knee+1","Blur+1"],"picked":"Caltrops","floor":38.0},{"not_picked":["Distraction+1","Dodge and Roll","Underhanded Strike+1"],"picked":"Singing Bowl","floor":40.0},{"not_picked":["Cloak And Dagger+1","Quick Slash+1","Flying Knee+1"],"picked":"Singing Bowl","floor":42.0},{"not_picked":["Sucker Punch+1","Concentrate+1"],"picked":"Deadly Poison+1","floor":44.0},{"not_picked":["Distraction+1","Choke+1","Slice+1"],"picked":"Singing Bowl","floor":46.0},{"not_picked":["Escape Plan+1","Bane+1","Poisoned Stab+1"],"picked":"Singing Bowl","floor":48.0}],"player_experience":1066415,"relics_obtained":[{"floor":6.0,"key":"Happy Flower"},{"floor":9.0,"key":"Mummified Hand"},{"floor":10.0,"key":"Darkstone Periapt"},{"floor":12.0,"key":"Molten Egg 2"},{"floor":14.0,"key":"Singing Bowl"},{"floor":25.0,"key":"Bottled Flame"},{"floor":26.0,"key":"Vajra"},{"floor":34.0,"key":"Juzu Bracelet"},{"floor":34.0,"key":"Mercury Hourglass"},{"floor":34.0,"key":"Incense Burner"},{"floor":40.0,"key":"StrikeDummy"},{"floor":42.0,"key":"Toxic Egg 2"},{"floor":43.0,"key":"Strawberry"},{"floor":46.0,"key":"Pear"},{"floor":47.0,"key":"Tingsha"}],"event_choices":[{"damage_healed":0.0,"max_hp_gain":0.0,"max_hp_loss":0.0,"gold_gain":0.0,"event_name":"Golden Idol","player_choice":"Take Wound","floor":2.0,"gold_loss":0.0,"damage_taken":0.0,"relics_obtained":["Golden Idol"],"cards_obtained":["Injury"]},{"cards_removed":["Injury"],"damage_healed":0.0,"max_hp_gain":0.0,"max_hp_loss":0.0,"gold_gain":0.0,"event_name":"Living Wall","player_choice":"Forget","floor":5.0,"gold_loss":0.0,"damage_taken":0.0},{"cards_removed":["Strike_G"],"damage_healed":0.0,"max_hp_gain":0.0,"max_hp_loss":0.0,"gold_gain":0.0,"event_name":"Beggar","player_choice":"Gave Gold","floor":19.0,"gold_loss":75.0,"damage_taken":0.0},{"damage_healed":0.0,"max_hp_gain":0.0,"max_hp_loss":0.0,"gold_gain":0.0,"cards_transformed":["Strike_G"],"event_name":"Transmorgrifier","player_choice":"Transformed","floor":20.0,"gold_loss":0.0,"damage_taken":0.0,"cards_obtained":["Skewer"]},{"cards_removed":["Strike_G"],"damage_healed":0.0,"max_hp_gain":0.0,"max_hp_loss":0.0,"gold_gain":0.0,"event_name":"Falling","player_choice":"Removed Attack","floor":36.0,"gold_loss":0.0,"damage_taken":0.0},{"damage_healed":0.0,"max_hp_gain":0.0,"max_hp_loss":0.0,"gold_gain":333.0,"event_name":"The Moai Head","player_choice":"Gave Idol","floor":37.0,"relics_lost":["Golden Idol"],"gold_loss":0.0,"damage_taken":0.0}],"is_beta":false,"boss_relics":[{"not_picked":["Pandora\u0027s Box","HoveringKite"],"picked":"SacredBark"},{"not_picked":["Empty Cage","Runic Dome"],"picked":"Calling Bell"}],"items_purged_floors":[21],"is_endless":false,"potions_floor_spawned":[1,10,12,14,22,24,25,31,33,38,42,44],"killed_by":"Awakened One","ascension_level":12}}