{"host":"kvq1t47bkvtg8ho9","time":1612843168,"event":{"mods":["Aspiration","Bard","BaseMod","Beaked The Cultist","Better Sensory Stone","Better Third Choice","BetterRewards","Bossed Relics","Clockwork Mod","Colored Map","Conspire","Downfall","Energized Spire","Friendly Minions","Hermit","HexUI Lib","Highlight Path","Hubris","Infinite Spire","JesterMod","Minty Spire (QoL Compilation)","READ ME - Guardian Mod","Relic Stats","Reliquary","Shade Mod","Somnambulant","Spire Arcade","StSLib","The Bladedancer","The Bug Knight","The Cursed","The Death Knight","The Disciple","The Forsaken","The Jungle","The Marked","The Necromancer","The Runesmith"],"gold_per_floor":[113,113,130,144,158,191,211,211,211],"floor_reached":8,"language":"ENG","playtime":830,"items_purged":[],"score":66,"play_id":"a7351ba5-0683-4da5-a432-a647caf4f05b","local_time":"20210208225928","is_ascension_mode":true,"campfire_choices":[],"circlet_count":0,"master_deck":["Runesmith:Strike_RS","Runesmith:Strike_RS","Runesmith:Strike_RS","Runesmith:Strike_RS","Runesmith:Defend_RS","Runesmith:Defend_RS","Runesmith:Defend_RS","Runesmith:Defend_RS","Runesmith:CraftFirestone","Runesmith:Fortify","Runesmith:Firestorm","Runesmith:ChaoticBlast","Runesmith:HammerThrow","Jack Of All Trades","Runesmith:GoWithTheFlow","Runesmith:Accelerate","Runesmith:RunicBlueprint","Runesmith:WhiteBalance","Runesmith:CraftIncendium","Runesmith:DoubleUp","Runesmith:BackupBattery"],"relics":["Runesmith:BrokenRuby","reliquary:Bookmark","Omamori","Unceasing Top"],"acts_visited":["Exordium"],"potions_floor_usage":[5,6,8],"damage_taken":[{"damage":0,"enemies":"Small Slimes","floor":1,"turns":3},{"damage":6,"enemies":"Cultist","floor":3,"turns":3},{"damage":12,"enemies":"infinitespire:Voidling","floor":4,"turns":4},{"damage":21,"enemies":"Gremlin Gang","floor":5,"turns":4},{"damage":15,"enemies":"Lagavulin","floor":6,"turns":6},{"damage":10,"enemies":"Large Slime","floor":7,"turns":6},{"damage":10,"enemies":"3 Sentries","floor":8,"turns":6}],"seed_played":"5711616963764235586","potions_obtained":[{"floor":3,"key":"DuplicationPotion"},{"floor":4,"key":"Ancient Potion"},{"floor":7,"key":"Block Potion"}],"is_trial":false,"path_per_floor":["M","?","M","M","M","E","M","E"],"character_chosen":"RUNESMITH_CLASS","items_purchased":["reliquary:Bookmark","Runesmith:Firestorm","Runesmith:ChaoticBlast","Runesmith:HammerThrow","Omamori"],"campfire_rested":0,"item_purchase_floors":[0,0,0,0,0],"current_hp_per_floor":[70,70,64,56,35,20,10,0,0],"gold":211,"neow_bonus":"","is_daily":false,"chose_seed":false,"campfire_upgraded":0,"win_rate":0.0,"timestamp":1612843168,"path_taken":["M","?","M","?","?","E","M","E"],"items_purchased_type":["Relic","Card","Card","Card","Relic"],"build_version":"2020-12-22","purchased_purges":0,"victory":false,"max_hp_per_floor":[70,70,70,70,70,70,70,70,70],"relic_stats":{"counters":[170,696],"obtain_stats":[{"hubris:MysteriousPyramids":118,"aspiration:RitualStick":126,"Blood Vial":42,"infinitespire:ShieldingShard":27,"theJungle:BirthdayCakeSlice":29,"hubris:DeckOfHolding":53,"Fusion Hammer":34,"Kunai":7,"HollowMod:PaleOreRelic":112,"aspiration:DSix":0,"Runesmith:BrokenRuby":0,"Pear":10,"hubris:SphereOfDissonance":89,"Shade:YorickPolishedSkull":51,"Pen Nib":44,"Guardian:PocketSentry":156,"reliquary:WeakTea":6,"energizedSpire:StickyHand":34,"reliquary:Bookmark":0,"SlaversCollar":17,"infinitespire:Lychee Nut":9,"MutagenicStrength":19,"reliquary:BrokenClock":44,"infinitespire:PuzzleCube":104,"Unceasing Top":6,"hubris:Reverence":14,"Regal Pillow":94,"Torii":74,"Bag of Preparation":91,"Ancient Tea Set":44,"hubris:BlackHole":102,"aspiration:AnachronicSnailShell":23,"hubris:ScarierMask":17,"Toolbox":0,"reliquary:NewFriend":44,"hubris:CuriousFeather":6,"aspiration:FutureDiary":68,"aspiration:VileToxins":146,"Lee\u0027s Waffle":21,"hubris:64BitClover":48,"Golden Idol":61,"Guardian:GemstoneGun":6,"conspire:RunicOctahedron":85,"Thread and Needle":11,"The Courier":99,"Omamori":80,"infinitespire:Lucky Rock":59,"infinitespire:CheckeredPen":86,"Frozen Egg 2":36,"hubris:Towel":73,"MawBank":148,"Art of War":46,"Runesmith:AutoHammer":14,"Bottled Lightning":43,"conspire:DeflatedDodgeball":12,"Toy Ornithopter":23,"hubris:BottledRain":60,"infinitespire:Midas Blood":26,"reliquary:OuijaBoard":27,"Gremlin Horn":44,"reliquary:PartyBalloon":0,"hubris:VirtuousBlindfold":17,"Vajra":115,"HollowMod:StagPassRelic":57,"Lizard Tail":128,"aspiration:MobileForge":119,"aspiration:ArtOfWarUpgrade":83,"Toxic Egg 2":4,"conspire:Dentures":0,"hubris:Teleporter":123,"reliquary:Sideboard":8,"Astrolabe":136,"Oddly Smooth Stone":76,"energizedSpire:OgreHead":53,"Letter Opener":129,"aspiration:HiddenCompartment":12,"conspire:GiftBox":43,"aspiration:EmptySkull":0,"Shuriken":64,"Molten Egg 2":131,"reliquary:BallBearing":0,"infinitespire:EmpoweringShard":43,"Darkstone Periapt":9,"bronze:BronzeCore":0,"Shade:YorickSkull":0,"SacredBark":34,"theForsaken:Lifeblossom":25,"Mango":77,"conspire:SpecialSausage":153,"Incense Burner":99,"Juzu Bracelet":142,"theForsaken:Gavel":26,"conspire:TopHat":31,"aspiration:StickyExplosives_weak":95,"Frozen Eye":70,"Nunchaku":29,"Dream Catcher":26,"reliquary:HotPoker":43,"hubris:Icosahedron":24,"theForsaken:Kindling":139,"Pantograph":106,"Tiny Chest":26,"Red Mask":37,"energizedSpire:RedRose":17,"infinitespire:FocusingShard":0,"hubris:MedicalManual":0,"Orichalcum":69,"Mercury Hourglass":40,"Calling Bell":99,"infinitespire:WardingShard":23,"infinitespire:Satchel":9,"reliquary:Stiletto":7,"Bag of Marbles":111,"Membership Card":0},{"hubris:MysteriousPyramids":93,"aspiration:RitualStick":96,"Blood Vial":160,"infinitespire:ShieldingShard":48,"theJungle:BirthdayCakeSlice":127,"hubris:DeckOfHolding":61,"Fusion Hammer":152,"Kunai":3,"HollowMod:PaleOreRelic":88,"aspiration:DSix":35,"Runesmith:BrokenRuby":0,"Pear":5,"hubris:SphereOfDissonance":79,"Shade:YorickPolishedSkull":60,"Pen Nib":31,"Guardian:PocketSentry":109,"reliquary:WeakTea":115,"energizedSpire:StickyHand":52,"reliquary:Bookmark":110,"SlaversCollar":121,"infinitespire:Lychee Nut":117,"MutagenicStrength":19,"reliquary:BrokenClock":160,"infinitespire:PuzzleCube":85,"Unceasing Top":168,"hubris:Reverence":42,"Regal Pillow":80,"Torii":72,"Bag of Preparation":79,"Ancient Tea Set":132,"hubris:BlackHole":83,"aspiration:AnachronicSnailShell":147,"hubris:ScarierMask":43,"Toolbox":136,"reliquary:NewFriend":132,"hubris:CuriousFeather":39,"aspiration:FutureDiary":68,"aspiration:VileToxins":105,"Lee\u0027s Waffle":124,"hubris:64BitClover":59,"Golden Idol":66,"Guardian:GemstoneGun":14,"conspire:RunicOctahedron":77,"Thread and Needle":142,"The Courier":82,"Omamori":74,"infinitespire:Lucky Rock":66,"infinitespire:CheckeredPen":78,"Frozen Egg 2":28,"hubris:Towel":71,"MawBank":106,"Art of War":59,"Runesmith:AutoHammer":17,"Bottled Lightning":160,"conspire:DeflatedDodgeball":15,"Toy Ornithopter":47,"hubris:BottledRain":66,"infinitespire:Midas Blood":148,"reliquary:OuijaBoard":149,"Gremlin Horn":58,"reliquary:PartyBalloon":110,"hubris:VirtuousBlindfold":18,"Vajra":91,"HollowMod:StagPassRelic":64,"Lizard Tail":96,"aspiration:MobileForge":93,"aspiration:ArtOfWarUpgrade":76,"Toxic Egg 2":37,"conspire:Dentures":136,"hubris:Teleporter":95,"reliquary:Sideboard":117,"Astrolabe":100,"Oddly Smooth Stone":73,"energizedSpire:OgreHead":61,"Letter Opener":97,"aspiration:HiddenCompartment":118,"conspire:GiftBox":31,"aspiration:EmptySkull":9,"Shuriken":67,"Molten Egg 2":98,"reliquary:BallBearing":110,"infinitespire:EmpoweringShard":57,"Darkstone Periapt":39,"bronze:BronzeCore":0,"Shade:YorickSkull":0,"SacredBark":27,"theForsaken:Lifeblossom":23,"Mango":73,"conspire:SpecialSausage":108,"Incense Burner":82,"Juzu Bracelet":104,"theForsaken:Gavel":47,"conspire:TopHat":151,"aspiration:StickyExplosives_weak":80,"Frozen Eye":69,"Nunchaku":24,"Dream Catcher":126,"reliquary:HotPoker":132,"hubris:Icosahedron":47,"theForsaken:Kindling":102,"Pantograph":85,"Tiny Chest":23,"Red Mask":28,"energizedSpire:RedRose":143,"infinitespire:FocusingShard":110,"hubris:MedicalManual":110,"Orichalcum":69,"Mercury Hourglass":56,"Calling Bell":82,"infinitespire:WardingShard":22,"infinitespire:Satchel":14,"reliquary:Stiletto":141,"Bag of Marbles":88,"Membership Card":9},{"hubris:MysteriousPyramids":337,"aspiration:RitualStick":340,"Blood Vial":648,"infinitespire:ShieldingShard":207,"theJungle:BirthdayCakeSlice":475,"hubris:DeckOfHolding":261,"Fusion Hammer":607,"Kunai":10,"HollowMod:PaleOreRelic":331,"aspiration:DSix":159,"Runesmith:BrokenRuby":0,"Pear":18,"hubris:SphereOfDissonance":310,"Shade:YorickPolishedSkull":259,"Pen Nib":138,"Guardian:PocketSentry":371,"reliquary:WeakTea":404,"energizedSpire:StickyHand":224,"reliquary:Bookmark":376,"SlaversCollar":441,"infinitespire:Lychee Nut":416,"MutagenicStrength":92,"reliquary:BrokenClock":648,"infinitespire:PuzzleCube":326,"Unceasing Top":684,"hubris:Reverence":183,"Regal Pillow":311,"Torii":294,"Bag of Preparation":310,"Ancient Tea Set":502,"hubris:BlackHole":323,"aspiration:AnachronicSnailShell":580,"hubris:ScarierMask":190,"Toolbox":517,"reliquary:NewFriend":502,"hubris:CuriousFeather":174,"aspiration:FutureDiary":282,"aspiration:VileToxins":352,"Lee\u0027s Waffle":462,"hubris:64BitClover":249,"Golden Idol":274,"Guardian:GemstoneGun":65,"conspire:RunicOctahedron":308,"Thread and Needle":550,"The Courier":317,"Omamori":300,"infinitespire:Lucky Rock":274,"infinitespire:CheckeredPen":309,"Frozen Egg 2":126,"hubris:Towel":290,"MawBank":355,"Art of War":249,"Runesmith:AutoHammer":79,"Bottled Lightning":648,"conspire:DeflatedDodgeball":69,"Toy Ornithopter":204,"hubris:BottledRain":274,"infinitespire:Midas Blood":583,"reliquary:OuijaBoard":590,"Gremlin Horn":247,"reliquary:PartyBalloon":376,"hubris:VirtuousBlindfold":88,"Vajra":334,"HollowMod:StagPassRelic":267,"Lizard Tail":340,"aspiration:MobileForge":337,"aspiration:ArtOfWarUpgrade":304,"Toxic Egg 2":164,"conspire:Dentures":517,"hubris:Teleporter":339,"reliquary:Sideboard":416,"Astrolabe":345,"Oddly Smooth Stone":297,"energizedSpire:OgreHead":261,"Letter Opener":341,"aspiration:HiddenCompartment":426,"conspire:GiftBox":138,"aspiration:EmptySkull":39,"Shuriken":277,"Molten Egg 2":342,"reliquary:BallBearing":376,"infinitespire:EmpoweringShard":242,"Darkstone Periapt":174,"bronze:BronzeCore":0,"Shade:YorickSkull":0,"SacredBark":122,"theForsaken:Lifeblossom":105,"Mango":297,"conspire:SpecialSausage":370,"Incense Burner":317,"Juzu Bracelet":351,"theForsaken:Gavel":204,"conspire:TopHat":600,"aspiration:StickyExplosives_weak":311,"Frozen Eye":285,"Nunchaku":108,"Dream Catcher":470,"reliquary:HotPoker":502,"hubris:Icosahedron":204,"theForsaken:Kindling":347,"Pantograph":326,"Tiny Chest":105,"Red Mask":126,"energizedSpire:RedRose":557,"infinitespire:FocusingShard":376,"hubris:MedicalManual":376,"Orichalcum":285,"Mercury Hourglass":239,"Calling Bell":317,"infinitespire:WardingShard":102,"infinitespire:Satchel":65,"reliquary:Stiletto":546,"Bag of Marbles":331,"Membership Card":39}],"Unceasing Top":[0]},"card_choices":[{"not_picked":["Runesmith:BackupBattery","Runesmith:RuneHurl"],"picked":"Runesmith:GoWithTheFlow","floor":1},{"not_picked":["Runesmith:RuneHurl","Runesmith:Repurpose"],"picked":"Runesmith:RunicBlueprint","floor":3},{"not_picked":["Runesmith:ShiftingStrike","Runesmith:Repurpose"],"picked":"Runesmith:WhiteBalance","floor":4},{"not_picked":["Runesmith:Accelerate","Runesmith:HeatedChisel"],"picked":"Runesmith:CraftIncendium","floor":5},{"not_picked":["Runesmith:FieryHammer","aspiration:UnbridledHammer"],"picked":"Runesmith:DoubleUp","floor":6},{"not_picked":["Runesmith:Repurpose","Runesmith:HeatedChisel"],"picked":"Runesmith:BackupBattery","floor":7}],"player_experience":831596,"relics_obtained":[{"floor":6,"key":"Unceasing Top"}],"event_choices":[{"damage_healed":0,"gold_gain":0,"player_choice":"1 cards matched","damage_taken":0,"max_hp_gain":0,"max_hp_loss":0,"event_name":"Match and Keep!","floor":2,"gold_loss":0,"cards_obtained":["Runesmith:Accelerate"]}],"is_beta":false,"boss_relics":[],"items_purged_floors":[],"is_endless":false,"potions_floor_spawned":[3,4,7],"killed_by":"3 Sentries","ascension_level":2}}