{"host":"nn0usk9aafse27ii","time":1612892326,"event":{"mods":["BaseMod","Colored Map","Highlight Path","Minty Spire (QoL Compilation)","Shop Mod","StSLib"],"gold_per_floor":[114,129,129,144,159,159,189,189,189,89,119,119,134,149,149,249,249,264,279,294,309,75,75,105,105,130,152,152,167,182,32,32,132,132,147,147,162,177,192,222,222,222,247,109,124,139,169,199,199,199,199],"floor_reached":50,"language":"ENG","playtime":4677,"items_purged":[],"score":991,"play_id":"b82daf8d-e1a7-457c-9b40-76f6a2875acc","local_time":"20210209093846","daily_mods":["Draft","Hoarder","DeadlyEvents"],"is_ascension_mode":false,"campfire_choices":[{"data":"Distraction","floor":6.0,"key":"SMITH"},{"data":"Distraction","floor":8.0,"key":"SMITH"},{"data":"Distraction","floor":12.0,"key":"SMITH"},{"data":"Adrenaline","floor":15.0,"key":"SMITH"},{"data":"After Image","floor":23.0,"key":"SMITH"},{"data":"After Image","floor":25.0,"key":"SMITH"},{"data":"After Image","floor":28.0,"key":"SMITH"},{"data":"Adrenaline","floor":32.0,"key":"SMITH"},{"data":"Adrenaline","floor":41.0,"key":"SMITH"},{"data":"Adrenaline","floor":49.0,"key":"SMITH"}],"circlet_count":0,"master_deck":["Cloak And Dagger","Cloak And Dagger","Cloak And Dagger","Outmaneuver+1","Outmaneuver","Outmaneuver","Backflip","Backflip","Backflip","Cloak And Dagger","Cloak And Dagger","Cloak And Dagger","Expertise","Expertise","Expertise","Acrobatics","Acrobatics","Acrobatics","Flying Knee","Flying Knee","Flying Knee","Deflect","Deflect","Deflect","Quick Slash","Quick Slash","Quick Slash","Cloak And Dagger","Cloak And Dagger","Cloak And Dagger","Dagger Spray","Dagger Spray","Dagger Spray","Acrobatics","Acrobatics","Acrobatics","Cloak And Dagger","Cloak And Dagger","Cloak And Dagger","Deflect","Deflect","Deflect","Quick Slash","Quick Slash","Quick Slash","Finisher","Finisher","Finisher","Endless Agony","Endless Agony","Endless Agony","Distraction+1","Distraction+1","Distraction+1","Tactician","Tactician","Tactician","Endless Agony","Endless Agony","Endless Agony","Adrenaline","Adrenaline+1","Adrenaline+1","Adrenaline","Adrenaline+1","Adrenaline+1","Escape Plan+1","Escape Plan+1","Escape Plan+1","Slice","Slice","Slice","After Image+1","After Image+1","After Image+1","Swift Strike","Swift Strike","Swift Strike","Escape Plan","Escape Plan","Escape Plan","Adrenaline+1","Adrenaline+1","Adrenaline+1","Prepared+1","Prepared+1","Prepared+1"],"relics":["Ring of the Snake","Blood Vial","Vajra","Mercury Hourglass","Sozu","Medical Kit","MealTicket","Akabeko","Red Mask","TwistedFunnel","Runic Pyramid","Happy Flower","MawBank","Centennial Puzzle","Prayer Wheel","Question Card"],"acts_visited":["Exordium","TheCity","TheBeyond"],"potions_floor_usage":[],"damage_taken":[{"damage":0.0,"enemies":"Small Slimes","floor":1.0,"turns":3.0},{"damage":0.0,"enemies":"Cultist","floor":2.0,"turns":3.0},{"damage":0.0,"enemies":"2 Louse","floor":4.0,"turns":1.0},{"damage":5.0,"enemies":"Exordium Thugs","floor":5.0,"turns":5.0},{"damage":10.0,"enemies":"Gremlin Nob","floor":7.0,"turns":3.0},{"damage":0.0,"enemies":"Lagavulin","floor":11.0,"turns":3.0},{"damage":0.0,"enemies":"Looter","floor":13.0,"turns":1.0},{"damage":0.0,"enemies":"Gremlin Gang","floor":14.0,"turns":3.0},{"damage":19.0,"enemies":"The Guardian","floor":16.0,"turns":4.0},{"damage":0.0,"enemies":"Spheric Guardian","floor":18.0,"turns":1.0},{"damage":0.0,"enemies":"Shell Parasite","floor":19.0,"turns":1.0},{"damage":0.0,"enemies":"Centurion and Healer","floor":20.0,"turns":2.0},{"damage":0.0,"enemies":"Snecko","floor":21.0,"turns":1.0},{"damage":0.0,"enemies":"Gremlin Leader","floor":24.0,"turns":2.0},{"damage":0.0,"enemies":"Masked Bandits","floor":27.0,"turns":2.0},{"damage":0.0,"enemies":"3 Cultists","floor":29.0,"turns":4.0},{"damage":0.0,"enemies":"Cultist and Chosen","floor":30.0,"turns":2.0},{"damage":0.0,"enemies":"Collector","floor":33.0,"turns":4.0},{"damage":0.0,"enemies":"3 Shapes","floor":35.0,"turns":3.0},{"damage":0.0,"enemies":"3 Darklings","floor":37.0,"turns":3.0},{"damage":3.0,"enemies":"Spire Growth","floor":38.0,"turns":4.0},{"damage":0.0,"enemies":"Writhing Mass","floor":39.0,"turns":4.0},{"damage":0.0,"enemies":"Giant Head","floor":40.0,"turns":5.0},{"damage":0.0,"enemies":"Sphere and 2 Shapes","floor":45.0,"turns":3.0},{"damage":0.0,"enemies":"4 Shapes","floor":46.0,"turns":2.0},{"damage":0.0,"enemies":"Reptomancer","floor":47.0,"turns":4.0},{"damage":0.0,"enemies":"Nemesis","floor":48.0,"turns":3.0},{"damage":118,"enemies":"Time Eater","floor":50,"turns":12}],"seed_played":"-878916022338446095","potions_obtained":[{"floor":1.0,"key":"BlessingOfTheForge"},{"floor":4.0,"key":"Explosive Potion"},{"floor":5.0,"key":"ColorlessPotion"},{"floor":14.0,"key":"Strength Potion"}],"is_trial":false,"path_per_floor":["M","M","?","M","M","R","E","R","T","$","E","R","M","M","R","B",null,"M","M","M","M","$","R","E","R","T","?","R","M","M","$","R","B",null,"M","?","M","M","M","E","R","$","T","$","M","M","E","E","R","B"],"character_chosen":"THE_SILENT","items_purchased":["Fruit Juice","Medical Kit","Swift Strike","TwistedFunnel","Centennial Puzzle"],"campfire_rested":0,"item_purchase_floors":[10,22,22,31,44],"current_hp_per_floor":[70,70,70,70,65,65,55,55,55,60,62,62,64,66,66,49,75,75,75,75,75,75,75,75,75,75,75,75,75,75,75,75,75,75,75,75,75,72,74,75,75,75,75,75,75,75,75,75,75,0,0],"gold":199,"neow_bonus":"","is_daily":true,"chose_seed":false,"campfire_upgraded":10,"win_rate":0.0,"timestamp":1612892326,"path_taken":["M","M","?","M","?","R","E","R","T","$","?","R","M","M","R","BOSS","M","M","M","?","$","R","E","R","T","?","R","M","M","$","R","BOSS","M","?","M","?","M","E","R","?","T","$","M","M","E","?","R","BOSS"],"items_purchased_type":["Potion","Relic","Card","Relic","Relic"],"build_version":"2020-12-22","purchased_purges":0,"victory":false,"max_hp_per_floor":[70,70,70,70,70,70,70,70,70,75,75,75,75,75,75,75,75,75,75,75,75,75,75,75,75,75,75,75,75,75,75,75,75,75,75,75,75,75,75,75,75,75,75,75,75,75,75,75,75,75,75],"card_choices":[{"not_picked":["Crippling Poison","Dodge and Roll"],"picked":"Cloak And Dagger","floor":0.0},{"not_picked":["Predator","Leg Sweep"],"picked":"Outmaneuver","floor":0.0},{"not_picked":["Flechettes","Quick Slash"],"picked":"Backflip","floor":0.0},{"not_picked":["Sucker Punch","Skewer"],"picked":"Cloak And Dagger","floor":0.0},{"not_picked":["Backflip","Outmaneuver"],"picked":"Expertise","floor":0.0},{"not_picked":["Bane","Deadly Poison"],"picked":"Acrobatics","floor":0.0},{"not_picked":["Skewer","Backflip"],"picked":"Flying Knee","floor":0.0},{"not_picked":["Prepared","PiercingWail"],"picked":"Deflect","floor":0.0},{"not_picked":["Sucker Punch","PiercingWail"],"picked":"Quick Slash","floor":0.0},{"not_picked":["Dodge and Roll","Deadly Poison"],"picked":"Cloak And Dagger","floor":0.0},{"not_picked":["Dash","Setup"],"picked":"Dagger Spray","floor":0.0},{"not_picked":["Prepared","Dodge and Roll"],"picked":"Acrobatics","floor":0.0},{"not_picked":["Crippling Poison","Deadly Poison"],"picked":"Cloak And Dagger","floor":0.0},{"not_picked":["Prepared","Outmaneuver"],"picked":"Deflect","floor":0.0},{"not_picked":["Poisoned Stab","Outmaneuver"],"picked":"Quick Slash","floor":0.0},{"not_picked":["Bane","Backflip"],"picked":"Finisher","floor":1.0},{"not_picked":["PiercingWail","Prepared"],"picked":"Endless Agony","floor":2.0},{"not_picked":["Dagger Spray","Deflect","Flying Knee"],"picked":"SKIP","floor":4.0},{"not_picked":["Bouncing Flask","Prepared"],"picked":"Distraction","floor":5.0},{"not_picked":["Dodge and Roll","Noxious Fumes"],"picked":"Tactician","floor":7.0},{"not_picked":["Quick Slash","Sucker Punch"],"picked":"Endless Agony","floor":11.0},{"not_picked":["Dagger Throw","Deflect","Riddle With Holes"],"picked":"SKIP","floor":13.0},{"not_picked":["Slice","Bane"],"picked":"Adrenaline","floor":14.0},{"not_picked":["Venomology","Envenom"],"picked":"Adrenaline","floor":16.0},{"not_picked":["Eviscerate","Dodge and Roll+1","Outmaneuver"],"picked":"SKIP","floor":18.0},{"not_picked":["Sucker Punch","Dash"],"picked":"Escape Plan+1","floor":19.0},{"not_picked":["Dagger Throw+1","Poisoned Stab"],"picked":"Slice","floor":20.0},{"not_picked":["Acrobatics","Outmaneuver"],"picked":"After Image","floor":21.0},{"not_picked":["Underhanded Strike","Noxious Fumes+1"],"picked":"Escape Plan","floor":24.0},{"not_picked":["Eviscerate","Poisoned Stab+1","Cloak And Dagger"],"picked":"SKIP","floor":29.0},{"not_picked":["Quick Slash","Skewer","Flying Knee"],"picked":"SKIP","floor":30.0},{"not_picked":["Dodge and Roll+1","Well Laid Plans","Sucker Punch"],"picked":"SKIP","floor":35.0},{"not_picked":["Poisoned Stab","Prepared","All Out Attack+1"],"picked":"SKIP","floor":37.0},{"not_picked":["Poisoned Stab+1","Flying Knee+1"],"picked":"Prepared+1","floor":38.0},{"not_picked":["Backflip","Terror","Distraction"],"picked":"SKIP","floor":39.0},{"not_picked":["Terror+1","Dodge and Roll+1","Dagger Throw"],"picked":"SKIP","floor":40.0},{"not_picked":["Blade Dance+1","Underhanded Strike+1","Dash"],"picked":"SKIP","floor":45.0},{"not_picked":["Deadly Poison","PiercingWail","Blur+1"],"picked":"SKIP","floor":46.0},{"not_picked":["Deflect+1","Doppelganger","Prepared"],"picked":"SKIP","floor":47.0},{"not_picked":["Reflex","Deadly Poison","Deflect+1"],"picked":"SKIP","floor":48.0}],"player_experience":484178,"relics_obtained":[{"floor":7.0,"key":"Blood Vial"},{"floor":9.0,"key":"Vajra"},{"floor":11.0,"key":"Mercury Hourglass"},{"floor":24.0,"key":"MealTicket"},{"floor":26.0,"key":"Akabeko"},{"floor":27.0,"key":"Red Mask"},{"floor":40.0,"key":"Happy Flower"},{"floor":43.0,"key":"MawBank"},{"floor":47.0,"key":"Prayer Wheel"},{"floor":48.0,"key":"Question Card"}],"event_choices":[{"damage_healed":0.0,"max_hp_gain":0.0,"max_hp_loss":0.0,"gold_gain":0.0,"event_name":"Accursed Blacksmith","player_choice":"Forge","floor":3.0,"gold_loss":0.0,"damage_taken":0.0,"cards_upgraded":["Outmaneuver"]},{"damage_healed":0.0,"max_hp_gain":0.0,"max_hp_loss":0.0,"gold_gain":0.0,"event_name":"Masked Bandits","player_choice":"Fought Bandits","floor":27.0,"gold_loss":0.0,"damage_taken":0.0},{"damage_healed":0.0,"max_hp_gain":0.0,"max_hp_loss":0.0,"gold_gain":0.0,"event_name":"Duplicator","player_choice":"Copied","floor":36.0,"gold_loss":0.0,"damage_taken":0.0,"cards_obtained":["Adrenaline"]}],"is_beta":false,"boss_relics":[{"not_picked":["Fusion Hammer","Ring of the Serpent"],"picked":"Sozu"},{"not_picked":["Snecko Eye","Velvet Choker"],"picked":"Runic Pyramid"}],"items_purged_floors":[],"is_endless":false,"potions_floor_spawned":[1,4,5,14,19,21,30,33,35,38,39,47],"killed_by":"Time Eater","ascension_level":0}}