{"host":"aapp7ew3jk5k1bvd","time":1612868649,"event":{"mods":["AchievementEnabler","BaseMod","Colored Map","Custom Start","Keyboard Shortcuts","Minty Spire (QoL Compilation)","Permanent Neow","Quick Restart","StSLib","SuperFastMode"],"gold_per_floor":[113,130,150,75,175,175,206,80,104,116,116,88,120,139,139,237,237,222,57,69,79,79,79,91,103,103,114,114,114,128,155,155,155,155],"floor_reached":33,"language":"KOR","playtime":1337,"items_purged":["Strike_B","Strike_B","Beam Cell+1"],"score":286,"play_id":"ae841c12-b5da-4a3c-8a1b-d5f23393ac78","local_time":"20210209200409","is_ascension_mode":false,"campfire_choices":[{"data":"Defragment","floor":6.0,"key":"SMITH"},{"floor":11.0,"key":"REST"},{"floor":15.0,"key":"REST"},{"floor":23.0,"key":"REST"},{"data":"Defragment","floor":32,"key":"SMITH"}],"circlet_count":0,"master_deck":["Defend_B","Defend_B","Defend_B","Zap","Dualcast","Defragment+1","Defragment","Coolheaded","Biased Cognition","Sweeping Beam+1","Machine Learning+1","Defragment+1","Glacier","Defragment","Defragment"],"relics":["Inserter","Dream Catcher","Blood Vial","StoneCalendar","Astrolabe","Bag of Preparation","Regal Pillow"],"acts_visited":["Exordium","TheCity"],"potions_floor_usage":[30],"damage_taken":[{"damage":6.0,"enemies":"2 Louse","floor":1.0,"turns":3.0},{"damage":4.0,"enemies":"Cultist","floor":2.0,"turns":5.0},{"damage":8.0,"enemies":"Small Slimes","floor":3.0,"turns":4.0},{"damage":27.0,"enemies":"Lagavulin","floor":7.0,"turns":8.0},{"damage":6.0,"enemies":"Exordium Wildlife","floor":10.0,"turns":7.0},{"damage":10.0,"enemies":"Exordium Thugs","floor":12.0,"turns":6.0},{"damage":6.0,"enemies":"3 Sentries","floor":13.0,"turns":13.0},{"damage":17.0,"enemies":"Lots of Slimes","floor":14.0,"turns":7.0},{"damage":8.0,"enemies":"Hexaghost","floor":16.0,"turns":12.0},{"damage":41.0,"enemies":"2 Thieves","floor":18.0,"turns":4.0},{"damage":12.0,"enemies":"Spheric Guardian","floor":20.0,"turns":7.0},{"damage":4.0,"enemies":"Shelled Parasite and Fungi","floor":21.0,"turns":8.0},{"damage":4.0,"enemies":"Snake Plant","floor":24.0,"turns":7.0},{"damage":11.0,"enemies":"3 Cultists","floor":25.0,"turns":7.0},{"damage":0.0,"enemies":"Snecko","floor":27.0,"turns":7.0},{"damage":15,"enemies":"Centurion and Healer","floor":30,"turns":9},{"damage":29,"enemies":"Collector","floor":33,"turns":5}],"seed_played":"6056164572810457426","potions_obtained":[{"floor":1.0,"key":"LiquidBronze"},{"floor":3.0,"key":"SteroidPotion"},{"floor":13.0,"key":"FearPotion"},{"floor":14.0,"key":"Dexterity Potion"},{"floor":27.0,"key":"PowerPotion"},{"floor":30,"key":"PotionOfCapacity"}],"is_trial":false,"path_per_floor":["M","M","M","$","?","R","E","$","T","M","R","M","E","M","R","B",null,"M","$","M","M","?","R","M","M","T","M","?","$","M","T","R","B"],"character_chosen":"DEFECT","items_purchased":["Coolheaded","Defragment"],"campfire_rested":3,"item_purchase_floors":[8,19],"current_hp_per_floor":[69,65,57,57,57,57,30,30,30,26,48,40,36,21,43,37,75,34,34,24,22,22,44,42,33,33,35,35,35,22,22,22,0,0],"gold":155,"neow_bonus":"BOSS_RELIC","is_daily":false,"chose_seed":false,"campfire_upgraded":2,"win_rate":0.0,"timestamp":1612868649,"path_taken":["M","M","M","$","?","R","E","$","T","?","R","M","E","M","R","BOSS","M","$","M","M","?","R","M","M","T","M","?","$","?","?","R","BOSS"],"items_purchased_type":["Card","Card"],"build_version":"2020-12-22","purchased_purges":3,"victory":false,"max_hp_per_floor":[75,75,75,75,75,75,75,75,75,75,75,75,75,75,75,75,75,75,75,75,75,75,75,75,75,75,75,75,75,75,75,75,75,75],"card_choices":[{"not_picked":["Double Energy","Coolheaded"],"picked":"Defragment","floor":1.0},{"not_picked":["Heatsinks","Sunder","Compile Driver"],"picked":"SKIP","floor":2.0},{"not_picked":["Beam Cell","Recycle","Rebound"],"picked":"SKIP","floor":3.0},{"not_picked":["Reboot","Genetic Algorithm"],"picked":"Defragment","floor":7.0},{"not_picked":["Streamline","Loop","Conserve Battery"],"picked":"SKIP","floor":10.0},{"not_picked":["Steam Power","Barrage","Sweeping Beam"],"picked":"SKIP","floor":12.0},{"not_picked":["Heatsinks","Barrage","Redo"],"picked":"SKIP","floor":13.0},{"not_picked":["Glacier","Sunder"],"picked":"Biased Cognition","floor":14.0},{"not_picked":["Hologram","Melter","Steam+1"],"picked":"SKIP","floor":18.0},{"not_picked":["FTL+1","Leap"],"picked":"Glacier","floor":20.0},{"not_picked":["Loop+1","Stack","Storm"],"picked":"SKIP","floor":21.0},{"not_picked":["Cold Snap","Force Field","Sweeping Beam"],"picked":"SKIP","floor":24.0},{"not_picked":["Coolheaded","Static Discharge","Gash"],"picked":"SKIP","floor":25.0},{"not_picked":["Compile Driver","Conserve Battery+1","Reprogram"],"picked":"SKIP","floor":27.0},{"not_picked":["Turbo","Beam Cell"],"picked":"Defragment","floor":30}],"player_experience":1350860,"relics_obtained":[{"floor":7.0,"key":"Dream Catcher"},{"floor":9.0,"key":"Blood Vial"},{"floor":13.0,"key":"StoneCalendar"},{"floor":26.0,"key":"Bag of Preparation"},{"floor":31,"key":"Regal Pillow"}],"event_choices":[{"damage_healed":0.0,"max_hp_gain":0.0,"max_hp_loss":0.0,"gold_gain":100.0,"event_name":"Wheel of Change","player_choice":"Gold","floor":5.0,"gold_loss":0.0,"damage_taken":0.0},{"damage_healed":0.0,"max_hp_gain":0.0,"max_hp_loss":0.0,"gold_gain":0.0,"event_name":"The Library","player_choice":"Read","floor":22.0,"gold_loss":0.0,"damage_taken":0.0,"cards_obtained":["Defragment"]},{"damage_healed":0,"gold_gain":0,"player_choice":"Ignored","damage_taken":0,"max_hp_gain":0,"max_hp_loss":0,"event_name":"The Mausoleum","floor":28,"gold_loss":0}],"is_beta":false,"boss_relics":[{"not_picked":["Calling Bell","Tiny House"],"picked":"Astrolabe"}],"items_purged_floors":[4,8,19],"is_endless":false,"potions_floor_spawned":[1,3,13,14,18,25,27,30],"killed_by":"Collector","ascension_level":0}}