{"host":"5d650f9wg0zoukwt","time":1612855272,"event":{"mods":["BaseMod","Colored Powertips","Downfall","Minty Spire (QoL Compilation)","Reimu£®≤©¿ˆ¡È√Œ£©","Remilia£®¿Ÿ√◊¿Ú—«£©","Ryuuou¡˙Õı","Shop Mod","Spicy Shops","StSLib","The Servant 0.9.4","UnlockEverythingMod","Youmu£®ªÍ∆«—˝√Œ£©","°æ“≈ŒÔø®≈∆°øREMEMod"],"gold_per_floor":[110,285,285,56,81,112,187,187,187,204,204,222,239,259,259,363,363,373,373,373,288,303,332,344,366,402,426,449,487,103,103,103,83,83],"floor_reached":33,"language":"ZHS","playtime":2814,"items_purged":["Doubt"],"score":385,"play_id":"258dc765-7ac8-4cd1-a4d8-5bbaeb8cefc8","local_time":"20210209152112","is_ascension_mode":false,"campfire_choices":[{"data":"RedMoon","floor":8.0,"key":"SMITH"},{"data":"FitfulNightmare","floor":15.0,"key":"SMITH"},{"data":"BloodAndWine","floor":24.0,"key":"SMITH"},{"data":"GlobalNightmare","floor":32,"key":"SMITH"}],"circlet_count":0,"master_deck":["Strike_RM","Strike_RM","Strike_RM","Defend_RM","Defend_RM","Defend_RM","Defend_RM","RedMoon+1","ScarletShoot","HellCatastrophe","ReincarnationDial","CharismaGuard","ForecastOfChange","FitfulNightmare+1","HeartBreak+1","MillenniumVampire","ScarletCoffin","Ghostly","Ghostly","Ghostly","Ghostly","Ghostly","ScarletGensokyo+1","BloodAndWine+1","ScarletSymphony","GlobalNightmare+1","KillingBlow","CharismaGuard","VampirishNight","HellCatastrophe","BloodyTrap"],"relics":["ScarletHat","REME_ComplimentaryCards","NeowsBlessing","REME_CardOfGreed","Anchor","MealTicket","Letter Opener","bronze:MakeshiftBattery","AntiCross","MawBank","Boot","Ancient Tea Set","Peace Pipe","Kunai","Orrery","Darkstone Periapt"],"acts_visited":["Exordium","TheCity"],"potions_floor_usage":[],"damage_taken":[{"damage":0.0,"enemies":"Cultist","floor":1.0,"turns":1.0},{"damage":0.0,"enemies":"3 Sentries","floor":6.0,"turns":2.0},{"damage":0.0,"enemies":"Small Slimes","floor":10.0,"turns":1.0},{"damage":0.0,"enemies":"Jaw Worm","floor":12.0,"turns":6.0},{"damage":0.0,"enemies":"Blue Slaver","floor":13.0,"turns":5.0},{"damage":1.0,"enemies":"Large Slime","floor":14.0,"turns":7.0},{"damage":24.0,"enemies":"The Guardian","floor":16.0,"turns":13.0},{"damage":14.0,"enemies":"2 Thieves","floor":18.0,"turns":4.0},{"damage":3.0,"enemies":"Spheric Guardian","floor":22.0,"turns":6.0},{"damage":1.0,"enemies":"REME_1_Revenger","floor":23.0,"turns":6.0},{"damage":8.0,"enemies":"Centurion and Healer","floor":25.0,"turns":7.0},{"damage":12.0,"enemies":"Snecko","floor":27.0,"turns":6.0},{"damage":1.0,"enemies":"Shelled Parasite and Fungi","floor":28.0,"turns":5.0},{"damage":3.0,"enemies":"Gremlin Leader","floor":29.0,"turns":7.0},{"damage":48,"enemies":"Collector","floor":33,"turns":5}],"seed_played":"4405560469973147694","potions_obtained":[{"floor":6.0,"key":"SkillPotion"},{"floor":10.0,"key":"DestinyDice"},{"floor":12.0,"key":"SkillPotion"},{"floor":18.0,"key":"DuplicationPotion"},{"floor":18.0,"key":"ZuzhouPotion:ReiMu"},{"floor":25.0,"key":"GrandPatriotsElixir:ReiMu"},{"floor":27.0,"key":"AttackPotion"}],"is_trial":false,"path_per_floor":["M","?","?","$","T","E","?","R","T","M","T","M","M","M","R","B",null,"M","?","?","?","M","E","R","M","T","M","M","E","$","T","R","B"],"character_chosen":"REMILIA","items_purchased":["REME_CardOfGreed","Kunai","Orrery"],"campfire_rested":0,"item_purchase_floors":[4,30,30],"current_hp_per_floor":[75,75,80,80,80,80,69,69,69,69,69,69,75,77,77,68,80,66,40,40,40,38,40,40,36,36,37,40,40,40,40,40,0,0],"gold":83,"neow_bonus":"THREE_ENEMY_KILL","is_daily":false,"chose_seed":false,"campfire_upgraded":4,"win_rate":0.0,"timestamp":1612855272,"path_taken":["M","?","?","?","?","E","?","R","T","M","?","M","M","M","R","BOSS","M","?","?","?","M","E","R","M","T","M","M","E","$","?","R","BOSS"],"items_purchased_type":["Relic","Relic","Relic"],"build_version":"2020-12-22","purchased_purges":1,"victory":false,"max_hp_per_floor":[75,75,80,80,80,80,80,80,80,80,80,80,80,80,80,80,80,80,40,40,40,40,40,40,40,40,40,40,40,40,40,40,40,40],"card_choices":[{"not_picked":["VampireKiss","BombardNight"],"picked":"ReincarnationDial","floor":1.0},{"not_picked":["FavorOfDestiny","StarOfDavid"],"picked":"CharismaGuard","floor":6.0},{"not_picked":["BombardNight","BloodyTrap"],"picked":"ForecastOfChange","floor":10.0},{"not_picked":["UnstableMagic","DiffusionOfMisfortune"],"picked":"FitfulNightmare","floor":12.0},{"not_picked":["SuperhumanBloodyKnife","UnderTheZenith"],"picked":"HeartBreak","floor":13.0},{"not_picked":["MastersStateliness","VampireKiss"],"picked":"MillenniumVampire","floor":14.0},{"not_picked":["HellCatastrophe","CurseOfVladTepes"],"picked":"ScarletCoffin","floor":16.0},{"not_picked":["UnderTheZenith","ForbiddenFruit","DiffusionOfMisfortune"],"picked":"SKIP","floor":18.0},{"not_picked":["RedRainbow","Stigmanizer"],"picked":"ScarletGensokyo+1","floor":22.0},{"not_picked":["VampireClaw","QueenOfMidnight"],"picked":"BloodAndWine","floor":23.0},{"not_picked":["VampireFantasy","NightDance"],"picked":"ScarletSymphony","floor":25.0},{"not_picked":["ScarletImprint+1","Septette","BombardNight"],"picked":"SKIP","floor":27.0},{"not_picked":["ScarletImprint+1","Septette","BombardNight"],"picked":"SKIP","floor":27.0},{"not_picked":["BloodyMagicSquare","FavorOfDestiny"],"picked":"GlobalNightmare","floor":28.0},{"not_picked":["TwelveNightmare","DiffusionOfMisfortune","BlasphemousPunishment"],"picked":"SKIP","floor":29.0},{"not_picked":["BlasphemousPunishment+1","NightDance+1"],"picked":"KillingBlow","floor":30},{"not_picked":["HeartBreak","StarOfDavid"],"picked":"CharismaGuard","floor":30},{"not_picked":["UnderTheZenith","BombardNight"],"picked":"VampirishNight","floor":30},{"not_picked":["ScarletDevil+1","BlasphemousPunishment"],"picked":"HellCatastrophe","floor":30},{"not_picked":["NightDance+1","ScarletImprint"],"picked":"BloodyTrap","floor":30}],"player_experience":18685,"relics_obtained":[{"floor":6.0,"key":"Anchor"},{"floor":9.0,"key":"MealTicket"},{"floor":11.0,"key":"Letter Opener"},{"floor":23.0,"key":"MawBank"},{"floor":26.0,"key":"Boot"},{"floor":27.0,"key":"Ancient Tea Set"},{"floor":29.0,"key":"Peace Pipe"},{"floor":31,"key":"Darkstone Periapt"}],"event_choices":[{"damage_healed":0.0,"max_hp_gain":0.0,"max_hp_loss":0.0,"gold_gain":175.0,"event_name":"Liars Game","player_choice":"AGREE","floor":2.0,"gold_loss":0.0,"damage_taken":0.0,"cards_obtained":["Doubt"]},{"damage_healed":0.0,"max_hp_gain":5.0,"max_hp_loss":0.0,"gold_gain":0.0,"event_name":"Big Fish","player_choice":"Donut","floor":3.0,"gold_loss":0.0,"damage_taken":0.0},{"damage_healed":0.0,"max_hp_gain":0.0,"max_hp_loss":0.0,"gold_gain":75.0,"event_name":"World of Goop","player_choice":"Gather Gold","floor":7.0,"gold_loss":0.0,"damage_taken":11.0},{"damage_healed":0.0,"max_hp_gain":0.0,"max_hp_loss":40.0,"gold_gain":0.0,"event_name":"Ghosts","player_choice":"Became a Ghost","floor":19.0,"gold_loss":0.0,"damage_taken":0.0,"cards_obtained":["Ghostly","Ghostly","Ghostly","Ghostly","Ghostly"]},{"cards_removed":["Strike_RM"],"damage_healed":0.0,"max_hp_gain":0.0,"max_hp_loss":0.0,"gold_gain":0.0,"event_name":"Back to Basics","player_choice":"Elegance","floor":20.0,"gold_loss":0.0,"damage_taken":0.0},{"damage_healed":0.0,"max_hp_gain":0.0,"max_hp_loss":0.0,"gold_gain":0.0,"event_name":"Addict","player_choice":"Obtained Relic","floor":21.0,"gold_loss":85.0,"damage_taken":0.0,"relics_obtained":["AntiCross"]}],"is_beta":false,"boss_relics":[{"not_picked":["Velvet Choker","Tiny House"],"picked":"bronze:MakeshiftBattery"}],"items_purged_floors":[4],"is_endless":false,"potions_floor_spawned":[6,10,12,22,25,27,28],"killed_by":"Collector","ascension_level":0}}