{"host":"nptej036rrbiurf5","time":1612847440,"event":{"mods":["BaseMod","Colored Map","Colored Powertips","DeckTracker","Minty Spire (QoL Compilation)","StSLib","SuperFastMode"],"gold_per_floor":[109,120,136,136,154,154,229,229,253,27,27,27,51,92,92,222,222,246,345,345,175,21,21,21,21,21,21,21,21,52,71,71,175,175,194,244,244,262,272,300,316,316,369,369,369,212,231,28,28,28],"floor_reached":51,"language":"KOR","playtime":885,"items_purged":["Strike_R","Strike_R"],"score":814,"play_id":"f1c1fe54-ed21-459e-9862-bbb949a03733","local_time":"20210209141040","is_ascension_mode":false,"campfire_choices":[{"data":"Carnage","floor":6,"key":"SMITH"},{"data":"Whirlwind","floor":11,"key":"SMITH"},{"data":"Bash","floor":15,"key":"SMITH"},{"data":"Double Tap","floor":23,"key":"SMITH"},{"data":"Battle Trance","floor":25,"key":"SMITH"},{"data":"Pommel Strike","floor":27,"key":"SMITH"},{"data":"Flame Barrier","floor":29,"key":"SMITH"},{"data":"PanicButton","floor":32,"key":"SMITH"},{"data":"Limit Break","floor":42,"key":"SMITH"},{"data":"Barricade","floor":44,"key":"SMITH"},{"floor":49,"key":"REST"}],"circlet_count":0,"master_deck":["Defend_R","Defend_R","Defend_R","Bash+1","Flame Barrier+1","Cleave","Pommel Strike+1","Carnage+1","Whirlwind+1","Double Tap+1","Inflame+1","Battle Trance+1","PanicButton+1","Bloodletting+1","Limit Break+1","Barricade+1"],"relics":["Burning Blood","Boot","Bloody Idol","Blood Vial","ClockworkSouvenir","Nunchaku","Philosopher\u0027s Stone","Potion Belt","Shuriken","Magic Flower","Busted Crown","TungstenRod","Question Card","Centennial Puzzle","Vajra"],"acts_visited":["Exordium","TheCity","TheBeyond"],"potions_floor_usage":[16,16,30,30,30,33,33,40,41,47,50,50],"damage_taken":[{"damage":12.0,"enemies":"Small Slimes","floor":1.0,"turns":4.0},{"damage":2.0,"enemies":"2 Louse","floor":2.0,"turns":2.0},{"damage":6.0,"enemies":"Cultist","floor":3.0,"turns":3.0},{"damage":12,"enemies":"Blue Slaver","floor":5,"turns":3},{"damage":1,"enemies":"Exordium Wildlife","floor":13,"turns":2},{"damage":13,"enemies":"3 Sentries","floor":14,"turns":4},{"damage":14,"enemies":"The Guardian","floor":16,"turns":13},{"damage":7,"enemies":"Chosen","floor":18,"turns":3},{"damage":24,"enemies":"Gremlin Leader","floor":30,"turns":5},{"damage":3,"enemies":"2 Thieves","floor":31,"turns":1},{"damage":22,"enemies":"Automaton","floor":33,"turns":6},{"damage":21,"enemies":"3 Shapes","floor":35,"turns":1},{"damage":38,"enemies":"Mind Bloom Boss Battle","floor":36,"turns":3},{"damage":13,"enemies":"Orb Walker","floor":38,"turns":2},{"damage":2,"enemies":"3 Darklings","floor":39,"turns":1},{"damage":39,"enemies":"Reptomancer","floor":40,"turns":3},{"damage":22,"enemies":"Sphere and 2 Shapes","floor":41,"turns":3},{"damage":13,"enemies":"4 Shapes","floor":47,"turns":2},{"damage":61,"enemies":"Awakened One","floor":50,"turns":7}],"seed_played":"7779542049219457756","potions_obtained":[{"floor":2.0,"key":"Strength Potion"},{"floor":3.0,"key":"GamblersBrew"},{"floor":5,"key":"EssenceOfSteel"},{"floor":18,"key":"EntropicBrew"},{"floor":30,"key":"SneckoOil"},{"floor":36,"key":"AttackPotion"},{"floor":40,"key":"SneckoOil"},{"floor":41,"key":"Explosive Potion"}],"is_trial":false,"path_per_floor":["M","M","M","?","M","R","?","?","T","$","R","?","M","E","R","B",null,"M","?","?","$","$","R","?","R","T","R","?","R","E","M","R","B",null,"M","?","?","M","M","E","M","R","T","R","?","$","M","$","R","B",null],"character_chosen":"IRONCLAD","items_purchased":["Whirlwind","ClockworkSouvenir","PanicButton","Potion Belt","Vajra","Swift Potion","Swift Potion"],"campfire_rested":1,"item_purchase_floors":[10,10,21,22,46,48,48],"current_hp_per_floor":[74,78,78,60,54,54,43,23,23,23,23,23,30,25,25,19,80,79,79,79,79,79,79,79,79,79,79,79,79,67,80,80,72,80,73,52,52,56,71,49,44,44,49,49,49,49,53,53,75,24],"gold":28,"neow_bonus":"REMOVE_CARD","is_daily":false,"chose_seed":false,"campfire_upgraded":10,"win_rate":0.0,"timestamp":1612847440,"path_taken":["M","M","M","?","M","R","?","?","T","$","R","?","?","E","R","BOSS","M","?","?","?","$","R","?","R","T","R","?","R","E","M","R","BOSS","M","?","?","?","?","E","M","R","T","R","?","$","M","$","R","BOSS"],"items_purchased_type":["Card","Relic","Card","Relic","Relic","Potion","Potion"],"build_version":"2020-12-22","purchased_purges":2,"victory":true,"max_hp_per_floor":[80,80,80,80,80,80,80,80,80,80,80,80,80,80,80,80,80,80,80,80,80,80,80,80,80,80,80,80,80,80,80,80,80,80,80,80,80,80,80,80,80,80,80,80,76,76,76,76,76,76],"card_choices":[{"not_picked":["Shrug It Off","Intimidate"],"picked":"Flame Barrier","floor":1.0},{"not_picked":["Rupture","Body Slam"],"picked":"Cleave","floor":2.0},{"not_picked":["Battle Trance","Heavy Blade"],"picked":"Pommel Strike","floor":3.0},{"not_picked":["Clothesline","Power Through"],"picked":"Carnage","floor":5},{"not_picked":["Feel No Pain","Sever Soul","Wild Strike"],"picked":"SKIP","floor":13},{"not_picked":["Reckless Charge","Thunderclap","Sever Soul"],"picked":"SKIP","floor":14},{"not_picked":["Juggernaut","Reaper"],"picked":"Double Tap","floor":16},{"not_picked":["Sword Boomerang","Perfected Strike"],"picked":"Inflame+1","floor":18},{"not_picked":["Limit Break","Fire Breathing"],"picked":"Bloodletting+1","floor":30},{"not_picked":["Anger","Pommel Strike","Clash"],"picked":"SKIP","floor":31},{"not_picked":["Demon Form","Exhume"],"picked":"Limit Break","floor":33},{"not_picked":["Clothesline+1"],"picked":"SKIP","floor":35},{"not_picked":["Warcry"],"picked":"SKIP","floor":38},{"not_picked":["Flex"],"picked":"SKIP","floor":39},{"not_picked":["Dark Embrace"],"picked":"SKIP","floor":40},{"not_picked":["Armaments+1","Dual Wield+1"],"picked":"SKIP","floor":41},{"not_picked":["Armaments","Thunderclap+1"],"picked":"SKIP","floor":47}],"player_experience":915795,"relics_obtained":[{"floor":9,"key":"Blood Vial"},{"floor":14,"key":"Nunchaku"},{"floor":26,"key":"Shuriken"},{"floor":30,"key":"Magic Flower"},{"floor":36,"key":"TungstenRod"},{"floor":40,"key":"Question Card"},{"floor":43,"key":"Centennial Puzzle"}],"event_choices":[{"damage_healed":0.0,"max_hp_gain":0.0,"max_hp_loss":0.0,"gold_gain":0.0,"event_name":"Scrap Ooze","player_choice":"Success","floor":4.0,"gold_loss":0.0,"damage_taken":18.0,"relics_obtained":["Boot"]},{"damage_healed":0,"gold_gain":75,"player_choice":"Gather Gold","damage_taken":11,"max_hp_gain":0,"max_hp_loss":0,"event_name":"World of Goop","floor":7,"gold_loss":0},{"damage_healed":0,"gold_gain":0,"player_choice":"Take Damage","damage_taken":20,"relics_obtained":["Golden Idol"],"max_hp_gain":0,"max_hp_loss":0,"event_name":"Golden Idol","floor":8,"gold_loss":0},{"cards_removed":["Strike_R"],"damage_healed":0,"gold_gain":0,"player_choice":"Offered Basic","damage_taken":0,"max_hp_gain":0,"max_hp_loss":0,"event_name":"Bonfire Elementals","floor":12,"gold_loss":0},{"damage_healed":0,"gold_gain":99,"player_choice":"Stole From Cult","damage_taken":0,"max_hp_gain":0,"max_hp_loss":0,"event_name":"Nest","floor":19,"gold_loss":0},{"damage_healed":0,"gold_gain":0,"player_choice":"Read","damage_taken":0,"max_hp_gain":0,"max_hp_loss":0,"event_name":"The Library","floor":20,"gold_loss":0,"cards_obtained":["Battle Trance"]},{"cards_removed":["Defend_R"],"damage_healed":0,"gold_gain":0,"player_choice":"Elegance","damage_taken":0,"max_hp_gain":0,"max_hp_loss":0,"event_name":"Back to Basics","floor":24,"gold_loss":0},{"damage_healed":0,"gold_gain":0,"player_choice":"Gave Idol","damage_taken":0,"relics_obtained":["Bloody Idol"],"max_hp_gain":0,"max_hp_loss":0,"event_name":"Forgotten Altar","floor":28,"relics_lost":["Golden Idol"],"gold_loss":0},{"damage_healed":0,"gold_gain":0,"player_choice":"Fight","damage_taken":0,"max_hp_gain":0,"max_hp_loss":0,"event_name":"MindBloom","floor":36,"gold_loss":0},{"damage_healed":0,"gold_gain":0,"cards_transformed":["Strike_R"],"player_choice":"Transformed","damage_taken":0,"max_hp_gain":0,"max_hp_loss":0,"event_name":"Transmorgrifier","floor":37,"gold_loss":0,"cards_obtained":["Barricade"]},{"damage_healed":0,"gold_gain":0,"player_choice":"Max HP","damage_taken":0,"max_hp_gain":0,"max_hp_loss":4,"event_name":"Winding Halls","floor":45,"gold_loss":0}],"is_beta":false,"boss_relics":[{"not_picked":["Ectoplasm","Runic Dome"],"picked":"Philosopher\u0027s Stone"},{"not_picked":["Cursed Key","Coffee Dripper"],"picked":"Busted Crown"}],"items_purged_floors":[21,48],"is_endless":false,"potions_floor_spawned":[2,3,5,13,18,30,36,40,41],"ascension_level":0}}