{"host":"1ekl8hlbnopmdapi","time":1612851102,"event":{"mods":["AchievementEnabler","BaseMod","Colored Map","Colored Powertips","DeckTracker","Downfall","Googly Eyes","Highlight Path","Minty Spire (QoL Compilation)","Relic Sorter","StSLib","Synergy Search"],"gold_per_floor":[99,113,127,147,147,147,172,72,110,133,133,153,173,193,218,322,322,322,351,34,43,69,112,163,63,72,92,110,110,129,129,158,266,266,166,189,50,66,66,66,66,88,131,156,156,96,96,109,132,132,132,132],"floor_reached":50,"language":"ENG","playtime":1669,"items_purged":["Pain"],"score":625,"play_id":"9b6da820-f919-4465-ad20-b505eafae89d","local_time":"20210209011142","is_ascension_mode":false,"campfire_choices":[{"floor":1.0,"key":"RECALL"},{"data":"bronze:Optimize","floor":8,"key":"SMITH"},{"data":"bronze:GetLatest","floor":18,"key":"SMITH"},{"floor":25,"key":"REST"},{"data":"Mayhem","floor":35,"key":"SMITH"},{"floor":40,"key":"REST"},{"data":"bronze:Flail","floor":45,"key":"SMITH"},{"data":"bronze:OilSpill","floor":47,"key":"SMITH"}],"circlet_count":0,"master_deck":["bronze:Strike","bronze:Strike","bronze:Strike","bronze:Defend","bronze:Defend","bronze:Defend","bronze:Defend","bronze:Replicate+1","bronze:Goto","bronze:OilSpill+1","bronze:Optimize+1","bronze:Separator","bronze:WildBeam","bronze:GetLatest+1","bronze:ItsAFeature","bronze:Constructor","bronze:BugBarrage","bronze:InfiniteLoop","bronze:Frontload","bronze:ChosenStrike","Mayhem+1","bronze:Separator","bronze:Boost","bronze:FollowUp+1","bronze:OilSpill+1","bronze:Branch","bronze:Format","bronze:Virus","bronze:Branch","bronze:Constructor+1","bronze:Flail+1","bronze:FineTuning+1","bronze:Format","bronze:InfiniteBeams+1","bronze:Fortify","bronze:OilSpill+1"],"relics":["bronze:PlatinumCore","Vajra","CeramicFish","downfall:HeartBlessingRed","Mercury Hourglass","Strawberry","Pocketwatch","downfall:HeartBlessingBlue","WarpedTongs","SlaversCollar","downfall:HeartBlessingGreen","Ornamental Fan","Question Card","Ginger"],"acts_visited":["Exordium","TheCity","TheBeyond"],"potions_floor_usage":[12,15,20,37,43,50,50,50],"damage_taken":[{"damage":3.0,"enemies":"Small Slimes","floor":2.0,"turns":3.0},{"damage":1,"enemies":"2 Louse","floor":3,"turns":3},{"damage":0,"enemies":"Cultist","floor":4,"turns":3},{"damage":31,"enemies":"Lagavulin","floor":9,"turns":4},{"damage":0,"enemies":"Large Slime","floor":10,"turns":3},{"damage":0,"enemies":"3 Louse","floor":12,"turns":2},{"damage":0,"enemies":"Gremlin Gang","floor":13,"turns":2},{"damage":1,"enemies":"2 Fungi Beasts","floor":14,"turns":3},{"damage":2,"enemies":"Blue Slaver","floor":15,"turns":3},{"damage":0,"enemies":"SI_SHIV_ARCHETYPE","floor":16,"turns":5},{"damage":0,"enemies":"Spheric Guardian","floor":19,"turns":2},{"damage":0,"enemies":"downfall:FleeingMerchant","floor":20,"turns":4},{"damage":0,"enemies":"Chosen","floor":21,"turns":1},{"damage":8,"enemies":"3 Cultists","floor":22,"turns":5},{"damage":27,"enemies":"Gremlin Leader","floor":23,"turns":5},{"damage":12,"enemies":"Centurion and Healer","floor":27,"turns":2},{"damage":3,"enemies":"Snecko","floor":28,"turns":2},{"damage":16,"enemies":"Snake Plant","floor":30,"turns":3},{"damage":12,"enemies":"Centurion and Healer","floor":32,"turns":2},{"damage":28,"enemies":"DF_ARCHETYPE_CLAW","floor":33,"turns":6},{"damage":26,"enemies":"3 Shapes","floor":36,"turns":3},{"damage":3,"enemies":"downfall:FleeingMerchant","floor":37,"turns":3},{"damage":1,"enemies":"Orb Walker","floor":38,"turns":2},{"damage":10,"enemies":"3 Darklings","floor":42,"turns":3},{"damage":11,"enemies":"Reptomancer","floor":43,"turns":4},{"damage":5,"enemies":"Sphere and 2 Shapes","floor":44,"turns":3},{"damage":1,"enemies":"Transient","floor":48,"turns":5},{"damage":46,"enemies":"4 Shapes","floor":49,"turns":3},{"damage":26,"enemies":"IC_BLOCK_ARCHETYPE","floor":50,"turns":7}],"seed_played":"3217626324134526629","potions_obtained":[{"floor":4,"key":"BlessingOfTheForge"},{"floor":13,"key":"FearPotion"},{"floor":14,"key":"SkillPotion"},{"floor":15,"key":"Block Potion"},{"floor":16,"key":"PowerPotion"},{"floor":19,"key":"Energy Potion"},{"floor":23,"key":"champ:CounterPotion"},{"floor":28,"key":"DuplicationPotion"},{"floor":43,"key":"Guardian:BlockOnCardUsePotion"}],"is_trial":false,"path_per_floor":["R","M","M","M","?","?","T","R","E","M","?","M","M","M","M","B",null,"R","M","$","M","M","E","T","R","?","M","M","?","M","?","M","B",null,"R","M","$","M","?","R","T","M","E","M","R","$","R","M","M","B"],"character_chosen":"THE_AUTOMATON","items_purchased":["Strawberry","Mayhem","Ornamental Fan","bronze:Flail","Regen Potion","bronze:Fortify"],"campfire_rested":2,"item_purchase_floors":[20,20,37,37,37,46],"current_hp_per_floor":[70,67,66,66,41,41,41,41,10,10,10,10,10,9,7,7,70,70,70,77,77,69,42,42,78,78,66,63,63,47,76,64,36,87,87,61,58,57,57,83,83,73,74,69,69,69,69,68,22,0,0,0],"gold":132,"neow_bonus":"UPGRADE_CARD","is_daily":false,"chose_seed":false,"campfire_upgraded":5,"win_rate":0.0,"timestamp":1612851102,"path_taken":["R","M","M","M","?","?","T","R","E","M","?","M","M","M","M","BOSS","R","M","$","M","M","E","T","R","?","M","?","?","M","?","M","BOSS","R","M","$","M","?","R","T","M","E","M","R","$","R","M","M","BOSS"],"items_purchased_type":["Relic","Card","Relic","Card","Potion","Card"],"build_version":"2020-12-22","purchased_purges":1,"victory":false,"max_hp_per_floor":[70,70,70,70,70,70,70,70,70,70,70,70,70,70,70,70,70,70,70,77,77,77,77,77,87,87,87,87,87,87,87,87,87,87,87,87,87,87,87,87,87,87,87,87,87,87,87,87,87,87,87,87],"card_choices":[{"not_picked":["bronze:Backtrace","bronze:CutThrough"],"picked":"bronze:OilSpill","floor":2.0},{"not_picked":["bronze:CutThrough","bronze:DelayedGuard","bronze:Repulsor"],"picked":"SKIP","floor":3},{"not_picked":["bronze:Repair","bronze:Mutator"],"picked":"bronze:Optimize","floor":4},{"not_picked":["bronze:DelayedSlice","bronze:Shield"],"picked":"bronze:WildBeam","floor":9},{"not_picked":["bronze:Shield","bronze:WildBeam"],"picked":"bronze:GetLatest","floor":10},{"not_picked":["bronze:BronzeArmor","bronze:Terminator"],"picked":"bronze:ItsAFeature","floor":12},{"not_picked":["bronze:Repulsor","bronze:Refactor"],"picked":"bronze:Constructor","floor":13},{"not_picked":["bronze:Turbo","bronze:BitShift","bronze:Invalidate"],"picked":"SKIP","floor":14},{"not_picked":["bronze:Optimize","bronze:Constructor"],"picked":"bronze:BugBarrage","floor":15},{"not_picked":["bronze:Verify","bronze:FindAndReplace"],"picked":"bronze:InfiniteLoop","floor":16},{"not_picked":["bronze:Turbo","bronze:Deprecate"],"picked":"bronze:Frontload","floor":19},{"not_picked":["bronze:ItsAFeature","bronze:Allocate"],"picked":"bronze:ChosenStrike","floor":20},{"not_picked":["bronze:ChildClass","bronze:Deprecate"],"picked":"bronze:Separator","floor":21},{"not_picked":["bronze:BugBarrage","bronze:ItsAFeature"],"picked":"bronze:Boost","floor":22},{"not_picked":["bronze:Frontload","bronze:Turbo"],"picked":"bronze:FollowUp+1","floor":23},{"not_picked":["bronze:CutThrough+1","bronze:ThunderWave"],"picked":"bronze:OilSpill+1","floor":27},{"not_picked":["bronze:BuggyMess","bronze:NullPointer+1","bronze:DelayedSlice+1"],"picked":"SKIP","floor":28},{"not_picked":["bronze:Constructor","bronze:Separator+1"],"picked":"bronze:Branch","floor":30},{"not_picked":["bronze:Frontload+1","bronze:Repulsor"],"picked":"bronze:Format","floor":32},{"not_picked":["bronze:Mutator","bronze:HardenedForm"],"picked":"bronze:Virus","floor":33},{"not_picked":["bronze:DelayedSlice+1","bronze:Deprecate+1"],"picked":"bronze:Branch","floor":36},{"not_picked":["bronze:CloningBeam","bronze:WildBeam+1"],"picked":"bronze:Constructor+1","floor":37},{"not_picked":["bronze:DelayedGuard","bronze:FindAndReplace","bronze:WildBeam"],"picked":"SKIP","floor":38},{"not_picked":["bronze:Repulsor+1","bronze:ForLoop+1","bronze:CutThrough+1"],"picked":"bronze:FineTuning+1","floor":42},{"not_picked":["bronze:BitShift","bronze:Invalidate","bronze:CutThrough"],"picked":"bronze:Format","floor":43},{"not_picked":["bronze:ForceShield+1","bronze:Separator+1","bronze:BuggyMess"],"picked":"bronze:InfiniteBeams+1","floor":44},{"not_picked":["bronze:Fortify","bronze:Terminator","bronze:ItsAFeature","bronze:Deprecate+1"],"picked":"SKIP","floor":48},{"not_picked":["bronze:Verify","bronze:DelayedSlice+1","bronze:Backtrace+1"],"picked":"bronze:OilSpill+1","floor":49}],"player_experience":537447,"relics_obtained":[{"floor":7,"key":"CeramicFish"},{"floor":9,"key":"Mercury Hourglass"},{"floor":23,"key":"Pocketwatch"},{"floor":41,"key":"Question Card"},{"floor":43,"key":"Ginger"}],"event_choices":[{"damage_healed":0,"gold_gain":0,"player_choice":"Success","damage_taken":25,"relics_obtained":["Vajra"],"max_hp_gain":0,"max_hp_loss":0,"event_name":"Scrap Ooze","floor":5,"gold_loss":0},{"damage_healed":0,"gold_gain":0,"player_choice":"Ignored","damage_taken":0,"max_hp_gain":0,"max_hp_loss":0,"event_name":"Ghosts","floor":29,"gold_loss":0},{"damage_healed":29,"gold_gain":0,"player_choice":"Heal","damage_taken":0,"max_hp_gain":0,"max_hp_loss":0,"event_name":"The Library","floor":31,"gold_loss":0}],"is_beta":false,"boss_relics":[{"not_picked":["Pandora\u0027s Box","Snecko Eye"],"picked":"bronze:PlatinumCore"},{"not_picked":["Runic Dome","SacredBark"],"picked":"SlaversCollar"}],"items_purged_floors":[37],"is_endless":false,"potions_floor_spawned":[4,13,14,15,16,19,23,27,28,33,42,43,44,48],"killed_by":"IC_BLOCK_ARCHETYPE","ascension_level":0}}