{"host":"mytek2nu1hrzdnew","time":1612831723,"event":{"mods":["AchievementEnabler","Aspiration","BaseMod","Conspire","GifTheSpireLib","Gold Saver","Hubris","Infinite Spire","Minty Spire (QoL Compilation)","Replay The Spire","StSLib","Stuff the Spire","The Death Knight","Uncapped"],"gold_per_floor":[166,184,36,56,26,26,57,71,98,98,108,122,122,157,157,262,262,278,278,297,317,317,317,337,34,34,50,69,69,69,69,69],"floor_reached":31,"language":"ENG","playtime":1141,"items_purged":["Strike_B"],"score":311,"play_id":"924fa377-1e73-452c-8c10-9599a30b724a","local_time":"20210208194843","is_ascension_mode":true,"campfire_choices":[{"data":"Zap","floor":6,"key":"SMITH"},{"floor":10,"key":"REST"},{"floor":13,"key":"REST"},{"floor":15,"key":"REST"},{"floor":23,"key":"REST"}],"circlet_count":0,"master_deck":["Strike_B","Strike_B","Strike_B","Defend_B","Defend_B","Defend_B","Defend_B","Zap+1","FTL","Lockon","Ball Lightning","Echo Form","ReplayGash","StuffTheSpire:Synthwave","Defragment","Creative AI","conspire:SharedLibrary","Gash","Cold Snap"],"relics":["Cracked Core","Lizard Tail","Happy Flower","aspiration:ChemicalBlood","aspiration:PoetsPen_weak","hubris:Towel","Emotion Chip","CeramicFish"],"acts_visited":["Exordium","TheCity"],"potions_floor_usage":[14,16,16,18,18,21,21,27,27,27],"damage_taken":[{"damage":0,"enemies":"Cultist","floor":1,"turns":3},{"damage":9,"enemies":"2 Louse","floor":2,"turns":2},{"damage":8,"enemies":"Jaw Worm","floor":4,"turns":4},{"damage":24,"enemies":"Gremlin Nob","floor":7,"turns":4},{"damage":11,"enemies":"Looter","floor":8,"turns":2},{"damage":11,"enemies":"2 Fungi Beasts","floor":11,"turns":3},{"damage":16,"enemies":"3 Louse","floor":12,"turns":4},{"damage":25,"enemies":"3 Sentries","floor":14,"turns":4},{"damage":26,"enemies":"Hexaghost","floor":16,"turns":6},{"damage":33,"enemies":"conspire:FuzzyDice","floor":18,"turns":3},{"damage":13,"enemies":"Shell Parasite","floor":20,"turns":4},{"damage":7,"enemies":"Chosen and Byrds","floor":21,"turns":4},{"damage":23,"enemies":"conspire:HollyBat","floor":24,"turns":6},{"damage":32,"enemies":"Cultist and Chosen","floor":27,"turns":4},{"damage":9,"enemies":"Snake Plant","floor":28,"turns":3},{"damage":27,"enemies":"Centurion and Healer","floor":31,"turns":4}],"seed_played":"-8848794879356638229","potions_obtained":[{"floor":5,"key":"LiquidMemories"},{"floor":7,"key":"Fire Potion"},{"floor":14,"key":"Elixir"},{"floor":18,"key":"Swift Potion"},{"floor":21,"key":"LiquidBronze"}],"is_trial":false,"path_per_floor":["M","M","$","M","?","R","E","M","T","R","M","M","R","E","R","B",null,"M","?","M","M","?","R","M","$","T","M","M","$","?","M"],"character_chosen":"DEFECT","items_purchased":["Echo Form","Emotion Chip"],"campfire_rested":4,"item_purchase_floors":[3,25],"current_hp_per_floor":[75,66,66,58,58,58,34,23,23,45,34,18,40,15,37,11,59,26,26,13,6,6,28,5,5,5,29,20,20,20,0,0],"gold":69,"neow_bonus":"TRANSFORM_CARD","is_daily":false,"chose_seed":false,"campfire_upgraded":1,"win_rate":0.0,"timestamp":1612831723,"path_taken":["M","M","$","M","?","R","E","?","T","R","M","M","R","E","R","BOSS","M","?","M","M","?","R","M","$","T","M","M","$","?","M"],"items_purchased_type":["Card","Relic"],"build_version":"2020-12-22","purchased_purges":1,"victory":false,"max_hp_per_floor":[75,75,75,75,75,75,75,75,75,75,75,75,75,75,75,75,75,75,75,75,75,75,75,75,75,75,75,75,75,75,75,75],"card_choices":[{"not_picked":["StuffTheSpire:LoadUp","ReplaySolidLightProjector"],"picked":"Lockon","floor":1},{"not_picked":["Gash","Leap"],"picked":"Ball Lightning","floor":2},{"not_picked":["Doom and Gloom","All For One"],"picked":"ReplayGash","floor":4},{"not_picked":["Rebound","BasicCrystalCard","Leap"],"picked":"SKIP","floor":7},{"not_picked":["Cold Snap","Hello World","Hologram"],"picked":"SKIP","floor":8},{"not_picked":["Cold Snap","Hello World","Hologram"],"picked":"SKIP","floor":8},{"not_picked":["Redo","Panic Button","conspire:Rain"],"picked":"SKIP","floor":11},{"not_picked":["StuffTheSpire:LoadUp","Beam Cell"],"picked":"StuffTheSpire:Synthwave","floor":12},{"not_picked":["Ball Lightning","Panic Button"],"picked":"Defragment","floor":14},{"not_picked":["Buffer","StuffTheSpire:ForEach"],"picked":"Creative AI","floor":16},{"not_picked":["Redo","ReplaySolidLightProjector","Panic Button"],"picked":"SKIP","floor":18},{"not_picked":["ReplayTheSpireMod:Calculation Training","Doom and Gloom+1","Auto Shields"],"picked":"SKIP","floor":20},{"not_picked":["Redo","Sweeping Beam"],"picked":"conspire:SharedLibrary","floor":21},{"not_picked":["Barrage","Stack"],"picked":"Gash","floor":24},{"not_picked":["Ball Lightning","hubris:Prefetch","Sweeping Beam"],"picked":"SKIP","floor":27},{"not_picked":["Stack+1","Panic Button"],"picked":"Cold Snap","floor":28}],"player_experience":1068732,"relics_obtained":[{"floor":7,"key":"Lizard Tail"},{"floor":9,"key":"Happy Flower"},{"floor":14,"key":"aspiration:ChemicalBlood"},{"floor":26,"key":"CeramicFish"}],"event_choices":[{"damage_healed":0,"gold_gain":0,"player_choice":"Bought 2 Potions","damage_taken":0,"max_hp_gain":0,"max_hp_loss":0,"event_name":"The Woman in Blue","floor":5,"gold_loss":0}],"is_beta":false,"boss_relics":[{"not_picked":["hubris:VirtuousBlindfold","ReplayTheSpireMod:DimensionalGlitch"],"picked":"aspiration:PoetsPen_weak"}],"items_purged_floors":[3],"is_endless":false,"potions_floor_spawned":[7,8,14,18,21,27],"killed_by":"Centurion and Healer","ascension_level":5}}