{"host":"w8xisjf5mgmfjvmt","time":1612835244,"event":{"mods":["BaseMod","BetterRewards","Challenge The Spire","Conspire","Energized Spire","Filter the Spire","Minty Spire (QoL Compilation)","Quarter Circle Forward PUNCH!","Quick Restart","Relic Filter Mod","Relic Stats","Reliquary","Replay The Spire","Shop Mod","Spicy Shops","StSLib","Thieving Mod","¡¾ÒÅÎï¿¨ÅÆ¡¿REMEMod","óô»ðÖ¸ÄÏ"],"gold_per_floor":[119,119,133,55,75,102,102,102,102],"floor_reached":8,"language":"ZHS","playtime":230,"items_purged":[],"score":162,"play_id":"e077cab0-d4b6-4094-a3ab-03688c794697","local_time":"20210209094724","is_ascension_mode":true,"campfire_choices":[{"data":"Armaments","floor":7,"key":"SMITH"}],"circlet_count":0,"master_deck":["AscendersBane","conspire:GhostlyStrike","conspire:GhostlyStrike","conspire:GhostlyStrike","conspire:GhostlyStrike","conspire:GhostlyStrike","conspire:GhostlyDefend","conspire:GhostlyDefend","conspire:GhostlyDefend","conspire:GhostlyDefend","Bash","Scrawl","Armaments+1","Panacea","conspire:ExplosiveBarrier","Spot Weakness","ReplayTheSpireMod:Muscle Training"],"relics":["REME_ComplimentaryCards","REME_LowDesire","King of Hearts","Red Skull","Incense Burner"],"acts_visited":["Exordium"],"potions_floor_usage":[],"damage_taken":[{"damage":1,"enemies":"Small Slimes","floor":1,"turns":4},{"damage":9,"enemies":"Jaw Worm","floor":3,"turns":4},{"damage":8,"enemies":"2 Louse","floor":5,"turns":3},{"damage":23,"enemies":"Lagavulin","floor":6,"turns":5},{"damage":22,"enemies":"Gremlin Nob","floor":8,"turns":4}],"seed_played":"-3696073082333776425","potions_obtained":[],"is_trial":false,"path_per_floor":["M","?","M","$","M","E","R","E"],"character_chosen":"IRONCLAD","items_purchased":["conspire:ExplosiveBarrier"],"campfire_rested":0,"item_purchase_floors":[4],"current_hp_per_floor":[67,67,58,58,50,27,27,5,5],"gold":102,"neow_bonus":"BOSS_RELIC","is_daily":false,"chose_seed":false,"campfire_upgraded":1,"win_rate":0.0,"timestamp":1612835244,"path_taken":["M","?","M","$","M","E","R","E"],"items_purchased_type":["Card"],"build_version":"2020-12-22","purchased_purges":0,"victory":false,"max_hp_per_floor":[75,75,75,75,75,75,75,75,75],"relic_stats":{"counters":[5,20],"obtain_stats":[{"King of Hearts":0,"Incense Burner":6,"REME_LowDesire":0,"Burning Blood":0,"Red Skull":0,"REME_ComplimentaryCards":0},{"King of Hearts":0,"Incense Burner":4,"REME_LowDesire":0,"Burning Blood":0,"Red Skull":0,"REME_ComplimentaryCards":0},{"King of Hearts":0,"Incense Burner":16,"REME_LowDesire":0,"Burning Blood":0,"Red Skull":0,"REME_ComplimentaryCards":0}]},"card_choices":[{"not_picked":["Perfected Strike","Heavy Blade","conspire:Banana"],"picked":"Armaments","floor":1},{"not_picked":["Seeing Red","ReplayReversal","Warcry"],"picked":"Panacea","floor":3},{"not_picked":["Second Wind","Cleave","ReplayUltimateDefense"],"picked":"Spot Weakness","floor":5},{"not_picked":["Cleave","Flame Barrier","ReplayTheSpireMod:Private Reserves"],"picked":"ReplayTheSpireMod:Muscle Training","floor":6}],"player_experience":1316570,"relics_obtained":[{"floor":0,"key":"King of Hearts"},{"floor":0,"key":"Red Skull"},{"floor":6,"key":"Incense Burner"}],"event_choices":[{"damage_healed":0,"gold_gain":0,"player_choice":"Agree","damage_taken":0,"max_hp_gain":0,"max_hp_loss":0,"event_name":"conspire:LoneGhost","floor":2,"gold_loss":0}],"is_beta":false,"boss_relics":[],"items_purged_floors":[],"is_endless":false,"potions_floor_spawned":[],"killed_by":"Gremlin Nob","ascension_level":20}}