{"host":"phniwng9zo19jwdb","time":1612906918,"event":{"mods":["AchievementEnabler","BaseMod","Colored Powertips","Dark Map","Faster Ascension Climbing","GifTheSpireLib","Minty Spire (QoL Compilation)","Permanent Neow","Rare Cards Sparkle","Relic Filter Mod","StSLib","Weighted Paths"],"gold_per_floor":[20,34,44,194,79,79,106,116,116,116,135,135,135],"floor_reached":12,"language":"ENG","playtime":391,"items_purged":["Doubt"],"score":160,"play_id":"56717ad0-8cef-4326-bd3f-f2b964fde19c","local_time":"20210209224158","is_ascension_mode":true,"campfire_choices":[{"data":"Caltrops","floor":6,"key":"SMITH"},{"floor":10,"key":"REST"}],"circlet_count":0,"master_deck":["AscendersBane","Strike_G","Strike_G","Strike_G","Strike_G","Strike_G","Defend_G","Defend_G","Defend_G","Defend_G","Defend_G","Survivor","Neutralize","Poisoned Stab","Accuracy","Caltrops+1","Backflip"],"relics":["Ring of the Snake","Bird Faced Urn","Singing Bowl","Paper Crane"],"acts_visited":["Exordium"],"potions_floor_usage":[7,7],"damage_taken":[{"damage":6,"enemies":"Cultist","floor":1,"turns":5},{"damage":7,"enemies":"Jaw Worm","floor":2,"turns":5},{"damage":0,"enemies":"Small Slimes","floor":3,"turns":4},{"damage":22,"enemies":"3 Sentries","floor":7,"turns":9},{"damage":16,"enemies":"3 Louse","floor":8,"turns":5},{"damage":4,"enemies":"Exordium Wildlife","floor":11,"turns":4},{"damage":24,"enemies":"Lagavulin","floor":12,"turns":9}],"seed_played":"3638022866847510992","potions_obtained":[{"floor":1,"key":"GamblersBrew"},{"floor":2,"key":"Fire Potion"},{"floor":8,"key":"Swift Potion"}],"is_trial":false,"path_per_floor":["M","M","M","?","$","R","E","M","T","R","M","E"],"character_chosen":"THE_SILENT","items_purchased":["Caltrops"],"campfire_rested":1,"item_purchase_floors":[5],"current_hp_per_floor":[53,46,46,46,46,46,30,18,18,38,40,20,20],"gold":135,"neow_bonus":"ONE_RARE_RELIC","is_daily":false,"chose_seed":false,"campfire_upgraded":1,"win_rate":0.0,"timestamp":1612906918,"path_taken":["M","M","?","?","$","R","E","M","T","R","M","E"],"items_purchased_type":["Card"],"build_version":"2020-12-22","purchased_purges":1,"victory":false,"max_hp_per_floor":[66,66,66,66,66,66,68,68,68,68,70,70,70],"card_choices":[{"not_picked":["Well Laid Plans","Backflip"],"picked":"Poisoned Stab","floor":1},{"not_picked":["Slice","Finisher","Prepared"],"picked":"SKIP","floor":2},{"not_picked":["Dodge and Roll","Endless Agony"],"picked":"Accuracy","floor":3},{"not_picked":["Underhanded Strike","Slice","Calculated Gamble"],"picked":"Singing Bowl","floor":7},{"not_picked":["Setup","Underhanded Strike"],"picked":"Backflip","floor":8},{"not_picked":["Sucker Punch","Dodge and Roll","A Thousand Cuts"],"picked":"Singing Bowl","floor":11}],"player_experience":91774,"relics_obtained":[{"floor":7,"key":"Singing Bowl"},{"floor":9,"key":"Paper Crane"}],"event_choices":[{"damage_healed":0,"gold_gain":150,"player_choice":"AGREE","damage_taken":0,"max_hp_gain":0,"max_hp_loss":0,"event_name":"Liars Game","floor":4,"gold_loss":0,"cards_obtained":["Doubt"]}],"is_beta":false,"boss_relics":[],"items_purged_floors":[5],"is_endless":false,"potions_floor_spawned":[1,2,8],"killed_by":"Lagavulin","ascension_level":20}}