{"host":"5trcja4hacd149zc","time":1612905290,"event":{"mods":["BaseMod","Colored Map","GifTheSpireLib","Minty Spire (QoL Compilation)","Relic Stats","StSLib"],"gold_per_floor":[119,119,132,132,150,178,178,178,178,178,7,18,32,42,42,119,119,139,5,5,15,15,15],"floor_reached":22,"language":"ENG","playtime":843,"items_purged":[],"score":372,"play_id":"bedcefb8-fc4c-4479-81c2-9bcac6743288","local_time":"20210209151450","is_ascension_mode":true,"campfire_choices":[{"floor":7.0,"key":"REST"},{"data":"Riddle With Holes","floor":10.0,"key":"SMITH"},{"floor":15.0,"key":"REST"}],"circlet_count":0,"master_deck":["AscendersBane","Strike_G+1","Strike_G","Strike_G","Strike_G","Defend_G","Defend_G","Defend_G+1","Defend_G","Defend_G","Survivor+1","Neutralize","Blade Dance","Underhanded Strike","Dagger Throw","Riddle With Holes+1","Concentrate","Noxious Fumes","Choke","Underhanded Strike","Blur","Skewer","After Image","Malaise","Footwork","Underhanded Strike"],"relics":["Snecko Eye","Letter Opener","The Courier","Philosopher\u0027s Stone","Membership Card"],"acts_visited":["Exordium","TheCity"],"potions_floor_usage":[],"damage_taken":[{"damage":18.0,"enemies":"Jaw Worm","floor":1.0,"turns":10.0},{"damage":8.0,"enemies":"2 Louse","floor":3.0,"turns":3.0},{"damage":0.0,"enemies":"Small Slimes","floor":5.0,"turns":2.0},{"damage":11.0,"enemies":"Gremlin Nob","floor":6.0,"turns":3.0},{"damage":1.0,"enemies":"Exordium Thugs","floor":12.0,"turns":2.0},{"damage":4.0,"enemies":"Red Slaver","floor":13.0,"turns":2.0},{"damage":4.0,"enemies":"2 Fungi Beasts","floor":14.0,"turns":2.0},{"damage":20.0,"enemies":"The Guardian","floor":16.0,"turns":10.0},{"damage":45,"enemies":"3 Byrds","floor":18,"turns":5},{"damage":8,"enemies":"Chosen","floor":21,"turns":5},{"damage":4,"enemies":"Shelled Parasite and Fungi","floor":22,"turns":1}],"seed_played":"9017814053907152417","potions_obtained":[{"floor":5.0,"key":"FearPotion"},{"floor":12.0,"key":"EntropicBrew"},{"floor":13.0,"key":"Swift Potion"},{"floor":14.0,"key":"Fruit Juice"}],"is_trial":false,"path_per_floor":["M","?","M","?","M","E","R","?","T","R","$","M","M","M","R","B",null,"M","$","?","M","M"],"character_chosen":"THE_SILENT","items_purchased":["Noxious Fumes","Choke","Underhanded Strike","Membership Card"],"campfire_rested":2,"item_purchase_floors":[11,11,11,19],"current_hp_per_floor":[41,41,33,13,13,2,21,21,21,21,21,20,16,12,31,16,57,12,12,12,4,0,0],"gold":15,"neow_bonus":"BOSS_RELIC","is_daily":false,"chose_seed":false,"campfire_upgraded":1,"win_rate":0.0,"timestamp":1612905290,"path_taken":["M","?","M","?","M","E","R","?","T","R","$","M","M","?","R","BOSS","M","$","?","M","?"],"items_purchased_type":["Card","Card","Card","Relic"],"build_version":"2020-12-22","purchased_purges":0,"victory":false,"max_hp_per_floor":[66,66,66,66,66,66,66,66,66,66,66,66,66,66,66,71,71,71,71,71,71,71,71],"relic_stats":{"counters":[11,45],"Snecko Eye":[77,72,68,84],"Letter Opener":[37],"obtain_stats":[{"Snecko Eye":0,"Philosopher\u0027s Stone":17,"The Courier":9,"Letter Opener":6,"Membership Card":19,"Ring of the Snake":0},{"Snecko Eye":0,"Philosopher\u0027s Stone":8,"The Courier":4,"Letter Opener":4,"Membership Card":9,"Ring of the Snake":0},{"Snecko Eye":0,"Philosopher\u0027s Stone":34,"The Courier":18,"Letter Opener":18,"Membership Card":39,"Ring of the Snake":0}]},"card_choices":[{"not_picked":["Deflect","Acrobatics"],"picked":"Blade Dance","floor":1.0},{"not_picked":["Dagger Spray","Sucker Punch"],"picked":"Underhanded Strike","floor":3.0},{"not_picked":["Flechettes","Outmaneuver"],"picked":"Dagger Throw","floor":5.0},{"not_picked":["Heel Hook","Accuracy"],"picked":"Riddle With Holes","floor":6.0},{"not_picked":["Well Laid Plans","Slice"],"picked":"Blur","floor":12.0},{"not_picked":["Slice","Catalyst"],"picked":"Skewer","floor":13.0},{"not_picked":["Blur","Dagger Spray"],"picked":"After Image","floor":14.0},{"not_picked":["Unload","A Thousand Cuts"],"picked":"Malaise","floor":16.0},{"not_picked":["Slice+1","Bouncing Flask"],"picked":"Footwork","floor":18},{"not_picked":["Outmaneuver","Distraction"],"picked":"Underhanded Strike","floor":21}],"player_experience":772033,"relics_obtained":[{"floor":6.0,"key":"Letter Opener"},{"floor":9.0,"key":"The Courier"}],"event_choices":[{"damage_healed":0.0,"max_hp_gain":0.0,"max_hp_loss":0.0,"gold_gain":0.0,"event_name":"Living Wall","player_choice":"Grow","floor":2.0,"gold_loss":0.0,"damage_taken":0.0,"cards_upgraded":["Survivor"]},{"damage_healed":0.0,"max_hp_gain":0.0,"max_hp_loss":0.0,"gold_gain":0.0,"event_name":"Shining Light","player_choice":"Entered Light","floor":4.0,"gold_loss":0.0,"damage_taken":20.0,"cards_upgraded":["Defend_G","Strike_G"]},{"damage_healed":0.0,"max_hp_gain":0.0,"max_hp_loss":0.0,"gold_gain":0.0,"cards_transformed":["Strike_G"],"event_name":"Transmorgrifier","player_choice":"Transformed","floor":8.0,"gold_loss":0.0,"damage_taken":0.0,"cards_obtained":["Concentrate"]},{"damage_healed":0,"gold_gain":0,"player_choice":"Ignored","damage_taken":0,"max_hp_gain":0,"max_hp_loss":0,"event_name":"N\u0027loth","floor":20,"gold_loss":0}],"is_beta":false,"boss_relics":[{"not_picked":["Runic Pyramid","SacredBark"],"picked":"Philosopher\u0027s Stone"}],"items_purged_floors":[],"is_endless":false,"potions_floor_spawned":[5,12,13,14],"killed_by":"Shelled Parasite and Fungi","ascension_level":20}}