{"host":"6wux4armhsntp4yb","time":1612851735,"event":{"mods":["BaseMod","Colored Map","DeckTracker","Minty Spire (QoL Compilation)","Relic Stats"],"gold_per_floor":[216,216,19,19,32,32,64,64,91,118,118,118,134,149,149,223,223,238,159,175,175,11,40,40,70,93,93,8,28,45,76,76,155,155,167,167,182,196,209,235,135,166,166,191,191,191,210,210,210,210,210,210],"floor_reached":51,"language":"JPN","playtime":3992,"items_purged":["Regret","Defend_G"],"score":1577,"play_id":"9e5cce6b-6f87-4fe7-b8c9-fd49dcfd4ed0","local_time":"20210209152215","is_ascension_mode":true,"campfire_choices":[{"data":"Finisher","floor":6.0,"key":"SMITH"},{"data":"Noxious Fumes","floor":8.0,"key":"SMITH"},{"data":"Cloak And Dagger","floor":11.0,"key":"SMITH"},{"data":"Well Laid Plans","floor":15.0,"key":"SMITH"},{"data":"Phantasmal Killer","floor":24.0,"key":"SMITH"},{"data":"Accuracy","floor":27.0,"key":"SMITH"},{"data":"Adrenaline","floor":32.0,"key":"SMITH"},{"data":"Catalyst","floor":46.0,"key":"SMITH"},{"floor":49.0,"key":"RECALL"}],"circlet_count":0,"master_deck":["AscendersBane","Defend_G","Defend_G","Defend_G","Survivor","Neutralize+1","Finisher+1","Noxious Fumes+1","Blade Dance+1","Heel Hook","Well Laid Plans+1","Cloak And Dagger+1","Crippling Poison","Blade Dance","Phantasmal Killer+1","Accuracy+1","Bite","Bite","Bite","Bite","Bite","Adrenaline+1","Envenom","PiercingWail","Sucker Punch","Tools of the Trade","Catalyst+1","Malaise","Dramatic Entrance","Panacea","Tactician+1"],"relics":["Ring of the Snake","MawBank","Boot","Anchor","Blue Candle","Coffee Dripper","Sling","Gremlin Horn","Centennial Puzzle","Ornamental Fan","Ginger","Black Star","White Beast Statue","Potion Belt","Akabeko","InkBottle","Mercury Hourglass","Pear","Prayer Wheel"],"acts_visited":["Exordium","TheCity","TheBeyond"],"potions_floor_usage":[51,51],"damage_taken":[{"damage":5.0,"enemies":"Small Slimes","floor":1.0,"turns":5.0},{"damage":1.0,"enemies":"Jaw Worm","floor":5.0,"turns":3.0},{"damage":7.0,"enemies":"Lagavulin","floor":7.0,"turns":7.0},{"damage":2.0,"enemies":"Gremlin Nob","floor":10.0,"turns":3.0},{"damage":0.0,"enemies":"2 Louse","floor":13.0,"turns":2.0},{"damage":0.0,"enemies":"Exordium Wildlife","floor":14.0,"turns":2.0},{"damage":6.0,"enemies":"Hexaghost","floor":16.0,"turns":5.0},{"damage":16.0,"enemies":"Chosen","floor":18.0,"turns":4.0},{"damage":0.0,"enemies":"3 Byrds","floor":20.0,"turns":2.0},{"damage":33.0,"enemies":"Slavers","floor":23.0,"turns":5.0},{"damage":19.0,"enemies":"Gremlin Leader","floor":25.0,"turns":5.0},{"damage":3.0,"enemies":"Centurion and Healer","floor":29.0,"turns":13.0},{"damage":9.0,"enemies":"Shelled Parasite and Fungi","floor":30.0,"turns":2.0},{"damage":7.0,"enemies":"Slavers","floor":31.0,"turns":2.0},{"damage":36.0,"enemies":"Collector","floor":33.0,"turns":7.0},{"damage":22.0,"enemies":"3 Darklings","floor":35.0,"turns":5.0},{"damage":2.0,"enemies":"Orb Walker","floor":37.0,"turns":2.0},{"damage":25.0,"enemies":"3 Darklings","floor":38.0,"turns":6.0},{"damage":0.0,"enemies":"Jaw Worm Horde","floor":39.0,"turns":4.0},{"damage":5.0,"enemies":"Giant Head","floor":40.0,"turns":4.0},{"damage":1.0,"enemies":"Nemesis","floor":42.0,"turns":4.0},{"damage":1.0,"enemies":"Reptomancer","floor":44.0,"turns":2.0},{"damage":9.0,"enemies":"Writhing Mass","floor":47.0,"turns":5.0},{"damage":49.0,"enemies":"Awakened One","floor":50.0,"turns":9.0},{"damage":18,"enemies":"Time Eater","floor":51,"turns":2}],"seed_played":"1933870113315989580","potions_obtained":[{"floor":1.0,"key":"DuplicationPotion"},{"floor":5.0,"key":"Fire Potion"},{"floor":14.0,"key":"DistilledChaos"},{"floor":16.0,"key":"SkillPotion"},{"floor":18.0,"key":"Weak Potion"},{"floor":29.0,"key":"SneckoOil"},{"floor":37.0,"key":"Fire Potion"},{"floor":39.0,"key":"LiquidBronze"},{"floor":40.0,"key":"CultistPotion"},{"floor":42.0,"key":"Fire Potion"},{"floor":44.0,"key":"Strength Potion"},{"floor":47.0,"key":"SkillPotion"},{"floor":48.0,"key":"GamblersBrew"},{"floor":48.0,"key":"PowerPotion"}],"is_trial":false,"path_per_floor":["M","?","$","?","M","R","E","R","T","E","R","?","M","M","R","B",null,"M","$","M","?","$","E","R","E","T","R","?","M","M","E","R","B",null,"M","?","M","M","M","E","$","E","T","E","?","R","M","?","R","B","B"],"character_chosen":"THE_SILENT","items_purchased":["Noxious Fumes","Blade Dance","Accuracy","Sling"],"campfire_rested":0,"item_purchase_floors":[3,3,19,22],"current_hp_per_floor":[54,54,54,34,33,33,26,26,26,24,24,24,24,24,24,18,54,38,38,38,38,38,15,15,12,12,12,12,45,44,43,43,25,41,35,35,43,35,46,46,46,46,46,56,46,46,43,43,43,16,0,0],"gold":210,"neow_bonus":"HUNDRED_GOLD","is_daily":false,"chose_seed":false,"campfire_upgraded":8,"win_rate":0.0,"timestamp":1612851735,"path_taken":["M","?","$","?","M","R","E","R","T","E","R","?","M","M","R","BOSS","M","$","M","?","$","E","R","E","T","R","?","M","M","E","R","BOSS","M","?","M","M","M","E","?","E","T","E","?","R","M","?","R","BOSS","BOSS"],"items_purchased_type":["Card","Card","Card","Relic"],"build_version":"2020-12-22","purchased_purges":2,"victory":false,"max_hp_per_floor":[66,66,66,66,66,66,66,66,66,66,66,66,66,66,66,66,66,66,66,66,46,46,46,46,46,46,46,46,46,46,46,46,46,46,46,46,46,46,46,46,46,46,46,56,56,56,56,56,56,56,56,56],"relic_stats":{"Gremlin Horn":[29,29],"counters":[25,110],"Blue Candle":[2],"Ginger":[8],"MawBank":12,"Boot":[137],"Mercury Hourglass":[69],"Centennial Puzzle":[39],"Ornamental Fan":[288],"Prayer Wheel":1,"Black Star":3,"obtain_stats":[{"Potion Belt":40,"Pear":44,"Gremlin Horn":23,"Blue Candle":10,"Ginger":31,"MawBank":2,"Boot":7,"Sling":22,"White Beast Statue":40,"Akabeko":42,"Mercury Hourglass":43,"Anchor":9,"Centennial Puzzle":25,"Ornamental Fan":28,"Prayer Wheel":44,"Coffee Dripper":17,"Black Star":34,"InkBottle":42,"Ring of the Snake":0},{"Potion Belt":20,"Pear":22,"Gremlin Horn":10,"Blue Candle":4,"Ginger":14,"MawBank":1,"Boot":3,"Sling":9,"White Beast Statue":20,"Akabeko":21,"Mercury Hourglass":21,"Anchor":3,"Centennial Puzzle":11,"Ornamental Fan":11,"Prayer Wheel":22,"Coffee Dripper":7,"Black Star":15,"InkBottle":21,"Ring of the Snake":0},{"Potion Belt":88,"Pear":94,"Gremlin Horn":38,"Blue Candle":18,"Ginger":60,"MawBank":5,"Boot":15,"Sling":33,"White Beast Statue":88,"Akabeko":92,"Mercury Hourglass":92,"Anchor":15,"Centennial Puzzle":43,"Ornamental Fan":43,"Prayer Wheel":94,"Coffee Dripper":27,"Black Star":67,"InkBottle":92,"Ring of the Snake":0}],"InkBottle":[14],"Ring of the Snake":[50]},"card_choices":[{"not_picked":["Deflect","Setup"],"picked":"Finisher","floor":1.0},{"not_picked":["Concentrate","Crippling Poison"],"picked":"Heel Hook","floor":5.0},{"not_picked":["Poisoned Stab","Doppelganger"],"picked":"Well Laid Plans","floor":7.0},{"not_picked":["Bane","Finisher"],"picked":"Cloak And Dagger","floor":10.0},{"not_picked":["Backflip","Distraction"],"picked":"Crippling Poison","floor":13.0},{"not_picked":["Riddle With Holes","All Out Attack"],"picked":"Blade Dance","floor":14.0},{"not_picked":["Wraith Form v2","Doppelganger"],"picked":"Phantasmal Killer","floor":16.0},{"not_picked":["Riddle With Holes","Poisoned Stab","Eviscerate"],"picked":"SKIP","floor":18.0},{"not_picked":["Riddle With Holes","Poisoned Stab","Eviscerate"],"picked":"SKIP","floor":18.0},{"not_picked":["Flying Knee","Underhanded Strike","Dagger Spray"],"picked":"SKIP","floor":20.0},{"not_picked":["Flying Knee","Underhanded Strike","Dagger Spray"],"picked":"SKIP","floor":20.0},{"not_picked":["Flying Knee","Acrobatics","Sucker Punch"],"picked":"SKIP","floor":23.0},{"not_picked":["Flying Knee","Acrobatics","Sucker Punch"],"picked":"SKIP","floor":23.0},{"not_picked":["Flechettes","Dagger Spray"],"picked":"Adrenaline","floor":25.0},{"not_picked":["Underhanded Strike","Dodge and Roll","Masterful Stab"],"picked":"SKIP","floor":29.0},{"not_picked":["Bane","Dodge and Roll","Dagger Throw"],"picked":"SKIP","floor":30.0},{"not_picked":["Noxious Fumes","Riddle With Holes","Blade Dance"],"picked":"SKIP","floor":31.0},{"not_picked":["Night Terror","Tools of the Trade"],"picked":"Envenom","floor":33.0},{"not_picked":["Escape Plan+1","Blade Dance+1"],"picked":"PiercingWail","floor":35.0},{"not_picked":["Prepared","Slice","Backflip"],"picked":"SKIP","floor":37.0},{"not_picked":["Backflip","Cloak And Dagger","Underhanded Strike"],"picked":"SKIP","floor":38.0},{"not_picked":["Dash+1","Cloak And Dagger"],"picked":"Tools of the Trade","floor":39.0},{"not_picked":["Cloak And Dagger","Deflect","Flying Knee"],"picked":"SKIP","floor":40.0},{"not_picked":["All Out Attack+1","Quick Slash+1"],"picked":"Catalyst","floor":42.0},{"not_picked":["Acrobatics","Poisoned Stab"],"picked":"Malaise","floor":44.0},{"not_picked":["Mayhem","Transmutation"],"picked":"Dramatic Entrance","floor":45.0},{"not_picked":["Forethought","Chrysalis"],"picked":"Panacea","floor":45.0},{"not_picked":["Riddle With Holes","Dagger Spray"],"picked":"Tactician+1","floor":47.0},{"not_picked":["Dagger Throw","Dodge and Roll","Concentrate"],"picked":"SKIP","floor":47.0}],"player_experience":5869195,"relics_obtained":[{"floor":7.0,"key":"Boot"},{"floor":9.0,"key":"Anchor"},{"floor":10.0,"key":"Blue Candle"},{"floor":23.0,"key":"Gremlin Horn"},{"floor":25.0,"key":"Centennial Puzzle"},{"floor":31.0,"key":"Ginger"},{"floor":40.0,"key":"White Beast Statue"},{"floor":40.0,"key":"Potion Belt"},{"floor":42.0,"key":"Akabeko"},{"floor":42.0,"key":"InkBottle"},{"floor":43.0,"key":"Mercury Hourglass"},{"floor":44.0,"key":"Pear"},{"floor":44.0,"key":"Prayer Wheel"}],"event_choices":[{"damage_healed":0.0,"max_hp_gain":0.0,"max_hp_loss":0.0,"gold_gain":0.0,"event_name":"Big Fish","player_choice":"Box","floor":2.0,"gold_loss":0.0,"damage_taken":0.0,"relics_obtained":["MawBank"],"cards_obtained":["Regret"]},{"damage_healed":0.0,"max_hp_gain":0.0,"max_hp_loss":0.0,"gold_gain":0.0,"event_name":"Shining Light","player_choice":"Entered Light","floor":4.0,"gold_loss":0.0,"damage_taken":20.0,"cards_upgraded":["Neutralize","Strike_G"]},{"damage_healed":0.0,"max_hp_gain":0.0,"max_hp_loss":0.0,"gold_gain":0.0,"event_name":"Living Wall","player_choice":"Grow","floor":12.0,"gold_loss":0.0,"damage_taken":0.0,"cards_upgraded":["Blade Dance"]},{"damage_healed":0.0,"max_hp_gain":0.0,"max_hp_loss":20.0,"gold_gain":0.0,"event_name":"Vampires","player_choice":"Became a vampire","floor":21.0,"gold_loss":0.0,"damage_taken":0.0,"cards_obtained":["Bite","Bite","Bite","Bite","Bite"]},{"damage_healed":0.0,"max_hp_gain":0.0,"max_hp_loss":0.0,"gold_gain":0.0,"event_name":"Addict","player_choice":"Obtained Relic","floor":28.0,"gold_loss":85.0,"damage_taken":0.0,"relics_obtained":["Ornamental Fan"]},{"damage_healed":0.0,"max_hp_gain":0.0,"max_hp_loss":0.0,"gold_gain":0.0,"cards_transformed":["Defend_G"],"event_name":"Transmorgrifier","player_choice":"Transformed","floor":36.0,"gold_loss":0.0,"damage_taken":0.0,"cards_obtained":["Sucker Punch"]},{"damage_healed":0.0,"max_hp_gain":0.0,"max_hp_loss":0.0,"gold_gain":0.0,"event_name":"SensoryStone","player_choice":"Memory 3","floor":45.0,"gold_loss":0.0,"damage_taken":10.0},{"damage_healed":0.0,"max_hp_gain":0.0,"max_hp_loss":0.0,"gold_gain":0.0,"event_name":"Lab","player_choice":"Got Potions","floor":48.0,"gold_loss":0.0,"damage_taken":0.0}],"is_beta":false,"boss_relics":[{"not_picked":["Tiny House","Fusion Hammer"],"picked":"Coffee Dripper"},{"not_picked":["Philosopher\u0027s Stone","Pandora\u0027s Box"],"picked":"Black Star"}],"items_purged_floors":[3,41],"is_endless":false,"potions_floor_spawned":[1,5,14,16,18,29,37,39,40,42,44,47],"killed_by":"Time Eater","ascension_level":20}}