{"host":"z5ogtnuuoxgup8y1","time":1612909210,"event":{"mods":["BaseMod","Better Third Choice","BetterRewards","Hermit","Hubris","Jorbs\u0027s Wanderer Trilogy","Minty Spire (QoL Compilation)","Reliquary","Replay The Spire","Spicy Shops","StSLib","The Cursed","The Disciple","The Hierophant","The Jungle","The Marked","The Runesmith"],"gold_per_floor":[119,39,39,39,57,57,72,89,116,145,8,8,8,8,8],"floor_reached":14,"language":"ENG","playtime":1779,"items_purged":[],"score":176,"play_id":"b64ff08d-3302-4ca7-ba35-ab40a8ea7d09","local_time":"20210209222009","is_ascension_mode":true,"campfire_choices":[{"data":"Bash","floor":6,"key":"SMITH"}],"circlet_count":0,"master_deck":["AscendersBane","Strike_R","Strike_R","Strike_R","Strike_R","Defend_R","Defend_R","Defend_R","Defend_R","Bash+1","Rampage","Twin Strike","Shrug It Off","Battle Trance","Headbutt","Shrug It Off","Pot Of Greed","Pot Of Greed","Whirlwind"],"relics":["Black Star","hubris:Icosahedron","Grinning Jar","Shuriken","Toy Ornithopter","Happy Flower","Unceasing Top"],"acts_visited":["Exordium"],"potions_floor_usage":[10,11],"damage_taken":[{"damage":2,"enemies":"Cultist","floor":1,"turns":4},{"damage":15,"enemies":"Small Slimes","floor":5,"turns":4},{"damage":7,"enemies":"Jaw Worm","floor":7,"turns":3},{"damage":1,"enemies":"3 Louse","floor":8,"turns":4},{"damage":41,"enemies":"Gremlin Nob","floor":10,"turns":4},{"damage":34,"enemies":"Lagavulin","floor":14,"turns":7}],"seed_played":"-8223140907754622245","potions_obtained":[{"floor":1,"key":"Venom Potion"},{"floor":8,"key":"PowerPotion"}],"is_trial":false,"path_per_floor":["M","$","?","?","M","R","M","M","T","E","$","?","?","E"],"character_chosen":"IRONCLAD","items_purchased":["Twin Strike","Shrug It Off","Happy Flower","BloodPotion"],"campfire_rested":0,"item_purchase_floors":[2,2,11,11],"current_hp_per_floor":[66,66,66,66,51,51,44,43,43,2,22,22,22,0,0],"gold":8,"neow_bonus":"BOSS_RELIC","is_daily":false,"chose_seed":false,"campfire_upgraded":1,"win_rate":0.0,"timestamp":1612909209,"path_taken":["M","$","?","?","M","R","?","M","T","E","?","?","?","E"],"items_purchased_type":["Card","Card","Relic","Potion"],"build_version":"2020-12-22","purchased_purges":0,"victory":false,"max_hp_per_floor":[75,75,75,75,75,75,75,75,75,75,75,75,75,75,75],"card_choices":[{"not_picked":["Reckless Charge","Seeing Red"],"picked":"Rampage","floor":1},{"not_picked":["Cleave","Thunderclap"],"picked":"Battle Trance","floor":5},{"not_picked":["Cleave","Wild Strike"],"picked":"Headbutt","floor":7},{"not_picked":["Defy Death","Anger"],"picked":"Shrug It Off","floor":8},{"not_picked":["Blood for Blood","Shockwave"],"picked":"Whirlwind","floor":10}],"player_experience":695996,"relics_obtained":[{"floor":9,"key":"Grinning Jar"},{"floor":10,"key":"Shuriken"},{"floor":10,"key":"Toy Ornithopter"}],"event_choices":[{"cards_removed":["Strike_R"],"damage_healed":0,"gold_gain":0,"player_choice":"Offered Basic","damage_taken":0,"max_hp_gain":0,"max_hp_loss":0,"event_name":"Bonfire Elementals","floor":4,"gold_loss":0},{"damage_healed":0,"gold_gain":0,"player_choice":"Ignored","damage_taken":0,"max_hp_gain":0,"max_hp_loss":0,"event_name":"Golden Idol","floor":12,"gold_loss":0},{"damage_healed":0,"gold_gain":0,"player_choice":"Searched \u00271\u0027 times","damage_taken":0,"relics_obtained":["Unceasing Top"],"max_hp_gain":0,"max_hp_loss":0,"event_name":"Dead Adventurer","floor":13,"gold_loss":0}],"is_beta":false,"boss_relics":[],"items_purged_floors":[],"is_endless":false,"potions_floor_spawned":[1,8],"killed_by":"Lagavulin","ascension_level":20}}