{"host":"Sylvester","time":1612910232,"event":{"mods":["AchievementEnabler","BaseMod","Filter the Spire","Lobotomy","Minty Spire (QoL Compilation)","Replay The Spire","StSLib"],"gold_per_floor":[209,41,41,55,55,80,80,115,115,140,140,140,151,171,171,245,245,259,272,5,15,28,28,42,67,67,82,113,28,59,77,77,154,154,174,174,184,195,253,253,288,307,307,337,355,404,419,448,448,448,448,448,448,448,7,35,35,35],"floor_reached":57,"language":"ENG","playtime":3813,"items_purged":["Strike_G","Amnesia"],"score":2473,"play_id":"1a07f1f0-ec5c-43c5-b102-8b6514c4ecde","local_time":"20210209143712","is_ascension_mode":true,"campfire_choices":[{"data":"Dash","floor":7.0,"key":"SMITH"},{"data":"Underhanded Strike","floor":15.0,"key":"SMITH"},{"floor":23.0,"key":"REST"},{"data":"Blade Dance","floor":32.0,"key":"SMITH"},{"floor":40.0,"key":"REST"},{"floor":49.0,"key":"RECALL"},{"floor":54.0,"key":"DIG"}],"circlet_count":1,"master_deck":["AscendersBane","Strike_G","Strike_G","Strike_G","Strike_G","Defend_G+1","Defend_G","Defend_G+1","Defend_G","Defend_G","Survivor","Neutralize","Bane","Dash+1","Dagger Throw","All Out Attack","All Out Attack","Underhanded Strike+1","Parasite","Backstab","Corpse Explosion","Calculated Gamble","PiercingWail","Adrenaline","Blade Dance+1","Infinite Blades","Atom Bomb+1","Master of Strategy","ReplayTheSpireMod:Trickstab+1","Thinking Ahead","Underhanded Strike+1","ReplayTheSpireMod:Exploit Weakness+1","Footwork","A Thousand Cuts","Backflip+1","Leg Sweep","Well Laid Plans+1","ReplayTheSpireMod:Trickstab+1","ReplayTheSpireMod:Speed Training","ReplayTheSpireMod:Scrap Shanks"],"relics":["Ring of the Snake","Ring of Fury","Ring of Peace","Bird Faced Urn","Simple Rune","Mercury Hourglass","Boot","ReplayTheSpireMod:Ninjato","Philosopher\u0027s Stone","Kunai","Molten Egg 2","InkBottle","Paper Crane","Ancient Tea Set","ReplayTheSpireMod:Lightbulb","Honey Jar","Divine Protection","MealTicket","Shovel","Ice Cream","Circlet","Sundial","Vajra"],"acts_visited":["Exordium","TheCity","TheBeyond","TheEnding"],"potions_floor_usage":[56,56,56,57],"damage_taken":[{"damage":14.0,"enemies":"Cultist","floor":1.0,"turns":6.0},{"damage":0.0,"enemies":"2 Louse","floor":4.0,"turns":3.0},{"damage":18.0,"enemies":"Gremlin Nob","floor":6.0,"turns":5.0},{"damage":15.0,"enemies":"Lagavulin","floor":8.0,"turns":8.0},{"damage":0.0,"enemies":"3 Sentries","floor":10.0,"turns":4.0},{"damage":0.0,"enemies":"Small Slimes","floor":13.0,"turns":3.0},{"damage":0.0,"enemies":"Looter","floor":14.0,"turns":3.0},{"damage":0.0,"enemies":"Slime Boss","floor":16.0,"turns":4.0},{"damage":9.0,"enemies":"Spheric Guardian","floor":18.0,"turns":4.0},{"damage":4.0,"enemies":"Shell Parasite","floor":19.0,"turns":4.0},{"damage":6.0,"enemies":"Snake Plant","floor":21.0,"turns":3.0},{"damage":11.0,"enemies":"Cultist and Chosen","floor":22.0,"turns":5.0},{"damage":0.0,"enemies":"3 Cultists","floor":24.0,"turns":3.0},{"damage":0.0,"enemies":"Gremlin Leader","floor":25.0,"turns":6.0},{"damage":0.0,"enemies":"Centurion and Healer","floor":27.0,"turns":5.0},{"damage":0.0,"enemies":"Slavers","floor":28.0,"turns":2.0},{"damage":8.0,"enemies":"Book of Stabbing","floor":30.0,"turns":5.0},{"damage":0.0,"enemies":"Cultist and Chosen","floor":31.0,"turns":5.0},{"damage":25.0,"enemies":"Automaton","floor":33.0,"turns":9.0},{"damage":0.0,"enemies":"Orb Walker","floor":35.0,"turns":2.0},{"damage":0.0,"enemies":"3 Darklings","floor":37.0,"turns":2.0},{"damage":0.0,"enemies":"Maw","floor":38.0,"turns":7.0},{"damage":0.0,"enemies":"R_Hoarder","floor":41.0,"turns":9.0},{"damage":0.0,"enemies":"Sphere and 2 Shapes","floor":42.0,"turns":3.0},{"damage":10.0,"enemies":"Reptomancer","floor":44.0,"turns":5.0},{"damage":0.0,"enemies":"Spire Growth","floor":45.0,"turns":5.0},{"damage":28.0,"enemies":"2 Orb Walkers","floor":46.0,"turns":4.0},{"damage":0.0,"enemies":"3 Darklings","floor":47.0,"turns":2.0},{"damage":21.0,"enemies":"R_Hoarder","floor":48.0,"turns":12.0},{"damage":0.0,"enemies":"Awakened One","floor":50.0,"turns":25.0},{"damage":50.0,"enemies":"Donu and Deca","floor":51.0,"turns":8.0},{"damage":47,"enemies":"Shield and Spear","floor":56,"turns":5},{"damage":45,"enemies":"The Heart","floor":57,"turns":2}],"seed_played":"1371505922897914619","potions_obtained":[{"floor":6.0,"key":"Explosive Potion"},{"floor":8.0,"key":"Cursed Concoction"},{"floor":14.0,"key":"Death Potion"},{"floor":16.0,"key":"Swift Potion"},{"floor":21.0,"key":"ColorlessPotion"},{"floor":28.0,"key":"Adrenaline Potion"},{"floor":33.0,"key":"Explosive Potion"},{"floor":37.0,"key":"PowerPotion"},{"floor":42.0,"key":"Adrenaline Potion"},{"floor":47.0,"key":"Block Potion"},{"floor":56,"key":"FearPotion"}],"is_trial":false,"path_per_floor":["M","$","?","M","?","E","R","E","T","E","?","T","M","M","R","B",null,"M","M","$","M","M","R","M","E","T","M","E","?","E","M","R","B",null,"M","?","M","M","?","R","E","M","T","E","M","?","M","E","R","B","B",null,null,"R","$","E","B"],"character_chosen":"THE_SILENT","items_purchased":["Dash","Dagger Throw","Kunai","ReplayTheSpireMod:Trickstab+1","ReplayTheSpireMod:Speed Training","Adrenaline Potion","Adrenaline Potion","AttackPotion"],"campfire_rested":2,"item_purchase_floors":[2,2,20,55,55,55,55,55],"current_hp_per_floor":[45,45,45,45,45,27,27,12,12,12,28,28,28,28,28,28,57,48,44,44,38,27,46,46,46,46,46,46,46,38,38,38,15,53,53,43,43,45,19,38,42,44,44,38,48,24,28,29,29,50,6,6,51,51,66,21,0,0],"gold":35,"neow_bonus":"HUNDRED_GOLD","is_daily":false,"chose_seed":false,"campfire_upgraded":3,"win_rate":0.0,"timestamp":1612910232,"path_taken":["M","$","?","M","?","E","R","E","T","E","?","?","?","M","R","BOSS","M","?","$","M","M","R","M","E","T","M","E","?","E","M","R","BOSS","M","?","M","M","?","R","E","M","T","E","?","?","M","E","R","BOSS","BOSS","R","$","E","BOSS"],"items_purchased_type":["Card","Card","Relic","Card","Card","Potion","Potion","Potion"],"build_version":"2020-11-17","purchased_purges":2,"victory":false,"max_hp_per_floor":[66,66,66,66,66,66,66,66,66,66,66,66,66,66,66,66,66,66,66,66,66,66,66,66,66,66,66,66,66,66,66,66,66,66,66,66,66,66,66,66,66,66,66,66,66,66,66,66,66,66,66,66,66,66,66,66,66,66],"card_choices":[{"not_picked":["Underhanded Strike","Deflect","Bane"],"picked":"SKIP","floor":1.0},{"not_picked":["Underhanded Strike","Deflect"],"picked":"Bane","floor":1.0},{"not_picked":["Crippling Poison","ReplayTheSpireMod:Scrap Shanks"],"picked":"All Out Attack","floor":4.0},{"not_picked":["Accuracy","Sucker Punch"],"picked":"All Out Attack","floor":6.0},{"not_picked":["A Thousand Cuts","ReplayTheSpireMod:Shiv Toss"],"picked":"Underhanded Strike","floor":8.0},{"not_picked":["Setup","Deadly Poison","Fluid Movement"],"picked":"SKIP","floor":10.0},{"not_picked":["Deflect","Underhanded Strike","Masterful Stab"],"picked":"SKIP","floor":13.0},{"not_picked":["Sucker Punch","Dodge and Roll"],"picked":"Backstab","floor":14.0},{"not_picked":["Bullet Time","Glass Knife"],"picked":"Corpse Explosion","floor":16.0},{"not_picked":["Leg Sweep","Poisoned Stab"],"picked":"Calculated Gamble","floor":18.0},{"not_picked":["Expertise","Dodge and Roll"],"picked":"PiercingWail","floor":19.0},{"not_picked":["Sneak Up","Dagger Spray","Fluid Movement"],"picked":"SKIP","floor":21.0},{"not_picked":["ReplayTheSpireMod:The Works+1","Flechettes","Backflip"],"picked":"SKIP","floor":22.0},{"not_picked":["Sneak Up","Choke","Dagger Spray"],"picked":"SKIP","floor":24.0},{"not_picked":["ReplayTheSpireMod:Exploit Weakness","PiercingWail"],"picked":"Adrenaline","floor":25.0},{"not_picked":["Deadly Poison","Riddle With Holes+1"],"picked":"Blade Dance","floor":27.0},{"not_picked":["Outmaneuver","Dodge and Roll","Riddle With Holes+1"],"picked":"SKIP","floor":28.0},{"not_picked":["Hidden Blade","Predator+1","Flying Knee+1"],"picked":"SKIP","floor":30.0},{"not_picked":["PiercingWail","Accuracy"],"picked":"Infinite Blades","floor":31.0},{"not_picked":["ReplayTheSpireMod:Necrosis","After Image"],"picked":"Atom Bomb+1","floor":33.0},{"not_picked":["Madness","Sadistic Nature","Replay:Bootleg Shield Generator"],"picked":"Master of Strategy","floor":36.0},{"not_picked":["Mind Blast+1","Good Instincts","Impatience"],"picked":"ReplayTheSpireMod:Trickstab+1","floor":36.0},{"not_picked":["Panache","Replay:BasicMightCard","Metamorphosis"],"picked":"Thinking Ahead","floor":36.0},{"not_picked":["Quick Slash+1","Acrobatics","Flying Knee+1"],"picked":"Underhanded Strike+1","floor":37.0},{"not_picked":["Underhanded Strike+1","Outmaneuver","Dodge and Roll"],"picked":"ReplayTheSpireMod:Exploit Weakness+1","floor":38.0},{"not_picked":["Flying Knee+1","Blur+1","Hidden Blade"],"picked":"Footwork","floor":39.0},{"not_picked":["Riddle With Holes+1","ReplayTheSpireMod:The Works","ReplayTheSpireMod:Exploit Weakness"],"picked":"A Thousand Cuts","floor":41.0},{"not_picked":["Underhanded Strike+1","ReplayTheSpireMod:Shiv Toss","Deflect"],"picked":"Backflip+1","floor":42.0},{"not_picked":["Cloak And Dagger","Endless Agony+1","ReplayTheSpireMod:Necrosis"],"picked":"Leg Sweep","floor":44.0},{"not_picked":["PiercingWail","Underhanded Strike+1","Slice+1"],"picked":"Well Laid Plans+1","floor":47.0},{"not_picked":["Outmaneuver","Setup","Slice+1"],"picked":"ReplayTheSpireMod:Scrap Shanks","floor":56}],"player_experience":229243,"relics_obtained":[{"floor":3.0,"key":"Ring of Fury"},{"floor":3.0,"key":"Ring of Peace"},{"floor":6.0,"key":"Bird Faced Urn"},{"floor":8.0,"key":"Simple Rune"},{"floor":9.0,"key":"Mercury Hourglass"},{"floor":10.0,"key":"Boot"},{"floor":12.0,"key":"ReplayTheSpireMod:Ninjato"},{"floor":25.0,"key":"Molten Egg 2"},{"floor":26.0,"key":"InkBottle"},{"floor":28.0,"key":"Paper Crane"},{"floor":30.0,"key":"ReplayTheSpireMod:Lightbulb"},{"floor":39.0,"key":"Divine Protection"},{"floor":41.0,"key":"Dead Branch"},{"floor":44.0,"key":"MealTicket"},{"floor":46.0,"key":"Shovel"},{"floor":48.0,"key":"Ice Cream"},{"floor":54.0,"key":"Sundial"},{"floor":56,"key":"Vajra"}],"event_choices":[{"damage_healed":0.0,"max_hp_gain":0.0,"max_hp_loss":0.0,"gold_gain":0.0,"event_name":"Liars Game","player_choice":"Ignored","floor":5.0,"gold_loss":0.0,"damage_taken":0.0},{"damage_healed":16.0,"max_hp_gain":0.0,"max_hp_loss":0.0,"gold_gain":0.0,"event_name":"Mushrooms","player_choice":"Healed and dodged fight","floor":11.0,"gold_loss":0.0,"damage_taken":0.0,"cards_obtained":["Parasite"]},{"damage_healed":0.0,"max_hp_gain":0.0,"max_hp_loss":0.0,"gold_gain":0.0,"event_name":"Addict","player_choice":"Obtained Relic","floor":29.0,"gold_loss":85.0,"damage_taken":0.0,"relics_obtained":["Ancient Tea Set"]},{"damage_healed":0.0,"max_hp_gain":0.0,"max_hp_loss":0.0,"gold_gain":0.0,"event_name":"SensoryStone","player_choice":"Memory 3","floor":36.0,"gold_loss":0.0,"damage_taken":10.0},{"damage_healed":0.0,"max_hp_gain":0.0,"max_hp_loss":0.0,"gold_gain":0.0,"event_name":"Mysterious Sphere","player_choice":"Fight","floor":46.0,"gold_loss":0.0,"damage_taken":0.0}],"is_beta":true,"boss_relics":[{"not_picked":["Busted Crown","Snecko Heart"],"picked":"Philosopher\u0027s Stone"},{"not_picked":["Runic Dome","Snecko Scales"],"picked":"Honey Jar"}],"items_purged_floors":[2,55],"is_endless":false,"potions_floor_spawned":[6,8,14,16,21,22,25,28,33,37,38,42,47,56],"killed_by":"The Heart","ascension_level":20}}