{"host":"1bzbl1adcbkdzqlf","time":1612838842,"event":{"mods":["BaseMod","Minty Spire (QoL Compilation)","Slay the Relics Exporter"],"gold_per_floor":[114,129,139,154,167,194,194,214,262,279,164,190,90,165,165,267,267,282,282,207,207,54,86,118,146,225,225,238,266,266,279,279,380,380,395,395,146,165,219,219,219,219],"floor_reached":41,"language":"ENG","playtime":2700,"items_purged":["Strike_B","Strike_B"],"score":597,"play_id":"4e88c4aa-b18b-4afc-ac3f-464a3727fdc1","local_time":"20210208204722","is_ascension_mode":true,"campfire_choices":[{"floor":7,"key":"REST"},{"floor":15,"key":"REST"},{"floor":30,"key":"REST"},{"floor":32,"key":"RECALL"},{"floor":40,"key":"DIG"}],"circlet_count":0,"master_deck":["Zap","Dualcast","Hello World","Beam Cell","Streamline","Chill","Conserve Battery","Electrodynamics","Sweeping Beam","Self Repair","Compile Driver","Buffer","Force Field+1","Cold Snap+1","Darkness+1","Rip and Tear+1","Sunder","Echo Form","Coolheaded+1","Redo+1","Doom and Gloom","Compile Driver+1","Lockon","Aggregate","Turbo","BootSequence","Heatsinks","Amplify","Chill+1","Conserve Battery+1"],"relics":["Fusion Hammer","Centennial Puzzle","Bag of Preparation","Oddly Smooth Stone","Astrolabe","Orrery","Letter Opener","Red Mask","Potion Belt","Cables","Gremlin Horn","Inserter","Bottled Lightning","Shovel","Toxic Egg 2"],"acts_visited":["Exordium","TheCity","TheBeyond"],"potions_floor_usage":[5,12,12,16,16,24,41],"damage_taken":[{"damage":1,"enemies":"Cultist","floor":1,"turns":3},{"damage":0,"enemies":"2 Louse","floor":2,"turns":3},{"damage":11,"enemies":"Small Slimes","floor":3,"turns":3},{"damage":1,"enemies":"2 Fungi Beasts","floor":4,"turns":3},{"damage":5,"enemies":"3 Louse","floor":5,"turns":2},{"damage":15,"enemies":"3 Sentries","floor":6,"turns":9},{"damage":1,"enemies":"Exordium Wildlife","floor":8,"turns":4},{"damage":18,"enemies":"Large Slime","floor":10,"turns":3},{"damage":2,"enemies":"Lagavulin","floor":12,"turns":4},{"damage":5,"enemies":"The Guardian","floor":16,"turns":8},{"damage":0,"enemies":"Spheric Guardian","floor":18,"turns":3},{"damage":17,"enemies":"Gremlin Leader","floor":23,"turns":6},{"damage":8,"enemies":"Masked Bandits","floor":24,"turns":2},{"damage":2,"enemies":"Slavers","floor":25,"turns":3},{"damage":0,"enemies":"3 Byrds","floor":28,"turns":3},{"damage":20,"enemies":"Book of Stabbing","floor":29,"turns":3},{"damage":0,"enemies":"Sentry and Sphere","floor":31,"turns":2},{"damage":15,"enemies":"Automaton","floor":33,"turns":7},{"damage":18,"enemies":"3 Darklings","floor":35,"turns":5},{"damage":0,"enemies":"Orb Walker","floor":38,"turns":3},{"damage":37,"enemies":"2 Orb Walkers","floor":39,"turns":5},{"damage":46,"enemies":"Nemesis","floor":41,"turns":3}],"seed_played":"-3423401287273255212","potions_obtained":[{"floor":1,"key":"FocusPotion"},{"floor":4,"key":"BlessingOfTheForge"},{"floor":8,"key":"CultistPotion"},{"floor":10,"key":"Strength Potion"},{"floor":12,"key":"DistilledChaos"},{"floor":23,"key":"Weak Potion"},{"floor":24,"key":"Fruit Juice"},{"floor":31,"key":"SmokeBomb"}],"is_trial":false,"path_per_floor":["M","M","M","M","M","E","R","M","T","M","$","E","$","?","R","B",null,"M","?","?","?","$","E","?","E","T","$","M","E","R","M","R","B",null,"M","?","$","M","?","R","E"],"character_chosen":"DEFECT","items_purchased":["Self Repair","Orrery","Bottled Lightning"],"campfire_rested":3,"item_purchase_floors":[11,22,37],"current_hp_per_floor":[67,67,56,55,50,35,57,56,56,38,38,43,43,32,54,56,70,75,66,66,66,66,63,62,67,67,67,74,54,75,75,75,67,73,62,62,62,69,39,39,0,0],"gold":219,"neow_bonus":"BOSS_RELIC","is_daily":false,"chose_seed":false,"campfire_upgraded":0,"win_rate":0.0,"timestamp":1612838842,"path_taken":["M","M","M","M","M","E","R","M","T","M","?","E","$","?","R","BOSS","M","?","?","?","$","E","?","E","T","$","M","E","R","M","R","BOSS","M","?","$","M","?","R","E"],"items_purchased_type":["Card","Relic","Relic"],"build_version":"2020-12-22","purchased_purges":2,"victory":false,"max_hp_per_floor":[75,75,75,75,75,75,75,75,75,75,75,75,75,75,75,75,75,75,75,75,75,75,75,75,75,75,75,75,75,75,75,75,75,75,75,75,75,75,75,75,80,80],"card_choices":[{"not_picked":["Turbo","Hologram"],"picked":"Hello World","floor":1},{"not_picked":["Stack","Scrape","Hello World"],"picked":"SKIP","floor":2},{"not_picked":["Stack","Leap"],"picked":"Beam Cell","floor":3},{"not_picked":["Skim","Undo"],"picked":"Streamline","floor":4},{"not_picked":["Amplify","Steam"],"picked":"Chill","floor":5},{"not_picked":["Steam","Beam Cell"],"picked":"Conserve Battery","floor":6},{"not_picked":["Conserve Battery","Rebound"],"picked":"Electrodynamics","floor":8},{"not_picked":["Streamline","Compile Driver"],"picked":"Sweeping Beam","floor":10},{"not_picked":["Hello World","Leap"],"picked":"Compile Driver","floor":12},{"not_picked":["Seek","Amplify"],"picked":"Buffer","floor":16},{"not_picked":["Redo","Streamline"],"picked":"Rip and Tear+1","floor":18},{"not_picked":["Leap","Steam+1"],"picked":"Coolheaded+1","floor":22},{"not_picked":["Self Repair","Machine Learning"],"picked":"Redo+1","floor":22},{"not_picked":["Streamline","Rebound+1"],"picked":"Doom and Gloom","floor":22},{"not_picked":["Rainbow","Loop"],"picked":"Compile Driver+1","floor":22},{"not_picked":["Conserve Battery","Auto Shields"],"picked":"Lockon","floor":22},{"not_picked":["Force Field","Streamline","Steam"],"picked":"SKIP","floor":23},{"not_picked":["Ball Lightning","Rebound"],"picked":"Aggregate","floor":24},{"not_picked":["Reinforced Body","Hologram"],"picked":"Turbo","floor":25},{"not_picked":["Reprogram+1","Coolheaded","Beam Cell"],"picked":"SKIP","floor":28},{"not_picked":["Chaos","Steam"],"picked":"BootSequence","floor":29},{"not_picked":["Leap","Skim+1"],"picked":"Heatsinks","floor":31},{"not_picked":["Fission","Echo Form"],"picked":"Amplify","floor":33},{"not_picked":["Cold Snap","Reinforced Body"],"picked":"Go for the Eyes","floor":35},{"not_picked":["Stack","Steam"],"picked":"Chill+1","floor":38},{"not_picked":["BootSequence+1","Reboot"],"picked":"Conserve Battery+1","floor":39}],"player_experience":383378,"relics_obtained":[{"floor":6,"key":"Centennial Puzzle"},{"floor":9,"key":"Bag of Preparation"},{"floor":12,"key":"Oddly Smooth Stone"},{"floor":23,"key":"Letter Opener"},{"floor":24,"key":"Red Mask"},{"floor":25,"key":"Potion Belt"},{"floor":26,"key":"Cables"},{"floor":29,"key":"Gremlin Horn"},{"floor":39,"key":"Shovel"},{"floor":40,"key":"Toxic Egg 2"}],"event_choices":[{"damage_healed":0,"gold_gain":75,"player_choice":"Gather Gold","damage_taken":11,"max_hp_gain":0,"max_hp_loss":0,"event_name":"World of Goop","floor":14,"gold_loss":0},{"damage_healed":0,"gold_gain":0,"player_choice":"Stopped","damage_taken":9,"max_hp_gain":0,"max_hp_loss":0,"event_name":"Cursed Tome","floor":19,"gold_loss":0},{"cards_removed":["Defend_B"],"damage_healed":0,"gold_gain":0,"player_choice":"Gave Gold","damage_taken":0,"max_hp_gain":0,"max_hp_loss":0,"event_name":"Beggar","floor":20,"gold_loss":75},{"damage_healed":0,"gold_gain":0,"cards_transformed":["Defend_B","Defend_B"],"player_choice":"Became Test Subject","damage_taken":0,"max_hp_gain":0,"max_hp_loss":0,"event_name":"Drug Dealer","floor":21,"gold_loss":0,"cards_obtained":["Sunder","Echo Form"]},{"damage_healed":0,"gold_gain":0,"player_choice":"Fought Bandits","damage_taken":0,"max_hp_gain":0,"max_hp_loss":0,"event_name":"Masked Bandits","floor":24,"gold_loss":0},{"cards_removed":["Go for the Eyes"],"damage_healed":0,"gold_gain":0,"player_choice":"Removed Attack","damage_taken":0,"max_hp_gain":0,"max_hp_loss":0,"event_name":"Falling","floor":36,"gold_loss":0},{"damage_healed":0,"gold_gain":0,"player_choice":"Fight","damage_taken":0,"max_hp_gain":0,"max_hp_loss":0,"event_name":"Mysterious Sphere","floor":39,"gold_loss":0}],"is_beta":false,"boss_relics":[{"not_picked":["SacredBark","Ectoplasm"],"picked":"Astrolabe"},{"not_picked":["Velvet Choker","Philosopher\u0027s Stone"],"picked":"Inserter"}],"items_purged_floors":[11,13],"is_endless":false,"potions_floor_spawned":[1,4,8,10,12,23,24,31],"killed_by":"Nemesis","ascension_level":6}}