{"host":"hrn9sk6g3e0vcjdq","time":1612915062,"event":{"mods":["AchievementEnabler","BaseMod","BetterRewards","Colored Map","Colored Powertips","Hubris","Minty Spire (QoL Compilation)","Quick Restart","StSLib"],"gold_per_floor":[109,62,62,62,88,100,138,169,257,269,319,331,363,393,405,510,522,555,415,415,439,439,478,478,498,498,514,514,514],"floor_reached":28,"language":"ENG","playtime":794,"items_purged":[],"score":492,"play_id":"3d308e76-fd4d-4cfe-bce8-1d7c9e886d96","local_time":"20210209235742","is_ascension_mode":true,"campfire_choices":[{"data":"Bash","floor":6,"key":"SMITH"},{"data":"True Grit","floor":12,"key":"SMITH"},{"data":"Flex","floor":15,"key":"SMITH"},{"floor":24,"key":"REST"}],"circlet_count":0,"master_deck":["AscendersBane","Strike_R+1","Strike_R+1","Strike_R+1","Strike_R+1","Strike_R+1","Defend_R+1","Defend_R+1","Defend_R+1","Defend_R+1","Bash+1","Body Slam+1","Wild Strike+1","Perfected Strike+1","Headbutt+1","Flex+1","Pommel Strike+1","True Grit+1","Double Tap","Uppercut+1","Anger+1","Reaper+1","hubris:CleavingFinish+1","Twin Strike+1","Heavy Blade+1"],"relics":["Burning Blood","Molten Egg 2","PreservedInsect","MawBank","hubris:DisguiseKit","Pear","Golden Idol","Orichalcum","Whetstone","Pen Nib","Toy Ornithopter"],"acts_visited":["Exordium","TheCity"],"potions_floor_usage":[23],"damage_taken":[{"damage":7,"enemies":"Small Slimes","floor":1,"turns":3},{"damage":7,"enemies":"Jaw Worm","floor":5,"turns":2},{"damage":15,"enemies":"3 Sentries","floor":7,"turns":4},{"damage":0,"enemies":"Cultist","floor":8,"turns":2},{"damage":8,"enemies":"Gremlin Nob","floor":11,"turns":3},{"damage":2,"enemies":"Looter","floor":13,"turns":2},{"damage":4,"enemies":"Blue Slaver","floor":14,"turns":2},{"damage":0,"enemies":"Slime Boss","floor":16,"turns":6},{"damage":27,"enemies":"Shell Parasite","floor":18,"turns":5},{"damage":21,"enemies":"2 Thieves","floor":21,"turns":3},{"damage":26,"enemies":"Slavers","floor":23,"turns":4},{"damage":42,"enemies":"Centurion and Healer","floor":25,"turns":5},{"damage":36,"enemies":"Shelled Parasite and Fungi","floor":27,"turns":5},{"damage":24,"enemies":"Snake Plant","floor":28,"turns":2}],"seed_played":"6255301304068188347","potions_obtained":[{"floor":1,"key":"DuplicationPotion"},{"floor":7,"key":"Energy Potion"},{"floor":14,"key":"Ancient Potion"},{"floor":27,"key":"PowerPotion"}],"is_trial":false,"path_per_floor":["M","$","?","T","M","R","E","M","T","?","E","R","M","M","R","B",null,"M","$","?","M","?","E","R","M","T","M","M"],"character_chosen":"IRONCLAD","items_purchased":["Molten Egg 2","PreservedInsect","Body Slam+1","Wild Strike+1","Headbutt+1","Whetstone"],"campfire_rested":1,"item_purchase_floors":[0,0,0,0,2,19],"current_hp_per_floor":[71,71,55,55,54,54,45,51,61,61,59,59,63,65,65,71,80,69,69,69,64,64,54,78,51,51,21,0,0],"gold":514,"neow_bonus":"","is_daily":false,"chose_seed":false,"campfire_upgraded":3,"win_rate":0.0,"timestamp":1612915062,"path_taken":["M","$","?","?","?","R","E","M","T","?","E","R","M","M","R","BOSS","M","$","?","?","?","E","R","M","T","M","M"],"items_purchased_type":["Relic","Relic","Card","Card","Card","Relic"],"build_version":"2020-12-22","purchased_purges":0,"victory":false,"max_hp_per_floor":[80,80,80,80,80,80,80,80,90,83,83,83,83,83,83,83,83,83,83,83,83,83,83,83,83,83,83,83,83],"card_choices":[{"not_picked":["Clothesline+1","Rupture"],"picked":"Perfected Strike+1","floor":1},{"not_picked":["Sentinel","Searing Blow+1"],"picked":"Flex","floor":5},{"not_picked":["Shrug It Off","Sword Boomerang+1"],"picked":"Pommel Strike+1","floor":7},{"not_picked":["Seeing Red","Perfected Strike+1","Underhanded Strike"],"picked":"True Grit","floor":8},{"not_picked":["Perfected Strike+1","Reckless Charge+1","Blur"],"picked":"Double Tap","floor":11},{"not_picked":["Dark Embrace","Clash+1","Prepared"],"picked":"Uppercut+1","floor":13},{"not_picked":["Flex","Evolve","hubris:SlightOfHand"],"picked":"Anger+1","floor":14},{"not_picked":["Demon Form","Exhume","Burst"],"picked":"Reaper+1","floor":16},{"not_picked":["Anger+1","Warcry","Deadly Poison"],"picked":"hubris:CleavingFinish+1","floor":18},{"not_picked":["Burning Pact","Anger+1","Prepared"],"picked":"Twin Strike+1","floor":21},{"not_picked":["True Grit+1","Clothesline+1","Dash"],"picked":"Heavy Blade+1","floor":23},{"not_picked":["Clash+1","Armaments","Searing Blow+1","Predator"],"picked":"SKIP","floor":25},{"not_picked":["Body Slam+1","Blood for Blood+1","Havoc+1","Flying Knee"],"picked":"SKIP","floor":27}],"player_experience":633671,"relics_obtained":[{"floor":4,"key":"MawBank"},{"floor":7,"key":"hubris:DisguiseKit"},{"floor":9,"key":"Pear"},{"floor":11,"key":"Orichalcum"},{"floor":23,"key":"Pen Nib"},{"floor":26,"key":"Toy Ornithopter"}],"event_choices":[{"damage_healed":0,"gold_gain":0,"player_choice":"Entered Light","damage_taken":16,"max_hp_gain":0,"max_hp_loss":0,"event_name":"Shining Light","floor":3,"gold_loss":0,"cards_upgraded":["Strike_R","Strike_R"]},{"damage_healed":0,"gold_gain":0,"player_choice":"Lose Max HP","damage_taken":0,"relics_obtained":["Golden Idol"],"max_hp_gain":0,"max_hp_loss":7,"event_name":"Golden Idol","floor":10,"gold_loss":0},{"damage_healed":0,"gold_gain":0,"player_choice":"Upgraded","damage_taken":0,"max_hp_gain":0,"max_hp_loss":0,"event_name":"Upgrade Shrine","floor":20,"gold_loss":0,"cards_upgraded":["Defend_R"]},{"damage_healed":0,"gold_gain":0,"player_choice":"Simplicity","damage_taken":0,"max_hp_gain":0,"max_hp_loss":0,"event_name":"Back to Basics","floor":22,"gold_loss":0,"cards_upgraded":["Strike_R","Defend_R","Defend_R","Defend_R"]}],"is_beta":false,"boss_relics":[{"not_picked":["Busted Crown","Runic Pyramid","Pandora\u0027s Box"]}],"items_purged_floors":[],"is_endless":false,"potions_floor_spawned":[1,7,11,13,14,18,27],"killed_by":"Snake Plant","ascension_level":13}}