{"host":"6pgtslebjnyv5xmi","time":1612837319,"event":{"mods":["AchievementEnabler","BaseMod","Colored Map","Minty Spire (QoL Compilation)","Rare Cards Sparkle","StSLib","SuperFastMode","The Cursed","everything is the same but u backflip on backflip"],"gold_per_floor":[110,185,110,129,70,104,119,1,27,27,60,60,60,81,81,170,170,185,204,204,204,204],"floor_reached":21,"language":"KOR","playtime":796,"items_purged":[],"score":417,"play_id":"cca96dd4-104e-44b9-9770-649a5e7aeffe","local_time":"20210209112159","is_ascension_mode":true,"campfire_choices":[{"data":"Heavy Blade","floor":12.0,"key":"SMITH"},{"floor":15.0,"key":"REST"}],"circlet_count":0,"master_deck":["AscendersBane","Defend_R","Defend_R","Defend_R","Defend_R","Bash","Flame Barrier","Heavy Blade+1","Sword Boomerang","Sword Boomerang","Battle Trance","Pummel","Reaper","Demon Form","Heavy Blade","Bite","Bite","Bite","Bite","Bite"],"relics":["Black Blood","NeowsBlessing","Art of War","Juzu Bracelet","Pen Nib","Golden Idol"],"acts_visited":["Exordium","TheCity"],"potions_floor_usage":[19],"damage_taken":[{"damage":0.0,"enemies":"2 Louse","floor":1.0,"turns":1.0},{"damage":0.0,"enemies":"Small Slimes","floor":4.0,"turns":1.0},{"damage":0.0,"enemies":"Lagavulin","floor":6.0,"turns":1.0},{"damage":2.0,"enemies":"Jaw Worm","floor":7.0,"turns":3.0},{"damage":25.0,"enemies":"3 Sentries","floor":11.0,"turns":6.0},{"damage":28.0,"enemies":"Exordium Wildlife","floor":14.0,"turns":5.0},{"damage":59.0,"enemies":"The Guardian","floor":16.0,"turns":13.0},{"damage":43.0,"enemies":"2 Thieves","floor":18.0,"turns":4.0},{"damage":39,"enemies":"Shell Parasite","floor":19,"turns":5},{"damage":42,"enemies":"Masked Bandits","floor":21,"turns":3}],"seed_played":"623731003151755494","potions_obtained":[{"floor":4.0,"key":"Strength Potion"},{"floor":7.0,"key":"AttackPotion"},{"floor":11.0,"key":"SpeedPotion"},{"floor":16.0,"key":"ColorlessPotion"},{"floor":18.0,"key":"Dexterity Potion"}],"is_trial":false,"path_per_floor":["M","?","?","M","$","E","M","$","T","?","E","R","?","M","R","B",null,"M","M","?","?"],"character_chosen":"IRONCLAD","items_purchased":["Sword Boomerang","Battle Trance","Pummel"],"campfire_rested":1,"item_purchase_floors":[5,8,8],"current_hp_per_floor":[74,63,63,69,69,75,75,75,75,75,56,56,56,42,62,13,54,47,20,20,0,0],"gold":204,"neow_bonus":"THREE_ENEMY_KILL","is_daily":false,"chose_seed":false,"campfire_upgraded":1,"win_rate":0.0,"timestamp":1612837319,"path_taken":["M","?","?","M","$","E","M","?","T","?","E","R","?","M","R","BOSS","M","M","?","?"],"items_purchased_type":["Card","Card","Card"],"build_version":"2020-12-22","purchased_purges":0,"victory":false,"max_hp_per_floor":[75,75,75,75,75,75,75,75,75,75,75,75,68,68,68,68,68,68,68,47,47,47],"card_choices":[{"not_picked":["Clothesline","Twin Strike"],"picked":"Flame Barrier","floor":1.0},{"not_picked":["Thunderclap","Warcry"],"picked":"Heavy Blade","floor":4.0},{"not_picked":["Rage","Shrug It Off","Flame Barrier"],"picked":"SKIP","floor":6.0},{"not_picked":["Clash","Infernal Blade"],"picked":"Sword Boomerang","floor":7.0},{"not_picked":["Sword Boomerang","Clothesline"],"picked":"Reaper","floor":11.0},{"not_picked":["Shrug It Off","Headbutt","Blood for Blood"],"picked":"SKIP","floor":14.0},{"not_picked":["Reaper","Offering"],"picked":"Demon Form","floor":16.0},{"not_picked":["Havoc","Headbutt"],"picked":"Heavy Blade","floor":18.0},{"not_picked":["Anger+1","Shrug It Off","Body Slam"],"picked":"SKIP","floor":19}],"player_experience":1049313,"relics_obtained":[{"floor":6.0,"key":"Art of War"},{"floor":9.0,"key":"Juzu Bracelet"},{"floor":11.0,"key":"Pen Nib"}],"event_choices":[{"damage_healed":0.0,"max_hp_gain":0.0,"max_hp_loss":0.0,"gold_gain":75.0,"event_name":"World of Goop","player_choice":"Gather Gold","floor":2.0,"gold_loss":0.0,"damage_taken":11.0},{"cards_removed":["Strike_R"],"damage_healed":0.0,"max_hp_gain":0.0,"max_hp_loss":0.0,"gold_gain":0.0,"event_name":"The Cleric","player_choice":"Card Removal","floor":3.0,"gold_loss":75.0,"damage_taken":0.0},{"damage_healed":0.0,"max_hp_gain":0.0,"max_hp_loss":0.0,"gold_gain":0.0,"event_name":"Liars Game","player_choice":"Ignored","floor":10.0,"gold_loss":0.0,"damage_taken":0.0},{"damage_healed":0.0,"max_hp_gain":0.0,"max_hp_loss":7.0,"gold_gain":0.0,"event_name":"Golden Idol","player_choice":"Lose Max HP","floor":13.0,"gold_loss":0.0,"damage_taken":0.0,"relics_obtained":["Golden Idol"]},{"damage_healed":0,"gold_gain":0,"player_choice":"Became a vampire","damage_taken":0,"max_hp_gain":0,"max_hp_loss":21,"event_name":"Vampires","floor":20,"gold_loss":0,"cards_obtained":["Bite","Bite","Bite","Bite","Bite"]},{"damage_healed":0,"gold_gain":0,"player_choice":"Fought Bandits","damage_taken":0,"max_hp_gain":0,"max_hp_loss":0,"event_name":"Masked Bandits","floor":21,"gold_loss":0}],"is_beta":false,"boss_relics":[{"not_picked":["Empty Cage","Velvet Choker"],"picked":"Black Blood"}],"items_purged_floors":[],"is_endless":false,"potions_floor_spawned":[4,7,11,16,18],"killed_by":"Masked Bandits","ascension_level":17}}