{"host":"tml1x4ylw9tadh99","time":1612898512,"event":{"mods":["AchievementEnabler","Act Like it!","BaseMod","Bestiary","Colored Map","Colored Powertips","DeckTracker","Friendly Minions","GifTheSpireLib","Minty Spire (QoL Compilation)","Quick Restart","Random Character Button","Random Character Mod","Relic Stats","StSLib","Synergy Search"],"gold_per_floor":[117,117,42,42,42,70,70,86,113,123,134,148,175,75,75,75,75],"floor_reached":16,"language":"ENG","playtime":1352,"items_purged":["Defend_P","Defend_P"],"score":135,"play_id":"797f3e3c-b5dd-4dbd-a66a-54426a8497c2","local_time":"20210209202152","is_ascension_mode":false,"campfire_choices":[{"data":"Eruption","floor":7,"key":"SMITH"},{"floor":15,"key":"REST"}],"circlet_count":0,"master_deck":["Strike_P","Strike_P","Strike_P","Defend_P","Defend_P","Eruption+1","Vigilance","Adaptation","Adaptation"],"relics":["PureWater","NeowsBlessing","TungstenRod","Regal Pillow","HornCleat"],"acts_visited":["Exordium"],"potions_floor_usage":[13,16,16],"damage_taken":[{"damage":0,"enemies":"2 Louse","floor":1,"turns":1},{"damage":0,"enemies":"Gremlin Nob","floor":6,"turns":1},{"damage":0,"enemies":"Cultist","floor":8,"turns":1},{"damage":0,"enemies":"Jaw Worm","floor":10,"turns":3},{"damage":4,"enemies":"3 Louse","floor":11,"turns":3},{"damage":0,"enemies":"2 Fungi Beasts","floor":12,"turns":4},{"damage":26,"enemies":"3 Sentries","floor":13,"turns":9},{"damage":72,"enemies":"Hexaghost","floor":16,"turns":9}],"seed_played":"4989948043976898017","potions_obtained":[{"floor":6,"key":"Strength Potion"},{"floor":11,"key":"Weak Potion"},{"floor":13,"key":"SpeedPotion"}],"is_trial":false,"path_per_floor":["M","?","$","$","?","E","R","M","T","M","M","M","E","$","R","B"],"character_chosen":"WATCHER","items_purchased":[],"campfire_rested":1,"item_purchase_floors":[],"current_hp_per_floor":[72,72,72,72,72,72,72,72,72,72,68,68,42,42,72,0,0],"gold":75,"neow_bonus":"THREE_ENEMY_KILL","is_daily":false,"chose_seed":false,"campfire_upgraded":1,"win_rate":0.0,"timestamp":1612898512,"path_taken":["M","?","?","$","?","E","R","M","T","M","M","M","E","?","R","BOSS"],"items_purchased_type":[],"build_version":"2020-12-22","purchased_purges":2,"victory":false,"max_hp_per_floor":[72,72,72,72,72,72,72,72,72,72,72,72,72,72,72,72,72],"relic_stats":{"Regal Pillow":9,"counters":[8,31],"obtain_stats":[{"Regal Pillow":9,"HornCleat":13,"NeowsBlessing":0,"PureWater":0,"TungstenRod":6},{"Regal Pillow":3,"HornCleat":7,"NeowsBlessing":0,"PureWater":0,"TungstenRod":2},{"Regal Pillow":3,"HornCleat":22,"NeowsBlessing":0,"PureWater":0,"TungstenRod":2}],"TungstenRod":20},"card_choices":[{"not_picked":["FlyingSleeves","SashWhip","ForeignInfluence"],"picked":"SKIP","floor":1},{"not_picked":["DevaForm","WheelKick","Conclude"],"picked":"SKIP","floor":6},{"not_picked":["Halt","CutThroughFate","LikeWater"],"picked":"SKIP","floor":8},{"not_picked":["CutThroughFate","PathToVictory","SignatureMove"],"picked":"SKIP","floor":10},{"not_picked":["LikeWater","DevaForm"],"picked":"Adaptation","floor":11},{"not_picked":["Fasting2","CutThroughFate"],"picked":"Adaptation","floor":12},{"not_picked":["BowlingBash","Crescendo","DeceiveReality"],"picked":"SKIP","floor":13}],"player_experience":45928,"relics_obtained":[{"floor":6,"key":"TungstenRod"},{"floor":9,"key":"Regal Pillow"},{"floor":13,"key":"HornCleat"}],"event_choices":[{"cards_removed":["Strike_P"],"damage_healed":0,"gold_gain":0,"player_choice":"Offered Basic","damage_taken":0,"max_hp_gain":0,"max_hp_loss":0,"event_name":"Bonfire Elementals","floor":2,"gold_loss":0},{"damage_healed":0,"gold_gain":0,"player_choice":"Leave","damage_taken":0,"max_hp_gain":0,"max_hp_loss":0,"event_name":"The Cleric","floor":5,"gold_loss":0}],"is_beta":false,"boss_relics":[],"items_purged_floors":[3,14],"is_endless":false,"potions_floor_spawned":[6,11,13],"killed_by":"Hexaghost","ascension_level":0}}