{"host":"j5j96s76v36ug78u","time":1612877901,"event":{"mods":["BaseMod","Better Third Choice","Hermit","Highlight Path","Jorbs\u0027s Wanderer Trilogy","Marisa????????","Minty Spire (QoL Compilation)","Onozuka Komachi Mod","Potion Indicator Mod","Reliquary","Robot Space Explorer","StSLib","The Blue Laboratory","The Bug Knight","The Clintock","The Cursed","The Hayseed","The Marked","The Spell Scribe","The Valiant"],"gold_per_floor":[112,40,15,66,80,80,94,94,167,197,209,47,75,104,104,247,247,289,289,289,331,12,12,12],"floor_reached":23,"language":"ENG","playtime":1915,"items_purged":["Defend_MRS"],"score":191,"play_id":"4a483a22-3de5-48c9-b1af-dc2520094106","local_time":"20210209103821","is_ascension_mode":false,"campfire_choices":[{"data":"PropBag","floor":6,"key":"SMITH"},{"data":"EarthLightRay","floor":8,"key":"SMITH"},{"data":"WitchOfGreed","floor":15,"key":"SMITH"}],"circlet_count":0,"master_deck":["Strike_MRS","Strike_MRS","Strike_MRS","Strike_MRS","Defend_MRS","Defend_MRS","Defend_MRS","MasterSpark","UpSweep","PropBag+1","IllusionStar","Acceleration","EarthLightRay+1","NonDirectionalLaser","GasGiant","WitchOfGreed+1","OneTimeOff","Robbery","OrrerysSun","StarDustReverie","SporeBomb","RitualDagger","Insight","Orbital+1","SuperPerseids","WitchOfGreed"],"relics":["MiniHakkero","reliquary:BoilingFlask","reliquary:WeakTea","Shuriken","Torii","Black Star","reliquary:TridentHead","Ornamental Fan"],"acts_visited":["Exordium","TheCity"],"potions_floor_usage":[14,16,16,23,23],"damage_taken":[{"damage":1,"enemies":"Cultist","floor":1,"turns":3},{"damage":1,"enemies":"Jaw Worm","floor":5,"turns":3},{"damage":0,"enemies":"2 Louse","floor":7,"turns":2},{"damage":6,"enemies":"3 Sentries","floor":10,"turns":2},{"damage":6,"enemies":"Large Slime","floor":11,"turns":4},{"damage":1,"enemies":"Blue Slaver","floor":13,"turns":2},{"damage":0,"enemies":"Looter","floor":14,"turns":3},{"damage":57,"enemies":"The Guardian","floor":16,"turns":11},{"damage":55,"enemies":"3 Byrds","floor":18,"turns":8},{"damage":10,"enemies":"Spheric Guardian","floor":21,"turns":3},{"damage":40,"enemies":"Book of Stabbing","floor":23,"turns":4}],"seed_played":"-5805397597606916597","potions_obtained":[{"floor":10,"key":"blueLaboratory:AbyssPotion"},{"floor":13,"key":"AttackPotion"},{"floor":13,"key":"blueLaboratory:NullPotion"},{"floor":14,"key":"AttackPotion"},{"floor":14,"key":"Ancient Potion"},{"floor":16,"key":"SpeedPotion"},{"floor":18,"key":"Ancient Potion"},{"floor":21,"key":"blueLaboratory:PhilterOfMotion"}],"is_trial":false,"path_per_floor":["M","?","$","T","M","R","M","R","T","E","M","$","M","M","R","B",null,"M","?","?","M","$","E"],"character_chosen":"MARISA","items_purchased":["IllusionStar","WitchOfGreed","OneTimeOff","reliquary:TridentHead","SuperPerseids","WitchOfGreed"],"campfire_rested":0,"item_purchase_floors":[3,12,12,22,22,22],"current_hp_per_floor":[81,81,81,81,80,80,80,80,80,74,74,74,79,82,82,43,82,33,27,27,23,23,0,0],"gold":12,"neow_bonus":"TEN_PERCENT_HP_BONUS","is_daily":false,"chose_seed":false,"campfire_upgraded":3,"win_rate":0.0,"timestamp":1612877901,"path_taken":["M","?","?","?","M","R","M","R","T","E","M","$","M","M","R","BOSS","M","?","?","M","?","E"],"items_purchased_type":["Card","Card","Card","Relic","Card","Card"],"build_version":"2020-12-22","purchased_purges":1,"victory":false,"max_hp_per_floor":[82,82,82,82,82,82,82,82,82,82,82,82,82,82,82,82,82,82,82,82,82,82,82,82],"card_choices":[{"not_picked":["DoubleSpark","ShootingEcho"],"picked":"PropBag","floor":1},{"not_picked":["GalacticHalo","StarlightTyphoon"],"picked":"Acceleration","floor":5},{"not_picked":["AsteroidBelt","Robbery"],"picked":"EarthLightRay","floor":7},{"not_picked":["Occultation","ShootingEcho"],"picked":"NonDirectionalLaser","floor":10},{"not_picked":["PowerUp","GravityBeat"],"picked":"GasGiant","floor":11},{"not_picked":["DarkSpark","IllusionStar"],"picked":"Robbery","floor":13},{"not_picked":["EnergyFlow","SporeBomb"],"picked":"OrrerysSun","floor":14},{"not_picked":["ManaRampage","AbsoluteMagnitude"],"picked":"StarDustReverie","floor":16},{"not_picked":["NonDirectionalLaser+1","SuperPerseids"],"picked":"SporeBomb","floor":18},{"not_picked":["UnstableBomb","MachineGunSpark"],"picked":"Orbital+1","floor":21}],"player_experience":169427,"relics_obtained":[{"floor":4,"key":"reliquary:WeakTea"},{"floor":9,"key":"Shuriken"},{"floor":10,"key":"Torii"}],"event_choices":[{"damage_healed":0,"gold_gain":0,"player_choice":"Paid Gold","damage_taken":0,"relics_obtained":["reliquary:BoilingFlask"],"max_hp_gain":0,"max_hp_loss":0,"event_name":"WeMeetAgain","floor":2,"gold_loss":72},{"damage_healed":0,"gold_gain":0,"player_choice":"Dagger","damage_taken":6,"max_hp_gain":0,"max_hp_loss":0,"event_name":"betterThird:BetterNest","floor":19,"gold_loss":0,"cards_obtained":["RitualDagger"]},{"damage_healed":0,"gold_gain":0,"player_choice":"Insight","damage_taken":0,"max_hp_gain":0,"max_hp_loss":0,"event_name":"betterThird:BetterWriting","floor":20,"gold_loss":0,"cards_obtained":["Insight"]}],"is_beta":false,"boss_relics":[{"not_picked":["SlaversCollar","reliquary:WritOfMandamus"],"picked":"Black Star"}],"items_purged_floors":[12],"is_endless":false,"potions_floor_spawned":[10,13,14],"killed_by":"Book of Stabbing","ascension_level":0}}