{"host":"Charlie","time":1612836363,"event":{"mods":["100% Spire Juice","Aspiration","BaseMod","Better Match","Better Skull","Better Third Choice","BetterRewards","ChefMod","Colored Map","Colored Powertips","Conspire","Curses Come First","Dota2Spire","Downfall","Ekko","Evolution","Fox Events","Friendly Minions","Halation","Hermit","Hubris","Infinite Spire","Luminous","Melee Mod","Minty Spire (QoL Compilation)","Quick Restart","Rare Cards Sparkle","Relic Stats","Reliquary","Robot Space Explorer","Shade Mod","Spicy Shops","Spire Arcade","StSLib","SuperFastMode","Synergy Search","The Animator","The Blue Laboratory","The Caster","The Cursed","The Dragon Tamer","The Gatherer","The Jungle","The Marked","The Necromancer","Unceasing Turn Reminder"],"gold_per_floor":[115,9,9,9,22,47,47,79,79,92,17,33,33,65,65,65,65],"floor_reached":16,"language":"ENG","playtime":772,"items_purged":["TheCursedMod:Strike_TheCursed"],"score":168,"play_id":"76171f7e-c229-49c8-815b-f155f0823fb2","local_time":"20210208180603","is_ascension_mode":false,"campfire_choices":[{"data":"TheCursedMod:ReleasedKnowledge","floor":7,"key":"SMITH"},{"data":"TheCursedMod:NeowsMight","floor":13,"key":"SMITH"},{"data":"TheCursedMod:BloodBarrier","floor":15,"key":"SMITH"}],"circlet_count":0,"master_deck":["TheCursedMod:Strike_TheCursed","TheCursedMod:Strike_TheCursed","TheCursedMod:Defend_TheCursed","TheCursedMod:Defend_TheCursed","TheCursedMod:Defend_TheCursed","TheCursedMod:CursedWand","TheCursedMod:CleanUpWorkshop","TheCursedMod:Dregs","TheCursedMod:CursedStaff","TheCursedMod:SpitefulPlan","TheCursedMod:Stretching","TheCursedMod:ReleasedKnowledge+1","TheCursedMod:NeowsMight+1","TheCursedMod:BloodBarrier+1"],"relics":["TheCursedMod:BlackMagic101","EVO:Axolotl","NeowsBlessing","reliquary:QuartzCube","PreservedInsect","Dota2Spire:AghanimScepter","HornCleat"],"acts_visited":["Exordium"],"potions_floor_usage":[8,8,16],"damage_taken":[{"damage":0,"enemies":"conspire:RoseBush","floor":1,"turns":1},{"damage":0,"enemies":"Small Slimes","floor":5,"turns":1},{"damage":0,"enemies":"3 Sentries","floor":6,"turns":2},{"damage":27,"enemies":"Gremlin Nob","floor":8,"turns":3},{"damage":6,"enemies":"Cultist","floor":10,"turns":3},{"damage":0,"enemies":"Exordium Thugs","floor":12,"turns":3},{"damage":0,"enemies":"Lagavulin","floor":14,"turns":5},{"damage":37,"enemies":"Hexaghost","floor":16,"turns":11}],"seed_played":"1739338344303603993","potions_obtained":[{"floor":5,"key":"blueLaboratory:FruitPunch"},{"floor":6,"key":"champ:CounterPotion"},{"floor":14,"key":"SpeedPotion"}],"is_trial":false,"path_per_floor":["M","$","?","?","M","E","R","E","T","M","$","M","R","E","R","B"],"character_chosen":"THE_CURSED","items_purchased":["TheCursedMod:SpitefulPlan"],"campfire_rested":0,"item_purchase_floors":[2],"current_hp_per_floor":[75,75,68,68,68,68,68,43,43,37,37,37,37,37,37,0,0],"gold":65,"neow_bonus":"THREE_ENEMY_KILL","is_daily":false,"chose_seed":false,"campfire_upgraded":3,"win_rate":0.0,"timestamp":1612836363,"path_taken":["M","$","?","?","M","E","R","E","T","?","?","M","R","E","R","BOSS"],"items_purchased_type":["Card"],"build_version":"2020-12-18","purchased_purges":1,"victory":false,"max_hp_per_floor":[75,75,75,75,75,75,75,77,77,77,77,77,77,77,77,77,77],"relic_stats":{"counters":[8,29],"PreservedInsect":28,"obtain_stats":[{"TheCursedMod:BlackMagic101":0,"Dota2Spire:AghanimScepter":9,"HornCleat":14,"NeowsBlessing":0,"PreservedInsect":8,"EVO:Axolotl":0,"reliquary:QuartzCube":6},{"TheCursedMod:BlackMagic101":0,"Dota2Spire:AghanimScepter":4,"HornCleat":7,"NeowsBlessing":0,"PreservedInsect":4,"EVO:Axolotl":0,"reliquary:QuartzCube":3},{"TheCursedMod:BlackMagic101":0,"Dota2Spire:AghanimScepter":7,"HornCleat":18,"NeowsBlessing":0,"PreservedInsect":7,"EVO:Axolotl":0,"reliquary:QuartzCube":4}]},"card_choices":[{"not_picked":["TheCursedMod:Stigma","TheCursedMod:SmokeScreen"],"picked":"TheCursedMod:CursedStaff","floor":1},{"not_picked":["TheCursedMod:CursedAmulet","TheCursedMod:SurpriseAttack","TheCursedMod:SpitefulStrike"],"picked":"SKIP","floor":5},{"not_picked":["TheCursedMod:WearCloak","TheCursedMod:SaltUponWound"],"picked":"TheCursedMod:ReleasedKnowledge","floor":6},{"not_picked":["TheCursedMod:Stigma","TheCursedMod:SurpriseAttack","TheCursedMod:EmpowerCircles"],"picked":"SKIP","floor":8},{"not_picked":["TheCursedMod:CursedBlade","TheCursedMod:Stigma"],"picked":"TheCursedMod:NeowsMight","floor":10},{"not_picked":["TheCursedMod:TacticalStrike","TheCursedMod:FleshFromBone"],"picked":"TheCursedMod:BloodBarrier","floor":12},{"not_picked":["TheCursedMod:AbyssShockwave","TheCursedMod:Stretching","TheCursedMod:CursedMace"],"picked":"SKIP","floor":14}],"player_experience":496181,"relics_obtained":[{"floor":6,"key":"reliquary:QuartzCube"},{"floor":8,"key":"PreservedInsect"},{"floor":9,"key":"Dota2Spire:AghanimScepter"},{"floor":14,"key":"HornCleat"}],"event_choices":[{"cards_removed":["TheCursedMod:Strike_TheCursed"],"damage_healed":0,"gold_gain":0,"player_choice":"Card Removal","damage_taken":7,"max_hp_gain":0,"max_hp_loss":0,"event_name":"Golden Wing","floor":3,"gold_loss":0},{"damage_healed":0,"gold_gain":0,"cards_transformed":["TheCursedMod:Defend_TheCursed"],"player_choice":"Transformed","damage_taken":0,"max_hp_gain":0,"max_hp_loss":0,"event_name":"Transmorgrifier","floor":4,"gold_loss":0,"cards_obtained":["TheCursedMod:Stretching"]}],"is_beta":true,"boss_relics":[],"items_purged_floors":[11],"is_endless":false,"potions_floor_spawned":[5,6,14],"killed_by":"Hexaghost","ascension_level":0}}