{"host":"og21o26alpnbwmz8","time":1612907202,"event":{"mods":["Act Like it!","Aspiration","BaseMod","Beaked The Cultist","Conspire","Downfall","Gensokyo","Halation","Hubris","Jedi Mod","Mimic Mod","Minty Spire (QoL Compilation)","Pale of the Ancients","Reliquary","Replay The Spire","Shop Mod","Spikes Relics","StSLib","The Alterego","The Blackbeard","The Blue Laboratory","The Bug Knight","The Hierophant","The Spell Scribe","Waifu the Spire"],"gold_per_floor":[119,119,119,119,136,169,169,129,129,129,20,20,20,34,34,45,45],"floor_reached":16,"language":"ENG","playtime":558,"items_purged":["hierophant:Strike_Hierophant"],"score":133,"play_id":"3f8989c6-fc9d-4bcc-b896-519823d6abd5","local_time":"20210209164642","is_ascension_mode":false,"campfire_choices":[{"data":"hierophant:MorningPrayer","floor":7,"key":"SMITH"},{"data":"hierophant:ChurchCoffers","floor":10,"key":"SMITH"},{"data":"hierophant:HolyVerse","floor":12,"key":"SMITH"}],"circlet_count":0,"master_deck":["hierophant:HolyVerse+1","hierophant:Defend_Hierophant","hierophant:Defend_Hierophant","hierophant:Defend_Hierophant","hierophant:Defend_Hierophant","hierophant:ChurchCoffers+1","hierophant:MorningPrayer+1","hierophant:Determination+1","hierophant:HolyVerse","hierophant:HolyVerse+1"],"relics":["hierophant:PropheticMaskRelic","Happy Flower","Sundial","halation:IllGainedPizza","halation:TwoAmDonut"],"acts_visited":["Exordium"],"potions_floor_usage":[8],"damage_taken":[{"damage":4,"enemies":"Gensokyo:Python","floor":1,"turns":3},{"damage":1,"enemies":"Gensokyo:Gryphon","floor":2,"turns":4},{"damage":0,"enemies":"Gensokyo:2_Kodama","floor":5,"turns":2},{"damage":0,"enemies":"Gensokyo:Mamizou","floor":6,"turns":10},{"damage":34,"enemies":"Gensokyo:Aya","floor":8,"turns":11},{"damage":10,"enemies":"Gensokyo:VengefulSpirit","floor":14,"turns":4},{"damage":1,"enemies":"Gensokyo:Kokoro","floor":16,"turns":9}],"seed_played":"2880223825374773744","potions_obtained":[{"floor":1,"key":"blueLaboratory:BottledHope"},{"floor":8,"key":"Elixir"}],"is_trial":false,"path_per_floor":["M","M","?","?","M","E","R","E","T","R","$","R","$","M","R","B"],"character_chosen":"HIEROPHANT","items_purchased":["hierophant:HolyVerse"],"campfire_rested":0,"item_purchase_floors":[11],"current_hp_per_floor":[71,70,40,40,40,40,40,28,28,28,28,28,28,39,61,60,60],"gold":45,"neow_bonus":"TRANSFORM_CARD","is_daily":false,"chose_seed":false,"campfire_upgraded":3,"win_rate":0.0,"timestamp":1612907202,"path_taken":["M","M","?","?","?","E","R","E","T","R","?","R","$","M","R","BOSS"],"items_purchased_type":["Card"],"build_version":"2020-12-22","purchased_purges":1,"victory":false,"max_hp_per_floor":[75,75,75,75,75,75,75,75,75,75,75,75,75,75,75,75,75],"card_choices":[{"not_picked":["hierophant:EyeForCoin","hierophant:Remorse"],"picked":"hierophant:MorningPrayer","floor":1},{"not_picked":["hierophant:Purify","hierophant:RustyCrate","hierophant:ThreeLashes"],"picked":"SKIP","floor":2},{"not_picked":["hierophant:OrnateBuckler","hierophant:Zeal","hierophant:AuricBeam"],"picked":"SKIP","floor":5},{"not_picked":["hierophant:Rebuild","hierophant:ConvertCurrency"],"picked":"hierophant:Determination","floor":6},{"not_picked":["hierophant:Community","hierophant:Encroach","hierophant:Remorse"],"picked":"SKIP","floor":8},{"not_picked":["hierophant:Doubloon","hierophant:Shelter","hierophant:RepressedViolence"],"picked":"SKIP","floor":14}],"player_experience":324520,"relics_obtained":[{"floor":6,"key":"Sundial"},{"floor":8,"key":"halation:IllGainedPizza"},{"floor":9,"key":"halation:TwoAmDonut"}],"event_choices":[],"is_beta":false,"boss_relics":[],"items_purged_floors":[11],"is_endless":false,"potions_floor_spawned":[1,8],"killed_by":"Gensokyo:Kokoro","ascension_level":0}}