{"host":"ijtyqc57s6c9mbij","time":1612847890,"event":{"mods":["AchievementEnabler","BaseMod","Colored Map","Minty Spire (QoL Compilation)","StSLib"],"gold_per_floor":[210,210,210,225,1,1,21,21,21,21,21,33,50,63,63,165,165,135,135,135,135,135,135,135,50,50,4,4,4,4,4,4,4,4,4,4,4,4,4,4,4,4,4,4,4,4,4,4,4,4,4,4,4,4,4,4],"floor_reached":55,"language":"ENG","playtime":3047,"items_purged":["Strike_B"],"score":757,"play_id":"484323af-ae28-4721-a554-73ffa47622aa","local_time":"20210208211810","is_ascension_mode":false,"campfire_choices":[{"data":"Scrape","floor":6,"key":"SMITH"},{"data":"Turbo","floor":8,"key":"SMITH"},{"data":"Glacier","floor":10,"key":"SMITH"},{"data":"Defragment","floor":15,"key":"SMITH"},{"data":"Genetic Algorithm","floor":23,"key":"SMITH"},{"floor":29,"key":"RECALL"},{"data":"Sunder","floor":32,"key":"SMITH"},{"floor":40,"key":"REST"},{"data":"Seek","floor":42,"key":"SMITH"},{"data":"Meteor Strike","floor":49,"key":"SMITH"},{"data":"Multi-Cast","floor":52,"key":"SMITH"}],"circlet_count":0,"master_deck":["Defend_B","Defend_B","Zap","Dualcast","Glacier+1","Scrape+1","Turbo+1","Chill","Self Repair","Defragment+1","Meteor Strike+1","Genetic Algorithm+1","Scrape+1","Bite","Bite","Bite","Bite","Cold Snap","Sunder+1","Ball Lightning","Multi-Cast+1","Streamline+1","Storm+1","Seek+1","Go for the Eyes+1","Darkness+1","Beam Cell+1","Stack","Reinforced Body","Double Energy+1","Leap+1"],"relics":["Cracked Core","Vajra","Ectoplasm","Dead Branch","Pen Nib","Bag of Preparation","Inserter","Lizard Tail","Du-Vu Doll","Mummified Hand","Pantograph","Strawberry"],"acts_visited":["Exordium","TheCity","TheBeyond","TheEnding"],"potions_floor_usage":[16,16,18,24,28,33,46,50,54,55],"damage_taken":[{"damage":3,"enemies":"Jaw Worm","floor":1,"turns":4},{"damage":0,"enemies":"2 Louse","floor":4,"turns":3},{"damage":1,"enemies":"Cultist","floor":7,"turns":3},{"damage":1,"enemies":"Exordium Thugs","floor":12,"turns":4},{"damage":3,"enemies":"Looter","floor":13,"turns":3},{"damage":10,"enemies":"Blue Slaver","floor":14,"turns":3},{"damage":0,"enemies":"Slime Boss","floor":16,"turns":4},{"damage":6,"enemies":"2 Thieves","floor":18,"turns":3},{"damage":6,"enemies":"Spheric Guardian","floor":19,"turns":3},{"damage":3,"enemies":"Snake Plant","floor":21,"turns":6},{"damage":12,"enemies":"Centurion and Healer","floor":24,"turns":7},{"damage":21,"enemies":"Book of Stabbing","floor":28,"turns":4},{"damage":1,"enemies":"Cultist and Chosen","floor":30,"turns":4},{"damage":3,"enemies":"Snake Plant","floor":31,"turns":4},{"damage":61,"enemies":"Champ","floor":33,"turns":12},{"damage":22,"enemies":"3 Darklings","floor":35,"turns":6},{"damage":19,"enemies":"Mind Bloom Boss Battle","floor":36,"turns":7},{"damage":22,"enemies":"2 Orb Walkers","floor":37,"turns":5},{"damage":17,"enemies":"Giant Head","floor":41,"turns":8},{"damage":0,"enemies":"3 Shapes","floor":44,"turns":2},{"damage":0,"enemies":"3 Darklings","floor":46,"turns":7},{"damage":13,"enemies":"Writhing Mass","floor":48,"turns":4},{"damage":23,"enemies":"Awakened One","floor":50,"turns":8},{"damage":16,"enemies":"Shield and Spear","floor":54,"turns":5},{"damage":138,"enemies":"The Heart","floor":55,"turns":6}],"seed_played":"7362299419614351083","potions_obtained":[{"floor":1,"key":"SkillPotion"},{"floor":7,"key":"PowerPotion"},{"floor":13,"key":"Explosive Potion"},{"floor":19,"key":"FearPotion"},{"floor":24,"key":"Block Potion"},{"floor":28,"key":"PowerPotion"},{"floor":41,"key":"Explosive Potion"},{"floor":46,"key":"Energy Potion"},{"floor":47,"key":"Block Potion"},{"floor":47,"key":"EssenceOfSteel"}],"is_trial":false,"path_per_floor":["M","?","?","M","$","R","M","R","T","R","?","M","M","M","R","B",null,"M","M","?","M","?","R","M","?","T","$","E","R","M","M","R","B",null,"M","?","?","$","?","R","E","R","T","M","$","M","?","M","R","B",null,"R","$","E","B"],"character_chosen":"DEFECT","items_purchased":["Vajra","Ball Lightning"],"campfire_rested":1,"item_purchase_floors":[5,27],"current_hp_per_floor":[72,65,65,65,65,65,64,64,64,64,64,63,67,57,57,64,75,75,75,52,52,44,44,57,57,57,57,40,40,45,50,50,9,57,41,39,28,28,28,45,47,47,47,47,47,57,57,46,46,44,57,57,57,57,0,0],"gold":4,"neow_bonus":"HUNDRED_GOLD","is_daily":false,"chose_seed":false,"campfire_upgraded":9,"win_rate":0.0,"timestamp":1612847890,"path_taken":["M","?","?","?","?","R","M","R","T","R","?","M","M","M","R","BOSS","M","M","?","M","?","R","M","?","T","?","E","R","M","?","R","BOSS","M","?","?","$","?","R","E","R","T","M","$","?","?","?","R","BOSS","R","$","E","BOSS"],"items_purchased_type":["Relic","Card"],"build_version":"2020-12-22","purchased_purges":1,"victory":false,"max_hp_per_floor":[75,75,75,75,75,75,75,75,75,75,75,75,75,75,75,75,75,75,75,52,52,57,57,57,57,57,57,57,57,57,57,57,57,57,57,57,57,57,57,57,57,57,57,57,57,57,57,57,57,57,57,57,57,64,64,64],"card_choices":[{"not_picked":["Barrage","Gash"],"picked":"Glacier","floor":1},{"not_picked":["Reinforced Body","Static Discharge"],"picked":"Scrape","floor":4},{"not_picked":["Sweeping Beam","Tempest"],"picked":"Turbo","floor":7},{"not_picked":["Beam Cell","Stack"],"picked":"Self Repair","floor":12},{"not_picked":["Leap","Rebound"],"picked":"Defragment","floor":13},{"not_picked":["Compile Driver","Auto Shields","Glacier"],"picked":"SKIP","floor":14},{"not_picked":["Amplify","Machine Learning"],"picked":"Meteor Strike","floor":16},{"not_picked":["Force Field","Heatsinks"],"picked":"Genetic Algorithm","floor":18},{"not_picked":["BootSequence","Fusion"],"picked":"Scrape+1","floor":19},{"not_picked":["Redo","Steam+1"],"picked":"Cold Snap","floor":21},{"not_picked":["Beam Cell","Coolheaded"],"picked":"Sunder","floor":24},{"not_picked":["Stack","Consume"],"picked":"Multi-Cast","floor":28},{"not_picked":["Doom and Gloom","Ball Lightning"],"picked":"Streamline+1","floor":30},{"not_picked":["Hello World","Beam Cell"],"picked":"Storm+1","floor":31},{"not_picked":["Reboot","Rainbow"],"picked":"Seek","floor":33},{"not_picked":["Reinforced Body+1","Consume+1"],"picked":"Go for the Eyes+1","floor":35},{"not_picked":["Gash+1","Redo+1"],"picked":"Darkness+1","floor":36},{"not_picked":["Steam Power","Cold Snap"],"picked":"Beam Cell+1","floor":37},{"not_picked":["Rip and Tear+1","Redo+1","Gash"],"picked":"SKIP","floor":41},{"not_picked":["Barrage","Scrape"],"picked":"Stack","floor":44},{"not_picked":["Thunder Strike","Streamline"],"picked":"Reinforced Body","floor":46},{"not_picked":["Coolheaded+1","Reprogram"],"picked":"Double Energy+1","floor":48},{"not_picked":["Darkness","Conserve Battery+1"],"picked":"Leap+1","floor":54}],"player_experience":843710,"relics_obtained":[{"floor":26,"key":"Pen Nib"},{"floor":28,"key":"Bag of Preparation"},{"floor":36,"key":"Lizard Tail"},{"floor":37,"key":"Du-Vu Doll"},{"floor":41,"key":"Mummified Hand"},{"floor":43,"key":"Pantograph"},{"floor":54,"key":"Strawberry"}],"event_choices":[{"cards_removed":["Defend_B"],"damage_healed":0,"gold_gain":0,"player_choice":"Card Removal","damage_taken":7,"max_hp_gain":0,"max_hp_loss":0,"event_name":"Golden Wing","floor":2,"gold_loss":0},{"cards_removed":["Strike_B"],"damage_healed":0,"gold_gain":0,"player_choice":"Offered Basic","damage_taken":0,"max_hp_gain":0,"max_hp_loss":0,"event_name":"Bonfire Elementals","floor":3,"gold_loss":0},{"damage_healed":0,"gold_gain":0,"cards_transformed":["Defend_B"],"player_choice":"Change","damage_taken":0,"max_hp_gain":0,"max_hp_loss":0,"event_name":"Living Wall","floor":11,"gold_loss":0,"cards_obtained":["Chill"]},{"damage_healed":0,"gold_gain":0,"player_choice":"Became a vampire","damage_taken":0,"max_hp_gain":0,"max_hp_loss":23,"event_name":"Vampires","floor":20,"gold_loss":0,"cards_obtained":["Bite","Bite","Bite","Bite","Bite"]},{"damage_healed":0,"gold_gain":0,"player_choice":"Shed Blood","damage_taken":13,"max_hp_gain":5,"max_hp_loss":0,"event_name":"Forgotten Altar","floor":22,"gold_loss":0},{"damage_healed":0,"gold_gain":0,"player_choice":"Obtained Relic","damage_taken":0,"relics_obtained":["Dead Branch"],"max_hp_gain":0,"max_hp_loss":0,"event_name":"Addict","floor":25,"gold_loss":85},{"damage_healed":0,"gold_gain":0,"player_choice":"Fight","damage_taken":0,"max_hp_gain":0,"max_hp_loss":0,"event_name":"MindBloom","floor":36,"gold_loss":0},{"damage_healed":0,"gold_gain":0,"player_choice":"Fight","damage_taken":0,"max_hp_gain":0,"max_hp_loss":0,"event_name":"Mysterious Sphere","floor":37,"gold_loss":0},{"cards_removed":["Bite"],"damage_healed":0,"gold_gain":0,"player_choice":"Purged","damage_taken":0,"max_hp_gain":0,"max_hp_loss":0,"event_name":"Purifier","floor":39,"gold_loss":0},{"damage_healed":0,"gold_gain":0,"player_choice":"Got Potions","damage_taken":0,"max_hp_gain":0,"max_hp_loss":0,"event_name":"Lab","floor":47,"gold_loss":0}],"is_beta":false,"boss_relics":[{"not_picked":["Empty Cage","Black Star"],"picked":"Ectoplasm"},{"not_picked":["Calling Bell","Pandora\u0027s Box"],"picked":"Inserter"}],"items_purged_floors":[5],"is_endless":false,"potions_floor_spawned":[1,7,13,19,24,28,41,46,48],"killed_by":"The Heart","ascension_level":0}}