{"host":"mgjbkrm6zb65cm01","time":1612880508,"event":{"mods":["ATMod(°¢èªMod)","BaseMod","Conspire","Good Game Mod","Minty Spire (QoL Compilation)","Quick Restart","Relic Stats","Replay The Spire","Spicy Shops","StSLib","The Servant 0.9.4","UnlockEverythingMod","noobMod"],"gold_per_floor":[118,136,236,6,23,23,23,53,53,70,86,111,211,224,224,319,319,319,319],"floor_reached":18,"language":"ZHS","playtime":1007,"items_purged":["Defend_G"],"score":162,"play_id":"faf23962-946f-4a5e-a22a-89e31caa9eb9","local_time":"20210209222148","is_ascension_mode":false,"campfire_choices":[{"data":"Infinite Blades","floor":6.0,"key":"SMITH"},{"data":"Strike_G","floor":15,"key":"PURGE"}],"circlet_count":0,"master_deck":["Strike_G","Strike_G","Strike_G","Strike_G","Defend_G","Defend_G","Defend_G","Defend_G","Survivor","Neutralize","ConjureBlade","Dagger Spray","Prepared","Infinite Blades+1","Leg Sweep","Prepared","Backstab","AT_EssenceShift"],"relics":["Ring of the Snake","REME:ComplimentaryCards","ice","AT_ATBox","NeowsBlessing","Kunai","AT_ImmortalShieldbow","Philosopher\u0027s Stone"],"acts_visited":["Exordium","TheCity"],"potions_floor_usage":[12,12,14],"damage_taken":[{"damage":0.0,"enemies":"2 Louse","floor":1.0,"turns":1.0},{"damage":0.0,"enemies":"Cultist","floor":2.0,"turns":1.0},{"damage":0.0,"enemies":"Small Slimes","floor":5.0,"turns":1.0},{"damage":12,"enemies":"2 Fungi Beasts","floor":10,"turns":3},{"damage":21,"enemies":"Large Slime","floor":11,"turns":6},{"damage":29,"enemies":"3 Sentries","floor":12,"turns":10},{"damage":4,"enemies":"3 Louse","floor":14,"turns":3},{"damage":19,"enemies":"The Guardian","floor":16,"turns":12},{"damage":0,"enemies":"2 Thieves","floor":18,"turns":1}],"seed_played":"7011327129264834922","potions_obtained":[{"floor":10,"key":"Adrenaline Potion"},{"floor":11,"key":"GhostInAJar"},{"floor":12,"key":"Block Potion"},{"floor":16,"key":"FairyPotion"}],"is_trial":false,"path_per_floor":["M","M","?","$","M","R","?","?","T","M","M","E","?","M","R","B",null,"M"],"character_chosen":"THE_SILENT","items_purchased":["Infinite Blades","Leg Sweep"],"campfire_rested":0,"item_purchase_floors":[4,4],"current_hp_per_floor":[70,70,70,70,70,70,70,70,70,58,37,8,8,13,13,5,70,70,70],"gold":319,"neow_bonus":"THREE_ENEMY_KILL","is_daily":false,"chose_seed":false,"campfire_upgraded":1,"win_rate":0.0,"timestamp":1612880508,"path_taken":["M","M","?","$","?","R","?","?","T","M","M","E","?","M","R","BOSS","M"],"items_purchased_type":["Card","Card"],"build_version":"2020-12-22","purchased_purges":1,"victory":false,"max_hp_per_floor":[70,70,70,70,70,70,70,70,70,70,70,70,70,70,70,70,70,70,70],"relic_stats":{"counters":[9,38],"Kunai":[15],"obtain_stats":[{"AT_ImmortalShieldbow":12,"REME:ComplimentaryCards":0,"AT_ATBox":0,"NeowsBlessing":0,"Philosopher\u0027s Stone":17,"ice":0,"Kunai":9,"Ring of the Snake":0},{"AT_ImmortalShieldbow":6,"REME:ComplimentaryCards":0,"AT_ATBox":0,"NeowsBlessing":0,"Philosopher\u0027s Stone":8,"ice":0,"Kunai":3,"Ring of the Snake":0},{"AT_ImmortalShieldbow":22,"REME:ComplimentaryCards":0,"AT_ATBox":0,"NeowsBlessing":0,"Philosopher\u0027s Stone":37,"ice":0,"Kunai":3,"Ring of the Snake":0}],"Ring of the Snake":[18]},"card_choices":[{"not_picked":["Underhanded Strike","Prepared"],"picked":"Dagger Spray","floor":1.0},{"not_picked":["Eviscerate","Underhanded Strike"],"picked":"Prepared","floor":2.0},{"not_picked":["PiercingWail","ReplayTheSpireMod:Speed Training","Catalyst"],"picked":"SKIP","floor":5.0},{"not_picked":["Caltrops","AT_KingSlayer","Tactician"],"picked":"SKIP","floor":10},{"not_picked":["Deflect","PiercingWail"],"picked":"Prepared","floor":11},{"not_picked":["Cloak And Dagger","Dagger Spray"],"picked":"Backstab","floor":12},{"not_picked":["Poisoned Stab","Slice","Deadly Poison"],"picked":"SKIP","floor":14},{"not_picked":["Atom Bomb","Night Terror"],"picked":"AT_EssenceShift","floor":16}],"player_experience":149767,"relics_obtained":[{"floor":9,"key":"Kunai"},{"floor":12,"key":"AT_ImmortalShieldbow"}],"event_choices":[{"damage_healed":0.0,"max_hp_gain":0.0,"max_hp_loss":0.0,"gold_gain":100.0,"event_name":"Golden Shrine","player_choice":"Pray","floor":3.0,"gold_loss":0.0,"damage_taken":0.0},{"damage_healed":0.0,"max_hp_gain":0.0,"max_hp_loss":0.0,"gold_gain":0.0,"event_name":"Liars Game","player_choice":"Ignored","floor":7.0,"gold_loss":0.0,"damage_taken":0.0},{"damage_healed":0,"gold_gain":30,"player_choice":"Searched \u00271\u0027 times","damage_taken":0,"max_hp_gain":0,"max_hp_loss":0,"event_name":"Dead Adventurer","floor":8,"gold_loss":0},{"damage_healed":0,"gold_gain":100,"player_choice":"Pray","damage_taken":0,"max_hp_gain":0,"max_hp_loss":0,"event_name":"Golden Shrine","floor":13,"gold_loss":0}],"is_beta":false,"boss_relics":[{"not_picked":["WristBlade","conspire:SpecialSausage"],"picked":"Philosopher\u0027s Stone"}],"items_purged_floors":[4],"is_endless":false,"potions_floor_spawned":[10,11,12,16],"killed_by":"2 Thieves","ascension_level":0}}