{"host":"fvfv74rwxn7g5wli","time":1612848300,"event":{"mods":["BaseMod","Better Third Choice","Colored Powertips","DeckTracker","Downfall","GifTheSpireLib","Minty Spire (QoL Compilation)","Potionbrewer","Quick Restart","Reliquary","StSLib"],"gold_per_floor":[110,185,97,0,0,0,0,34,34,34,46,46,46,72,72,177,177,197,197,209,124,124,157,172,172,172,172,172,172,207,207,207,307,307,323,293,313,328,328,328,36,36,84,84,61,61,80,114,114,114],"floor_reached":51,"language":"ENG","playtime":1168,"items_purged":[],"score":1138,"play_id":"a6d1b0d9-9956-4a5c-a8b1-8e95124df750","local_time":"20210208212500","daily_mods":["SealedDeck","Vintage","Heirloom","Time Dilation","Flight"],"is_ascension_mode":false,"campfire_choices":[{"data":"Enlightenment","floor":6,"key":"SMITH"},{"data":"Enlightenment","floor":7,"key":"SMITH"},{"data":"Pommel Strike","floor":10,"key":"SMITH"},{"data":"Perfected Strike","floor":15,"key":"SMITH"},{"data":"Perfected Strike","floor":25,"key":"SMITH"},{"data":"Clash","floor":27,"key":"SMITH"},{"data":"Clash","floor":28,"key":"SMITH"},{"data":"Clash","floor":29,"key":"SMITH"},{"data":"Clash","floor":32,"key":"SMITH"},{"floor":40,"key":"REST"},{"data":"Twin Strike","floor":42,"key":"SMITH"},{"floor":44,"key":"REST"},{"data":"Flex","floor":46,"key":"SMITH"},{"data":"Perfected Strike","floor":49,"key":"SMITH"}],"circlet_count":0,"master_deck":["Anger+1","Perfected Strike+1","Perfected Strike+1","Perfected Strike+1","Pommel Strike+1","Clash+1","Clash+1","Clash+1","Anger+1","Enlightenment+1","Enlightenment+1","Clash+1","Intimidate+1","Insight+1","Twin Strike+1","Flex+1","Perfected Strike+1"],"relics":["Burning Blood","TungstenRod","Art of War","potionbrewer:ToyAutogyro","Prayer Wheel","Pear","Dead Branch","Runic Cube","Nunchaku","StoneCalendar","potionbrewer:DrinkingBird","sneckomod:BlankCard","Kunai","Incense Burner","reliquary:Crutches","potionbrewer:BhaskarasWheel","Shuriken","reliquary:MedicineBall","Toy Ornithopter","Bottled Flame","reliquary:WeakTea","reliquary:TatteredRug","FossilizedHelix"],"acts_visited":["Exordium","TheCity","TheBeyond"],"potions_floor_usage":[16,33,35,50,50],"damage_taken":[{"damage":6,"enemies":"Small Slimes","floor":1,"turns":2},{"damage":8,"enemies":"3 Sentries","floor":8,"turns":4},{"damage":0,"enemies":"Jaw Worm","floor":11,"turns":1},{"damage":0,"enemies":"Gremlin Nob","floor":14,"turns":2},{"damage":0,"enemies":"Slime Boss","floor":16,"turns":3},{"damage":9,"enemies":"2 Thieves","floor":18,"turns":2},{"damage":10,"enemies":"Shell Parasite","floor":20,"turns":2},{"damage":0,"enemies":"Gremlin Leader","floor":23,"turns":3},{"damage":0,"enemies":"Centurion and Healer","floor":24,"turns":2},{"damage":18,"enemies":"Slavers","floor":30,"turns":2},{"damage":0,"enemies":"Collector","floor":33,"turns":2},{"damage":7,"enemies":"3 Darklings","floor":35,"turns":2},{"damage":8,"enemies":"3 Shapes","floor":37,"turns":2},{"damage":2,"enemies":"Maw","floor":38,"turns":4},{"damage":5,"enemies":"3 Darklings","floor":47,"turns":1},{"damage":5,"enemies":"Reptomancer","floor":48,"turns":1},{"damage":0,"enemies":"Time Eater","floor":50,"turns":5}],"seed_played":"-4907913234814451621","potions_obtained":[{"floor":1,"key":"EssenceOfSteel"},{"floor":20,"key":"PowerPotion"},{"floor":33,"key":"ColorlessPotion"},{"floor":35,"key":"potionbrewer:BlacksmithPotion"},{"floor":36,"key":"potionbrewer:DiscountPotion"},{"floor":47,"key":"EssenceOfSteel"},{"floor":48,"key":"SneckoOil"}],"is_trial":true,"path_per_floor":["M","?","$","?","?","R","R","E","T","R","M","$","?","E","R","B",null,"M","?","M","?","?","E","M","R","T","R","R","R","E","?","R","B",null,"M","?","M","M","?","R","$","R","T","R","$","R","M","E","R","B",null],"character_chosen":"IRONCLAD","items_purchased":["Enlightenment","Bottled Flame","Twin Strike","Flex"],"campfire_rested":2,"item_purchase_floors":[3,41,41,45],"current_hp_per_floor":[80,70,70,76,76,76,76,74,74,74,90,90,95,101,101,101,101,98,98,94,94,94,100,101,101,101,101,101,101,89,89,89,95,101,100,100,98,101,101,101,101,101,101,101,101,101,101,101,101,101],"gold":114,"neow_bonus":"","is_daily":false,"chose_seed":false,"campfire_upgraded":12,"win_rate":0.0,"timestamp":1612848300,"path_taken":["M","?","$","?","?","R","R","E","T","R","?","?","?","E","R","BOSS","M","?","?","?","?","E","?","R","T","R","R","R","E","?","R","BOSS","M","?","?","M","?","R","$","R","T","R","$","R","M","E","R","BOSS"],"items_purchased_type":["Card","Relic","Card","Card"],"build_version":"2020-12-22","purchased_purges":0,"victory":true,"max_hp_per_floor":[80,80,80,86,86,86,86,86,86,86,96,96,101,101,101,101,101,101,101,101,101,101,101,101,101,101,101,101,101,101,101,101,101,101,101,101,101,101,101,101,101,101,101,101,101,101,101,101,101,101],"card_choices":[{"not_picked":["Headbutt","Cleave","True Grit"],"picked":"SKIP","floor":8},{"not_picked":["Blood for Blood","Exhume","Sever Soul"],"picked":"SKIP","floor":14},{"not_picked":["Rampage","Dropkick"],"picked":"Intimidate+1","floor":23},{"not_picked":["Heavy Blade","Second Wind","Iron Wave"],"picked":"SKIP","floor":30},{"not_picked":["Cleave+1","Spot Weakness"],"picked":"Perfected Strike","floor":48}],"player_experience":99507,"relics_obtained":[{"floor":1,"key":"Art of War"},{"floor":8,"key":"potionbrewer:ToyAutogyro"},{"floor":9,"key":"Prayer Wheel"},{"floor":11,"key":"Pear"},{"floor":14,"key":"Dead Branch"},{"floor":18,"key":"Nunchaku"},{"floor":20,"key":"StoneCalendar"},{"floor":23,"key":"sneckomod:BlankCard"},{"floor":24,"key":"Kunai"},{"floor":26,"key":"Incense Burner"},{"floor":30,"key":"reliquary:Crutches"},{"floor":35,"key":"Shuriken"},{"floor":37,"key":"reliquary:MedicineBall"},{"floor":38,"key":"Toy Ornithopter"},{"floor":43,"key":"reliquary:WeakTea"},{"floor":47,"key":"reliquary:TatteredRug"},{"floor":48,"key":"FossilizedHelix"}],"event_choices":[{"damage_healed":0,"gold_gain":75,"player_choice":"Gold","damage_taken":11,"max_hp_gain":0,"max_hp_loss":0,"event_name":"betterThird:BetterGoop","floor":2,"gold_loss":0},{"damage_healed":0,"gold_gain":0,"player_choice":"RENOUNCE","damage_taken":97,"max_hp_gain":0,"max_hp_loss":0,"event_name":"betterThird:BetterSerpent","floor":4,"gold_loss":97,"cards_obtained":["Enlightenment"]},{"cards_removed":["Perfected Strike"],"damage_healed":0,"gold_gain":0,"player_choice":"Purged","damage_taken":0,"max_hp_gain":0,"max_hp_loss":0,"event_name":"Purifier","floor":5,"gold_loss":0},{"damage_healed":0,"gold_gain":0,"player_choice":"Donut","damage_taken":0,"max_hp_gain":5,"max_hp_loss":0,"event_name":"Big Fish","floor":13,"gold_loss":0},{"damage_healed":0,"gold_gain":0,"player_choice":"Copied","damage_taken":0,"max_hp_gain":0,"max_hp_loss":0,"event_name":"Duplicator","floor":19,"gold_loss":0,"cards_obtained":["Clash"]},{"damage_healed":0,"gold_gain":0,"player_choice":"Obtained Relic","damage_taken":0,"relics_obtained":["potionbrewer:DrinkingBird"],"max_hp_gain":0,"max_hp_loss":0,"event_name":"Addict","floor":21,"gold_loss":85},{"damage_healed":0,"gold_gain":0,"player_choice":"Forge","damage_taken":0,"max_hp_gain":0,"max_hp_loss":0,"event_name":"Accursed Blacksmith","floor":22,"gold_loss":0,"cards_upgraded":["Perfected Strike"]},{"damage_healed":0,"gold_gain":0,"player_choice":"Insight","damage_taken":1,"max_hp_gain":0,"max_hp_loss":0,"event_name":"betterThird:BetterWriting","floor":31,"gold_loss":0,"cards_obtained":["Insight"]},{"damage_healed":0,"gold_gain":0,"player_choice":"Bought 2 Potions","damage_taken":0,"max_hp_gain":0,"max_hp_loss":0,"event_name":"The Woman in Blue","floor":36,"gold_loss":0},{"damage_healed":0,"gold_gain":0,"player_choice":"Upgraded","damage_taken":0,"max_hp_gain":0,"max_hp_loss":0,"event_name":"Upgrade Shrine","floor":39,"gold_loss":0,"cards_upgraded":["Anger"]}],"is_beta":false,"boss_relics":[{"not_picked":["SacredBark","Snecko Eye"],"picked":"Runic Cube"},{"not_picked":["bronze:MakeshiftBattery","SlaversCollar"],"picked":"potionbrewer:BhaskarasWheel"}],"items_purged_floors":[],"is_endless":false,"potions_floor_spawned":[1,20,33,35,47,48],"ascension_level":0}}