{"host":"pqs17sqrgflf4eqa","time":1612899072,"event":{"mods":["AchievementEnabler","BaseMod","Bestiary","Better Altar","Colored Map","Colored Powertips","Emptier Cage","Googly Eyes","Highlight Path","Minty Spire (QoL Compilation)","Quick Restart","StSLib","SuperFastMode","Transform Curses","slay the spire mod where everything is the same but ironclad has a cowboy hat"],"gold_per_floor":[417,417,432,448,448,448,463,463,510,2,28,28,28,28,28,128,128,140,140,92,92,107,134,134,150,175,190,190,206,221,0,0,0,0],"floor_reached":33,"language":"ENG","playtime":676,"items_purged":["Normality"],"score":438,"play_id":"0a960760-aaba-4a27-9be8-6a5cee610fbc","local_time":"20210209143112","is_ascension_mode":true,"campfire_choices":[{"data":"Eruption","floor":6.0,"key":"SMITH"},{"floor":13.0,"key":"REST"},{"data":"Crescendo","floor":15.0,"key":"SMITH"},{"data":"CarveReality","floor":24,"key":"SMITH"},{"floor":28,"key":"REST"},{"floor":32,"key":"REST"}],"circlet_count":0,"master_deck":["Strike_P+1","Strike_P+1","Strike_P+1","Defend_P+1","Defend_P+1","Defend_P+1","Defend_P+1","Eruption+1","Vigilance+1","CutThroughFate+1","FlurryOfBlows","FlurryOfBlows","SashWhip+1","FollowUp","CarveReality","Crescendo+1","Ragnarok","Consecrate","Consecrate","ClearTheMind+1","CarveReality+1","CrushJoints","Prostrate+1","EmptyFist","SashWhip+1","Prostrate+1"],"relics":["PureWater","Old Coin","Blood Vial","Oddly Smooth Stone","Unceasing Top","Whetstone","Yang","Black Star","Toxic Egg 2","MealTicket","War Paint","Bag of Preparation"],"acts_visited":["Exordium","TheCity"],"potions_floor_usage":[23,23,33,33],"damage_taken":[{"damage":0.0,"enemies":"Cultist","floor":1.0,"turns":3.0},{"damage":16.0,"enemies":"Small Slimes","floor":3.0,"turns":2.0},{"damage":0.0,"enemies":"2 Louse","floor":4.0,"turns":2.0},{"damage":44.0,"enemies":"Exordium Thugs","floor":7.0,"turns":4.0},{"damage":0.0,"enemies":"Lagavulin","floor":11.0,"turns":4.0},{"damage":0.0,"enemies":"Slime Boss","floor":16.0,"turns":5.0},{"damage":28.0,"enemies":"Shell Parasite","floor":18.0,"turns":2.0},{"damage":0.0,"enemies":"2 Thieves","floor":22.0,"turns":4.0},{"damage":0,"enemies":"Gremlin Leader","floor":23,"turns":2},{"damage":18,"enemies":"Snecko","floor":25,"turns":3},{"damage":24,"enemies":"Chosen and Byrds","floor":27,"turns":3},{"damage":18,"enemies":"Snake Plant","floor":29,"turns":3},{"damage":3,"enemies":"Centurion and Healer","floor":30,"turns":4},{"damage":89,"enemies":"Collector","floor":33,"turns":11}],"seed_played":"5201201030878255254","potions_obtained":[{"floor":3.0,"key":"FairyPotion"},{"floor":4.0,"key":"DuplicationPotion"},{"floor":16.0,"key":"FearPotion"},{"floor":30,"key":"Weak Potion"}],"is_trial":false,"path_per_floor":["M","?","M","M","?","R","M","?","T","$","E","T","R","$","R","B",null,"M","?","$","?","M","E","R","M","T","M","R","M","M","$","R","B"],"character_chosen":"WATCHER","items_purchased":["FollowUp","CarveReality","Unceasing Top","Swift Potion","Consecrate","Bag of Preparation","Block Potion","Prostrate+1"],"campfire_rested":3,"item_purchase_floors":[10,10,10,10,20,31,31,31],"current_hp_per_floor":[72,65,51,53,53,53,11,11,11,11,13,13,34,34,34,36,72,44,44,44,44,46,48,48,32,32,10,31,15,14,29,50,0,0],"gold":0,"neow_bonus":"ONE_RARE_RELIC","is_daily":false,"chose_seed":false,"campfire_upgraded":3,"win_rate":0.0,"timestamp":1612899072,"path_taken":["M","?","M","M","?","R","M","?","T","$","E","?","R","$","R","BOSS","M","?","$","?","M","E","R","M","T","?","R","M","M","$","R","BOSS"],"items_purchased_type":["Card","Card","Relic","Potion","Card","Relic","Potion","Card"],"build_version":"2020-12-22","purchased_purges":1,"victory":false,"max_hp_per_floor":[72,72,72,72,72,72,72,72,72,72,72,72,72,72,72,72,72,72,72,72,72,72,72,72,72,72,72,72,72,72,72,72,72,72],"card_choices":[{"not_picked":["Meditate","Collect"],"picked":"CutThroughFate","floor":1.0},{"not_picked":["Protect","TalkToTheHand"],"picked":"FlurryOfBlows","floor":3.0},{"not_picked":["EmptyBody","Halt"],"picked":"FlurryOfBlows","floor":4.0},{"not_picked":["Nirvana","Worship"],"picked":"SashWhip","floor":7.0},{"not_picked":["Alpha","CutThroughFate"],"picked":"Crescendo","floor":11.0},{"not_picked":["Omniscience","MasterReality"],"picked":"Ragnarok","floor":16.0},{"not_picked":["PathToVictory","CutThroughFate"],"picked":"Consecrate","floor":18.0},{"not_picked":["DeceiveReality","Weave"],"picked":"ClearTheMind","floor":22.0},{"not_picked":["Crescendo+1","Consecrate"],"picked":"CarveReality","floor":23},{"not_picked":["Conclude","Collect+1"],"picked":"CrushJoints","floor":25},{"not_picked":["InnerPeace+1","Crescendo+1"],"picked":"Prostrate+1","floor":27},{"not_picked":["Sanctity+1","ConjureBlade+1"],"picked":"EmptyFist","floor":29},{"not_picked":["EmptyBody+1","CutThroughFate"],"picked":"SashWhip+1","floor":30}],"player_experience":154345,"relics_obtained":[{"floor":9.0,"key":"Oddly Smooth Stone"},{"floor":11.0,"key":"Whetstone"},{"floor":12.0,"key":"Yang"},{"floor":23,"key":"Toxic Egg 2"},{"floor":23,"key":"MealTicket"},{"floor":26,"key":"War Paint"}],"event_choices":[{"damage_healed":0.0,"max_hp_gain":0.0,"max_hp_loss":0.0,"gold_gain":0.0,"event_name":"Scrap Ooze","player_choice":"Success","floor":2.0,"gold_loss":0.0,"damage_taken":7.0,"relics_obtained":["Blood Vial"]},{"damage_healed":0.0,"max_hp_gain":0.0,"max_hp_loss":0.0,"gold_gain":0.0,"event_name":"Golden Wing","player_choice":"Ignored","floor":5.0,"gold_loss":0.0,"damage_taken":0.0},{"damage_healed":0.0,"max_hp_gain":0.0,"max_hp_loss":0.0,"gold_gain":0.0,"event_name":"Living Wall","player_choice":"Grow","floor":8.0,"gold_loss":0.0,"damage_taken":0.0,"cards_upgraded":["CutThroughFate"]},{"damage_healed":0.0,"max_hp_gain":0.0,"max_hp_loss":0.0,"gold_gain":0.0,"event_name":"Back to Basics","player_choice":"Simplicity","floor":19.0,"gold_loss":0.0,"damage_taken":0.0,"cards_upgraded":["Strike_P","Strike_P","Strike_P","Defend_P","Defend_P","Defend_P","Defend_P"]},{"cards_removed":["Strike_P"],"damage_healed":0.0,"max_hp_gain":0.0,"max_hp_loss":0.0,"gold_gain":0.0,"event_name":"Purifier","player_choice":"Purged","floor":21.0,"gold_loss":0.0,"damage_taken":0.0}],"is_beta":false,"boss_relics":[{"not_picked":["Astrolabe","Snecko Eye"],"picked":"Black Star"}],"items_purged_floors":[10],"is_endless":false,"potions_floor_spawned":[3,4,16,22,30],"killed_by":"Collector","ascension_level":4}}