{"host":"og21o26alpnbwmz8","time":1612906604,"event":{"mods":["Act Like it!","Aspiration","BaseMod","Beaked The Cultist","Conspire","Downfall","Gensokyo","Halation","Hubris","Jedi Mod","Mimic Mod","Minty Spire (QoL Compilation)","Pale of the Ancients","Reliquary","Replay The Spire","Shop Mod","Spikes Relics","StSLib","The Alterego","The Blackbeard","The Blue Laboratory","The Bug Knight","The Hierophant","The Spell Scribe","Waifu the Spire"],"gold_per_floor":[218,258,83,83,95,95,114,114,137,137,133,159,173,200,200,297,297,311,325,415,415,432,432,432,382,382,382,402,402,412,430,430,420,420],"floor_reached":33,"language":"ENG","playtime":1320,"items_purged":["hierophant:Doubloon"],"score":557,"play_id":"1558a024-7136-473e-8b4f-5a751939154a","local_time":"20210209163644","is_ascension_mode":false,"campfire_choices":[{"data":"hierophant:PristineSoul","floor":6,"key":"SMITH"},{"data":"hierophant:HolyVerse","floor":8,"key":"SMITH"},{"data":"hierophant:Endure","floor":15,"key":"SMITH"},{"data":"hierophant:DivineIntervention","floor":23,"key":"SMITH"},{"data":"hierophant:DivineIntervention","floor":23,"key":"SMITH"},{"data":"Flechettes","floor":27,"key":"SMITH"},{"data":"hierophant:Punish","floor":27,"key":"SMITH"}],"circlet_count":0,"master_deck":["hierophant:Punish+1","hierophant:Defend_Hierophant","hierophant:Defend_Hierophant","hierophant:Defend_Hierophant","hierophant:ChurchCoffers","hierophant:HolyVerse+1","hierophant:PristineSoul+1","Replay:Poison Smokescreen","ReplayTheSpireMod:From All Sides","Flechettes+1","Clumsy","hierophant:DivineIntervention+1","hierophant:Smite","hierophant:Endure+1","hierophant:DivineIntervention+1","Atom Bomb","Grand Finale","Outmaneuver","hierophant:HolyVerse+1"],"relics":["hierophant:PropheticMaskRelic","Art of War","sneckomod:BlankCard","Gensokyo:NagashiBinaDoll","Replay:Bottled Flurry","reliquary:TuningFork","Busted Crown","Replay:Multitool","halation:PenCase","Iron Hammer","Quantum Egg","hubris:TinFlute"],"acts_visited":["Exordium","Gensokyo:Gensokyo"],"potions_floor_usage":[16,16,16,30],"damage_taken":[{"damage":1,"enemies":"Gensokyo:2_Kodama","floor":1,"turns":4},{"damage":3,"enemies":"Gensokyo:Gryphon","floor":2,"turns":11},{"damage":4,"enemies":"Gensokyo:Gryphon","floor":5,"turns":3},{"damage":0,"enemies":"Gensokyo:Python","floor":7,"turns":3},{"damage":0,"enemies":"Gensokyo:Gryphon_and_Rabbit","floor":11,"turns":5},{"damage":1,"enemies":"Gensokyo:Aya","floor":12,"turns":6},{"damage":0,"enemies":"Gensokyo:LivingMonolith","floor":13,"turns":2},{"damage":0,"enemies":"Gensokyo:Cirno","floor":14,"turns":2},{"damage":45,"enemies":"Gensokyo:Kokoro","floor":16,"turns":16},{"damage":0,"enemies":"Gensokyo:2_Gloops","floor":18,"turns":1},{"damage":5,"enemies":"Gensokyo:AngelMirror","floor":19,"turns":1},{"damage":23,"enemies":"Gensokyo:AngelMirror","floor":20,"turns":7},{"damage":0,"enemies":"Gensokyo:Monolith_and_Dog","floor":22,"turns":2},{"damage":0,"enemies":"Gensokyo:Slime_Group","floor":28,"turns":3},{"damage":14,"enemies":"Gensokyo:Swordslinger","floor":30,"turns":3},{"damage":0,"enemies":"Gensokyo:Wraith","floor":31,"turns":2},{"damage":76,"enemies":"Gensokyo:Eternal_Rivals","floor":33,"turns":8}],"seed_played":"-7381360567803455532","potions_obtained":[{"floor":5,"key":"SkillPotion"},{"floor":11,"key":"Fire Potion"},{"floor":12,"key":"Swift Potion"},{"floor":16,"key":"blueLaboratory:FruitPreserves"},{"floor":20,"key":"SkillPotion"}],"is_trial":false,"path_per_floor":["M","MIM","$","?","M","R","M","R","T","?","M","E","M","E","R","B",null,"M","M","?","?","M","R","T","?","T","R","M","?","M","M","R","B"],"character_chosen":"HIEROPHANT","items_purchased":["hierophant:HolyVerse","hierophant:PristineSoul"],"campfire_rested":0,"item_purchase_floors":[3,3],"current_hp_per_floor":[74,71,71,71,67,67,67,67,67,67,67,66,66,66,66,21,75,75,70,47,47,47,47,47,54,54,54,54,54,40,40,64,0,0],"gold":420,"neow_bonus":"HUNDRED_GOLD","is_daily":false,"chose_seed":false,"campfire_upgraded":7,"win_rate":0.0,"timestamp":1612906604,"path_taken":["M","?","$","?","M","R","?","R","T","?","?","E","M","E","R","BOSS","M","M","?","?","?","R","?","?","T","R","M","?","?","M","R","BOSS"],"items_purchased_type":["Card","Card"],"build_version":"2020-12-22","purchased_purges":1,"victory":false,"max_hp_per_floor":[75,75,75,75,75,75,75,75,75,75,75,75,75,75,75,75,75,75,75,75,75,75,75,75,82,82,82,82,82,82,82,82,82,82],"card_choices":[{"not_picked":["hierophant:Purify","hierophant:Doubloon"],"picked":"hierophant:Dazzle","floor":1},{"not_picked":["hierophant:HammerAndAnvil","hierophant:RepressedViolence","hierophant:Charity"],"picked":"SKIP","floor":5},{"not_picked":["hierophant:Remorse","hierophant:Doubloon","hierophant:DisplayOfPower"],"picked":"SKIP","floor":7},{"not_picked":["hierophant:EyeForCoin","hierophant:HammerAndAnvil","hierophant:SealAway"],"picked":"SKIP","floor":11},{"not_picked":["hierophant:Purify","hierophant:FaithHealing"],"picked":"hierophant:DivineIntervention","floor":12},{"not_picked":["hierophant:Doubloon","hierophant:HammerAndAnvil"],"picked":"hierophant:Smite","floor":13},{"not_picked":["hierophant:Invocation","hierophant:Community"],"picked":"hierophant:Endure","floor":14},{"not_picked":["hierophant:Anathema","hierophant:LocustPlague"],"picked":"hierophant:DivineIntervention","floor":16},{"not_picked":["hierophant:CursedGold"],"picked":"SKIP","floor":18},{"not_picked":["hierophant:Endure"],"picked":"SKIP","floor":19},{"not_picked":["hierophant:Encroach"],"picked":"SKIP","floor":22},{"not_picked":["hierophant:OrnateBuckler"],"picked":"SKIP","floor":28},{"not_picked":["hierophant:FieryStrike"],"picked":"SKIP","floor":30},{"not_picked":[],"picked":"hierophant:HolyVerse","floor":31}],"player_experience":323200,"relics_obtained":[{"floor":2,"key":"Art of War"},{"floor":9,"key":"sneckomod:BlankCard"},{"floor":12,"key":"Replay:Bottled Flurry"},{"floor":14,"key":"reliquary:TuningFork"},{"floor":20,"key":"Replay:Multitool"},{"floor":20,"key":"halation:PenCase"},{"floor":24,"key":"Quantum Egg"},{"floor":26,"key":"hubris:TinFlute"}],"event_choices":[],"is_beta":false,"boss_relics":[{"not_picked":["Black Star","Replay:Wanted Poster"],"picked":"Busted Crown"}],"items_purged_floors":[3],"is_endless":false,"potions_floor_spawned":[5,11,12,16,20,22],"killed_by":"Gensokyo:Eternal_Rivals","ascension_level":0}}