{"host":"4g8vayc9pwrwu92h","time":1612881850,"event":{"mods":["Aspiration","BaseMod","Conspire","Downfall","Marked Mod","Minty Spire (QoL Compilation)","Quick Restart","StSLib","The Jungle"],"gold_per_floor":[3013,3013,3013,2658,2611,2611,2628,2640,2715,2730,2756,2756,2774,2784,2784,2889,2889,2900,2914,2924,2924,2924,2951,2601,2636,2636,2654,2654,2664,2691,2691,2691,2791,2791,2803,2815,2815,2439,2455,2481,2501,2534,2534,2544,2544,2559,2574,2608,2620,2632,2644,2656,2493,2527,2527],"floor_reached":56,"language":"ZHS","playtime":2682,"items_purged":[],"score":1724,"play_id":"5c81b558-28b6-4661-b628-632f3921f349","local_time":"20210209224410","is_ascension_mode":true,"campfire_choices":[{"floor":6,"key":"RECALL"},{"data":"Fasting2","floor":12,"key":"SMITH"},{"data":"SashWhip","floor":15,"key":"SMITH"},{"data":"MarkedMod:GracefulMovements","floor":28,"key":"SMITH"},{"data":"Ragnarok","floor":32,"key":"SMITH"},{"data":"SandsOfTime","floor":45,"key":"SMITH"},{"floor":49,"key":"DIG"},{"floor":52,"key":"DIG"}],"circlet_count":0,"master_deck":["Strike_P+1","Strike_P+1","Strike_P+1","Strike_P+1","Defend_P+1","Defend_P+1","Defend_P+1","Defend_P+1","Eruption+1","Vigilance+1","MarkedMod:GracefulMovements+1","EmptyBody+1","SashWhip+1","Fasting2+1","SandsOfTime+1","DeusExMachina","WaveOfTheHand","Prostrate+1","Ragnarok+1","WheelKick+1","Devotion+1","Fasting2+1","Pray+1","Vault+1","EmptyFist+1","Prostrate+1"],"relics":["HolyWater","Black Star","NeowsBlessing","HornCleat","Happy Flower","Mango","SlaversCollar","Shovel","theJungle:WildPear","Frozen Egg 2","Lantern","conspire:TreasureMap","Yang","Bronze Scales","Bag of Marbles","Letter Opener","War Paint","Oddly Smooth Stone","Tiny Chest","Question Card","PreservedInsect","Shuriken","Toxic Egg 2","Matryoshka","MawBank","Ornamental Fan","Bottled Lightning","HandDrill","conspire:TopHat","Whetstone"],"acts_visited":["Exordium","Exordium","TheBeyond","TheEnding"],"potions_floor_usage":[11,13,16,16,16,33,33,55],"damage_taken":[{"damage":0,"enemies":"2 Louse","floor":1,"turns":1},{"damage":0,"enemies":"Cultist","floor":7,"turns":1},{"damage":0,"enemies":"Small Slimes","floor":8,"turns":1},{"damage":0,"enemies":"3 Louse","floor":10,"turns":2},{"damage":11,"enemies":"Gremlin Nob","floor":11,"turns":3},{"damage":0,"enemies":"2 Fungi Beasts","floor":13,"turns":1},{"damage":0,"enemies":"Lots of Slimes","floor":14,"turns":2},{"damage":1104,"enemies":"Hexaghost","floor":16,"turns":8},{"damage":0,"enemies":"Shell Parasite","floor":18,"turns":3},{"damage":0,"enemies":"theJungle:GiantWrat","floor":19,"turns":5},{"damage":0,"enemies":"Snake Plant","floor":20,"turns":2},{"damage":9,"enemies":"theJungle:MamaSnecko","floor":23,"turns":8},{"damage":0,"enemies":"theJungle:2_Phrogs","floor":25,"turns":9},{"damage":0,"enemies":"theJungle:Lyon","floor":27,"turns":2},{"damage":0,"enemies":"theJungle:2_Snecko_Cultists","floor":29,"turns":2},{"damage":22,"enemies":"theJungle:Cassacara","floor":30,"turns":5},{"damage":0,"enemies":"theJungle:QueenSpyder","floor":33,"turns":3},{"damage":17,"enemies":"3 Shapes","floor":35,"turns":3},{"damage":0,"enemies":"Orb Walker","floor":36,"turns":1},{"damage":0,"enemies":"Writhing Mass","floor":39,"turns":4},{"damage":0,"enemies":"Nemesis","floor":40,"turns":5},{"damage":0,"enemies":"4 Shapes","floor":41,"turns":3},{"damage":0,"enemies":"Giant Head","floor":42,"turns":5},{"damage":18,"enemies":"Transient","floor":44,"turns":5},{"damage":9,"enemies":"Maw","floor":46,"turns":5},{"damage":0,"enemies":"Spire Growth","floor":47,"turns":3},{"damage":0,"enemies":"Reptomancer","floor":48,"turns":3},{"damage":53,"enemies":"Donu and Deca","floor":50,"turns":7},{"damage":37,"enemies":"Shield and Spear","floor":54,"turns":5},{"damage":57,"enemies":"The Heart","floor":55,"turns":6}],"seed_played":"-4018387523837165056","potions_obtained":[{"floor":8,"key":"Explosive Potion"},{"floor":11,"key":"ColorlessPotion"},{"floor":13,"key":"Dexterity Potion"},{"floor":14,"key":"Ancient Potion"},{"floor":18,"key":"FairyPotion"},{"floor":25,"key":"PowerPotion"},{"floor":29,"key":"AttackPotion"},{"floor":36,"key":"SpeedPotion"},{"floor":37,"key":"Ambrosia"}],"is_trial":false,"path_per_floor":["M","?","?","$","$","R","M","M","T","M","E","R","M","M","R","B",null,"M","M","M","?","?","E","$","E","T","M","R","M","E","?","R","B",null,"M","M","?","$","M","E","M","E","T","M","R","M","M","E","R","B",null,"R","$","E","B",null],"character_chosen":"WATCHER","items_purchased":["HornCleat","MarkedMod:GracefulMovements","Swift Potion","EmptyBody","Prostrate","Ragnarok","conspire:TreasureMap","War Paint","Fasting2+1","Oddly Smooth Stone","HandDrill","Prostrate+1"],"campfire_rested":0,"item_purchase_floors":[4,4,4,5,24,24,24,38,38,38,53,53],"current_hp_per_floor":[3000,3000,3000,3000,3000,3000,3000,3000,3000,3000,3003,3003,3003,3003,3003,1899,3014,3014,3014,3014,3000,3010,3001,3001,3001,3001,3001,3001,3001,2979,2969,2969,2969,3024,3007,3007,3007,3007,3007,3007,3007,3007,3007,2989,2989,2980,2980,2980,2980,2927,3024,3024,3024,2987,2930],"gold":2527,"neow_bonus":"THREE_ENEMY_KILL","is_daily":false,"chose_seed":false,"campfire_upgraded":5,"win_rate":0.0,"timestamp":1612881850,"path_taken":["M","?","?","?","$","R","M","?","T","M","E","R","M","M","R","BOSS","M","?","M","?","?","E","$","E","T","M","R","M","E","?","R","BOSS","M","M","?","?","M","E","?","E","T","M","R","?","M","E","R","BOSS","R","$","E","BOSS"],"items_purchased_type":["Relic","Card","Potion","Card","Card","Card","Relic","Relic","Card","Relic","Relic","Card"],"build_version":"2020-12-22","purchased_purges":0,"victory":true,"max_hp_per_floor":[3000,3000,3000,3000,3000,3000,3000,3000,3000,3000,3014,3014,3014,3014,3014,3014,3014,3014,3014,3014,3014,3024,3024,3024,3024,3024,3024,3024,3024,3024,3024,3024,3024,3024,3024,3024,3024,3024,3024,3024,3024,3024,3024,3024,3024,3024,3024,3024,3024,3024,3024,3024,3024,3024,3024],"card_choices":[{"not_picked":["EmptyBody","MarkedMod:Acupuncture","Tantrum"],"picked":"SKIP","floor":1},{"not_picked":["MarkedMod:GentlePulse","ForeignInfluence"],"picked":"SashWhip","floor":7},{"not_picked":["Protect","Meditate","Adaptation"],"picked":"SKIP","floor":8},{"not_picked":["ThirdEye","CrushJoints"],"picked":"Fasting2","floor":10},{"not_picked":["FlyingSleeves","DeceiveReality","MasterReality"],"picked":"SKIP","floor":11},{"not_picked":["Meditate","BattleHymn"],"picked":"SandsOfTime","floor":13},{"not_picked":["Nirvana","FlyingSleeves","EmptyBody"],"picked":"SKIP","floor":14},{"not_picked":["Scrawl","Ragnarok"],"picked":"DeusExMachina","floor":16},{"not_picked":["MarkedMod:Acupuncture+1","MarkedMod:FirstStrike"],"picked":"WaveOfTheHand","floor":18},{"not_picked":["MentalFortress","CutThroughFate"],"picked":"MarkedMod:GentlePulse+1","floor":19},{"not_picked":["MarkedMod:Acupuncture","SashWhip","Adaptation"],"picked":"SKIP","floor":20},{"not_picked":["FlyingSleeves+1","Wireheading+1","CutThroughFate+1"],"picked":"SKIP","floor":23},{"not_picked":["Halt","CrushJoints"],"picked":"WheelKick+1","floor":25},{"not_picked":["ThirdEye+1","PathToVictory","CutThroughFate+1"],"picked":"SKIP","floor":27},{"not_picked":["FlurryOfBlows","SandsOfTime+1","EmptyBody+1"],"picked":"SKIP","floor":29},{"not_picked":["Crescendo","MarkedMod:FirstStrike+1","PathToVictory"],"picked":"SKIP","floor":30},{"not_picked":["MarkedMod:ChiBlock","Scrawl"],"picked":"Devotion+1","floor":33},{"not_picked":["ReachHeaven","Crescendo","MarkedMod:GentlePulse+1"],"picked":"SKIP","floor":35},{"not_picked":["ThirdEye+1","ForeignInfluence+1","CrushJoints+1"],"picked":"SKIP","floor":36},{"not_picked":["CrushJoints","Halt+1","MentalFortress+1"],"picked":"SKIP","floor":39},{"not_picked":["CrushJoints","Conclude"],"picked":"Pray+1","floor":40},{"not_picked":["TalkToTheHand","Protect+1","FollowUp","ReachHeaven"],"picked":"SKIP","floor":41},{"not_picked":["ClearTheMind+1","EmptyFist","MarkedMod:PinPointDefense+1","Vengeance+1"],"picked":"SKIP","floor":42},{"not_picked":["Meditate+1","ClearTheMind+1","Halt+1"],"picked":"Vault+1","floor":44},{"not_picked":["Crescendo+1","Protect+1","JustLucky","MarkedMod:GentlePulse+1"],"picked":"SKIP","floor":46},{"not_picked":["CutThroughFate+1","Pray+1","FlurryOfBlows"],"picked":"EmptyFist+1","floor":47},{"not_picked":["EmptyFist+1","Vault+1","Pray+1","Fasting2+1"],"picked":"SKIP","floor":48},{"not_picked":["Weave+1","EmptyFist","FearNoEvil","Crescendo+1"],"picked":"SKIP","floor":54}],"player_experience":441017,"relics_obtained":[{"floor":11,"key":"Happy Flower"},{"floor":11,"key":"Mango"},{"floor":23,"key":"Frozen Egg 2"},{"floor":23,"key":"Lantern"},{"floor":25,"key":"Yang"},{"floor":25,"key":"Bronze Scales"},{"floor":30,"key":"Bag of Marbles"},{"floor":30,"key":"Letter Opener"},{"floor":40,"key":"Tiny Chest"},{"floor":40,"key":"Question Card"},{"floor":42,"key":"PreservedInsect"},{"floor":42,"key":"Shuriken"},{"floor":43,"key":"Toxic Egg 2"},{"floor":48,"key":"Matryoshka"},{"floor":48,"key":"MawBank"},{"floor":49,"key":"Ornamental Fan"},{"floor":52,"key":"Bottled Lightning"},{"floor":54,"key":"conspire:TopHat"},{"floor":54,"key":"Whetstone"}],"event_choices":[{"damage_healed":0,"gold_gain":0,"player_choice":"Ignored","damage_taken":0,"max_hp_gain":0,"max_hp_loss":0,"event_name":"Shining Light","floor":2,"gold_loss":0},{"damage_healed":0,"gold_gain":0,"player_choice":"Ignored","damage_taken":0,"max_hp_gain":0,"max_hp_loss":0,"event_name":"Golden Wing","floor":3,"gold_loss":0},{"damage_healed":0,"gold_gain":0,"player_choice":"Got Potions","damage_taken":0,"max_hp_gain":0,"max_hp_loss":0,"event_name":"Lab","floor":37,"gold_loss":0}],"is_beta":false,"boss_relics":[{"not_picked":["Empty Cage","Ectoplasm"],"picked":"SlaversCollar"},{"not_picked":["VioletLotus","Philosopher\u0027s Stone"],"picked":"HolyWater"}],"items_purged_floors":[],"is_endless":false,"potions_floor_spawned":[8,11,13,14,18,25,29,30,36,40,42,44,47],"ascension_level":3}}