{"host":"19r1ww88x2tc73i0","time":1612873539,"event":{"mods":["BaseMod","BetterRewards","Colored Map","Minty Spire (QoL Compilation)","Relic Stats","StSLib","SuperFastMode","slay the spire mod where everything is the same but ironclad has a cowboy hat"],"gold_per_floor":[112,112,126,176,193,193,207,207,207,219,249,260,280,306,306,383,383,396,153,171,189,33,60,80,114,114,114,114,145,175,191,191,268,268,281,294,304,284,299,334,334,234,234,245,271,271,271,188,188,188,188,188,188,50,50,50],"floor_reached":55,"language":"ENG","playtime":3414,"items_purged":["Strike_G","Clumsy"],"score":2563,"play_id":"efe98733-068f-4f17-bd6c-4cadaa505d2a","local_time":"25640209192539","is_ascension_mode":true,"campfire_choices":[{"data":"Apotheosis","floor":6.0,"key":"SMITH"},{"floor":8.0,"key":"REST"},{"data":"Infinite Blades","floor":15.0,"key":"SMITH"},{"floor":32.0,"key":"REST"},{"floor":49.0,"key":"RECALL"},{"data":"After Image","floor":53.0,"key":"SMITH"}],"circlet_count":0,"master_deck":["AscendersBane","Strike_G","Strike_G","Defend_G","Defend_G","Defend_G","Defend_G","Defend_G","Survivor","Neutralize","Terror","Accuracy","Apotheosis+1","Deflect","Dodge and Roll","Expertise","Blur","Infinite Blades+1","Venomology","Blade Dance","Calculated Gamble","Dagger Spray","Storm of Steel","Backflip","Footwork","Blade Dance","Slice","After Image+1","Escape Plan","Venomology","Accuracy","PiercingWail","Acrobatics+1","After Image","Crippling Poison+1","Sucker Punch","Crippling Poison+1","Dagger Spray+1","Phantasmal Killer","Adrenaline","Escape Plan","PanicButton","Purity","Footwork","Footwork"],"relics":["Ring of the Snake","Singing Bowl","Ninja Scroll","Prayer Wheel","HandDrill","Bag of Preparation","PreservedInsect","Shuriken","WingedGreaves","The Specimen","Ancient Tea Set","Empty Cage","Happy Flower","StoneCalendar","Blue Candle","White Beast Statue","Nilry\u0027s Codex","Paper Crane","Centennial Puzzle","Cursed Key","Pantograph","Art of War"],"acts_visited":["Exordium","TheCity","TheBeyond","TheEnding"],"potions_floor_usage":[],"damage_taken":[{"damage":0.0,"enemies":"2 Louse","floor":1.0,"turns":4.0},{"damage":0.0,"enemies":"Small Slimes","floor":3.0,"turns":1.0},{"damage":0.0,"enemies":"Cultist","floor":5.0,"turns":2.0},{"damage":1.0,"enemies":"Blue Slaver","floor":7.0,"turns":3.0},{"damage":0.0,"enemies":"2 Fungi Beasts","floor":10.0,"turns":4.0},{"damage":8.0,"enemies":"Lagavulin","floor":11.0,"turns":4.0},{"damage":0.0,"enemies":"Gremlin Gang","floor":12.0,"turns":3.0},{"damage":2.0,"enemies":"Exordium Thugs","floor":13.0,"turns":2.0},{"damage":1.0,"enemies":"Gremlin Nob","floor":14.0,"turns":3.0},{"damage":1.0,"enemies":"Hexaghost","floor":16.0,"turns":5.0},{"damage":0.0,"enemies":"Shell Parasite","floor":18.0,"turns":4.0},{"damage":9.0,"enemies":"2 Thieves","floor":20.0,"turns":4.0},{"damage":0.0,"enemies":"Snecko","floor":21.0,"turns":4.0},{"damage":0.0,"enemies":"Gremlin Leader","floor":23.0,"turns":4.0},{"damage":0.0,"enemies":"Centurion and Healer","floor":24.0,"turns":4.0},{"damage":10.0,"enemies":"Slavers","floor":25.0,"turns":3.0},{"damage":15.0,"enemies":"Book of Stabbing","floor":29.0,"turns":4.0},{"damage":2.0,"enemies":"Slavers","floor":30.0,"turns":2.0},{"damage":19.0,"enemies":"Shelled Parasite and Fungi","floor":31.0,"turns":2.0},{"damage":10.0,"enemies":"Collector","floor":33.0,"turns":6.0},{"damage":0.0,"enemies":"3 Darklings","floor":35.0,"turns":4.0},{"damage":0.0,"enemies":"Orb Walker","floor":36.0,"turns":1.0},{"damage":0.0,"enemies":"Maw","floor":37.0,"turns":5.0},{"damage":4.0,"enemies":"Transient","floor":39.0,"turns":6.0},{"damage":2.0,"enemies":"Reptomancer","floor":40.0,"turns":3.0},{"damage":17.0,"enemies":"Spire Growth","floor":44.0,"turns":3.0},{"damage":1.0,"enemies":"Nemesis","floor":45.0,"turns":5.0},{"damage":39.0,"enemies":"Time Eater","floor":50.0,"turns":12.0},{"damage":59.0,"enemies":"Awakened One","floor":51.0,"turns":9.0},{"damage":0,"enemies":"Shield and Spear","floor":55,"turns":1}],"seed_played":"-8402254050190434447","potions_obtained":[{"floor":1.0,"key":"Block Potion"},{"floor":3.0,"key":"Block Potion"},{"floor":10.0,"key":"SteroidPotion"},{"floor":11.0,"key":"Energy Potion"},{"floor":20.0,"key":"AttackPotion"},{"floor":21.0,"key":"CunningPotion"},{"floor":29.0,"key":"SteroidPotion"},{"floor":30.0,"key":"Fire Potion"},{"floor":31.0,"key":"LiquidMemories"},{"floor":33.0,"key":"DistilledChaos"},{"floor":36.0,"key":"GamblersBrew"},{"floor":38.0,"key":"CultistPotion"},{"floor":39.0,"key":"SkillPotion"}],"is_trial":false,"path_per_floor":["M","?","M","?","M","R","M","R","T","M","E","M","M","E","R","B",null,"M","$","M","M","$","E","M","E","T","?","?","E","E","M","R","B",null,"M","M","M","?","M","E","T","$","T","M","E","?","?","$","R","B","B",null,"R","$","E"],"character_chosen":"THE_SILENT","items_purchased":["Singing Bowl","Terror","Ninja Scroll","Prayer Wheel","Accuracy","HandDrill","Bag of Preparation","PreservedInsect","Apotheosis","Shuriken","Footwork","Happy Flower","After Image","Footwork","Footwork","Strength Potion"],"campfire_rested":2,"item_purchase_floors":[0,0,0,0,0,0,0,0,0,0,19,19,22,48,54,54],"current_hp_per_floor":[19,19,23,16,18,18,17,39,39,41,33,33,33,34,34,33,68,70,70,63,65,65,67,69,59,59,38,38,23,23,4,31,21,74,76,76,78,78,76,74,74,74,74,61,60,55,55,55,55,56,22,82,82,82,82,82],"gold":50,"neow_bonus":"","is_daily":false,"chose_seed":false,"campfire_upgraded":3,"win_rate":0.0,"timestamp":1612873539,"path_taken":["M","?","M","?","?","R","M","R","T","M","E","M","M","E","R","BOSS","M","$","M","M","$","E","M","E","T","?","?","E","E","M","R","BOSS","M","M","M","?","?","E","?","$","T","M","E","?","?","$","R","BOSS","BOSS","R","$","E"],"items_purchased_type":["Relic","Card","Relic","Relic","Card","Relic","Relic","Relic","Card","Relic","Card","Relic","Card","Card","Card","Potion"],"build_version":"2020-12-22","purchased_purges":2,"victory":false,"max_hp_per_floor":[68,68,72,72,74,74,74,74,74,76,76,76,78,80,80,80,80,82,82,84,86,86,88,90,90,90,90,90,90,92,92,92,92,92,94,94,96,96,98,98,98,98,98,102,102,102,102,102,102,102,102,102,102,102,102,102],"relic_stats":{"Singing Bowl":36,"Happy Flower":[46],"counters":[64,320],"Blue Candle":[0],"StoneCalendar":[52],"PreservedInsect":423,"Bag of Preparation":[17],"Cursed Key":1,"Centennial Puzzle":[24],"Shuriken":[90],"Pantograph":50,"Prayer Wheel":18,"HandDrill":[24],"Art of War":[3],"obtain_stats":[{"Darkstone Periapt":6,"TwistedFunnel":0,"Ice Cream":39,"Calipers":23,"Singing Bowl":0,"Nilry\u0027s Codex":27,"Vajra":46,"StoneCalendar":23,"Bag of Preparation":20,"Juzu Bracelet":40,"Incense Burner":55,"Boot":25,"Ancient Tea Set":14,"Empty Cage":17,"Cursed Key":34,"Sozu":34,"Tough Bandages":37,"Nunchaku":44,"Centennial Puzzle":30,"HornCleat":38,"FaceOfCleric":29,"Ninja Scroll":0,"Pantograph":40,"Prayer Wheel":0,"WingedGreaves":9,"HandDrill":0,"Ring of the Snake":0,"Potion Belt":31,"Happy Flower":43,"The Specimen":11,"Golden Idol":5,"Blue Candle":25,"Oddly Smooth Stone":11,"PreservedInsect":0,"Omamori":0,"Paper Crane":29,"MawBank":7,"Akabeko":9,"White Beast Statue":26,"Shuriken":0,"Snecko Eye":17,"Turnip":48,"Art of War":45},{"Darkstone Periapt":5,"TwistedFunnel":7,"Ice Cream":26,"Calipers":19,"Singing Bowl":34,"Nilry\u0027s Codex":50,"Vajra":29,"StoneCalendar":48,"Bag of Preparation":17,"Juzu Bracelet":27,"Incense Burner":33,"Boot":20,"Ancient Tea Set":43,"Empty Cage":44,"Cursed Key":54,"Sozu":24,"Tough Bandages":25,"Nunchaku":29,"Centennial Puzzle":52,"HornCleat":25,"FaceOfCleric":21,"Ninja Scroll":34,"Pantograph":59,"Prayer Wheel":34,"WingedGreaves":38,"HandDrill":34,"Ring of the Snake":0,"Potion Belt":23,"Happy Flower":28,"The Specimen":40,"Golden Idol":9,"Blue Candle":50,"Oddly Smooth Stone":13,"PreservedInsect":34,"Omamori":7,"Paper Crane":51,"MawBank":10,"Akabeko":11,"White Beast Statue":50,"Shuriken":34,"Snecko Eye":16,"Turnip":30,"Art of War":61},{"Darkstone Periapt":22,"TwistedFunnel":28,"Ice Cream":132,"Calipers":89,"Singing Bowl":203,"Nilry\u0027s Codex":257,"Vajra":152,"StoneCalendar":250,"Bag of Preparation":78,"Juzu Bracelet":141,"Incense Burner":193,"Boot":95,"Ancient Tea Set":229,"Empty Cage":234,"Cursed Key":271,"Sozu":118,"Tough Bandages":127,"Nunchaku":152,"Centennial Puzzle":263,"HornCleat":127,"FaceOfCleric":99,"Ninja Scroll":203,"Pantograph":290,"Prayer Wheel":203,"WingedGreaves":213,"HandDrill":203,"Ring of the Snake":0,"Potion Belt":107,"Happy Flower":145,"The Specimen":221,"Golden Idol":37,"Blue Candle":257,"Oddly Smooth Stone":57,"PreservedInsect":203,"Omamori":28,"Paper Crane":261,"MawBank":44,"Akabeko":47,"White Beast Statue":257,"Shuriken":203,"Snecko Eye":74,"Turnip":160,"Art of War":298}],"Ring of the Snake":[128]},"card_choices":[{"not_picked":["Dash","Reflex"],"picked":"Deflect","floor":1.0},{"not_picked":["Deadly Poison","Underhanded Strike","Flechettes"],"picked":"Singing Bowl","floor":1.0},{"not_picked":["Acrobatics","PiercingWail","Catalyst"],"picked":"Singing Bowl","floor":3.0},{"not_picked":["Underhanded Strike","Poisoned Stab","Acrobatics"],"picked":"Singing Bowl","floor":3.0},{"not_picked":["Poisoned Stab","Wraith Form v2"],"picked":"Dodge and Roll","floor":5.0},{"not_picked":["Reflex","Noxious Fumes","Outmaneuver"],"picked":"Singing Bowl","floor":5.0},{"not_picked":["Underhanded Strike","Sucker Punch"],"picked":"Expertise","floor":7.0},{"not_picked":["Bane","Eviscerate"],"picked":"Blur","floor":7.0},{"not_picked":["Bane","Deflect","Setup"],"picked":"Singing Bowl","floor":10.0},{"not_picked":["Sucker Punch","Slice"],"picked":"Infinite Blades","floor":10.0},{"not_picked":["Endless Agony","Infinite Blades"],"picked":"Venomology","floor":11.0},{"not_picked":["Sucker Punch","Caltrops"],"picked":"Blade Dance","floor":12.0},{"not_picked":["Prepared","Underhanded Strike"],"picked":"Calculated Gamble","floor":12.0},{"not_picked":["Bane","Underhanded Strike","Acrobatics"],"picked":"Singing Bowl","floor":13.0},{"not_picked":["Slice","Dash"],"picked":"Dagger Spray","floor":13.0},{"not_picked":["Tactician","Quick Slash","Bouncing Flask"],"picked":"Singing Bowl","floor":14.0},{"not_picked":["Envenom","Wraith Form v2"],"picked":"Storm of Steel","floor":16.0},{"not_picked":["Caltrops","Prepared"],"picked":"Backflip","floor":18.0},{"not_picked":["Prepared","Acrobatics","Bouncing Flask+1"],"picked":"Singing Bowl","floor":18.0},{"not_picked":["Heel Hook","Poisoned Stab+1","Dodge and Roll"],"picked":"Singing Bowl","floor":20.0},{"not_picked":["Outmaneuver","Finisher"],"picked":"Blade Dance","floor":20.0},{"not_picked":["Backflip","Flechettes","Flying Knee+1"],"picked":"Singing Bowl","floor":21.0},{"not_picked":["Prepared","Acrobatics"],"picked":"Slice","floor":21.0},{"not_picked":["Calculated Gamble","Setup","Bane"],"picked":"Singing Bowl","floor":23.0},{"not_picked":["Finisher","Outmaneuver","Flechettes"],"picked":"Singing Bowl","floor":24.0},{"not_picked":["Outmaneuver","Masterful Stab"],"picked":"Escape Plan","floor":24.0},{"not_picked":["Expertise","Catalyst"],"picked":"Venomology","floor":25.0},{"not_picked":["Distraction+1","Slice"],"picked":"Accuracy","floor":29.0},{"not_picked":["Dodge and Roll","Backflip","Poisoned Stab+1"],"picked":"Singing Bowl","floor":30.0},{"not_picked":["Backflip","Outmaneuver"],"picked":"PiercingWail","floor":31.0},{"not_picked":["Deflect","Distraction+1"],"picked":"Acrobatics+1","floor":31.0},{"not_picked":["A Thousand Cuts","Envenom"],"picked":"After Image","floor":33.0},{"not_picked":["Dagger Spray","Catalyst","Outmaneuver"],"picked":"Singing Bowl","floor":35.0},{"not_picked":["Choke","Finisher+1"],"picked":"Crippling Poison+1","floor":35.0},{"not_picked":["Setup+1","Backflip"],"picked":"Sucker Punch","floor":36.0},{"not_picked":["Deadly Poison+1","Skewer"],"picked":"Crippling Poison+1","floor":36.0},{"not_picked":["Prepared","Bouncing Flask","Distraction"],"picked":"Singing Bowl","floor":37.0},{"not_picked":["Bouncing Flask","Riddle With Holes"],"picked":"Dagger Spray+1","floor":37.0},{"not_picked":["PiercingWail+1","Bane"],"picked":"Phantasmal Killer","floor":39.0},{"not_picked":["Backflip","Bane","Underhanded Strike+1"],"picked":"Singing Bowl","floor":39.0},{"not_picked":["Acrobatics","Underhanded Strike+1"],"picked":"Adrenaline","floor":40.0},{"not_picked":["Poisoned Stab","Eviscerate","Acrobatics"],"picked":"Singing Bowl","floor":44.0},{"not_picked":["Dagger Throw","Expertise","Sucker Punch"],"picked":"Singing Bowl","floor":44.0},{"not_picked":["Calculated Gamble","Prepared"],"picked":"Escape Plan","floor":45.0},{"not_picked":["Trip","Apotheosis"],"picked":"PanicButton","floor":46.0},{"not_picked":["Jack Of All Trades","Mind Blast"],"picked":"Purity","floor":46.0}],"player_experience":1029807,"relics_obtained":[{"floor":9.0,"key":"WingedGreaves"},{"floor":11.0,"key":"The Specimen"},{"floor":14.0,"key":"Ancient Tea Set"},{"floor":23.0,"key":"StoneCalendar"},{"floor":25.0,"key":"Blue Candle"},{"floor":26.0,"key":"White Beast Statue"},{"floor":27.0,"key":"Nilry\u0027s Codex"},{"floor":29.0,"key":"Paper Crane"},{"floor":30.0,"key":"Centennial Puzzle"},{"floor":40.0,"key":"Pantograph"},{"floor":45.0,"key":"Art of War"}],"event_choices":[{"damage_healed":0.0,"max_hp_gain":0.0,"max_hp_loss":0.0,"gold_gain":0.0,"event_name":"Scrap Ooze","player_choice":"Fled","floor":2.0,"gold_loss":0.0,"damage_taken":0.0},{"damage_healed":0.0,"max_hp_gain":0.0,"max_hp_loss":0.0,"gold_gain":50.0,"event_name":"FaceTrader","player_choice":"Touch","floor":4.0,"gold_loss":0.0,"damage_taken":7.0},{"damage_healed":0.0,"max_hp_gain":0.0,"max_hp_loss":0.0,"gold_gain":0.0,"event_name":"Cursed Tome","player_choice":"Obtained Book","floor":27.0,"gold_loss":0.0,"damage_taken":21.0},{"damage_healed":0.0,"max_hp_gain":0.0,"max_hp_loss":0.0,"gold_gain":0.0,"event_name":"Ghosts","player_choice":"Ignored","floor":28.0,"gold_loss":0.0,"damage_taken":0.0},{"damage_healed":0.0,"max_hp_gain":0.0,"max_hp_loss":0.0,"gold_gain":0.0,"event_name":"The Woman in Blue","player_choice":"Bought 1 Potion","floor":38.0,"gold_loss":0.0,"damage_taken":0.0},{"damage_healed":0.0,"max_hp_gain":0.0,"max_hp_loss":0.0,"gold_gain":0.0,"event_name":"SensoryStone","player_choice":"Memory 2","floor":46.0,"gold_loss":0.0,"damage_taken":5.0},{"damage_healed":0.0,"max_hp_gain":0.0,"max_hp_loss":0.0,"gold_gain":0.0,"event_name":"SecretPortal","player_choice":"Ignored","floor":47.0,"gold_loss":0.0,"damage_taken":0.0}],"is_beta":false,"boss_relics":[{"not_picked":["Philosopher\u0027s Stone","Velvet Choker"],"picked":"Empty Cage"},{"not_picked":["Coffee Dripper","SlaversCollar"],"picked":"Cursed Key"}],"items_purged_floors":[0,42],"is_endless":false,"potions_floor_spawned":[1,3,10,11,20,21,29,30,31,33,35,36,37,39,40,44,45],"killed_by":"Shield and Spear","ascension_level":20}}