{"host":"uhnh33uh34qot0et","time":1612874969,"event":{"mods":["BaseMod","Colored Map","Downfall","Hermit","Marisa????????","Minty Spire (QoL Compilation)","StSLib","The Bug Knight","The Cursed","The Servant 0.9.4"],"gold_per_floor":[117,292,302,259,259,259,284,284,337,365,375,196,211,229,229,326,326,344,344,354,204,215,135,150,150,150],"floor_reached":25,"language":"ENG","playtime":628,"items_purged":[],"score":288,"play_id":"bb2bff32-b848-48d7-b389-5347d0ecaa30","local_time":"20210209134929","is_ascension_mode":false,"campfire_choices":[{"data":"Anger","floor":6,"key":"SMITH"},{"floor":8,"key":"REST"},{"data":"Uppercut","floor":15,"key":"SMITH"}],"circlet_count":0,"master_deck":["Strike_R","Strike_R","Strike_R+1","Strike_R","Strike_R","Defend_R","Defend_R","Defend_R","Defend_R","Bash+1","Rupture","Doubt","Anger+1","Uppercut+1","Flex","Reaper","Inflame","Shockwave","Clothesline","Berserk","Flame Barrier","Bandage Up","Clash+1","Hemokinesis+1","Combust","Flame Barrier"],"relics":["Burning Blood","Vajra","Whetstone","Shuriken","Bronze Scales","SlaversCollar","Tiny Chest"],"acts_visited":["Exordium","TheCity"],"potions_floor_usage":[14,16,22,24,24],"damage_taken":[{"damage":3,"enemies":"2 Louse","floor":1,"turns":4},{"damage":7,"enemies":"Jaw Worm","floor":3,"turns":6},{"damage":31,"enemies":"Gremlin Nob","floor":7,"turns":5},{"damage":16,"enemies":"Lagavulin","floor":10,"turns":5},{"damage":4,"enemies":"Cultist","floor":11,"turns":3},{"damage":10,"enemies":"3 Louse","floor":13,"turns":4},{"damage":2,"enemies":"Lots of Slimes","floor":14,"turns":3},{"damage":0,"enemies":"Slime Boss","floor":16,"turns":6},{"damage":23,"enemies":"2 Thieves","floor":18,"turns":4},{"damage":24,"enemies":"Chosen","floor":20,"turns":4},{"damage":42,"enemies":"3 Cultists","floor":22,"turns":6},{"damage":38,"enemies":"Sentry and Sphere","floor":24,"turns":5},{"damage":19,"enemies":"Chosen and Byrds","floor":25,"turns":4}],"seed_played":"-5341666705576464387","potions_obtained":[{"floor":1,"key":"Ancient Potion"},{"floor":7,"key":"Energy Potion"},{"floor":10,"key":"BlessingOfTheForge"},{"floor":16,"key":"sneckomod:MuddlingPotion"},{"floor":18,"key":"sneckomod:MuddlingPotion"},{"floor":22,"key":"Strength Potion"},{"floor":24,"key":"sneckomod:MuddlingPotion"}],"is_trial":false,"path_per_floor":["M","?","M","?","?","R","E","R","T","E","M","$","M","M","R","B",null,"M","?","M","$","M","$","M","M"],"character_chosen":"IRONCLAD","items_purchased":["Bronze Scales","Inflame","Tiny Chest","Combust"],"campfire_rested":1,"item_purchase_floors":[12,12,21,23],"current_hp_per_floor":[75,75,74,74,74,74,49,77,77,67,69,69,71,89,89,96,96,93,81,67,67,43,43,15,0,0],"gold":150,"neow_bonus":"TWENTY_PERCENT_HP_BONUS","is_daily":false,"chose_seed":false,"campfire_upgraded":2,"win_rate":0.0,"timestamp":1612874969,"path_taken":["M","?","M","?","?","R","E","R","T","E","M","$","M","M","R","BOSS","M","?","?","$","M","$","M","M"],"items_purchased_type":["Relic","Card","Relic","Card"],"build_version":"2020-12-22","purchased_purges":0,"victory":false,"max_hp_per_floor":[96,96,96,96,96,96,96,96,96,96,96,96,96,96,96,96,96,96,96,96,96,96,96,96,96,96],"card_choices":[{"not_picked":["Reckless Charge","Pummel"],"picked":"Rupture","floor":1},{"not_picked":["Armaments","Pommel Strike"],"picked":"Anger","floor":3},{"not_picked":["Warcry","Armaments"],"picked":"Uppercut","floor":7},{"not_picked":["Reckless Charge","Pommel Strike"],"picked":"Flex","floor":10},{"not_picked":["Anger","Uppercut"],"picked":"Reaper","floor":11},{"not_picked":["Flex","Cleave"],"picked":"Shockwave","floor":13},{"not_picked":["Feel No Pain","Shockwave"],"picked":"Clothesline","floor":14},{"not_picked":["Impervious","Double Tap"],"picked":"Berserk","floor":16},{"not_picked":["Second Wind","Cleave"],"picked":"Flame Barrier","floor":18},{"not_picked":["Power Through","Headbutt"],"picked":"Clash+1","floor":20},{"not_picked":["Warcry","True Grit"],"picked":"Hemokinesis+1","floor":22},{"not_picked":["Clothesline","Warcry"],"picked":"Flame Barrier","floor":24}],"player_experience":40012,"relics_obtained":[{"floor":7,"key":"Vajra"},{"floor":9,"key":"Whetstone"},{"floor":10,"key":"Shuriken"}],"event_choices":[{"damage_healed":0,"gold_gain":175,"player_choice":"AGREE","damage_taken":0,"max_hp_gain":0,"max_hp_loss":0,"event_name":"Liars Game","floor":2,"gold_loss":0,"cards_obtained":["Doubt"]},{"damage_healed":0,"gold_gain":0,"player_choice":"Left Gold","damage_taken":0,"max_hp_gain":0,"max_hp_loss":0,"event_name":"World of Goop","floor":4,"gold_loss":43},{"damage_healed":0,"gold_gain":0,"player_choice":"Ignored","damage_taken":0,"max_hp_gain":0,"max_hp_loss":0,"event_name":"Golden Wing","floor":5,"gold_loss":0},{"damage_healed":0,"gold_gain":0,"player_choice":"CARD ","damage_taken":12,"max_hp_gain":0,"max_hp_loss":0,"event_name":"Knowing Skull","floor":19,"potions_obtained":[],"gold_loss":0,"cards_obtained":["Bandage Up"]}],"is_beta":false,"boss_relics":[{"not_picked":["Coffee Dripper","Runic Cube"],"picked":"SlaversCollar"}],"items_purged_floors":[],"is_endless":false,"potions_floor_spawned":[1,7,10,16,18,22,24],"killed_by":"Chosen and Byrds","ascension_level":0}}