{"host":"etcb6tchevl37gae","time":1612866865,"event":{"mods":["BaseMod","Duelist Mod","GifTheSpireLib","Hubris","Minty Spire (QoL Compilation)","Permanent Neow","Remove Card Discount Mod","StSLib"],"gold_per_floor":[137,157,157,174,192,226,191,217,217,217,234,3388,3399,3418,3418,3523,3523,3538,2957,2975,2992,3002,3037,3047,3080,3080,3080,3080,3090,3137,3366,3366,3468,3468,3478,4228,4228,4228,4092,1736,1736,1736,1736,1752,1781,1781,1809,1829,1829,1829,1829,1829,1257,1288,1288],"floor_reached":56,"language":"ENG","playtime":4617,"items_purged":["theDuelist:CastleWalls","theDuelist:CastleWalls","theDuelist:Sparks","theDuelist:Sparks","theDuelist:LesserDragon","theDuelist:CoralDragon","theDuelist:CaveDragon","theDuelist:CaveDragon","hubris:EnhanceAbility","theDuelist:CurseDragon","theDuelist:WhiteHowling","theDuelist:LesserDragon"],"score":1580,"play_id":"86b648e3-03e4-4fec-87e2-00c351ec8555","local_time":"20210209183425","is_ascension_mode":true,"campfire_choices":[{"data":"theDuelist:MiraculousDescent","floor":10.0,"key":"SMITH"},{"data":"theDuelist:PotGenerosity","floor":15.0,"key":"SMITH"},{"floor":28.0,"key":"REST"},{"data":"theDuelist:PurplePainOni","floor":32.0,"key":"SMITH"},{"floor":41.0,"key":"RECALL"},{"floor":49,"key":"REST"},{"data":"theDuelist:JamBreeding","floor":52,"key":"SMITH"}],"circlet_count":0,"master_deck":["theDuelist:BabyDragon","theDuelist:YamataDragon","theDuelist:CyberDragonNachster","theDuelist:HorusServant","theDuelist:CoralDragon","theDuelist:LightningDarts","theDuelist:MiraculousDescent+1","theDuelist:AncientGearGadjiltron","theDuelist:WaterDragon","hubris:EnhanceAbility","theDuelist:ImperialOrder","theDuelist:MirageDragon","theDuelist:BlackVeloci","theDuelist:PotGenerosity+1","theDuelist:BoosterDragon","theDuelist:ChimeratechOverdragon","theDuelist:Hydrogeddon+1","theDuelist:JamBreeding+1","theDuelist:PurplePainOni+1","theDuelist:CyberDragonVier+1","theDuelist:Kabazauls+1","Bandage Up","theDuelist:Mountain","theDuelist:Dracocension+1","RitualDagger","Mayhem+1","theDuelist:YamiForm+1","theDuelist:BerserkScales+1","theDuelist:Nameless:Magic:AssaultArmor","theDuelist:Nameless:Power:MaskedDragon","theDuelist:CyberDragonCore+1"],"relics":["theDuelist:MillenniumPuzzle","theDuelist:CardPoolRelic","theDuelist:CardPoolBasicRelic","theDuelist:BoosterPackPoolRelic","theDuelist:CardPoolAddRelic","theDuelist:CardPoolMinusRelic","theDuelist:CardPoolSaveRelic","theDuelist:CardPoolOptionsRelic","NeowsBlessing","hubris:AncientText","Pear","theDuelist:MerchantNecklace","Medical Kit","Bag of Preparation","theDuelist:DuelistTeaSet","theDuelist:ElectricToken","hubris:MedicalManual","hubris:Stopwatch","theDuelist:GoldenScale","theDuelist:MillenniumPeriapt","Frozen Egg 2","hubris:BundleOfHerbs","Du-Vu Doll","hubris:Teleporter","Runic Cube","theDuelist:DuelistCoin","theDuelist:SolderToken","theDuelist:MerchantNecklace","Red Skull","PreservedInsect","hubris:EmptyBottle","Mango","Chemical X","Ornamental Fan","War Paint","Lee\u0027s Waffle","theDuelist:DuelistLetterOpener","Boot","Juzu Bracelet","Shovel","theDuelist:BoosterPackMonsterEgg","MealTicket","White Beast Statue","theDuelist:MillenniumRing","hubris:BallOfYels","Runic Capacitor","Calipers"],"acts_visited":["Exordium","TheCity","TheBeyond","TheEnding"],"potions_floor_usage":[55,55,55,55,55,55,55,55,55,55,55],"damage_taken":[{"damage":0.0,"enemies":"Small Slimes","floor":1.0,"turns":1.0},{"damage":0.0,"enemies":"Cultist","floor":2.0,"turns":1.0},{"damage":0.0,"enemies":"Jaw Worm","floor":4.0,"turns":1.0},{"damage":0.0,"enemies":"2 Fungi Beasts","floor":5.0,"turns":4.0},{"damage":21.0,"enemies":"Lagavulin","floor":6.0,"turns":8.0},{"damage":33.0,"enemies":"3 Sentries","floor":8.0,"turns":8.0},{"damage":0.0,"enemies":"Large Slime","floor":11.0,"turns":5.0},{"damage":5.0,"enemies":"Red Slaver","floor":13.0,"turns":4.0},{"damage":0.0,"enemies":"3 Louse","floor":14.0,"turns":3.0},{"damage":15.0,"enemies":"The Guardian","floor":16.0,"turns":7.0},{"damage":0.0,"enemies":"3 Byrds","floor":18.0,"turns":5.0},{"damage":0.0,"enemies":"Chosen","floor":20.0,"turns":5.0},{"damage":36.0,"enemies":"3 Cultists","floor":21.0,"turns":7.0},{"damage":22.0,"enemies":"Centurion and Healer","floor":22.0,"turns":6.0},{"damage":9.0,"enemies":"Book of Stabbing","floor":23.0,"turns":4.0},{"damage":7.0,"enemies":"Snecko","floor":24.0,"turns":3.0},{"damage":5.0,"enemies":"Gremlin Leader","floor":25.0,"turns":5.0},{"damage":9.0,"enemies":"Chosen and Byrds","floor":29.0,"turns":5.0},{"damage":3.0,"enemies":"Chosen and Byrds","floor":30.0,"turns":8.0},{"damage":23.0,"enemies":"Book of Stabbing","floor":31.0,"turns":4.0},{"damage":6.0,"enemies":"Automaton","floor":33.0,"turns":6.0},{"damage":12.0,"enemies":"3 Shapes","floor":35.0,"turns":5.0},{"damage":24.0,"enemies":"Orb Walker","floor":44.0,"turns":4.0},{"damage":0.0,"enemies":"Reptomancer","floor":45.0,"turns":5.0},{"damage":17,"enemies":"Nemesis","floor":47,"turns":6},{"damage":61,"enemies":"Sphere and 2 Shapes","floor":48,"turns":6},{"damage":5,"enemies":"Time Eater","floor":50,"turns":6},{"damage":19,"enemies":"Shield and Spear","floor":54,"turns":5},{"damage":50,"enemies":"The Heart","floor":55,"turns":6}],"seed_played":"-2995860157012153461","potions_obtained":[{"floor":1.0,"key":"SteroidPotion"},{"floor":2.0,"key":"theDuelist:VoidBottle"},{"floor":6.0,"key":"theDuelist:FusionPotion"},{"floor":11.0,"key":"Swift Potion"},{"floor":16.0,"key":"Dexterity Potion"},{"floor":20.0,"key":"theDuelist:SealedPack"},{"floor":24.0,"key":"theDuelist:VoidBottle"},{"floor":30.0,"key":"theDuelist:DebuffFuryPotion"},{"floor":31.0,"key":"theDuelist:BigOrbBottle"},{"floor":33.0,"key":"Strength Potion"},{"floor":35.0,"key":"theDuelist:SealedPackE"},{"floor":45,"key":"BlessingOfTheForge"},{"floor":54,"key":"Strength Potion"}],"is_trial":false,"path_per_floor":["M","M","?","M","M","E","?","E","T","R","M","$","M","M","R","B",null,"M","$","M","M","M","E","M","E","T","?","R","M","?","E","R","B",null,"M","?","?","T","?","$","R","?","T","M","E","?","E","M","R","B",null,"R","$","E","B",null],"character_chosen":"THE_DUELIST","items_purchased":["Medical Kit","Bag of Preparation","theDuelist:DuelistTeaSet","hubris:EnhanceAbility","theDuelist:ImperialOrder","theDuelist:MirageDragon","theDuelist:CoralDragon","theDuelist:BlackVeloci","theDuelist:CurseDragon","theDuelist:ElectricToken","theDuelist:PotGenerosity","hubris:MedicalManual","hubris:EnhanceAbility","theDuelist:WhiteHowling","theDuelist:GoldenScale","theDuelist:MillenniumPeriapt","theDuelist:JamBreeding","Red Skull","PreservedInsect","Mayhem+1","hubris:EmptyBottle","theDuelist:ElectricPotion","theDuelist:BurningPotion","Explosive Potion","Mango","Chemical X","theDuelist:YamiForm+1","Ornamental Fan","War Paint","theDuelist:SolderPotionB","Dexterity Potion","Lee\u0027s Waffle","theDuelist:DuelistLetterOpener","theDuelist:BerserkScales+1","Boot","Juzu Bracelet","theDuelist:CoolBottle","theDuelist:VampireVial","theDuelist:MegaupgradePotion","Shovel","theDuelist:MillenniumRing","hubris:BallOfYels","Runic Capacitor"],"campfire_rested":2,"item_purchase_floors":[12,12,12,12,12,12,12,12,12,12,12,12,12,12,19,19,19,40,40,40,40,40,40,40,40,40,40,40,40,40,40,40,40,40,40,40,40,40,40,40,53,53,53],"current_hp_per_floor":[80,80,76,76,76,55,74,51,51,51,51,51,46,46,46,31,86,86,86,86,50,28,19,18,19,19,13,38,35,38,36,36,42,86,80,80,80,80,80,103,103,107,107,83,89,89,78,23,55,56,107,107,107,95,51],"gold":1288,"neow_bonus":"THREE_ENEMY_KILL","is_daily":false,"chose_seed":false,"campfire_upgraded":4,"win_rate":0.0,"timestamp":1612866865,"path_taken":["M","M","?","?","?","E","?","E","T","R","M","$","M","M","R","BOSS","M","$","M","M","M","E","M","E","T","?","R","M","?","E","R","BOSS","M","?","?","?","?","$","R","?","T","M","E","?","E","M","R","BOSS","R","$","E","BOSS"],"items_purchased_type":["Relic","Relic","Relic","Card","Card","Card","Card","Card","Card","Card","Card","Relic","Card","Card","Relic","Relic","Card","Relic","Relic","Card","Relic","Potion","Potion","Potion","Relic","Relic","Card","Relic","Relic","Potion","Potion","Relic","Relic","Card","Relic","Relic","Potion","Potion","Potion","Relic","Relic","Relic","Relic"],"build_version":"2020-12-22","purchased_purges":12,"victory":true,"max_hp_per_floor":[80,80,76,76,76,76,76,86,86,86,86,86,86,86,86,86,86,86,86,86,86,86,86,86,86,86,86,86,86,86,86,86,86,86,86,86,82,82,82,103,103,107,107,107,107,107,107,107,107,107,107,107,107,107,107],"card_choices":[{"not_picked":["theDuelist:CyberValley","theDuelist:CaveDragon","theDuelist:MoltenDestruction","theDuelist:BlackBrutdrago"],"picked":"theDuelist:CyberDragonNachster","floor":1.0},{"not_picked":["theDuelist:LeviaDragon","theDuelist:FiendSkull","theDuelist:DoomkaiserDragon","theDuelist:DefenseZone"],"picked":"theDuelist:HorusServant","floor":2.0},{"not_picked":["theDuelist:YamataDragon","theDuelist:CyberValley","theDuelist:FrostflameDragon","theDuelist:DreadnoughtDreadnoid"],"picked":"theDuelist:CoralDragon","floor":4.0},{"not_picked":["theDuelist:RainbowOverdragon","theDuelist:PreventRat","theDuelist:Reload","theDuelist:PotGreed"],"picked":"theDuelist:LightningDarts","floor":5.0},{"not_picked":["theDuelist:SurvivalFittest","theDuelist:ArtifactSanctum","theDuelist:CyberneticRevolution","theDuelist:DefensiveTactics"],"picked":"theDuelist:MiraculousDescent","floor":6.0},{"not_picked":["theDuelist:TwinBarrelDragon","theDuelist:Earthquake","theDuelist:ThunderDragon","theDuelist:CyberDragon"],"picked":"theDuelist:AncientGearGadjiltron","floor":8.0},{"not_picked":["theDuelist:BerserkScales","theDuelist:GravityLash"],"picked":"theDuelist:WaterDragon","floor":11.0},{"not_picked":["theDuelist:Earthquake","theDuelist:HazyFlameHydra","theDuelist:EyeTimaeus","theDuelist:HorusServant"],"picked":"theDuelist:BoosterDragon","floor":13.0},{"not_picked":["theDuelist:StampingDestruction","theDuelist:Earthquake","theDuelist:AxeDespair","theDuelist:CyberEmergency","theDuelist:FangCritias"],"picked":"SKIP","floor":14.0},{"not_picked":["theDuelist:WaterDragon","theDuelist:QueenDragunDjinn","theDuelist:BusterBladerDDS","theDuelist:GravityLash"],"picked":"theDuelist:ChimeratechOverdragon","floor":16.0},{"not_picked":["theDuelist:TwinHeadedFire","theDuelist:Pyrorex","theDuelist:MirageDragon","theDuelist:BlueEyesUltimate"],"picked":"theDuelist:Hydrogeddon+1","floor":18.0},{"not_picked":["theDuelist:RainbowOverdragon","theDuelist:ForbiddenChalice+1","theDuelist:DarkCreator","theDuelist:RedMedicine"],"picked":"theDuelist:PurplePainOni","floor":20.0},{"not_picked":["theDuelist:CurseDragon+1","theDuelist:BlackStego","theDuelist:SphereChaos","theDuelist:CyberDragonDrei+1"],"picked":"theDuelist:CyberDragonVier","floor":21.0},{"not_picked":["theDuelist:TrihornedDragon","theDuelist:BlackPtera","theDuelist:BarrelDragon+1","theDuelist:CyberTwinDragon"],"picked":"theDuelist:Kabazauls+1","floor":22.0},{"not_picked":["Apotheosis","Blind","PanicButton"],"picked":"Bandage Up","floor":23.0},{"not_picked":["theDuelist:SpiralSpearStrike","theDuelist:DefenseZone","theDuelist:SystemDown","theDuelist:DragonMirror"],"picked":"theDuelist:Mountain","floor":24.0},{"not_picked":["theDuelist:Pyrorex+1","theDuelist:StarlightRoad","theDuelist:BlackStego","theDuelist:BoosterDragon+1"],"picked":"theDuelist:Dracocension","floor":25.0},{"not_picked":["theDuelist:TwinBarrelDragon","theDuelist:DefenseDraw","theDuelist:CloudianGhost","theDuelist:HazyFlameHydra+1","theDuelist:RedEyes"],"picked":"SKIP","floor":29.0},{"not_picked":["theDuelist:TwinHeadedFire","theDuelist:TornadoDragon","theDuelist:AquaDolphin","theDuelist:Earthquake+1","theDuelist:BlackPtera"],"picked":"SKIP","floor":31.0},{"not_picked":["theDuelist:WaterDragon","theDuelist:QueenDragunDjinn","theDuelist:FiveHeaded","theDuelist:DoomkaiserDragon"],"picked":"theDuelist:ArmedProtectorDragon","floor":33.0},{"not_picked":["theDuelist:TrihornedDragon","theDuelist:BlackPtera","theDuelist:BarrelDragon+1","theDuelist:CyberTwinDragon","theDuelist:BlackBrachios+1"],"picked":"SKIP","floor":35.0},{"not_picked":["theDuelist:Kabazauls+1","theDuelist:BlackPtera+1","theDuelist:BarrelDragon+1","theDuelist:TrihornedDragon+1","theDuelist:BlackBrachios+1"],"picked":"SKIP","floor":44.0},{"not_picked":["theDuelist:Earthquake+1","theDuelist:BarrelDragon+1","theDuelist:HymnOfLight","theDuelist:AxeDespair"],"picked":"theDuelist:CyberDragonCore+1","floor":45},{"not_picked":["theDuelist:BigFire","theDuelist:LightningDarts","theDuelist:RainbowOverdragon+1","theDuelist:ForbiddenLance+1","theDuelist:Raigeki+1"],"picked":"SKIP","floor":47},{"not_picked":["theDuelist:ArmageddonDragonEmp+1","theDuelist:ChimeratechOverdragon+1","theDuelist:SeismicShockwave+1","theDuelist:SurvivalFittest+1","theDuelist:WaterDragon+1"],"picked":"SKIP","floor":48},{"not_picked":["theDuelist:ViceDragon+1","theDuelist:LordD+1","theDuelist:BlackPtera+1","theDuelist:Earthquake+1","theDuelist:LavaDragon+1"],"picked":"SKIP","floor":54}],"player_experience":125926,"relics_obtained":[{"floor":6.0,"key":"hubris:AncientText"},{"floor":8.0,"key":"Pear"},{"floor":9.0,"key":"theDuelist:MerchantNecklace"},{"floor":25.0,"key":"Frozen Egg 2"},{"floor":30.0,"key":"hubris:BundleOfHerbs"},{"floor":30.0,"key":"Du-Vu Doll"},{"floor":30.0,"key":"hubris:Teleporter"},{"floor":31.0,"key":"theDuelist:MillenniumCoin"},{"floor":38.0,"key":"theDuelist:SolderToken"},{"floor":43.0,"key":"theDuelist:BoosterPackMonsterEgg"},{"floor":45,"key":"MealTicket"},{"floor":47,"key":"White Beast Statue"},{"floor":54,"key":"Calipers"}],"event_choices":[{"damage_healed":0.0,"max_hp_gain":0.0,"max_hp_loss":0.0,"gold_gain":0.0,"event_name":"Aknamkanon\u0027s Tomb","player_choice":"Brew - 2x Potion Slots","duelist":true,"floor":3.0,"gold_loss":0.0,"damage_taken":0.0},{"damage_healed":19.0,"max_hp_gain":0.0,"max_hp_loss":0.0,"gold_gain":0.0,"event_name":"The Cleric","player_choice":"Healed","floor":7.0,"gold_loss":35.0,"damage_taken":0.0},{"damage_healed":0.0,"max_hp_gain":0.0,"max_hp_loss":0.0,"gold_gain":0.0,"event_name":"Nest","player_choice":"Joined the Cult","floor":27.0,"gold_loss":0.0,"damage_taken":6.0,"cards_obtained":["RitualDagger"]},{"damage_healed":0.0,"max_hp_gain":0.0,"max_hp_loss":0.0,"gold_gain":0.0,"event_name":"Battle City","player_choice":"Fight","duelist":true,"floor":30.0,"gold_loss":0.0,"damage_taken":0.0},{"damage_healed":0.0,"max_hp_gain":0.0,"max_hp_loss":0.0,"gold_gain":0.0,"event_name":"Tomb of the Nameless","player_choice":"Offering - offered Millennium Coin","duelist":true,"floor":36.0,"gold_loss":0.0,"damage_taken":0.0},{"damage_healed":0.0,"max_hp_gain":0.0,"max_hp_loss":0.0,"gold_gain":0.0,"event_name":"Aknamkanon\u0027s Tomb","player_choice":"Brew - 2x Potion Slots","duelist":true,"floor":37.0,"gold_loss":0.0,"damage_taken":0.0},{"damage_healed":0.0,"max_hp_gain":0.0,"max_hp_loss":0.0,"gold_gain":0.0,"event_name":"Relic Duplicator","player_choice":"Duplicated Relic - Merchant\u0027s Necklace","duelist":true,"floor":39.0,"gold_loss":0.0,"damage_taken":0.0},{"power_reward":4.0,"total_magic_score":104.0,"gold_gain":0.0,"duelist":true,"damage_taken":0.0,"relics_obtained":[],"points":18.0,"max_hp_gain":4.0,"max_hp_loss":0.0,"spent_points":{"magic":4.0,"greed":4.0,"war":0.0,"power":4.0,"hunger":4.0},"event_name":"Nameless Tomb","hunger_reward":4.0,"floor":42.0,"gold_loss":0.0,"magic_reward":4.0,"cards_obtained":["theDuelist:Nameless:Magic:AssaultArmor","theDuelist:Nameless:Power:MaskedDragon"]},{"cards_removed":["theDuelist:ArmedProtectorDragon"],"damage_healed":0,"gold_gain":0,"player_choice":"Purged","damage_taken":0,"max_hp_gain":0,"max_hp_loss":0,"event_name":"Purifier","floor":46,"gold_loss":0}],"is_beta":false,"boss_relics":[{"not_picked":["theDuelist:ElectricKey","Sozu"],"picked":"hubris:Stopwatch"},{"not_picked":["hubris:VirtuousBlindfold","Empty Cage"],"picked":"Runic Cube"}],"items_purged_floors":[12,12,12,12,12,12,19,19,19,19,40,53],"is_endless":false,"potions_floor_spawned":[1,2,6,11,16,20,24,30,31,33,35,45,48,54],"ascension_level":2}}