{"host":"soyfmymeou4emntr","time":1612888973,"event":{"mods":["BaseMod","Minty Spire (QoL Compilation)","Permanent Neow","Relic Sorter","Relic Stats","StSLib"],"gold_per_floor":[114,264,264,264,16,16,346,346,346,346,228,228,228,263,263,354,354,309,309,329,348,348,348,348],"floor_reached":23,"language":"ENG","playtime":2607,"items_purged":["Doubt"],"score":386,"play_id":"232841f1-c975-4f05-86a8-1292cdc56126","local_time":"20210209094253","is_ascension_mode":true,"campfire_choices":[{"data":"Bash","floor":6.0,"key":"SMITH"},{"data":"Feed","floor":8.0,"key":"SMITH"},{"floor":13.0,"key":"REST"},{"data":"Metallicize","floor":15.0,"key":"SMITH"}],"circlet_count":0,"master_deck":["AscendersBane","Strike_R","Strike_R","Strike_R","Strike_R","Strike_R","Defend_R","Defend_R","Defend_R","Defend_R","Bash+1","Madness+1","Iron Wave","Reckless Charge","Feed+1","Metallicize+1","Sentinel","Impervious","Cleave+1","Ghostly","Ghostly","Ghostly","True Grit","Second Wind"],"relics":["Burning Blood","Dead Branch","Medical Kit","Old Coin","TungstenRod","Golden Idol","Akabeko","Runic Cube"],"acts_visited":["Exordium","TheCity"],"potions_floor_usage":[23],"damage_taken":[{"damage":2.0,"enemies":"2 Louse","floor":1.0,"turns":3.0},{"damage":51.0,"enemies":"Gremlin Nob","floor":7.0,"turns":5.0},{"damage":18.0,"enemies":"3 Sentries","floor":14.0,"turns":6.0},{"damage":24.0,"enemies":"The Guardian","floor":16.0,"turns":13.0},{"damage":16.0,"enemies":"2 Thieves","floor":18.0,"turns":5.0},{"damage":4.0,"enemies":"3 Byrds","floor":20.0,"turns":7.0},{"damage":16.0,"enemies":"Snake Plant","floor":21.0,"turns":6.0},{"damage":50,"enemies":"Gremlin Leader","floor":23,"turns":6}],"seed_played":"-4259664860023440354","potions_obtained":[{"floor":7.0,"key":"Dexterity Potion"},{"floor":14.0,"key":"DistilledChaos"},{"floor":16.0,"key":"SkillPotion"},{"floor":20.0,"key":"BlessingOfTheForge"},{"floor":21.0,"key":"BloodPotion"}],"is_trial":false,"path_per_floor":["M","?","?","?","$","R","E","R","T","?","$","?","R","E","R","B",null,"M","?","M","M","?","E"],"character_chosen":"IRONCLAD","items_purchased":["Medical Kit","Reckless Charge","Metallicize"],"campfire_rested":1,"item_purchase_floors":[5,5,11],"current_hp_per_floor":[72,72,46,71,71,71,26,26,26,26,26,26,46,34,34,16,55,45,34,38,32,32,0,0],"gold":348,"neow_bonus":"RANDOM_COLORLESS","is_daily":false,"chose_seed":false,"campfire_upgraded":3,"win_rate":0.0,"timestamp":1612888973,"path_taken":["M","?","?","?","$","R","E","R","T","?","$","?","R","E","R","BOSS","M","?","M","M","?","E"],"items_purchased_type":["Relic","Card","Card"],"build_version":"2020-12-22","purchased_purges":1,"victory":false,"max_hp_per_floor":[75,75,75,75,75,75,75,75,75,68,68,68,68,68,68,68,68,68,34,38,42,42,42,42],"relic_stats":{"counters":[8,51],"Golden Idol":36,"Dead Branch":[70],"Medical Kit":[18],"obtain_stats":[{"Golden Idol":10,"Dead Branch":3,"Medical Kit":5,"Burning Blood":0,"TungstenRod":9,"Akabeko":14,"Old Coin":7,"Runic Cube":17},{"Golden Idol":2,"Dead Branch":1,"Medical Kit":1,"Burning Blood":0,"TungstenRod":2,"Akabeko":3,"Old Coin":2,"Runic Cube":4},{"Golden Idol":8,"Dead Branch":3,"Medical Kit":3,"Burning Blood":0,"TungstenRod":8,"Akabeko":14,"Old Coin":8,"Runic Cube":27}],"Burning Blood":40,"TungstenRod":56,"Runic Cube":[13]},"card_choices":[{"not_picked":["Deep Breath","Enlightenment"],"picked":"Madness","floor":0.0},{"not_picked":["Rage","True Grit"],"picked":"Iron Wave","floor":1.0},{"not_picked":["Second Wind","Pummel"],"picked":"Feed","floor":7.0},{"not_picked":["Havoc","Shrug It Off"],"picked":"Sentinel","floor":14.0},{"not_picked":["Double Tap","Barricade"],"picked":"Impervious","floor":16.0},{"not_picked":["Rage","Heavy Blade"],"picked":"Cleave+1","floor":18.0},{"not_picked":["Thunderclap","Second Wind"],"picked":"True Grit","floor":20.0},{"not_picked":["Shrug It Off","Headbutt"],"picked":"Second Wind","floor":21.0}],"player_experience":3158514,"relics_obtained":[{"floor":7.0,"key":"Old Coin"},{"floor":9.0,"key":"TungstenRod"},{"floor":14.0,"key":"Akabeko"}],"event_choices":[{"damage_healed":0.0,"max_hp_gain":0.0,"max_hp_loss":0.0,"gold_gain":150.0,"event_name":"Liars Game","player_choice":"AGREE","floor":2.0,"gold_loss":0.0,"damage_taken":0.0,"cards_obtained":["Doubt"]},{"damage_healed":0.0,"max_hp_gain":0.0,"max_hp_loss":0.0,"gold_gain":0.0,"event_name":"Scrap Ooze","player_choice":"Success","floor":3.0,"gold_loss":0.0,"damage_taken":26.0,"relics_obtained":["Dead Branch"]},{"damage_healed":25.0,"max_hp_gain":0.0,"max_hp_loss":0.0,"gold_gain":0.0,"event_name":"Big Fish","player_choice":"Banana","floor":4.0,"gold_loss":0.0,"damage_taken":0.0},{"damage_healed":0.0,"max_hp_gain":0.0,"max_hp_loss":7.0,"gold_gain":0.0,"event_name":"Golden Idol","player_choice":"Lose Max HP","floor":10.0,"gold_loss":0.0,"damage_taken":0.0,"relics_obtained":["Golden Idol"]},{"damage_healed":0.0,"max_hp_gain":0.0,"max_hp_loss":0.0,"gold_gain":0.0,"event_name":"Upgrade Shrine","player_choice":"Upgraded","floor":12.0,"gold_loss":0.0,"damage_taken":0.0,"cards_upgraded":["Madness"]},{"damage_healed":0.0,"max_hp_gain":0.0,"max_hp_loss":34.0,"gold_gain":0.0,"event_name":"Ghosts","player_choice":"Became a Ghost","floor":19.0,"gold_loss":0.0,"damage_taken":0.0,"cards_obtained":["Ghostly","Ghostly","Ghostly"]},{"damage_healed":0.0,"max_hp_gain":0.0,"max_hp_loss":0.0,"gold_gain":0.0,"event_name":"Vampires","player_choice":"Ignored","floor":22.0,"gold_loss":0.0,"damage_taken":0.0}],"is_beta":false,"boss_relics":[{"not_picked":["Empty Cage","Snecko Eye"],"picked":"Runic Cube"}],"items_purged_floors":[11],"is_endless":false,"potions_floor_spawned":[7,14,16,20,21],"killed_by":"Gremlin Leader","ascension_level":20}}