{"host":"28p8ce41sjwa6lzf","time":1612886501,"event":{"mods":["BaseMod","Bestiary","Colored Map","Colored Powertips","Dark Map","Highlight Path","Minty Spire (QoL Compilation)","Permanent Neow","Quick Restart","Random Character Button","Rare Cards Sparkle","Relic Stats","StSLib","Unceasing Turn Reminder"],"gold_per_floor":[361,4,23,40,59,59,89,89,89,114,130,205,205,32,32,104,104,124,124,49,61,77,103,103,130,130,162,180,95,110,126,126,200,200,210,84,84,84,101,131,0,15,15,40,40,56,56,56,56,56,56,56,56,2,31,31],"floor_reached":57,"language":"ENG","playtime":6172,"items_purged":["Strike_G"],"score":3135,"play_id":"66fec377-fd41-447d-b921-24076209ec2d","local_time":"20210209100141","is_ascension_mode":true,"campfire_choices":[{"data":"Dagger Spray","floor":6.0,"key":"SMITH"},{"data":"Corpse Explosion","floor":13.0,"key":"SMITH"},{"data":"Outmaneuver","floor":15.0,"key":"SMITH"},{"data":"Venomology","floor":24.0,"key":"SMITH"},{"data":"Predator","floor":32.0,"key":"SMITH"},{"data":"Acrobatics","floor":45.0,"key":"SMITH"},{"floor":49.0,"key":"RECALL"},{"data":"After Image","floor":53,"key":"SMITH"}],"circlet_count":0,"master_deck":["AscendersBane","Strike_G+1","Strike_G","Defend_G","Defend_G","Defend_G","Defend_G","Defend_G","Survivor","Neutralize+1","PiercingWail","Outmaneuver+1","Crippling Poison+1","Corpse Explosion+1","Dagger Spray+1","Predator+1","Venomology+1","Acrobatics+1","After Image+1","Deadly Poison","Ghostly","Ghostly","Ghostly","Dodge and Roll+1","Bouncing Flask+1","Tactician+1","Cloak And Dagger+1","Burst+1","Dodge and Roll+1","Backflip+1","Enlightenment+1","Madness+1","Madness+1","Outmaneuver+1","Cloak And Dagger+1","Acrobatics+1","Blade Dance+1","Crippling Poison+1"],"relics":["Ring of the Snake","FossilizedHelix","Ninja Scroll","Meat on the Bone","HornCleat","TwistedFunnel","Black Star","Anchor","TungstenRod","Toxic Egg 2","Dead Branch","Regal Pillow","Ornamental Fan","Lantern","Darkstone Periapt","Coffee Dripper","MealTicket","Shuriken","Red Mask","Vajra","Ginger","Dream Catcher","Whetstone","Strawberry"],"acts_visited":["Exordium","TheCity","TheBeyond","TheEnding"],"potions_floor_usage":[51,51,55,56,56,56],"damage_taken":[{"damage":1.0,"enemies":"Small Slimes","floor":1.0,"turns":3.0},{"damage":0.0,"enemies":"Cultist","floor":3.0,"turns":5.0},{"damage":0.0,"enemies":"2 Louse","floor":4.0,"turns":3.0},{"damage":0.0,"enemies":"Large Slime","floor":5.0,"turns":6.0},{"damage":0.0,"enemies":"3 Sentries","floor":7.0,"turns":2.0},{"damage":7.0,"enemies":"Lagavulin","floor":10.0,"turns":5.0},{"damage":0.0,"enemies":"Looter","floor":11.0,"turns":2.0},{"damage":14.0,"enemies":"Slime Boss","floor":16.0,"turns":9.0},{"damage":18.0,"enemies":"Spheric Guardian","floor":18.0,"turns":6.0},{"damage":0.0,"enemies":"3 Byrds","floor":21.0,"turns":3.0},{"damage":0.0,"enemies":"3 Cultists","floor":22.0,"turns":3.0},{"damage":32.0,"enemies":"Gremlin Leader","floor":23.0,"turns":8.0},{"damage":0.0,"enemies":"Slavers","floor":25.0,"turns":2.0},{"damage":5.0,"enemies":"Gremlin Leader","floor":27.0,"turns":6.0},{"damage":0.0,"enemies":"Snake Plant","floor":28.0,"turns":4.0},{"damage":0.0,"enemies":"Sentry and Sphere","floor":30.0,"turns":2.0},{"damage":0.0,"enemies":"Snecko","floor":31.0,"turns":3.0},{"damage":28.0,"enemies":"Champ","floor":33.0,"turns":17.0},{"damage":0.0,"enemies":"Orb Walker","floor":35.0,"turns":3.0},{"damage":0.0,"enemies":"3 Darklings","floor":39.0,"turns":7.0},{"damage":0.0,"enemies":"Reptomancer","floor":40.0,"turns":6.0},{"damage":0.0,"enemies":"Sphere and 2 Shapes","floor":42.0,"turns":4.0},{"damage":0.0,"enemies":"Giant Head","floor":44.0,"turns":6.0},{"damage":0.0,"enemies":"Spire Growth","floor":46.0,"turns":4.0},{"damage":0.0,"enemies":"Awakened One","floor":50.0,"turns":10.0},{"damage":17,"enemies":"Time Eater","floor":51,"turns":9},{"damage":0,"enemies":"Shield and Spear","floor":55,"turns":6},{"damage":24,"enemies":"The Heart","floor":56,"turns":8}],"seed_played":"-2130636837086637506","potions_obtained":[{"floor":3.0,"key":"Fire Potion"},{"floor":5.0,"key":"Poison Potion"},{"floor":7.0,"key":"LiquidBronze"},{"floor":16.0,"key":"AttackPotion"},{"floor":18.0,"key":"Regen Potion"},{"floor":25.0,"key":"Block Potion"},{"floor":27.0,"key":"CunningPotion"},{"floor":40.0,"key":"PowerPotion"},{"floor":46.0,"key":"SkillPotion"}],"is_trial":false,"path_per_floor":["M","$","M","M","M","R","E","?","T","E","M","?","R","$","R","B",null,"M","?","?","M","M","E","R","E","T","E","M","?","M","M","R","B",null,"M","$","?","?","M","E","?","M","T","E","R","M","?","T","R","B","B",null,"R","$","E","B",null],"character_chosen":"THE_SILENT","items_purchased":["FossilizedHelix","Outmaneuver","TwistedFunnel","Backflip+1","Block Potion"],"campfire_rested":0,"item_purchase_floors":[2,2,14,36,54],"current_hp_per_floor":[58,58,58,58,58,58,58,58,58,51,51,40,40,40,40,38,55,37,30,30,30,30,18,18,18,18,25,30,30,30,30,30,14,26,26,26,26,22,22,22,22,22,22,22,22,22,22,22,22,22,17,27,27,30,37,25],"gold":31,"neow_bonus":"TWO_FIFTY_GOLD","is_daily":false,"chose_seed":false,"campfire_upgraded":7,"win_rate":0.0,"timestamp":1612886501,"path_taken":["M","$","M","M","M","R","E","?","T","E","?","?","R","$","R","BOSS","M","?","?","M","M","E","R","E","T","E","M","?","M","M","R","BOSS","M","$","?","?","M","E","?","?","T","E","R","M","?","?","R","BOSS","BOSS","R","$","E","BOSS"],"items_purchased_type":["Relic","Card","Relic","Card","Potion"],"build_version":"2020-12-22","purchased_purges":1,"victory":true,"max_hp_per_floor":[60,60,60,60,60,60,60,60,60,60,60,60,60,60,60,60,60,60,30,30,30,30,30,30,30,30,30,30,30,30,30,30,30,30,30,30,30,30,30,30,30,30,30,30,30,30,30,30,30,30,30,30,30,30,37,37],"relic_stats":{"Darkstone Periapt":0,"Regal Pillow":0,"counters":[28,152],"Dead Branch":[339],"Ginger":[4],"Whetstone":["Neutralize","Strike_G"],"Dream Catcher":0,"Ornamental Fan":[300],"Shuriken":[44],"MealTicket":3,"Black Star":6,"obtain_stats":[{"TwistedFunnel":14,"Darkstone Periapt":29,"Regal Pillow":26,"Lantern":27,"Dead Branch":25,"Vajra":44,"Ginger":44,"Whetstone":55,"Anchor":23,"Dream Catcher":48,"HornCleat":10,"Ninja Scroll":7,"Ornamental Fan":27,"Shuriken":40,"Strawberry":55,"MealTicket":40,"Black Star":17,"Coffee Dripper":34,"Red Mask":41,"Toxic Egg 2":25,"FossilizedHelix":2,"TungstenRod":23,"Ring of the Snake":0,"Meat on the Bone":9},{"TwistedFunnel":7,"Darkstone Periapt":15,"Regal Pillow":13,"Lantern":14,"Dead Branch":13,"Vajra":23,"Ginger":23,"Whetstone":27,"Anchor":12,"Dream Catcher":24,"HornCleat":6,"Ninja Scroll":5,"Ornamental Fan":14,"Shuriken":21,"Strawberry":27,"MealTicket":21,"Black Star":8,"Coffee Dripper":18,"Red Mask":21,"Toxic Egg 2":13,"FossilizedHelix":1,"TungstenRod":12,"Ring of the Snake":0,"Meat on the Bone":5},{"TwistedFunnel":26,"Darkstone Periapt":67,"Regal Pillow":57,"Lantern":63,"Dead Branch":57,"Vajra":115,"Ginger":115,"Whetstone":144,"Anchor":55,"Dream Catcher":119,"HornCleat":24,"Ninja Scroll":19,"Ornamental Fan":63,"Shuriken":105,"Strawberry":144,"MealTicket":105,"Black Star":35,"Coffee Dripper":89,"Red Mask":105,"Toxic Egg 2":57,"FossilizedHelix":3,"TungstenRod":55,"Ring of the Snake":0,"Meat on the Bone":19}],"TungstenRod":29,"Ring of the Snake":[56],"Meat on the Bone":72},"card_choices":[{"not_picked":["Deflect","Outmaneuver"],"picked":"PiercingWail","floor":1.0},{"not_picked":["Quick Slash","Deadly Poison"],"picked":"Crippling Poison","floor":3.0},{"not_picked":["Underhanded Strike","Flechettes"],"picked":"Corpse Explosion","floor":4.0},{"not_picked":["Dodge and Roll","Outmaneuver"],"picked":"Dagger Spray","floor":5.0},{"not_picked":["PiercingWail","Distraction"],"picked":"Predator","floor":7.0},{"not_picked":["Bane","Night Terror"],"picked":"Venomology","floor":10.0},{"not_picked":["Prepared","Sucker Punch"],"picked":"Acrobatics","floor":11.0},{"not_picked":["Glass Knife","Doppelganger"],"picked":"After Image","floor":16.0},{"not_picked":["Underhanded Strike","Flying Knee+1"],"picked":"Deadly Poison","floor":18.0},{"not_picked":["Quick Slash","Storm of Steel","Poisoned Stab"],"picked":"SKIP","floor":21.0},{"not_picked":["Slice","Deflect","Sucker Punch"],"picked":"SKIP","floor":22.0},{"not_picked":["Cloak And Dagger","Footwork","Dagger Throw"],"picked":"SKIP","floor":23.0},{"not_picked":["Eviscerate","Escape Plan+1"],"picked":"Dodge and Roll+1","floor":25.0},{"not_picked":["Leg Sweep+1","Distraction+1"],"picked":"Bouncing Flask+1","floor":27.0},{"not_picked":["Sucker Punch","Dagger Spray"],"picked":"Tactician+1","floor":28.0},{"not_picked":["Riddle With Holes","All Out Attack","Storm of Steel+1"],"picked":"SKIP","floor":30.0},{"not_picked":["Poisoned Stab","Bane"],"picked":"Cloak And Dagger+1","floor":31.0},{"not_picked":["Corpse Explosion+1","A Thousand Cuts"],"picked":"Burst+1","floor":33.0},{"not_picked":["Underhanded Strike","Escape Plan+1"],"picked":"Dodge and Roll+1","floor":35.0},{"not_picked":["PanicButton+1","Good Instincts+1"],"picked":"Enlightenment+1","floor":37.0},{"not_picked":["Infinite Blades+1","Accuracy+1"],"picked":"Outmaneuver+1","floor":39.0},{"not_picked":["Dodge and Roll+1","Deadly Poison+1"],"picked":"Cloak And Dagger+1","floor":40.0},{"not_picked":["After Image","Dodge and Roll+1"],"picked":"Acrobatics+1","floor":42.0},{"not_picked":["Underhanded Strike","Dagger Spray","Quick Slash"],"picked":"SKIP","floor":44.0},{"not_picked":["Flying Knee","Terror+1"],"picked":"Blade Dance+1","floor":46.0},{"not_picked":["Deadly Poison+1","Dagger Spray"],"picked":"Crippling Poison+1","floor":55}],"player_experience":1005074,"relics_obtained":[{"floor":7.0,"key":"Ninja Scroll"},{"floor":9.0,"key":"Meat on the Bone"},{"floor":10.0,"key":"HornCleat"},{"floor":23.0,"key":"Anchor"},{"floor":23.0,"key":"TungstenRod"},{"floor":25.0,"key":"Toxic Egg 2"},{"floor":25.0,"key":"Dead Branch"},{"floor":26.0,"key":"Regal Pillow"},{"floor":27.0,"key":"Ornamental Fan"},{"floor":27.0,"key":"Lantern"},{"floor":40.0,"key":"MealTicket"},{"floor":40.0,"key":"Shuriken"},{"floor":44.0,"key":"Vajra"},{"floor":44.0,"key":"Ginger"},{"floor":48.0,"key":"Dream Catcher"},{"floor":55,"key":"Whetstone"},{"floor":55,"key":"Strawberry"}],"event_choices":[{"damage_healed":0.0,"max_hp_gain":0.0,"max_hp_loss":0.0,"gold_gain":0.0,"event_name":"Upgrade Shrine","player_choice":"Upgraded","floor":8.0,"gold_loss":0.0,"damage_taken":0.0,"cards_upgraded":["Crippling Poison"]},{"damage_healed":0.0,"max_hp_gain":0.0,"max_hp_loss":0.0,"gold_gain":75.0,"event_name":"World of Goop","player_choice":"Gather Gold","floor":12.0,"gold_loss":0.0,"damage_taken":11.0},{"damage_healed":0.0,"max_hp_gain":0.0,"max_hp_loss":30.0,"gold_gain":0.0,"event_name":"Ghosts","player_choice":"Became a Ghost","floor":19.0,"gold_loss":0.0,"damage_taken":0.0,"cards_obtained":["Ghostly","Ghostly","Ghostly"]},{"cards_removed":["Strike_G"],"damage_healed":0.0,"max_hp_gain":0.0,"max_hp_loss":0.0,"gold_gain":0.0,"event_name":"Beggar","player_choice":"Gave Gold","floor":20.0,"gold_loss":75.0,"damage_taken":0.0},{"damage_healed":0.0,"max_hp_gain":0.0,"max_hp_loss":0.0,"gold_gain":0.0,"event_name":"Addict","player_choice":"Obtained Relic","floor":29.0,"gold_loss":85.0,"damage_taken":0.0,"relics_obtained":["Darkstone Periapt"]},{"damage_healed":0.0,"max_hp_gain":0.0,"max_hp_loss":0.0,"gold_gain":0.0,"event_name":"SensoryStone","player_choice":"Memory 1","floor":37.0,"gold_loss":0.0,"damage_taken":0.0},{"damage_healed":0.0,"max_hp_gain":0.0,"max_hp_loss":0.0,"gold_gain":0.0,"event_name":"Winding Halls","player_choice":"Embrace Madness","floor":38.0,"gold_loss":0.0,"damage_taken":5.0,"cards_obtained":["Madness","Madness"]},{"damage_healed":0.0,"max_hp_gain":0.0,"max_hp_loss":0.0,"gold_gain":0.0,"event_name":"Tomb of Lord Red Mask","player_choice":"Paid","floor":41.0,"gold_loss":131.0,"damage_taken":0.0,"relics_obtained":["Red Mask"]},{"cards_removed":["Strike_G"],"damage_healed":0.0,"max_hp_gain":0.0,"max_hp_loss":0.0,"gold_gain":0.0,"event_name":"Falling","player_choice":"Removed Attack","floor":47.0,"gold_loss":0.0,"damage_taken":0.0}],"is_beta":false,"boss_relics":[{"not_picked":["Busted Crown","HoveringKite"],"picked":"Black Star"},{"not_picked":["Astrolabe","Ring of the Serpent"],"picked":"Coffee Dripper"}],"items_purged_floors":[36],"is_endless":false,"potions_floor_spawned":[3,5,7,16,18,21,22,25,27,40,46,55],"ascension_level":20}}