{"host":"nuc2w1a7ik2yhkv2","time":1612861666,"event":{"mods":["Act Like it!","BaseMod","Minty Spire (QoL Compilation)","Quick Restart","Rare Cards Sparkle","StSLib"],"gold_per_floor":[110,27,39,39,52,52,86,86,86,117,38,38,55,73,73,151,151,169,169,180,193,16,16,35,0,0,0,0,0],"floor_reached":28,"language":"ZHS","playtime":1240,"items_purged":["Parasite"],"score":506,"play_id":"f7deb9f5-2a17-479a-b149-1aad290e2bbc","local_time":"20210209170746","is_ascension_mode":true,"campfire_choices":[{"data":"Chrysalis","floor":6.0,"key":"SMITH"},{"floor":8.0,"key":"REST"},{"data":"Envenom","floor":15.0,"key":"SMITH"},{"floor":23.0,"key":"REST"},{"floor":27,"key":"REST"}],"circlet_count":0,"master_deck":["AscendersBane","Strike_G","Strike_G","Strike_G","Strike_G","Defend_G","Defend_G","Defend_G","Defend_G","Defend_G","Survivor","Neutralize","Chrysalis+1","Poisoned Stab","Well Laid Plans","Flying Knee","Catalyst","Backflip","Flechettes","Caltrops","Backflip","Envenom+1","Adrenaline","Bane","Terror","Infinite Blades","Blade Dance","Impatience","Tactician"],"relics":["Ring of the Snake","Ninja Scroll","Letter Opener","Sundial","Ornamental Fan","SacredBark","Calipers"],"acts_visited":["Exordium","TheCity"],"potions_floor_usage":[],"damage_taken":[{"damage":8.0,"enemies":"2 Louse","floor":1.0,"turns":4.0},{"damage":2.0,"enemies":"Jaw Worm","floor":3.0,"turns":5.0},{"damage":4.0,"enemies":"Cultist","floor":5.0,"turns":3.0},{"damage":29.0,"enemies":"Lagavulin","floor":7.0,"turns":10.0},{"damage":0.0,"enemies":"3 Sentries","floor":10.0,"turns":2.0},{"damage":2.0,"enemies":"Looter","floor":13.0,"turns":3.0},{"damage":11.0,"enemies":"2 Fungi Beasts","floor":14.0,"turns":3.0},{"damage":18.0,"enemies":"Hexaghost","floor":16.0,"turns":11.0},{"damage":4.0,"enemies":"Shell Parasite","floor":18.0,"turns":7.0},{"damage":5.0,"enemies":"3 Byrds","floor":20.0,"turns":3.0},{"damage":32.0,"enemies":"Sentry and Sphere","floor":21.0,"turns":6.0},{"damage":14.0,"enemies":"Snake Plant","floor":24.0,"turns":4.0},{"damage":26,"enemies":"Centurion and Healer","floor":28,"turns":3}],"seed_played":"5152553430203281552","potions_obtained":[{"floor":5.0,"key":"Block Potion"},{"floor":7.0,"key":"DistilledChaos"},{"floor":14.0,"key":"Dexterity Potion"},{"floor":18.0,"key":"GhostInAJar"},{"floor":20.0,"key":"Explosive Potion"}],"is_trial":false,"path_per_floor":["M","$","M","?","M","R","E","R","T","E","$","?","M","M","R","B",null,"M","?","M","M","$","R","M","?","T","R","M"],"character_chosen":"THE_SILENT","items_purchased":["Well Laid Plans","Caltrops","Impatience"],"campfire_rested":3,"item_purchase_floors":[2,11,22],"current_hp_per_floor":[51,51,49,38,34,34,5,23,23,23,23,38,36,25,25,7,47,43,43,38,6,6,23,9,9,9,26,0,0],"gold":0,"neow_bonus":"RANDOM_COLORLESS_2","is_daily":false,"chose_seed":false,"campfire_upgraded":2,"win_rate":0.0,"timestamp":1612861666,"path_taken":["M","$","M","?","M","R","E","R","T","E","$","?","M","M","R","BOSS","M","?","M","M","$","R","?","?","T","R","M"],"items_purchased_type":["Card","Card","Card"],"build_version":"2020-12-22","purchased_purges":1,"victory":false,"max_hp_per_floor":[60,60,60,60,60,60,60,60,60,60,60,60,60,60,60,60,60,60,60,60,60,57,57,57,57,57,57,57,57],"card_choices":[{"not_picked":["Violence","Transmutation"],"picked":"Chrysalis","floor":0.0},{"not_picked":["Deadly Poison","Bane"],"picked":"Poisoned Stab","floor":1.0},{"not_picked":["Flechettes","Quick Slash"],"picked":"Flying Knee","floor":3.0},{"not_picked":["Choke","Underhanded Strike"],"picked":"Catalyst","floor":5.0},{"not_picked":["Setup","Poisoned Stab"],"picked":"Backflip","floor":7.0},{"not_picked":["Phantasmal Killer","Terror"],"picked":"Flechettes","floor":10.0},{"not_picked":["Prepared","Sucker Punch"],"picked":"Backflip","floor":13.0},{"not_picked":["Accuracy","Slice"],"picked":"Envenom","floor":14.0},{"not_picked":["After Image","A Thousand Cuts"],"picked":"Adrenaline","floor":16.0},{"not_picked":["Slice","Poisoned Stab"],"picked":"Bane","floor":18.0},{"not_picked":["Prepared","Flechettes"],"picked":"Infinite Blades","floor":20.0},{"not_picked":["Dodge and Roll","Choke"],"picked":"Blade Dance","floor":21.0},{"not_picked":["Prepared+1","Underhanded Strike"],"picked":"Tactician","floor":24.0}],"player_experience":888539,"relics_obtained":[{"floor":7.0,"key":"Letter Opener"},{"floor":9.0,"key":"Sundial"},{"floor":10.0,"key":"Ornamental Fan"},{"floor":26,"key":"Calipers"}],"event_choices":[{"damage_healed":0.0,"max_hp_gain":0.0,"max_hp_loss":0.0,"gold_gain":0.0,"event_name":"Scrap Ooze","player_choice":"Success","floor":4.0,"gold_loss":0.0,"damage_taken":11.0,"relics_obtained":["Ninja Scroll"]},{"damage_healed":15.0,"max_hp_gain":0.0,"max_hp_loss":0.0,"gold_gain":0.0,"event_name":"Mushrooms","player_choice":"Healed and dodged fight","floor":12.0,"gold_loss":0.0,"damage_taken":0.0,"cards_obtained":["Parasite"]},{"damage_healed":0.0,"max_hp_gain":0.0,"max_hp_loss":0.0,"gold_gain":0.0,"cards_transformed":["Strike_G"],"event_name":"Transmorgrifier","player_choice":"Transformed","floor":19.0,"gold_loss":0.0,"damage_taken":0.0,"cards_obtained":["Terror"]},{"damage_healed":0,"gold_gain":0,"player_choice":"Paid Fearfully","damage_taken":0,"max_hp_gain":0,"max_hp_loss":0,"event_name":"Masked Bandits","floor":25,"gold_loss":35}],"is_beta":false,"boss_relics":[{"not_picked":["Runic Dome","Runic Pyramid"],"picked":"SacredBark"}],"items_purged_floors":[22],"is_endless":false,"potions_floor_spawned":[5,7,14,18,20],"killed_by":"Centurion and Healer","ascension_level":20}}