{"host":"roto7j7840a50pxh","time":1612910342,"event":{"mods":["Act Like it!","BaseMod","Better Altar","Better Note","Better Sensory Stone","Better Skull","Better Third Choice","BetterRewards","Colored Map","Colored Powertips","Downfall","Hermit","Highlight Path","Hubris","Infinite Spire","Minty Spire (QoL Compilation)","Replay The Spire","Robot Space Explorer","Shade Mod","Spicy Shops","StSLib","The Construct","The Cursed","The Dragon Tamer","The Hierophant","The Necromancer","The Runesmith","The Servant 0.9.4","TheVacant"],"gold_per_floor":[109,109,126,141,152,152,187,187,187,187,410,422,434,460,460,561,561,577,577,592,592,608,641,641,641,641,252,31,58,72,172,172,275,325,341,102,119,133,133,159,159,159,229,229,239,287,314,330,330,330],"floor_reached":51,"language":"ENG","playtime":4167,"items_purged":["Injury"],"score":1392,"play_id":"a6c101c1-7015-4021-b19b-4ea9760ca045","local_time":"20210209173902","is_ascension_mode":true,"metric_token":1875,"campfire_choices":[{"data":"Apotheosis","floor":6.0,"key":"SMITH"},{"data":"DTMod:Dissolve","floor":10.0,"key":"SMITH"},{"data":"DTMod:Safeguard","floor":15.0,"key":"SMITH"},{"floor":24.0,"key":"REST"},{"floor":32.0,"key":"REST"},{"floor":42.0,"key":"DIG"},{"floor":44.0,"key":"DIG"},{"floor":49.0,"key":"REST"},{"floor":49.0,"key":"DIG"}],"dtmod_dragon_data":[45,50,3,2,14,15],"circlet_count":0,"master_deck":["DTMod:Strike","DTMod:Strike","DTMod:DoubleHit","DTMod:TargetDefense","DTMod:TargetDefense","DTMod:TargetDefense+1","DTMod:TargetDefense","DTMod:SwitchingTactic","DTMod:Safeguard+1","DTMod:Cover","DTMod:DarkBreath","Apotheosis+1","DTMod:Dissolve+1","DTMod:TagTeam","DTMod:BlueScale","DTMod:BurningEnergy","DTMod:TriAttack","DTMod:CleansingStrike","DTMod:ShadowImage","DTMod:TagTeam","DTMod:Threaten","DTMod:BreakAttack","DTMod:CalculatedDefense","DTMod:MagiciansMark","DTMod:Overwhelm","DTMod:Hide","DTMod:ForkedFire","DTMod:InvisibleFlame","DTMod:Training","DTMod:Harmonize","DTMod:SealedStrike","DTMod:Threaten+1","DTMod:BurningEnergy","DTMod:BlazingStrike+1","construct:PowerUp","DTMod:PurifyingFlame+1","DTMod:BalancedStrike","DTMod:Dissolve","DTMod:RunningTactic","DTMod:FlameSlash","DTMod:Dissolve","DTMod:Weaken","DTMod:Weaken","DTMod:ComboAttack","DTMod:ShieldDrain","DTMod:Observe+1","DTMod:BurningForce","DTMod:HeadStart","DTMod:FlameSlash","DTMod:BreakAttack","DTMod:Overwhelm","DTMod:BreakAttack","DTMod:RunningTactic","DTMod:Punisher","DTMod:ExcessFootwork","DTMod:InvisibleFlame","DTMod:Coolant+1","DTMod:ComboAttack","DTMod:QuickFly"],"relics":["DTMod:PactStone","Lee\u0027s Waffle","DTMod:BasicTextbook","Replay:Baseball","ReplayTheSpireMod:CursedCoin","Orrery","hubris:CuriousFeather","Runesmith:Locket","infinitespire:Joker Card","Toy Ornithopter","construct:WeddingRing","infinitespire:FocusingShard","Bloody Idol","Mummified Hand","PreservedInsect","Bronze Scales","Tiny House","Shovel","hubris:Icosahedron","Replay:Kaleidoscope","War Paint","Replay:Bottled Snecko","Regal Pillow","infinitespire:Magic Flask","Centennial Puzzle","Nunchaku"],"acts_visited":["Exordium","TheCity","TheBeyond"],"potions_floor_usage":[50],"damage_taken":[{"damage":0.0,"enemies":"Jaw Worm","floor":1.0,"turns":4.0},{"damage":0.0,"enemies":"Cultist","floor":3.0,"turns":3.0},{"damage":0.0,"enemies":"Small Slimes","floor":4.0,"turns":4.0},{"damage":1.0,"enemies":"Blue Slaver","floor":5.0,"turns":2.0},{"damage":0.0,"enemies":"Gremlin Nob","floor":7.0,"turns":4.0},{"damage":0.0,"enemies":"2 Fungi Beasts","floor":12.0,"turns":3.0},{"damage":0.0,"enemies":"3 Louse","floor":13.0,"turns":4.0},{"damage":0.0,"enemies":"Lagavulin","floor":14.0,"turns":6.0},{"damage":0.0,"enemies":"Hexaghost","floor":16.0,"turns":10.0},{"damage":0.0,"enemies":"2 Thieves","floor":18.0,"turns":5.0},{"damage":5.0,"enemies":"Shell Parasite","floor":20.0,"turns":4.0},{"damage":0.0,"enemies":"Snake Plant","floor":22.0,"turns":2.0},{"damage":0.0,"enemies":"Book of Stabbing","floor":23.0,"turns":5.0},{"damage":0.0,"enemies":"Replay:Snechameleon","floor":29.0,"turns":4.0},{"damage":0.0,"enemies":"Chosen and Byrds","floor":30.0,"turns":6.0},{"damage":46.0,"enemies":"hubris:MusketHawk","floor":33.0,"turns":8.0},{"damage":0.0,"enemies":"3 Shapes","floor":35.0,"turns":1.0},{"damage":0.0,"enemies":"Orb Walker","floor":37.0,"turns":2.0},{"damage":0.0,"enemies":"3 Darklings","floor":38.0,"turns":5.0},{"damage":0.0,"enemies":"Giant Head","floor":40.0,"turns":5.0},{"damage":0.0,"enemies":"4 Shapes","floor":45.0,"turns":4.0},{"damage":0.0,"enemies":"2 Orb Walkers","floor":46.0,"turns":5.0},{"damage":0.0,"enemies":"Reptomancer","floor":47.0,"turns":3.0},{"damage":0.0,"enemies":"Transient","floor":48.0,"turns":5.0},{"damage":0,"enemies":"Replay:Hell Engine","floor":50,"turns":4}],"seed_played":"-5262522624725354064","potions_obtained":[{"floor":4.0,"key":"Strength Potion"},{"floor":5.0,"key":"Energy Potion"},{"floor":7.0,"key":"Reflective Coating"},{"floor":18.0,"key":"Venom Potion"},{"floor":33.0,"key":"DistilledChaos"},{"floor":34.0,"key":"CultistPotion"},{"floor":41.0,"key":"Flashbang"},{"floor":48.0,"key":"PowerPotion"}],"is_trial":false,"path_per_floor":["M","?","M","M","M","R","E","T","T","R","?","M","M","E","R","B",null,"M","?","M","?","M","E","R","?","T","$","$","E","M","?","R","B",null,"M","$","M","M","?","E","?","R","T","R","M","?","E","M","R","B",null],"character_chosen":"THE_DT","items_purchased":["Lee\u0027s Waffle","DTMod:BasicTextbook","DTMod:Safeguard","DTMod:Cover","DTMod:DarkBreath","Apotheosis","DTMod:Dissolve","ReplayTheSpireMod:CursedCoin","Orrery","DTMod:TagTeam","DTMod:Threaten","DTMod:BreakAttack","PreservedInsect","DTMod:Dissolve","DTMod:RunningTactic","DTMod:FlameSlash","DTMod:Dissolve","DTMod:Weaken","DTMod:ComboAttack","DTMod:ShieldDrain","DTMod:Overwhelm","Shovel","DTMod:BreakAttack"],"campfire_rested":3,"item_purchase_floors":[0,0,0,0,0,0,0,0,0,0,0,0,27,27,27,27,28,28,28,28,36,36,36],"current_hp_per_floor":[52,52,52,52,51,51,51,51,51,51,39,39,39,39,39,39,49,49,49,44,44,44,44,52,26,26,26,26,31,36,41,52,11,48,53,53,57,57,57,57,57,57,57,57,57,57,57,57,57,57],"gold":330,"neow_bonus":"","is_daily":false,"chose_seed":false,"campfire_upgraded":3,"win_rate":0.0,"timestamp":1612910342,"path_taken":["M","?","?","M","M","R","E","?","T","R","?","M","?","E","R","BOSS","M","?","M","?","M","E","R","?","T","?","$","E","?","?","R","BOSS","M","$","?","M","?","E","?","R","T","R","?","?","E","M","R","BOSS"],"items_purchased_type":["Relic","Relic","Card","Card","Card","Card","Card","Relic","Relic","Card","Card","Card","Relic","Card","Card","Card","Card","Card","Card","Card","Card","Relic","Card"],"build_version":"2020-12-22","purchased_purges":1,"victory":true,"max_hp_per_floor":[52,52,52,52,52,52,52,52,52,52,52,52,52,52,52,52,52,52,52,52,52,52,52,52,52,52,52,52,52,52,52,52,52,57,57,57,57,57,57,57,57,57,57,57,57,57,57,57,57,57],"card_choices":[{"not_picked":["DTMod:BalancedStrike","DTMod:MasterPlan"],"picked":"DTMod:TagTeam","floor":0.0},{"not_picked":["DTMod:Training","DTMod:DeepFocus"],"picked":"DTMod:BlueScale","floor":0.0},{"not_picked":["DTMod:Feint","DTMod:Adaptation"],"picked":"DTMod:BurningEnergy","floor":0.0},{"not_picked":["DTMod:SneakAttack","DTMod:HeatWave"],"picked":"DTMod:TriAttack","floor":0.0},{"not_picked":["DTMod:BlazingStrike","DTMod:Haste"],"picked":"DTMod:CleansingStrike","floor":0.0},{"not_picked":["DTMod:HeatWave","DTMod:Cover"],"picked":"DTMod:CalculatedDefense","floor":1.0},{"not_picked":["DTMod:Weaken","DTMod:MagicField"],"picked":"DTMod:MagiciansMark","floor":3.0},{"not_picked":["DTMod:RecklessFlurry","DTMod:MasterPlan"],"picked":"DTMod:Overwhelm","floor":4.0},{"not_picked":["DTMod:Feint","DTMod:MagicField"],"picked":"DTMod:Hide","floor":5.0},{"not_picked":["DTMod:Feint","DTMod:Coolant"],"picked":"DTMod:ForkedFire","floor":7.0},{"not_picked":["DTMod:Weaken","DTMod:BurningEnergy"],"picked":"DTMod:InvisibleFlame","floor":12.0},{"not_picked":["DTMod:MasterPlan","DTMod:Hide"],"picked":"DTMod:Training","floor":13.0},{"not_picked":["DTMod:InvisibleFlame","DTMod:CleansingStrike"],"picked":"DTMod:Harmonize","floor":14.0},{"not_picked":["DTMod:Multitask","DTMod:OpeningTactic"],"picked":"DTMod:SealedStrike","floor":16.0},{"not_picked":["DTMod:MasterPlan+1","DTMod:SneakAttack"],"picked":"DTMod:Threaten","floor":18.0},{"not_picked":["DTMod:Hide+1","DTMod:BreakAttack"],"picked":"DTMod:BlazingStrike+1","floor":20.0},{"not_picked":["DTMod:CleansingStrike+1","DTMod:Weaken"],"picked":"DTMod:PurifyingFlame+1","floor":22.0},{"not_picked":["DTMod:Astonish","DTMod:GhostSkin"],"picked":"DTMod:BalancedStrike","floor":23.0},{"not_picked":["DTMod:FlameSlash","DTMod:Cover"],"picked":"DTMod:Observe","floor":29.0},{"not_picked":["DTMod:InvisibleFlame","DTMod:StarRain"],"picked":"DTMod:BurningForce","floor":30.0},{"not_picked":["DTMod:OpeningTactic","DTMod:Multitask"],"picked":"DTMod:HeadStart","floor":33.0},{"not_picked":["DTMod:SneakAttack","DTMod:MagicField"],"picked":"DTMod:FlameSlash","floor":34.0},{"not_picked":["DTMod:HeatWave+1","DTMod:BuildUp+1"],"picked":"DTMod:BreakAttack","floor":35.0},{"not_picked":["DTMod:BuildUp+1","DTMod:MasterPlan"],"picked":"DTMod:RunningTactic","floor":37.0},{"not_picked":["DTMod:ComboAttack+1","DTMod:Dissolve+1"],"picked":"DTMod:Punisher","floor":38.0},{"not_picked":["DTMod:Weaken","DTMod:Adaptation+1"],"picked":"DTMod:ExcessFootwork","floor":40.0},{"not_picked":["DTMod:HeatWave+1","DTMod:SneakAttack"],"picked":"DTMod:InvisibleFlame","floor":45.0},{"not_picked":["DTMod:MagicField+1","DTMod:Cover+1"],"picked":"DTMod:Coolant+1","floor":46.0},{"not_picked":["DTMod:Cover+1","DTMod:HeatWave+1"],"picked":"DTMod:ComboAttack","floor":47.0},{"not_picked":["DTMod:Astonish","DTMod:MagiciansMark"],"picked":"DTMod:QuickFly","floor":48.0}],"player_experience":1938134,"relics_obtained":[{"floor":7.0,"key":"hubris:CuriousFeather"},{"floor":8.0,"key":"Runesmith:Locket"},{"floor":9.0,"key":"infinitespire:Joker Card"},{"floor":14.0,"key":"Toy Ornithopter"},{"floor":23.0,"key":"infinitespire:FocusingShard"},{"floor":26.0,"key":"Mummified Hand"},{"floor":29.0,"key":"Bronze Scales"},{"floor":40.0,"key":"Replay:Kaleidoscope"},{"floor":42.0,"key":"War Paint"},{"floor":43.0,"key":"Replay:Bottled Snecko"},{"floor":44.0,"key":"Regal Pillow"},{"floor":46.0,"key":"infinitespire:Magic Flask"},{"floor":47.0,"key":"Centennial Puzzle"},{"floor":49.0,"key":"Nunchaku"}],"event_choices":[{"cards_removed":["DTMod:Strike"],"damage_healed":0.0,"max_hp_gain":0.0,"max_hp_loss":0.0,"gold_gain":0.0,"event_name":"Purifier","player_choice":"Purged","floor":2.0,"gold_loss":0.0,"damage_taken":0.0},{"damage_healed":0.0,"max_hp_gain":0.0,"max_hp_loss":0.0,"gold_gain":223.0,"event_name":"betterSkull:BetterSkull","player_choice":"GO GO ","floor":11.0,"gold_loss":0.0,"damage_taken":14.0,"cards_upgraded":[],"relics_obtained":[]},{"damage_healed":0.0,"max_hp_gain":0.0,"max_hp_loss":0.0,"gold_gain":0.0,"cards_transformed":["DTMod:Strike"],"event_name":"Transmorgrifier","player_choice":"Transformed","floor":19.0,"gold_loss":0.0,"damage_taken":0.0,"cards_obtained":["DTMod:BurningEnergy"]},{"cards_removed":["DTMod:SealedStrike"],"damage_healed":0.0,"max_hp_gain":0.0,"max_hp_loss":0.0,"gold_gain":0.0,"event_name":"betterNote:BetterNote","player_choice":"Take \u0026 Give","floor":21.0,"gold_loss":0.0,"damage_taken":0.0,"cards_obtained":["construct:PowerUp"]},{"damage_healed":0.0,"max_hp_gain":52.0,"max_hp_loss":26.0,"gold_gain":0.0,"event_name":"betterAltar:BetterAltar","player_choice":" Idol ","floor":25.0,"potions_obtained":[],"relics_lost":[],"gold_loss":0.0,"damage_taken":26.0,"relics_obtained":["Bloody Idol"]},{"damage_healed":0.0,"max_hp_gain":0.0,"max_hp_loss":0.0,"gold_gain":100.0,"event_name":"Golden Shrine","player_choice":"Pray","floor":31.0,"gold_loss":0.0,"damage_taken":0.0},{"damage_healed":0.0,"max_hp_gain":0.0,"max_hp_loss":0.0,"gold_gain":0.0,"event_name":"Lab","player_choice":"Got Potions","floor":41.0,"gold_loss":0.0,"damage_taken":0.0},{"damage_healed":0.0,"max_hp_gain":0.0,"max_hp_loss":0.0,"gold_gain":0.0,"event_name":"Mysterious Sphere","player_choice":"Fight","floor":46.0,"gold_loss":0.0,"damage_taken":0.0}],"is_beta":false,"boss_relics":[{"not_picked":["expansioncontent:StudyCardRelic","Painkiller Herb"],"picked":"construct:WeddingRing"},{"not_picked":["Replay:Wanted Poster","infinitespire:Cupcake"],"picked":"Tiny House"}],"items_purged_floors":[0],"is_endless":false,"potions_floor_spawned":[4,5,7,18,22,33,37,46,47,48],"ascension_level":6}}