{"host":"e8rlfedn69rz2s07","time":1612877470,"event":{"mods":["AchievementEnabler","BaseMod","Minty Spire (QoL Compilation)","Permanent Neow","Relic Stats"],"gold_per_floor":[113,130,148,148,148,181,181,181,204,218,268,268,301,315,315,393,393,409,421,421,116,130,155,155,155,182,152,187,187,199,214,214,214,214],"floor_reached":33,"language":"ENG","playtime":1162,"items_purged":["Strike_B"],"score":690,"play_id":"259bfcb3-a473-466b-ab5d-3fe194d6b213","local_time":"20210209153110","is_ascension_mode":true,"campfire_choices":[{"data":"White Noise","floor":7.0,"key":"SMITH"},{"floor":12.0,"key":"REST"},{"floor":15.0,"key":"REST"},{"floor":24.0,"key":"REST"},{"floor":29.0,"key":"REST"},{"data":"Capacitor","floor":32,"key":"SMITH"}],"circlet_count":0,"master_deck":["AscendersBane","Strike_B","Defend_B","Defend_B","Defend_B+1","Defend_B","Zap","Dualcast","White Noise+1","Streamline+1","Ball Lightning","Core Surge+1","Chill","Coolheaded","Capacitor+1","Barrage","Seek","Cold Snap","Conserve Battery","Defragment","Coolheaded","Undo","Consume+1","Multi-Cast","Doom and Gloom","Aggregate","Self Repair","Fission"],"relics":["Black Star","Pen Nib","Ancient Tea Set","Akabeko","Mercury Hourglass","Prayer Wheel","Velvet Choker","PreservedInsect","HornCleat","Tiny Chest","Happy Flower","Omamori","Art of War"],"acts_visited":["Exordium","TheCity"],"potions_floor_usage":[33,33],"damage_taken":[{"damage":13.0,"enemies":"Cultist","floor":1.0,"turns":5.0},{"damage":12.0,"enemies":"Small Slimes","floor":2.0,"turns":5.0},{"damage":1.0,"enemies":"2 Louse","floor":3.0,"turns":3.0},{"damage":32.0,"enemies":"Gremlin Nob","floor":6.0,"turns":4.0},{"damage":0.0,"enemies":"Gremlin Gang","floor":10.0,"turns":2.0},{"damage":13.0,"enemies":"3 Sentries","floor":13.0,"turns":7.0},{"damage":5.0,"enemies":"Exordium Wildlife","floor":14.0,"turns":2.0},{"damage":0.0,"enemies":"Slime Boss","floor":16.0,"turns":6.0},{"damage":0.0,"enemies":"Chosen","floor":18.0,"turns":3.0},{"damage":24.0,"enemies":"Shell Parasite","floor":19.0,"turns":4.0},{"damage":26.0,"enemies":"Shelled Parasite and Fungi","floor":22.0,"turns":6.0},{"damage":5.0,"enemies":"Book of Stabbing","floor":23.0,"turns":4.0},{"damage":5.0,"enemies":"Slavers","floor":28.0,"turns":3.0},{"damage":5.0,"enemies":"Snake Plant","floor":30.0,"turns":4.0},{"damage":2,"enemies":"Centurion and Healer","floor":31,"turns":6},{"damage":56,"enemies":"Collector","floor":33,"turns":6}],"seed_played":"-7435418426633878495","potions_obtained":[{"floor":1.0,"key":"DistilledChaos"},{"floor":10.0,"key":"Dexterity Potion"},{"floor":13.0,"key":"Weak Potion"},{"floor":16.0,"key":"DuplicationPotion"},{"floor":19.0,"key":"FocusPotion"},{"floor":20.0,"key":"Explosive Potion"},{"floor":27.0,"key":"Energy Potion"},{"floor":30.0,"key":"Swift Potion"}],"is_trial":false,"path_per_floor":["M","M","M","?","?","E","R","?","T","M","?","R","E","M","R","B",null,"M","M","?","$","M","E","R","?","T","?","E","R","M","M","R","B"],"character_chosen":"DEFECT","items_purchased":["PreservedInsect","Coolheaded"],"campfire_rested":4,"item_purchase_floors":[21,21],"current_hp_per_floor":[51,39,38,38,61,29,29,8,8,8,1,22,9,4,25,25,60,60,36,36,36,10,5,26,26,26,26,21,42,37,42,42,0,0],"gold":214,"neow_bonus":"BOSS_RELIC","is_daily":false,"chose_seed":false,"campfire_upgraded":2,"win_rate":0.0,"timestamp":1612877470,"path_taken":["M","M","M","?","?","E","R","?","T","M","?","R","E","M","R","BOSS","M","?","?","$","?","E","R","?","T","?","E","R","?","M","R","BOSS"],"items_purchased_type":["Relic","Card"],"build_version":"2020-12-22","purchased_purges":1,"victory":false,"max_hp_per_floor":[71,71,71,71,71,71,71,71,71,71,71,71,71,71,71,71,71,71,71,71,71,71,71,71,71,71,71,71,71,71,71,71,71,71],"relic_stats":{"Happy Flower":[6],"counters":[16,69],"Prayer Wheel":6,"Tiny Chest":0,"Pen Nib":[8],"PreservedInsect":84,"Black Star":4,"Art of War":[3],"obtain_stats":[{"Happy Flower":26,"Velvet Choker":17,"Pen Nib":6,"PreservedInsect":21,"Omamori":28,"Ancient Tea Set":6,"Akabeko":9,"Mercury Hourglass":13,"HornCleat":23,"Prayer Wheel":13,"Tiny Chest":23,"Black Star":0,"Art of War":28,"Cracked Core":0},{"Happy Flower":12,"Velvet Choker":8,"Pen Nib":4,"PreservedInsect":10,"Omamori":13,"Ancient Tea Set":4,"Akabeko":4,"Mercury Hourglass":6,"HornCleat":12,"Prayer Wheel":6,"Tiny Chest":12,"Black Star":0,"Art of War":13,"Cracked Core":0},{"Happy Flower":50,"Velvet Choker":33,"Pen Nib":17,"PreservedInsect":40,"Omamori":53,"Ancient Tea Set":17,"Akabeko":17,"Mercury Hourglass":26,"HornCleat":50,"Prayer Wheel":26,"Tiny Chest":50,"Black Star":0,"Art of War":53,"Cracked Core":0}],"Mercury Hourglass":[167]},"card_choices":[{"not_picked":["Lockon","Beam Cell"],"picked":"White Noise","floor":1.0},{"not_picked":["Genetic Algorithm","Sunder"],"picked":"Streamline","floor":2.0},{"not_picked":["Beam Cell","Redo"],"picked":"Ball Lightning","floor":3.0},{"not_picked":["Hologram","Gash"],"picked":"Core Surge","floor":6.0},{"not_picked":["Go for the Eyes","Blizzard"],"picked":"Chill","floor":10.0},{"not_picked":["Chaos","Go for the Eyes"],"picked":"Coolheaded","floor":13.0},{"not_picked":["Beam Cell","Force Field"],"picked":"Capacitor","floor":14.0},{"not_picked":["Melter","Hello World"],"picked":"Barrage","floor":14.0},{"not_picked":["Machine Learning","Reboot"],"picked":"Seek","floor":16.0},{"not_picked":["Turbo","Beam Cell"],"picked":"Cold Snap","floor":18.0},{"not_picked":["Go for the Eyes","Reprogram+1"],"picked":"Conserve Battery","floor":18.0},{"not_picked":["Fusion+1","Coolheaded"],"picked":"Defragment","floor":19.0},{"not_picked":["Streamline","Fusion","Stack"],"picked":"SKIP","floor":19.0},{"not_picked":["Sweeping Beam","Double Energy"],"picked":"Undo","floor":22.0},{"not_picked":["Loop+1","BootSequence"],"picked":"Consume+1","floor":22.0},{"not_picked":["Gash+1","Steam Power"],"picked":"Multi-Cast","floor":23.0},{"not_picked":["Stack","Barrage","Recycle"],"picked":"SKIP","floor":28.0},{"not_picked":["Skim","Chill"],"picked":"Self Repair","floor":30.0},{"not_picked":["Conserve Battery","Barrage","BootSequence"],"picked":"SKIP","floor":30.0},{"not_picked":["Barrage","Rip and Tear"],"picked":"Fission","floor":31},{"not_picked":["Rebound","Barrage","Streamline"],"picked":"SKIP","floor":31}],"player_experience":1050927,"relics_obtained":[{"floor":6.0,"key":"Pen Nib"},{"floor":6.0,"key":"Ancient Tea Set"},{"floor":9.0,"key":"Akabeko"},{"floor":13.0,"key":"Mercury Hourglass"},{"floor":13.0,"key":"Prayer Wheel"},{"floor":23.0,"key":"HornCleat"},{"floor":23.0,"key":"Tiny Chest"},{"floor":26.0,"key":"Happy Flower"},{"floor":28.0,"key":"Omamori"},{"floor":28.0,"key":"Art of War"}],"event_choices":[{"damage_healed":0.0,"max_hp_gain":0.0,"max_hp_loss":0.0,"gold_gain":0.0,"event_name":"Living Wall","player_choice":"Grow","floor":4.0,"gold_loss":0.0,"damage_taken":0.0,"cards_upgraded":["Streamline"]},{"damage_healed":23.0,"max_hp_gain":0.0,"max_hp_loss":0.0,"gold_gain":0.0,"event_name":"Big Fish","player_choice":"Banana","floor":5.0,"gold_loss":0.0,"damage_taken":0.0},{"damage_healed":0.0,"max_hp_gain":0.0,"max_hp_loss":0.0,"gold_gain":0.0,"event_name":"Shining Light","player_choice":"Entered Light","floor":8.0,"gold_loss":0.0,"damage_taken":21.0,"cards_upgraded":["Core Surge","Defend_B"]},{"damage_healed":0.0,"max_hp_gain":0.0,"max_hp_loss":0.0,"gold_gain":50.0,"event_name":"FaceTrader","player_choice":"Touch","floor":11.0,"gold_loss":0.0,"damage_taken":7.0},{"damage_healed":0.0,"max_hp_gain":0.0,"max_hp_loss":0.0,"gold_gain":0.0,"event_name":"Lab","player_choice":"Got Potions","floor":20.0,"gold_loss":0.0,"damage_taken":0.0},{"damage_healed":0.0,"max_hp_gain":0.0,"max_hp_loss":0.0,"gold_gain":0.0,"cards_transformed":["Strike_B","Strike_B"],"event_name":"Drug Dealer","player_choice":"Became Test Subject","floor":25.0,"gold_loss":0.0,"damage_taken":0.0,"cards_obtained":["Doom and Gloom","Aggregate"]},{"damage_healed":0.0,"max_hp_gain":0.0,"max_hp_loss":0.0,"gold_gain":0.0,"event_name":"The Woman in Blue","player_choice":"Bought 2 Potions","floor":27.0,"gold_loss":0.0,"damage_taken":0.0}],"is_beta":false,"boss_relics":[{"not_picked":["Runic Pyramid","Runic Dome"],"picked":"Velvet Choker"}],"items_purged_floors":[21],"is_endless":false,"potions_floor_spawned":[1,10,13,16,19,30,31],"killed_by":"Collector","ascension_level":20}}