{"host":"3498uni0c31c9bdm","time":1612867920,"event":{"mods":["BaseMod","Better Match","Better Note","Better Sensory Stone","Better Skull","Better Third Choice","Colored Map","Minty Spire (QoL Compilation)","Quick Restart","RNG Fix","Random Character Button","Replay The Spire","Shop Mod","Smile Girya","StSLib","Unceasing Turn Reminder"],"gold_per_floor":[113,37,37,53,68,68,94,94,94,127,156,182,194,224,236,248,248],"floor_reached":16,"language":"ENG","playtime":809,"items_purged":[],"score":185,"play_id":"959822d9-8758-4d5a-8bfb-ee9cde802b4d","local_time":"20210209215200","is_ascension_mode":true,"campfire_choices":[{"data":"ReplayTheSpireMod:Fabricate Wheel","floor":6,"key":"SMITH"},{"floor":8,"key":"REST"},{"floor":13,"key":"REST"},{"floor":15,"key":"REST"}],"circlet_count":0,"master_deck":["AscendersBane","Strike_B","Strike_B","Strike_B","Defend_B","Defend_B","Defend_B","Defend_B","Zap","Dualcast","Rebound","Hello World","Sunder","White Noise","FIFO Queue","ReplayTheSpireMod:Omega Cannon","Aggregate","Sweeping Beam","All For One","Auto Shields","ReplaySolidLightProjector","White Noise","Steam"],"relics":["Cracked Core","Replay:Baseball","White Beast Statue","Prayer Wheel","MawBank"],"acts_visited":["Exordium"],"potions_floor_usage":[10,11,12,16,16],"damage_taken":[{"damage":6,"enemies":"Cultist","floor":1,"turns":3},{"damage":13,"enemies":"Small Slimes","floor":4,"turns":3},{"damage":7,"enemies":"2 Louse","floor":5,"turns":2},{"damage":30,"enemies":"Gremlin Nob","floor":7,"turns":4},{"damage":20,"enemies":"Lagavulin","floor":10,"turns":8},{"damage":8,"enemies":"Red Slaver","floor":11,"turns":3},{"damage":3,"enemies":"Looter","floor":12,"turns":2},{"damage":17,"enemies":"3 Louse","floor":14,"turns":2},{"damage":34,"enemies":"The Guardian","floor":16,"turns":9}],"seed_played":"2701117030406071598","potions_obtained":[{"floor":7,"key":"Dexterity Potion"},{"floor":10,"key":"DuplicationPotion"},{"floor":11,"key":"Weak Potion"},{"floor":12,"key":"Strength Potion"},{"floor":14,"key":"Languid Potion"}],"is_trial":false,"path_per_floor":["M","$","?","M","M","R","E","R","T","E","M","M","R","M","R","B"],"character_chosen":"DEFECT","items_purchased":["ReplayTheSpireMod:Fabricate Wheel"],"campfire_rested":3,"item_purchase_floors":[2],"current_hp_per_floor":[62,62,62,49,42,42,12,34,34,14,6,3,25,8,30,0,0],"gold":248,"neow_bonus":"TRANSFORM_CARD","is_daily":false,"chose_seed":false,"campfire_upgraded":1,"win_rate":0.0,"timestamp":1612867920,"path_taken":["M","$","?","M","M","R","E","R","T","E","M","M","R","M","R","BOSS"],"items_purchased_type":["Card"],"build_version":"2020-12-22","purchased_purges":0,"victory":false,"max_hp_per_floor":[75,75,75,75,75,75,75,75,75,75,75,75,75,75,75,75,75],"card_choices":[{"not_picked":["ReplayTheSpireMod:System Scan","ReplaySort"],"picked":"Hello World","floor":1},{"not_picked":["Go for the Eyes","Redo"],"picked":"Sunder","floor":4},{"not_picked":["Conserve Battery","Consume"],"picked":"White Noise","floor":5},{"not_picked":["Go for the Eyes","Consume"],"picked":"FIFO Queue","floor":7},{"not_picked":["Reprogram","ReplayTheSpireMod:Repulse"],"picked":"Aggregate","floor":10},{"not_picked":["Redo","Gash"],"picked":"Sweeping Beam","floor":11},{"not_picked":["Go for the Eyes","Double Energy"],"picked":"All For One","floor":11},{"not_picked":["Aggregate","ReplayTheSpireMod:System Scan"],"picked":"Auto Shields","floor":12},{"not_picked":["Conserve Battery","Rip and Tear"],"picked":"ReplaySolidLightProjector","floor":12},{"not_picked":["Go for the Eyes","Gash"],"picked":"White Noise","floor":14},{"not_picked":["Barrage","Undo"],"picked":"Steam","floor":14}],"player_experience":858851,"relics_obtained":[{"floor":7,"key":"Replay:Baseball"},{"floor":9,"key":"White Beast Statue"},{"floor":10,"key":"MawBank"}],"event_choices":[{"damage_healed":0,"gold_gain":0,"player_choice":"Ignored","damage_taken":0,"max_hp_gain":0,"max_hp_loss":0,"event_name":"Purifier","floor":3,"gold_loss":0}],"is_beta":false,"boss_relics":[],"items_purged_floors":[],"is_endless":false,"potions_floor_spawned":[7,10,11,12,14],"killed_by":"The Guardian","ascension_level":13}}