{"host":"7k2a2omxz3voj5ax","time":1612892823,"event":{"mods":["BaseMod","Marisa£¨ìFÓê¡¡Ä§ÀíÉ³£©","Minty Spire (QoL Compilation)","Quick Restart","Spicy Shops","StSLib","Starting Relic: Pandora\u0027s Box","Yakumo Yukari mod","¡¾ÒÅÎï¿¨ÅÆ¡¿REMEMod","óô»ðÖ¸ÄÏ"],"gold_per_floor":[115,131,206,44,62,62,91,107,189,189,189,216,232,252,3786,3860,3860,3878,3891,3905,3905,3905,3905],"floor_reached":22,"language":"ZHS","playtime":764,"items_purged":["Wild Strike","Headbutt"],"score":396,"play_id":"16f33c12-1cba-47fe-883b-9df9fff44858","local_time":"20210210024703","is_ascension_mode":true,"campfire_choices":[{"data":"Body Slam","floor":6,"key":"SMITH"},{"data":"True Grit","floor":10,"key":"SMITH"}],"circlet_count":0,"master_deck":["AscendersBane","Bash","Whirlwind","Sword Boomerang","Pommel Strike","Twin Strike","Dropkick","Cleave","Combust","After Image","Body Slam+1","True Grit+1","Shrug It Off","Burning Pact","REME_Scribble","Barricade","Second Wind"],"relics":["Pandora\u0027s Box","REME_ComplimentaryCards","NeowsBlessing","TheAbacus","Lizard Tail","Juzu Bracelet","Paper Frog","Smiling Mask","Girya","Lee\u0027s Waffle","Orichalcum","REME_ChargedStone"],"acts_visited":["Exordium","TheCity"],"potions_floor_usage":[12,12,16,22],"damage_taken":[{"damage":0,"enemies":"Cultist","floor":1,"turns":1},{"damage":0,"enemies":"Jaw Worm","floor":2,"turns":1},{"damage":0,"enemies":"2 Louse","floor":5,"turns":1},{"damage":29,"enemies":"Lagavulin","floor":7,"turns":4},{"damage":0,"enemies":"Gremlin Gang","floor":8,"turns":3},{"damage":28,"enemies":"Gremlin Nob","floor":12,"turns":4},{"damage":12,"enemies":"Looter","floor":13,"turns":2},{"damage":4,"enemies":"2 Fungi Beasts","floor":14,"turns":3},{"damage":26,"enemies":"The Guardian","floor":16,"turns":9},{"damage":3,"enemies":"3 Byrds","floor":18,"turns":4},{"damage":29,"enemies":"2 Thieves","floor":19,"turns":4},{"damage":47,"enemies":"Shelled Parasite and Fungi","floor":20,"turns":5},{"damage":6,"enemies":"Snake Plant","floor":22,"turns":1}],"seed_played":"7954033683483862881","potions_obtained":[{"floor":1,"key":"BlessingOfTheForge"},{"floor":8,"key":"ColorlessPotion"},{"floor":13,"key":"GamblersBrew"},{"floor":16,"key":"DuplicationPotion"},{"floor":18,"key":"SkillPotion"}],"is_trial":false,"path_per_floor":["M","M","?","$","M","R","E","M","T","R","?","E","M","M","R","B",null,"M","M","M","?","M"],"character_chosen":"IRONCLAD","items_purchased":["TheAbacus","Smiling Mask","Girya","Lee\u0027s Waffle","REME_Scribble","Orichalcum"],"campfire_rested":0,"item_purchase_floors":[4,15,15,15,15,15],"current_hp_per_floor":[68,68,57,57,57,57,28,28,28,28,23,37,25,21,82,58,78,77,50,5,5,0,0],"gold":3905,"neow_bonus":"THREE_ENEMY_KILL","is_daily":false,"chose_seed":false,"campfire_upgraded":2,"win_rate":0.0,"timestamp":1612892823,"path_taken":["M","?","?","$","M","R","E","M","T","R","?","E","M","M","R","BOSS","M","M","M","?","M"],"items_purchased_type":["Relic","Relic","Relic","Relic","Card","Relic"],"build_version":"2020-12-22","purchased_purges":2,"victory":false,"max_hp_per_floor":[75,75,75,75,75,75,75,75,75,75,75,75,75,75,82,84,84,86,88,90,90,90,90],"card_choices":[{"not_picked":["Headbutt","Shrug It Off"],"picked":"Body Slam","floor":1},{"not_picked":["Twin Strike","Warcry","Thunderclap"],"picked":"SKIP","floor":2},{"not_picked":["REME_Fury","Armaments","Anger"],"picked":"SKIP","floor":5},{"not_picked":["REME_Fury","Armaments","Anger"],"picked":"SKIP","floor":5},{"not_picked":["Havoc","Sever Soul","True Grit"],"picked":"SKIP","floor":7},{"not_picked":["Havoc","Sever Soul"],"picked":"True Grit","floor":7},{"not_picked":["Body Slam","Double Tap","REME_Cut"],"picked":"SKIP","floor":8},{"not_picked":["Flex","Flame Barrier","Perfected Strike"],"picked":"SKIP","floor":12},{"not_picked":["Perfected Strike","Thunderclap"],"picked":"Shrug It Off","floor":13},{"not_picked":["Intimidate","Rampage"],"picked":"Burning Pact","floor":14},{"not_picked":["Offering","REME_TheLastStrike"],"picked":"Barricade","floor":16},{"not_picked":["Battle Trance+1","Heavy Blade","Wild Strike"],"picked":"SKIP","floor":18},{"not_picked":["Armaments","Shrug It Off"],"picked":"Second Wind","floor":19},{"not_picked":["Headbutt","Clash","Sword Boomerang"],"picked":"SKIP","floor":20}],"player_experience":315804,"relics_obtained":[{"floor":7,"key":"Lizard Tail"},{"floor":12,"key":"Paper Frog"}],"event_choices":[{"damage_healed":0,"gold_gain":75,"player_choice":"Gather Gold","damage_taken":11,"max_hp_gain":0,"max_hp_loss":0,"event_name":"World of Goop","floor":3,"gold_loss":0},{"damage_healed":0,"gold_gain":0,"player_choice":"Success","damage_taken":5,"relics_obtained":["Juzu Bracelet"],"max_hp_gain":0,"max_hp_loss":0,"event_name":"Scrap Ooze","floor":11,"gold_loss":0},{"damage_healed":0,"gold_gain":0,"player_choice":"Ignored","damage_taken":0,"max_hp_gain":0,"max_hp_loss":0,"event_name":"Vampires","floor":21,"gold_loss":0}],"is_beta":false,"boss_relics":[{"not_picked":["Empty Cage","Tiny House"],"picked":"REME_ChargedStone"}],"items_purged_floors":[15,15],"is_endless":false,"potions_floor_spawned":[1,8,13,16,18],"killed_by":"Snake Plant","ascension_level":20}}