{"host":"8sf1xglkdai6nf6k","time":1612857311,"event":{"mods":["BaseMod","Hermit","Minty Spire (QoL Compilation)","StSLib"],"gold_per_floor":[18,29,41,41,56,56,7,39,39,39,39,39,39],"floor_reached":12,"language":"ENG","playtime":701,"items_purged":[],"score":78,"play_id":"79cb599c-5e3e-48b7-b511-95284b6522bd","local_time":"20210209015511","is_ascension_mode":false,"campfire_choices":[{"data":"hermit:HighNoon","floor":6,"key":"SMITH"},{"data":"hermit:Brawl","floor":10,"key":"SMITH"}],"circlet_count":0,"master_deck":["hermit:Strike_Hermit","hermit:Strike_Hermit","hermit:Strike_Hermit","hermit:Defend_Hermit","hermit:Defend_Hermit","hermit:Defend_Hermit","hermit:Snapshot","hermit:Covet","hermit:HighNoon+1","hermit:WideOpen","hermit:PistolWhip","hermit:EyeOfTheStorm","hermit:Horror","hermit:Brawl+1"],"relics":["hermit:Momento","PreservedInsect","Oddly Smooth Stone"],"acts_visited":["Exordium"],"potions_floor_usage":[8,8,8,12],"damage_taken":[{"damage":7,"enemies":"Cultist","floor":1,"turns":5},{"damage":5,"enemies":"2 Louse","floor":2,"turns":2},{"damage":10,"enemies":"Small Slimes","floor":3,"turns":3},{"damage":14,"enemies":"Blue Slaver","floor":5,"turns":3},{"damage":31,"enemies":"Gremlin Nob","floor":8,"turns":4},{"damage":25,"enemies":"Lagavulin","floor":12,"turns":3}],"seed_played":"278677883447883075","potions_obtained":[{"floor":1,"key":"Regen Potion"},{"floor":5,"key":"Fruit Juice"},{"floor":8,"key":"SpeedPotion"}],"is_trial":false,"path_per_floor":["M","M","M","$","M","R","$","E","T","R","?","E"],"character_chosen":"HERMIT","items_purchased":["AttackPotion"],"campfire_rested":0,"item_purchase_floors":[7],"current_hp_per_floor":[68,63,53,53,39,39,39,25,25,25,25,0,0],"gold":39,"neow_bonus":"TRANSFORM_TWO_CARDS","is_daily":false,"chose_seed":false,"campfire_upgraded":2,"win_rate":0.0,"timestamp":1612857311,"path_taken":["M","?","M","$","M","R","$","E","T","R","?","E"],"items_purchased_type":["Potion"],"build_version":"2020-12-22","purchased_purges":0,"victory":false,"max_hp_per_floor":[75,75,75,75,75,75,75,80,80,80,80,80,80],"card_choices":[{"not_picked":["hermit:Roulette","hermit:CalledShot"],"picked":"hermit:PistolWhip","floor":1},{"not_picked":["hermit:LuckOfTheDraw","hermit:CalledShot","hermit:LowProfile"],"picked":"SKIP","floor":2},{"not_picked":["hermit:Coalescence","hermit:Grudge"],"picked":"hermit:EyeOfTheStorm","floor":3},{"not_picked":["hermit:Quickdraw","hermit:Midnight"],"picked":"hermit:Horror","floor":5},{"not_picked":["hermit:Ricochet","hermit:LowProfile"],"picked":"hermit:Brawl","floor":8}],"player_experience":494251,"relics_obtained":[{"floor":8,"key":"PreservedInsect"},{"floor":9,"key":"Oddly Smooth Stone"}],"event_choices":[{"damage_healed":0,"gold_gain":0,"player_choice":"Ignored","damage_taken":0,"max_hp_gain":0,"max_hp_loss":0,"event_name":"NoteForYourself","floor":11,"gold_loss":0}],"is_beta":false,"boss_relics":[],"items_purged_floors":[],"is_endless":false,"potions_floor_spawned":[1,5,8],"killed_by":"Lagavulin","ascension_level":0}}