{"host":"3c8x8j1h2jyrixpf","time":1612907648,"event":{"mods":["BaseMod","Colored Powertips","Highlight Path","Minty Spire (QoL Compilation)","StSLib"],"gold_per_floor":[110,129,149,166,18,18,51,67,67,102,102,66,83,96,96,194,194,211,211,30,30,30,64,74,103,103,134,151,151,164,164,164,260,260,278,328,348,700,700,700,725,286,286,286,286,305,332,345,345,345,345,345,196,227,227,227],"floor_reached":55,"language":"ENG","playtime":2796,"items_purged":["Strike_R","Strike_R"],"score":1257,"play_id":"13fae55d-e1c4-4760-a742-0133880f33cd","local_time":"20210209155408","is_ascension_mode":true,"campfire_choices":[{"data":"Spot Weakness","floor":6,"key":"SMITH"},{"data":"Shockwave","floor":11,"key":"SMITH"},{"data":"Anger","floor":15,"key":"SMITH"},{"data":"Feel No Pain","floor":29,"key":"SMITH"},{"floor":32,"key":"REST"},{"floor":40,"key":"REST"},{"floor":45,"key":"RECALL"},{"data":"Uppercut","floor":49,"key":"SMITH"},{"data":"Fiend Fire","floor":52,"key":"SMITH"}],"circlet_count":0,"master_deck":["AscendersBane","Defend_R","Defend_R","Defend_R","Defend_R","Bash","Battle Trance","Anger+1","Shockwave+1","Spot Weakness+1","Intimidate","Fiend Fire+1","Uppercut+1","Immolate","Reckless Charge+1","Dark Embrace+1","Body Slam+1","Feel No Pain+1","Pommel Strike","Havoc+1","Offering+1","Cleave+1","Reaper","Shrug It Off+1","Flame Barrier+1","Rupture+1","Inflame+1","Reaper","Carnage+1","Shrug It Off+1","Bludgeon","Feel No Pain"],"relics":["Cursed Key","PreservedInsect","Meat on the Bone","Astrolabe","Toxic Egg 2","Ancient Tea Set","Kunai","Snecko Eye","Ginger","Old Coin","Happy Flower","Lizard Tail","DollysMirror","StrikeDummy"],"acts_visited":["Exordium","TheCity","TheBeyond","TheEnding"],"potions_floor_usage":[7,10,16,16,25,33,50,55],"damage_taken":[{"damage":0,"enemies":"Cultist","floor":1,"turns":3},{"damage":2,"enemies":"Jaw Worm","floor":2,"turns":4},{"damage":0,"enemies":"2 Louse","floor":3,"turns":2},{"damage":12,"enemies":"Large Slime","floor":4,"turns":6},{"damage":25,"enemies":"3 Sentries","floor":7,"turns":5},{"damage":2,"enemies":"Exordium Wildlife","floor":8,"turns":4},{"damage":8,"enemies":"Gremlin Nob","floor":10,"turns":3},{"damage":5,"enemies":"3 Louse","floor":13,"turns":3},{"damage":4,"enemies":"Blue Slaver","floor":14,"turns":3},{"damage":23,"enemies":"Hexaghost","floor":16,"turns":5},{"damage":0,"enemies":"3 Byrds","floor":18,"turns":4},{"damage":36,"enemies":"Gremlin Leader","floor":23,"turns":5},{"damage":9,"enemies":"Chosen","floor":24,"turns":4},{"damage":31,"enemies":"Slavers","floor":25,"turns":5},{"damage":6,"enemies":"Gremlin Leader","floor":27,"turns":3},{"damage":15,"enemies":"Shelled Parasite and Fungi","floor":28,"turns":3},{"damage":16,"enemies":"Centurion and Healer","floor":30,"turns":4},{"damage":47,"enemies":"Automaton","floor":33,"turns":9},{"damage":7,"enemies":"Orb Walker","floor":35,"turns":3},{"damage":6,"enemies":"Mind Bloom Boss Battle","floor":36,"turns":2},{"damage":20,"enemies":"3 Darklings","floor":37,"turns":5},{"damage":41,"enemies":"2 Orb Walkers","floor":38,"turns":5},{"damage":33,"enemies":"Reptomancer","floor":41,"turns":5},{"damage":10,"enemies":"Transient","floor":46,"turns":5},{"damage":6,"enemies":"Nemesis","floor":47,"turns":3},{"damage":6,"enemies":"Maw","floor":48,"turns":6},{"damage":20,"enemies":"Donu and Deca","floor":50,"turns":4},{"damage":14,"enemies":"Shield and Spear","floor":54,"turns":2},{"damage":184,"enemies":"The Heart","floor":55,"turns":11}],"seed_played":"3571086876398878840","potions_obtained":[{"floor":2,"key":"Regen Potion"},{"floor":3,"key":"LiquidBronze"},{"floor":7,"key":"DistilledChaos"},{"floor":10,"key":"PowerPotion"},{"floor":18,"key":"SmokeBomb"},{"floor":24,"key":"Fruit Juice"},{"floor":25,"key":"Weak Potion"},{"floor":35,"key":"SteroidPotion"},{"floor":41,"key":"BloodPotion"}],"is_trial":false,"path_per_floor":["M","M","M","M","$","R","E","M","T","E","R","$","M","M","R","B",null,"M","?","$","?","T","E","M","E","T","E","M","R","M","?","R","B",null,"M","?","M","?","?","R","E","$","T","T","R","M","E","M","R","B",null,"R","$","E","B"],"character_chosen":"IRONCLAD","items_purchased":["Spot Weakness","Uppercut","Feel No Pain","Lizard Tail","DollysMirror","Bludgeon","Feel No Pain"],"campfire_rested":2,"item_purchase_floors":[5,12,20,42,42,53,53],"current_hp_per_floor":[72,70,70,58,58,58,47,45,45,37,37,37,44,52,52,41,70,70,70,70,70,70,46,49,35,35,41,38,38,34,34,58,23,67,60,54,46,41,41,65,56,56,56,56,56,80,74,74,74,81,82,82,82,68,0,0],"gold":227,"neow_bonus":"BOSS_RELIC","is_daily":false,"chose_seed":false,"campfire_upgraded":6,"win_rate":0.0,"timestamp":1612907648,"path_taken":["M","M","?","M","$","R","E","M","T","E","R","$","M","?","R","BOSS","M","?","$","?","?","E","?","E","T","E","M","R","M","?","R","BOSS","M","?","M","?","?","R","E","?","T","?","R","M","E","M","R","BOSS","R","$","E","BOSS"],"items_purchased_type":["Card","Card","Card","Relic","Relic","Card","Card"],"build_version":"2020-12-22","purchased_purges":2,"victory":false,"max_hp_per_floor":[80,80,80,80,80,80,80,80,80,80,80,80,80,80,80,80,80,80,77,77,77,77,77,77,82,82,82,82,82,82,82,82,82,82,82,82,82,82,82,82,82,82,82,82,82,82,82,82,82,82,82,82,82,82,82,82],"card_choices":[{"not_picked":["Thunderclap","Twin Strike"],"picked":"Battle Trance","floor":1},{"not_picked":["True Grit","Bloodletting"],"picked":"Anger","floor":2},{"not_picked":["Heavy Blade","Headbutt"],"picked":"Shockwave","floor":3},{"not_picked":["Infernal Blade","Body Slam","Flex"],"picked":"SKIP","floor":4},{"not_picked":["Thunderclap","Havoc"],"picked":"Intimidate","floor":7},{"not_picked":["Thunderclap","Anger","Perfected Strike"],"picked":"SKIP","floor":8},{"not_picked":["Second Wind","Iron Wave"],"picked":"Fiend Fire","floor":10},{"not_picked":["Havoc","Cleave","Clothesline"],"picked":"SKIP","floor":13},{"not_picked":["Sword Boomerang","Flex","Combust"],"picked":"SKIP","floor":14},{"not_picked":["Corruption","Fiend Fire"],"picked":"Immolate","floor":16},{"not_picked":["Clothesline","Wild Strike","Bloodletting"],"picked":"SKIP","floor":18},{"not_picked":["Body Slam","Carnage","Dropkick"],"picked":"SKIP","floor":23},{"not_picked":["Wild Strike","Sword Boomerang"],"picked":"Havoc+1","floor":24},{"not_picked":["Uppercut","Body Slam"],"picked":"Offering+1","floor":25},{"not_picked":["Anger","Perfected Strike"],"picked":"Cleave+1","floor":27},{"not_picked":["Thunderclap","Dark Embrace","Armaments+1"],"picked":"SKIP","floor":28},{"not_picked":["Pommel Strike","Perfected Strike","Carnage"],"picked":"SKIP","floor":30},{"not_picked":["Impervious+1","Barricade"],"picked":"Reaper","floor":33},{"not_picked":["Sword Boomerang+1","Clash"],"picked":"Shrug It Off+1","floor":35},{"not_picked":["Warcry+1","Anger+1"],"picked":"Flame Barrier+1","floor":36},{"not_picked":["True Grit+1","Intimidate+1","Searing Blow+1"],"picked":"SKIP","floor":37},{"not_picked":["Rampage+1","Cleave"],"picked":"Rupture+1","floor":38},{"not_picked":["Clothesline+1","Ghostly Armor+1"],"picked":"Inflame+1","floor":41},{"not_picked":["Warcry+1","Shrug It Off+1"],"picked":"Carnage+1","floor":46},{"not_picked":["Sentinel+1","Clothesline+1","Immolate"],"picked":"SKIP","floor":47},{"not_picked":["Pommel Strike+1","Clash+1"],"picked":"Shrug It Off+1","floor":48},{"not_picked":["Sword Boomerang","Rage+1","Twin Strike+1"],"picked":"SKIP","floor":54}],"player_experience":218835,"relics_obtained":[{"floor":7,"key":"PreservedInsect"},{"floor":10,"key":"Meat on the Bone"},{"floor":23,"key":"Toxic Egg 2"},{"floor":25,"key":"Ancient Tea Set"},{"floor":27,"key":"Kunai"},{"floor":36,"key":"Ginger"},{"floor":38,"key":"Old Coin"},{"floor":41,"key":"Happy Flower"},{"floor":54,"key":"StrikeDummy"}],"event_choices":[{"cards_removed":["Parasite"],"damage_healed":0,"gold_gain":0,"player_choice":"Elegance","damage_taken":0,"max_hp_gain":0,"max_hp_loss":0,"event_name":"Back to Basics","floor":19,"gold_loss":0},{"damage_healed":0,"gold_gain":0,"player_choice":"Read","damage_taken":0,"max_hp_gain":0,"max_hp_loss":0,"event_name":"The Library","floor":21,"gold_loss":0,"cards_obtained":["Pommel Strike"]},{"damage_healed":0,"gold_gain":0,"player_choice":"Ignored","damage_taken":0,"max_hp_gain":0,"max_hp_loss":0,"event_name":"Vampires","floor":31,"gold_loss":0},{"damage_healed":0,"gold_gain":0,"player_choice":"Fight","damage_taken":0,"max_hp_gain":0,"max_hp_loss":0,"event_name":"MindBloom","floor":36,"gold_loss":0},{"damage_healed":0,"gold_gain":0,"player_choice":"Fight","damage_taken":0,"max_hp_gain":0,"max_hp_loss":0,"event_name":"Mysterious Sphere","floor":38,"gold_loss":0},{"damage_healed":0,"gold_gain":0,"player_choice":"Ignored","damage_taken":0,"max_hp_gain":0,"max_hp_loss":0,"event_name":"Tomb of Lord Red Mask","floor":39,"gold_loss":0}],"is_beta":false,"boss_relics":[{"not_picked":["Mark of Pain","Velvet Choker"],"picked":"Astrolabe"},{"not_picked":["Philosopher\u0027s Stone","Black Star"],"picked":"Snecko Eye"}],"items_purged_floors":[5,20],"is_endless":false,"potions_floor_spawned":[2,3,7,10,14,18,24,25,28,35,41,46,47],"killed_by":"The Heart","ascension_level":11}}