{"host":"fc5kl670efuhtomy","time":1612837598,"event":{"mods":["AchievementEnabler","BaseMod","Colored Powertips","Downfall","Marisa（F雨　魔理沙）","Minty Spire (QoL Compilation)","Quick Restart","Rare Cards Sparkle","Relic Stats","Replay The Spire","StSLib","The Bug Knight","The Construct","The Cursed","The Necromancer","The Servant 0.9.4","WarShipGirlsR/战舰少女R mod"],"gold_per_floor":[117,137,312,312,329,329,329],"floor_reached":6,"language":"ZHS","playtime":650,"items_purged":[],"score":36,"play_id":"097109c3-5a8b-4b3e-8566-f532e6f2a20e","local_time":"20210209102638","is_ascension_mode":false,"campfire_choices":[],"circlet_count":0,"master_deck":["HollowMod:NailStrikeStart","HollowMod:NailStrikeStart","HollowMod:NailStrikeStart","HollowMod:NailStrikeStart","HollowMod:QuickDashStart","HollowMod:QuickDashStart","HollowMod:QuickDashStart","HollowMod:QuickDashStart","HollowMod:FocusHealStart","HollowMod:PogoStrike","HollowMod:TaintedHusks","HollowMod:InfectedAttack","Doubt","HollowMod:BlackTendrils"],"relics":["HollowMod:VesselMask"],"acts_visited":["Exordium"],"potions_floor_usage":[6,6],"damage_taken":[{"damage":1,"enemies":"Jaw Worm","floor":1,"turns":4},{"damage":5,"enemies":"2 Louse","floor":2,"turns":3},{"damage":20,"enemies":"Cultist","floor":5,"turns":4},{"damage":58,"enemies":"3 Sentries","floor":6,"turns":6}],"seed_played":"-6011747644525104265","potions_obtained":[{"floor":2,"key":"SneckoOil"},{"floor":5,"key":"Fire Potion"}],"is_trial":false,"path_per_floor":["M","M","?","?","M","E"],"character_chosen":"THE_BUGKNIGHT","items_purchased":[],"campfire_rested":0,"item_purchase_floors":[],"current_hp_per_floor":[81,76,76,76,56,0,0],"gold":329,"neow_bonus":"TEN_PERCENT_HP_BONUS","is_daily":false,"chose_seed":false,"campfire_upgraded":0,"win_rate":0.0,"timestamp":1612837598,"path_taken":["M","M","?","?","?","E"],"items_purchased_type":[],"build_version":"2020-12-22","purchased_purges":0,"victory":false,"max_hp_per_floor":[82,82,82,82,82,82,82],"relic_stats":{"counters":[4,17],"obtain_stats":[{"HollowMod:VesselMask":0},{"HollowMod:VesselMask":0},{"HollowMod:VesselMask":0}]},"card_choices":[{"not_picked":["HollowMod:InfectedCysts","HollowMod:CornifersMapStart"],"picked":"HollowMod:TaintedHusks","floor":1},{"not_picked":["HollowMod:GoodIntentions","HollowMod:DreamGate"],"picked":"HollowMod:InfectedAttack","floor":2},{"not_picked":["HollowMod:AbyssShriek","HollowMod:ShapeofUnn"],"picked":"HollowMod:BlackTendrils","floor":5}],"player_experience":176912,"relics_obtained":[],"event_choices":[{"damage_healed":0,"gold_gain":175,"player_choice":"AGREE","damage_taken":0,"max_hp_gain":0,"max_hp_loss":0,"event_name":"Liars Game","floor":3,"gold_loss":0,"cards_obtained":["Doubt"]},{"damage_healed":0,"gold_gain":0,"player_choice":"Ignored","damage_taken":0,"max_hp_gain":0,"max_hp_loss":0,"event_name":"NoteForYourself","floor":4,"gold_loss":0}],"is_beta":false,"boss_relics":[],"items_purged_floors":[],"is_endless":false,"potions_floor_spawned":[2,5],"killed_by":"3 Sentries","ascension_level":0}}