{"host":"juvwyqk4ifq614bf","time":1612904280,"event":{"mods":["2.2 Compatiblity","Act Like it!","BaseMod","Better Altar","Better Match","Better Note","Better Sensory Stone","Better Third Choice","ChefMod","Conspire","Ekko","Friendly Minions","GifTheSpireLib","Hubris","Infinite Spire","Minty Spire (QoL Compilation)","Mirrors Mod","Replay The Spire","StSLib","Stuff the Spire","The Alterego","TheVelvet"],"gold_per_floor":[109,184,272,301,323,370,382,413,425,452,492,504,534,608,620,728,740,767,374,385,385,402,434,451,451,451],"floor_reached":25,"language":"ENG","playtime":2511,"items_purged":["conspire:NecroticWound"],"score":235,"play_id":"695dc366-2496-4576-ad25-61870ec78199","local_time":"20210209215800","is_ascension_mode":false,"campfire_choices":[{"data":"chefmod:KnifeFlurry","floor":12,"key":"SMITH"},{"floor":15,"key":"REST"}],"circlet_count":0,"master_deck":["chefmod:Strike","chefmod:Strike","chefmod:Strike","chefmod:Strike","chefmod:QuickThaw+1","chefmod:Defend","chefmod:Defend","chefmod:Defend","chefmod:Defend","chefmod:TodaysSpecial","chefmod:FreezeSolid","chefmod:FireUp","chefmod:CuttingBoard","chefmod:BleedOut","chefmod:Omelette","chefmod:Cleavers","chefmod:DoubleChop","chefmod:KnifeFlurry+1","chefmod:CleanHouse","chefmod:Julienne","chefmod:OrderUp+1","chefmod:FreshProduce+1","chefmod:CayenneCloud","chefmod:QuickChop+1","chefmod:FiveAlarmChili+1","chefmod:SearedScallops+1"],"relics":["StuffTheSpire:OccultApparatus","ReplayTheSpireMod:CursedCoin","MawBank","Simple Rune","Frozen Egg 2","infinitespire:Beetle Shell","Letter Opener","Black Star","Orichalcum","Anchor","Onion Ring","StuffTheSpire:OldFever"],"acts_visited":["Exordium","TheCity"],"potions_floor_usage":[11,11,16,20,23],"damage_taken":[{"damage":0,"enemies":"2 Louse","floor":1,"turns":3},{"damage":0,"enemies":"Jaw Worm","floor":4,"turns":3},{"damage":0,"enemies":"Cultist","floor":5,"turns":4},{"damage":2,"enemies":"Lagavulin","floor":6,"turns":8},{"damage":7,"enemies":"Blue Slaver","floor":8,"turns":3},{"damage":4,"enemies":"Red Slaver","floor":10,"turns":3},{"damage":11,"enemies":"3 Sentries","floor":11,"turns":4},{"damage":6,"enemies":"Gremlin Gang","floor":13,"turns":5},{"damage":23,"enemies":"3 Sentries","floor":14,"turns":8},{"damage":5,"enemies":"Slime Boss","floor":16,"turns":10},{"damage":13,"enemies":"Shell Parasite","floor":18,"turns":6},{"damage":8,"enemies":"Chosen","floor":20,"turns":6},{"damage":26,"enemies":"Centurion and Healer","floor":22,"turns":9},{"damage":30,"enemies":"Book of Stabbing","floor":23,"turns":7},{"damage":21,"enemies":"Shelled Parasite and Fungi","floor":24,"turns":9},{"damage":22,"enemies":"Slavers","floor":25,"turns":1}],"seed_played":"-3665709158809223487","potions_obtained":[{"floor":1,"key":"Ancient Potion"},{"floor":4,"key":"FairyPotion"},{"floor":10,"key":"Dexterity Potion"},{"floor":13,"key":"BlessingOfTheForge"},{"floor":16,"key":"Strength Potion"},{"floor":18,"key":"ColorlessPotion"}],"is_trial":false,"path_per_floor":["M","$","?","M","M","E","?","M","T","M","E","R","M","?","R","B",null,"M","$","M","?","M","E","M","E"],"character_chosen":"THE_CHEF","items_purchased":["ReplayTheSpireMod:CursedCoin","Orichalcum","Anchor","chefmod:FreshProduce+1","chefmod:CayenneCloud"],"campfire_rested":1,"item_purchase_floors":[2,19,19,19,19],"current_hp_per_floor":[76,76,57,57,57,55,55,48,48,44,33,33,27,4,26,21,76,63,63,55,55,29,41,20,0,0],"gold":451,"neow_bonus":"UPGRADE_CARD","is_daily":false,"chose_seed":false,"campfire_upgraded":1,"win_rate":0.0,"timestamp":1612904280,"path_taken":["M","$","?","M","M","E","?","M","T","M","E","R","M","?","R","BOSS","M","$","M","?","M","E","M","E"],"items_purchased_type":["Relic","Relic","Relic","Card","Card"],"build_version":"2020-12-22","purchased_purges":1,"victory":false,"max_hp_per_floor":[76,76,76,76,76,76,76,76,76,76,76,76,76,76,76,76,76,76,76,76,76,76,76,76,76,76],"card_choices":[{"not_picked":["chefmod:Fillet","chefmod:NoSoupForYou"],"picked":"chefmod:FreezeSolid","floor":1},{"not_picked":["chefmod:SpaghettiCarbonara","chefmod:Bruschetta"],"picked":"chefmod:FireUp","floor":3},{"not_picked":["chefmod:Fillet","chefmod:ColdSteel"],"picked":"chefmod:CuttingBoard","floor":3},{"not_picked":["chefmod:Defrost","chefmod:TonkotsuRamen"],"picked":"chefmod:BleedOut","floor":4},{"not_picked":["chefmod:FarmersMarket","chefmod:HotSoup"],"picked":"chefmod:Omelette","floor":5},{"not_picked":["chefmod:NoSoupForYou","chefmod:FreezerBurn"],"picked":"chefmod:Cleavers","floor":6},{"not_picked":["chefmod:Leftovers","chefmod:ZaruSoba"],"picked":"chefmod:DoubleChop","floor":8},{"not_picked":["chefmod:FireUp","chefmod:SaveForLater","chefmod:Granita"],"picked":"SKIP","floor":10},{"not_picked":["chefmod:Fillet","chefmod:Granita"],"picked":"chefmod:KnifeFlurry","floor":11},{"not_picked":["chefmod:SliceAndDice","chefmod:SaveForLater"],"picked":"chefmod:CleanHouse","floor":13},{"not_picked":["chefmod:ZaruSoba","chefmod:SliceAndDice"],"picked":"chefmod:Julienne","floor":14},{"not_picked":["chefmod:TwoForOne","chefmod:Tenderizer"],"picked":"chefmod:OrderUp+1","floor":16},{"not_picked":["chefmod:FireUp","chefmod:Chop","chefmod:ColdSteel"],"picked":"SKIP","floor":18},{"not_picked":["chefmod:Fillet","chefmod:ColdSteel"],"picked":"chefmod:QuickChop+1","floor":20},{"not_picked":["chefmod:AlooGobi","chefmod:Flambe"],"picked":"chefmod:FiveAlarmChili+1","floor":22},{"not_picked":["chefmod:Chop","chefmod:Defrost"],"picked":"chefmod:SearedScallops+1","floor":23},{"not_picked":["chefmod:Canape","chefmod:IcePick","chefmod:DoubleChop"],"picked":"SKIP","floor":24}],"player_experience":234171,"relics_obtained":[{"floor":3,"key":"MawBank"},{"floor":6,"key":"Simple Rune"},{"floor":9,"key":"Frozen Egg 2"},{"floor":11,"key":"infinitespire:Beetle Shell"},{"floor":14,"key":"Letter Opener"},{"floor":23,"key":"Onion Ring"},{"floor":23,"key":"StuffTheSpire:OldFever"}],"event_choices":[{"damage_healed":0,"gold_gain":0,"player_choice":"Searched \u00271\u0027 times","damage_taken":0,"max_hp_gain":0,"max_hp_loss":0,"event_name":"Dead Adventurer","floor":14,"gold_loss":0},{"cards_removed":["chefmod:KnifeFlurry"],"damage_healed":0,"gold_gain":0,"player_choice":"Give","damage_taken":0,"max_hp_gain":0,"max_hp_loss":0,"event_name":"betterNote:BetterNote","floor":21,"gold_loss":0,"cards_obtained":["None"]}],"is_beta":false,"boss_relics":[{"not_picked":["hubris:GrandSneckoEye","ChewingGum"],"picked":"Black Star"}],"items_purged_floors":[2],"is_endless":false,"potions_floor_spawned":[1,4,10,13,16,18],"killed_by":"Slavers","ascension_level":0}}