{"host":"yck2t2q3ro7hf56e","time":1612880235,"event":{"mods":["2.2 Compatiblity","AchievementEnabler","Act Like it!","Aspiration","BaseMod","Better Altar","Better Match","Better Note","Better Sensory Stone","Better Skull","Better Third Choice","Better Vampires","BetterRewards","Block Reminder","Bossed Relics","CCEM2","Challenge The Spire","Colored Powertips","Conspire","Curses Come First","DNKmod","Energized Spire","Friendly Minions","GifTheSpireLib","Glutton Mod","Halation","Hubris","Infinite Spire","Marked Mod","Minty Spire (QoL Compilation)","Permanent Neow","Practice Mode","Quick Restart","Rare Cards Sparkle","RatMod","Relic Sorter","Relic Stats","Reliquary","Replay The Spire","Shade Mod","Shop Mod","Spicy Shops","Spikes Relics","StSLib","Stuff the Spire","Synergy Search","The Blue Laboratory","The Construct","TheSurvivalist","Thieving Mod","Unceasing Turn Reminder","Unknown Chances","everything is the same but u backflip on backflip","??????REMEMod"],"gold_per_floor":[6012,6012,5004,5004,5016,5016,5047,5047,5047,5047,4291,4291,4309,4339,4339,4475,4475,4496,4496,3692,3713,3740,3740,3765,3765,3765,3765,3894,3894,3932,3954,3954,4061,4061,4061,4091,4091,4091,4113,4113,4056,4091,4091,4193,4223,4254,3601,3636,3636,3626,3626,3626,3175,3179,3179],"floor_reached":54,"language":"ENG","playtime":16598,"items_purged":["Strike_B","hubris:Greed"],"score":1122,"play_id":"bf0624fc-c10e-444f-a29b-ded82b5eeeb7","local_time":"20210209141715","is_ascension_mode":false,"campfire_choices":[{"floor":6.0,"key":"REST"},{"floor":8.0,"key":"RECALL"},{"floor":10.0,"key":"REST"},{"data":"ReplayTheSpireMod:Fabricate Wheel","floor":15.0,"key":"SMITH"},{"data":"Mirror Shield","floor":23.0,"key":"SMITH"},{"data":"Force Field","floor":25.0,"key":"SMITH"},{"data":"Coolheaded","floor":32,"key":"SMITH"},{"data":"Capacitor","floor":40,"key":"SMITH"},{"floor":49,"key":"DIG"},{"data":"ReplayUltimateDefense","floor":52,"key":"SMITH"}],"circlet_count":0,"master_deck":["Strike_B","Defend_B","Defend_B","Defend_B","Defend_B","Dualcast","StuffTheSpire:Repulse","Coolheaded+1","Delirium","ReplayTheSpireMod:Brewmster","Leap","Cold Snap+1","Parasite","Mirror Shield+1","hubris:Greed","Conserve Battery","Blizzard+1","Pot Of Greed","Pot Of Greed","Cold Snap+1","Cold Snap+1","aspiration:Polymerization","Leap","Pot Of Greed","Force Field+1","Stack+1","Conserve Battery+1","Delirium","Capacitor+1","hubris:Greed","hubris:NaturalOne","hubris:Greed","ReplayTheSpireMod:Splinters","BasicCrystalCard+1","REME_DataAnalysis+1","Glacier+1","Pot Of Greed","Parasite","hubris:Greed","REME_SelfUpgrade+1","REME_SelfUpgrade+1","ReplayUltimateDefense+1","Loop+1","hubris:Greed","hubris:Greed","REME_DataAnalysis+1","hubris:Greed"],"relics":["Cracked Core","hubris:Icosahedron","Medical Kit","REME_ComplimentaryCards","Ring of Misfortune","Ring of Hypnosis","Replay:Kaleidoscope","Blue Candle","Molten Egg 2","Frozen Eye","ReplayFunnel","Juzu Bracelet","REME_PuzzleBoxRelic","Darkstone Periapt","CCEMRelics:SoftDrink","Onion Ring","CCEMRelics:SelfSharpeningBlade","Prayer Wheel","infinitespire:Cupcake","infinitespire:Freezer","Grinning Jar","SnailShell","aspiration:FrozenJewel","halation:PapillonHeart","Bird Faced Urn","CCEMRelics:HeirloomTomato","Membership Card","PreservedInsect","Centennial Puzzle","infinitespire:Broken Mirror","Replay:Bandana","MerchantsRug","StuffTheSpire:Mouthbags","rat:KircheisShard","StoneCalendar","CCEMRelics:FakeTeeth","REME_OnlineShoppingPlatform"],"acts_visited":["Exordium","TheCity","TheBeyond","TheEnding"],"potions_floor_usage":[33,33,33,33,36,39,41,41,42,45,45,45,46,46,46,46,48,48,50,50,50,50,50],"damage_taken":[{"damage":0.0,"enemies":"2 Louse","floor":1.0,"turns":3.0},{"damage":0.0,"enemies":"Small Slimes","floor":5.0,"turns":3.0},{"damage":71.0,"enemies":"Gremlin Nob","floor":7.0,"turns":7.0},{"damage":0.0,"enemies":"Cultist","floor":13.0,"turns":2.0},{"damage":0.0,"enemies":"Replay:BlueRogue","floor":14.0,"turns":4.0},{"damage":0.0,"enemies":"Slime Boss","floor":16.0,"turns":14.0},{"damage":0.0,"enemies":"Chosen","floor":18.0,"turns":8.0},{"damage":3.0,"enemies":"2 Thieves","floor":21.0,"turns":2.0},{"damage":0.0,"enemies":"conspire:HollyBat","floor":22.0,"turns":9.0},{"damage":0.0,"enemies":"Snake Plant","floor":24.0,"turns":3.0},{"damage":0.0,"enemies":"Cultist and Chosen","floor":28.0,"turns":12.0},{"damage":0,"enemies":"Book of Stabbing","floor":30,"turns":5},{"damage":0,"enemies":"Sentry and Sphere","floor":31,"turns":7},{"damage":0,"enemies":"conspire:MysteriousRune","floor":33,"turns":4},{"damage":0,"enemies":"3 Darklings","floor":35,"turns":8},{"damage":7,"enemies":"3 Shapes","floor":36,"turns":4},{"damage":1,"enemies":"Jaw Worm Horde","floor":39,"turns":3},{"damage":6,"enemies":"R_Hoarder","floor":41,"turns":17},{"damage":0,"enemies":"3 Darklings","floor":42,"turns":5},{"damage":0,"enemies":"Maw","floor":45,"turns":8},{"damage":0,"enemies":"Writhing Mass","floor":46,"turns":6},{"damage":0,"enemies":"Sphere and 2 Shapes","floor":48,"turns":4},{"damage":22,"enemies":"infinitespire:MassOfShapes","floor":50,"turns":12},{"damage":356,"enemies":"Shield and Spear","floor":54,"turns":2}],"seed_played":"-921585245515449939","potions_obtained":[{"floor":14.0,"key":"blueLaboratory:RelayPotion"},{"floor":22.0,"key":"blueLaboratory:CoolantVial"},{"floor":48,"key":"Regen Potion"}],"is_trial":false,"path_per_floor":["M","?","$","?","M","R","E","R","T","R","$","?","M","E","R","B",null,"M","?","$","M","M","R","M","R","T","?","M","?","E","M","R","B",null,"M","M","?","?","M","R","E","M","T","?","M","M","$","M","R","B",null,"R","$","E"],"character_chosen":"DEFECT","items_purchased":["Replay:Kaleidoscope","Blue Candle","Molten Egg 2","Frozen Eye","ReplayTheSpireMod:Brewmster","Cold Snap+1","Darkstone Periapt","CCEMRelics:SoftDrink","Onion Ring","Reflective Coating","Blizzard+1","Medical Kit","infinitespire:Freezer","Grinning Jar","SnailShell","Cold Snap+1","REME_SelfUpgrade+1","Membership Card","PreservedInsect","Centennial Puzzle","CCEMRelics:ShortCircuitBoard","infinitespire:Broken Mirror","blueLaboratory:FruitPunch","FocusPotion","ReplayUltimateDefense","MerchantsRug","StuffTheSpire:Mouthbags","rat:KircheisShard","StoneCalendar","CCEMRelics:FakeTeeth","REME_OnlineShoppingPlatform"],"campfire_rested":2,"item_purchase_floors":[3,3,3,3,3,11,11,11,11,11,20,20,20,20,20,20,47,47,47,47,47,47,47,47,47,53,53,53,53,53,53],"current_hp_per_floor":[90,90,90,60,60,87,16,16,16,43,49,49,49,49,49,72,104,110,110,110,107,113,113,113,113,113,113,113,116,116,116,116,116,116,116,109,109,115,114,114,121,133,138,144,145,157,157,159,159,172,172,172,172,0,0],"gold":3179,"neow_bonus":"REMOVE_TWO","is_daily":false,"chose_seed":false,"campfire_upgraded":6,"win_rate":0.0,"timestamp":1612880235,"path_taken":["M","?","$","?","M","R","E","R","T","R","$","?","M","E","R","BOSS","M","?","$","M","M","R","M","R","T","?","M","?","E","M","R","BOSS","M","M","?","?","M","R","E","M","T","?","M","M","$","M","R","BOSS","R","$","E"],"items_purchased_type":["Relic","Relic","Relic","Relic","Card","Card","Relic","Relic","Relic","Potion","Card","Relic","Relic","Relic","Relic","Card","Card","Relic","Relic","Relic","Relic","Relic","Potion","Potion","Card","Relic","Relic","Relic","Relic","Relic","Relic"],"build_version":"2020-12-22","purchased_purges":2,"victory":false,"max_hp_per_floor":[90,90,90,90,90,90,90,90,90,90,96,96,96,96,96,104,104,110,110,110,110,116,116,116,116,116,116,116,116,116,116,116,116,116,116,116,110,116,116,116,128,134,139,145,145,157,157,159,159,172,172,172,172,178,178],"relic_stats":{"Darkstone Periapt":84,"Centennial Puzzle":[3],"counters":[24,152],"Blue Candle":[89],"Bird Faced Urn":[19],"Prayer Wheel":13,"StoneCalendar":[0],"PreservedInsect":68,"Juzu Bracelet":3,"Medical Kit":[21],"obtain_stats":[{"ReplayFunnel":4,"Darkstone Periapt":11,"SnailShell":20,"halation:PapillonHeart":37,"CCEMRelics:SoftDrink":11,"StoneCalendar":53,"Juzu Bracelet":4,"Frozen Eye":3,"Centennial Puzzle":47,"Replay:Bandana":49,"CCEMRelics:FakeTeeth":53,"CCEMRelics:SelfSharpeningBlade":14,"hubris:Icosahedron":27,"Prayer Wheel":16,"CCEMRelics:ShortCircuitBoard":47,"CCEMRelics:HeirloomTomato":43,"Cracked Core":0,"REME_OnlineShoppingPlatform":53,"MerchantsRug":53,"Ring of Hypnosis":2,"Blue Candle":3,"PreservedInsect":47,"Replay:Kaleidoscope":3,"Medical Kit":20,"aspiration:FrozenJewel":30,"StuffTheSpire:Mouthbags":53,"infinitespire:Broken Mirror":47,"Ring of Misfortune":2,"Bird Faced Urn":41,"rat:KircheisShard":53,"Molten Egg 2":3,"Onion Ring":11,"Membership Card":47,"REME_PuzzleBoxRelic":7,"Grinning Jar":20,"REME_ComplimentaryCards":0,"infinitespire:Cupcake":17,"infinitespire:Freezer":20},{"ReplayFunnel":1,"Darkstone Periapt":3,"SnailShell":7,"halation:PapillonHeart":16,"CCEMRelics:SoftDrink":3,"StoneCalendar":23,"Juzu Bracelet":1,"Frozen Eye":1,"Centennial Puzzle":21,"Replay:Bandana":22,"CCEMRelics:FakeTeeth":23,"CCEMRelics:SelfSharpeningBlade":5,"hubris:Icosahedron":10,"Prayer Wheel":6,"CCEMRelics:ShortCircuitBoard":21,"CCEMRelics:HeirloomTomato":19,"Cracked Core":0,"REME_OnlineShoppingPlatform":23,"MerchantsRug":23,"Ring of Hypnosis":1,"Blue Candle":1,"PreservedInsect":21,"Replay:Kaleidoscope":1,"Medical Kit":7,"aspiration:FrozenJewel":12,"StuffTheSpire:Mouthbags":23,"infinitespire:Broken Mirror":21,"Ring of Misfortune":1,"Bird Faced Urn":18,"rat:KircheisShard":23,"Molten Egg 2":1,"Onion Ring":3,"Membership Card":21,"REME_PuzzleBoxRelic":3,"Grinning Jar":7,"REME_ComplimentaryCards":0,"infinitespire:Cupcake":6,"infinitespire:Freezer":7},{"ReplayFunnel":3,"Darkstone Periapt":13,"SnailShell":41,"halation:PapillonHeart":95,"CCEMRelics:SoftDrink":13,"StoneCalendar":150,"Juzu Bracelet":3,"Frozen Eye":3,"Centennial Puzzle":134,"Replay:Bandana":138,"CCEMRelics:FakeTeeth":150,"CCEMRelics:SelfSharpeningBlade":19,"hubris:Icosahedron":55,"Prayer Wheel":21,"CCEMRelics:ShortCircuitBoard":134,"CCEMRelics:HeirloomTomato":120,"Cracked Core":0,"REME_OnlineShoppingPlatform":150,"MerchantsRug":150,"Ring of Hypnosis":3,"Blue Candle":3,"PreservedInsect":134,"Replay:Kaleidoscope":3,"Medical Kit":41,"aspiration:FrozenJewel":72,"StuffTheSpire:Mouthbags":150,"infinitespire:Broken Mirror":134,"Ring of Misfortune":3,"Bird Faced Urn":115,"rat:KircheisShard":150,"Molten Egg 2":3,"Onion Ring":13,"Membership Card":134,"REME_PuzzleBoxRelic":13,"Grinning Jar":41,"REME_ComplimentaryCards":0,"infinitespire:Cupcake":33,"infinitespire:Freezer":41}]},"card_choices":[{"not_picked":["Sweeping Beam","Steam"],"picked":"Coolheaded","floor":1.0},{"not_picked":["Doom and Gloom+1","Rebound+1","StuffTheSpire:Synthwave"],"picked":"SKIP","floor":5.0},{"not_picked":["Hologram","Redo"],"picked":"Leap","floor":7.0},{"not_picked":["Reinforced Body","Hologram"],"picked":"Coolheaded","floor":13.0},{"not_picked":["Hyperbeam+1","ReplayTheSpireMod:System Scan"],"picked":"ReplayTheSpireMod:Fabricate Wheel","floor":14.0},{"not_picked":["StuffTheSpire:Synthwave","Ball Lightning+1"],"picked":"Conserve Battery","floor":18.0},{"not_picked":["Hologram","Steam Power+1","Streamline+1"],"picked":"SKIP","floor":18.0},{"not_picked":["Redo+1","Streamline+1"],"picked":"aspiration:Polymerization","floor":21.0},{"not_picked":["Ball Lightning+1","Skim","DiskWipe"],"picked":"SKIP","floor":21.0},{"not_picked":["REME_Compress","Streamline+1"],"picked":"Leap","floor":22.0},{"not_picked":["Hologram","BasicCrystalCard","hubris:PowerSurge"],"picked":"SKIP","floor":22.0},{"not_picked":["Conserve Battery","Hologram"],"picked":"Force Field","floor":24.0},{"not_picked":["Rebound+1","Fission","StuffTheSpire:Coldhearted"],"picked":"SKIP","floor":24.0},{"not_picked":["Genetic Algorithm+1","StuffTheSpire:Plugnplay+1"],"picked":"Stack+1","floor":28.0},{"not_picked":["Compile Driver+1","ReplayGash+1","StuffTheSpire:Plugnplay"],"picked":"SKIP","floor":28.0},{"not_picked":["Consume+1","Recycle+1","StuffTheSpire:Plugnplay"],"picked":"SKIP","floor":30},{"not_picked":["Crystallizer+1","Steam Power","Consume"],"picked":"SKIP","floor":31},{"not_picked":["Beam Cell+1","Turbo","Fusion"],"picked":"SKIP","floor":31},{"not_picked":["Cold Snap+1","Gash+1","Redo+1"],"picked":"SKIP","floor":35},{"not_picked":["Rebound+1","Cold Snap+1","BasicCrystalCard"],"picked":"SKIP","floor":35},{"not_picked":["REME_SelfUpgrade","BasicCrystalCard"],"picked":"Conserve Battery+1","floor":36},{"not_picked":["Time Bomb+1","Compile Driver+1","Double Energy+1"],"picked":"SKIP","floor":36},{"not_picked":["hubris:Ukulele+1","Genetic Algorithm+1"],"picked":"Capacitor","floor":39},{"not_picked":["StuffTheSpire:SnapShoot","Conserve Battery+1","StuffTheSpire:LoadUp"],"picked":"SKIP","floor":39},{"not_picked":["StuffTheSpire:Purify","Steam","Reprogram"],"picked":"SKIP","floor":41},{"not_picked":["Genetic Algorithm","Hologram+1","DiskWipe"],"picked":"SKIP","floor":42},{"not_picked":["Turbo","Barrage+1","BootSequence"],"picked":"SKIP","floor":42},{"not_picked":["Sweeping Beam+1","Hologram+1"],"picked":"BasicCrystalCard+1","floor":44},{"not_picked":["Darkness","Melter+1"],"picked":"REME_DataAnalysis+1","floor":44},{"not_picked":["RefreshScreen+1","StuffTheSpire:Plugnplay+1"],"picked":"Glacier+1","floor":44},{"not_picked":["Compile Driver+1","ReplayTheSpireMod:Reroute Power+1"],"picked":"REME_DataAnalysis+1","floor":45},{"not_picked":["Time Bomb","Panic Button","StuffTheSpire:NuclearReactor"],"picked":"SKIP","floor":45},{"not_picked":["Go for the Eyes+1","Leap"],"picked":"REME_SelfUpgrade+1","floor":46},{"not_picked":["Conserve Battery","Gash+1","REME_Shoggoth+1"],"picked":"SKIP","floor":46},{"not_picked":["StuffTheSpire:Plugnplay","Scrape+1","Crystallizer","Compile Driver+1"],"picked":"Loop+1","floor":48},{"not_picked":["StuffTheSpire:LoadUp+1","Hello World+1","Chaos+1","BootSequence+1","StuffTheSpire:Synthwave+1"],"picked":"SKIP","floor":48}],"player_experience":226545,"relics_obtained":[{"floor":2.0,"key":"Ring of Misfortune"},{"floor":2.0,"key":"Ring of Hypnosis"},{"floor":7.0,"key":"REME_PuzzleBoxRelic"},{"floor":14.0,"key":"CCEMRelics:SelfSharpeningBlade"},{"floor":30,"key":"aspiration:FrozenJewel"},{"floor":41,"key":"Bird Faced Urn"},{"floor":43,"key":"CCEMRelics:HeirloomTomato"},{"floor":49,"key":"Replay:Bandana"}],"event_choices":[{"damage_healed":0.0,"max_hp_gain":0.0,"max_hp_loss":0.0,"gold_gain":1.0,"event_name":"betterThird:BetterScrap","player_choice":"Relic Relic ","floor":4.0,"gold_loss":0.0,"damage_taken":30.0,"cards_obtained":["Study"]},{"cards_removed":["Strike_B"],"damage_healed":0.0,"max_hp_gain":0.0,"max_hp_loss":0.0,"gold_gain":0.0,"event_name":"Purifier","player_choice":"Purged","floor":12.0,"gold_loss":0.0,"damage_taken":0.0},{"damage_healed":0.0,"max_hp_gain":0.0,"max_hp_loss":0.0,"gold_gain":0.0,"event_name":"betterNote:BetterNote","player_choice":"Ignored","floor":19.0,"gold_loss":0.0,"damage_taken":0.0,"cards_obtained":["Doubt"]},{"damage_healed":0,"gold_gain":0,"cards_transformed":["hubris:Greed"],"player_choice":"Transformed","damage_taken":0,"max_hp_gain":0,"max_hp_loss":0,"event_name":"Transmorgrifier","floor":38,"gold_loss":0,"cards_obtained":["Delirium"]}],"is_beta":false,"boss_relics":[{"not_picked":["Fusion Hammer","REME_LowDesire"],"picked":"infinitespire:Cupcake"},{"not_picked":["REME_DuelDisc","energizedSpire:RedRose","CosmicIsotope"]}],"items_purged_floors":[11,20],"is_endless":false,"potions_floor_spawned":[1,7,14,21,22,24,36,41,42,48],"killed_by":"Shield and Spear","ascension_level":0}}