{"host":"sccdx89hs6cnwb1o","time":1612900797,"event":{"mods":["AchievementEnabler","BaseMod","Colored Powertips","Highlight Path","Minty Spire (QoL Compilation)"],"gold_per_floor":[119,119,130,141,141,141,155,155,155,155,170,135,135,148,148,253,253,269,285,285,29,39,39,49,49,118,131,131,131,31,31,31,31,31],"floor_reached":33,"language":"DEU","playtime":3040,"items_purged":["Decay","Strike_G"],"score":239,"play_id":"5b059932-0630-4664-a070-2d07ab121117","local_time":"20210209205957","is_ascension_mode":false,"campfire_choices":[{"data":"Caltrops","floor":6,"key":"SMITH"},{"floor":8,"key":"REST"},{"data":"Eviscerate","floor":10,"key":"SMITH"},{"data":"Endless Agony","floor":13,"key":"SMITH"},{"data":"Noxious Fumes","floor":15,"key":"SMITH"},{"floor":23,"key":"REST"},{"floor":25,"key":"REST"},{"floor":29,"key":"REST"},{"floor":32,"key":"REST"}],"circlet_count":0,"master_deck":["Strike_G","Strike_G","Strike_G","Strike_G","Defend_G","Defend_G","Defend_G","Defend_G","Defend_G","Survivor","Neutralize","Endless Agony+1","Eviscerate+1","Caltrops+1","Dodge and Roll","Flying Knee","Noxious Fumes+1","Bullet Time","Bane","Catalyst+1","Secret Technique","Crippling Poison","Outmaneuver","Dash","Shame"],"relics":["Ring of the Snake","Juzu Bracelet","SlaversCollar","Mercury Hourglass","Sundial"],"acts_visited":["Exordium","TheCity"],"potions_floor_usage":[16,20,27,27,33,33],"damage_taken":[{"damage":0,"enemies":"Jaw Worm","floor":1,"turns":3},{"damage":11,"enemies":"Cultist","floor":3,"turns":6},{"damage":0,"enemies":"Small Slimes","floor":4,"turns":3},{"damage":7,"enemies":"Exordium Wildlife","floor":7,"turns":9},{"damage":24,"enemies":"Exordium Thugs","floor":11,"turns":5},{"damage":2,"enemies":"Looter","floor":14,"turns":2},{"damage":30,"enemies":"The Guardian","floor":16,"turns":9},{"damage":18,"enemies":"Shell Parasite","floor":18,"turns":6},{"damage":26,"enemies":"Chosen","floor":19,"turns":6},{"damage":0,"enemies":"Centurion and Healer","floor":20,"turns":2},{"damage":24,"enemies":"Snake Plant","floor":22,"turns":6},{"damage":23,"enemies":"3 Cultists","floor":24,"turns":5},{"damage":20,"enemies":"Chosen and Byrds","floor":27,"turns":7},{"damage":64,"enemies":"Collector","floor":33,"turns":6}],"seed_played":"-2201134362978808166","potions_obtained":[{"floor":0,"key":"EntropicBrew"},{"floor":0,"key":"AttackPotion"},{"floor":0,"key":"EssenceOfSteel"},{"floor":7,"key":"FairyPotion"},{"floor":18,"key":"SmokeBomb"}],"is_trial":false,"path_per_floor":["M","?","M","M","?","R","M","R","T","R","M","?","R","M","R","B",null,"M","M","M","$","M","R","M","R","T","M","?","R","$","?","R","B"],"character_chosen":"THE_SILENT","items_purchased":["Secret Technique"],"campfire_rested":5,"item_purchase_floors":[21],"current_hp_per_floor":[70,70,59,59,59,59,52,70,70,70,46,63,63,61,61,31,70,52,26,26,26,2,23,21,42,42,22,22,43,43,43,64,0,0],"gold":31,"neow_bonus":"THREE_SMALL_POTIONS","is_daily":false,"chose_seed":false,"campfire_upgraded":4,"win_rate":0.0,"timestamp":1612900797,"path_taken":["M","?","M","?","?","R","M","R","T","R","M","?","R","M","R","BOSS","M","M","M","$","M","R","M","R","T","M","?","R","$","?","R","BOSS"],"items_purchased_type":["Card"],"build_version":"2020-12-22","purchased_purges":2,"victory":false,"max_hp_per_floor":[70,70,70,70,70,70,70,70,70,70,70,70,70,70,70,70,70,70,70,70,70,70,70,70,70,70,70,70,70,70,70,70,70,70],"card_choices":[{"not_picked":["Eviscerate","Sucker Punch"],"picked":"Endless Agony","floor":1},{"not_picked":["Skewer","Blade Dance"],"picked":"Eviscerate","floor":3},{"not_picked":["Blur","Dagger Throw"],"picked":"Caltrops","floor":4},{"not_picked":["Distraction","Dagger Spray"],"picked":"Dodge and Roll","floor":7},{"not_picked":["Distraction","Blade Dance"],"picked":"Flying Knee","floor":11},{"not_picked":["Poisoned Stab","Prepared"],"picked":"Noxious Fumes","floor":14},{"not_picked":["Die Die Die","Envenom"],"picked":"Bullet Time","floor":16},{"not_picked":["Flying Knee","Dodge and Roll"],"picked":"Bane","floor":18},{"not_picked":["Underhanded Strike+1","PiercingWail"],"picked":"Catalyst","floor":19},{"not_picked":["Underhanded Strike","Flechettes"],"picked":"Crippling Poison","floor":22},{"not_picked":["Dagger Throw","Choke"],"picked":"Outmaneuver","floor":24},{"not_picked":["All Out Attack","Blade Dance"],"picked":"Dash","floor":27}],"player_experience":39840,"relics_obtained":[{"floor":9,"key":"Juzu Bracelet"},{"floor":26,"key":"Mercury Hourglass"}],"event_choices":[{"damage_healed":0,"gold_gain":0,"player_choice":"Cursed","damage_taken":0,"max_hp_gain":0,"max_hp_loss":0,"event_name":"Wheel of Change","floor":2,"gold_loss":0,"cards_obtained":["Decay"]},{"damage_healed":0,"gold_gain":0,"player_choice":"Fled","damage_taken":0,"max_hp_gain":0,"max_hp_loss":0,"event_name":"Scrap Ooze","floor":5,"gold_loss":0},{"damage_healed":17,"gold_gain":0,"player_choice":"Healed","damage_taken":0,"max_hp_gain":0,"max_hp_loss":0,"event_name":"The Cleric","floor":12,"gold_loss":35},{"damage_healed":0,"gold_gain":0,"player_choice":"Forge","damage_taken":0,"max_hp_gain":0,"max_hp_loss":0,"event_name":"Accursed Blacksmith","floor":28,"gold_loss":0,"cards_upgraded":["Catalyst"]},{"damage_healed":0,"gold_gain":0,"player_choice":"Stole Relic","damage_taken":0,"relics_obtained":["Sundial"],"max_hp_gain":0,"max_hp_loss":0,"event_name":"Addict","floor":31,"gold_loss":0,"cards_obtained":["Shame"]}],"is_beta":false,"boss_relics":[{"not_picked":["Ectoplasm","SacredBark"],"picked":"SlaversCollar"}],"items_purged_floors":[21,30],"is_endless":false,"potions_floor_spawned":[3,4,7,11,18,19],"killed_by":"Collector","ascension_level":0}}