{"host":"pc7bizyp7423q6r6","time":1612905772,"event":{"mods":["AchievementEnabler","Act Like it!","Aspiration","BaseMod","Better Match","Better Note","Better Third Choice","BetterRewards","Block Reminder","Conspire","Disable Question Mark Monsters","Emptier Cage","GifTheSpireLib","Hubris","Infinite Spire","Minty Spire (QoL Compilation)","Rare Cards Sparkle","Relic Stats","Replay The Spire","Robot Space Explorer","Spicy Shops","StSLib","Stuff the Spire","The Blue Laboratory","The Cursed","Wandering Minibosses","everything is the same but u backflip on backflip"],"gold_per_floor":[119,119,129,148,148,148,59,59,59,86,100,100,91,91,101,101,117,117],"floor_reached":17,"language":"ENG","playtime":529,"items_purged":[],"score":194,"play_id":"852be3ed-6000-4246-b194-b5230f8323d7","local_time":"20210209152252","is_ascension_mode":true,"campfire_choices":[{"data":"StuffTheSpire:Slingshot","floor":6,"key":"SMITH"},{"data":"Disarm","floor":12,"key":"SMITH"},{"data":"Bash","floor":14,"key":"SMITH"},{"data":"StuffTheSpire:Incineration","floor":16,"key":"SMITH"}],"circlet_count":0,"master_deck":["AscendersBane","Strike_R+1","Strike_R+2","Strike_R","Strike_R","Defend_R","Defend_R+1","Defend_R","Defend_R","Bash+1","StuffTheSpire:Incineration+1","StuffTheSpire:Slingshot+1","Regret","Disarm+1","Cleave"],"relics":["Burning Blood","aspiration:Nostalgia","infinitespire:Midas Blood","Anchor","Simple Rune"],"acts_visited":["Exordium"],"potions_floor_usage":[13,17],"damage_taken":[{"damage":8,"enemies":"Jaw Worm","floor":1,"turns":5},{"damage":1,"enemies":"conspire:RoseBush","floor":3,"turns":3},{"damage":0,"enemies":"Cultist","floor":4,"turns":3},{"damage":0,"enemies":"2 Fungi Beasts","floor":11,"turns":2},{"damage":18,"enemies":"Gremlin Gang","floor":13,"turns":6},{"damage":0,"enemies":"Blue Slaver","floor":15,"turns":2},{"damage":67,"enemies":"Fading Forest","floor":17,"turns":7}],"seed_played":"4224194044619518723","potions_obtained":[{"floor":1,"key":"blueLaboratory:AbyssPotion"},{"floor":3,"key":"blueLaboratory:FruitPunch"},{"floor":13,"key":"LifebloodPotion"}],"is_trial":false,"path_per_floor":["M","?","M","M","?","R","$","?","T","T","M","R","M","R","M","R","B"],"character_chosen":"IRONCLAD","items_purchased":["Disarm"],"campfire_rested":0,"item_purchase_floors":[7],"current_hp_per_floor":[66,43,48,54,54,54,54,54,54,54,60,60,50,50,56,56,0,0],"gold":117,"neow_bonus":"NOSTALGIA","is_daily":false,"chose_seed":false,"campfire_upgraded":4,"win_rate":0.0,"timestamp":1612905772,"path_taken":["M","?","M","M","?","R","$","?","T","T","?","R","M","R","M","R","BOSS"],"items_purchased_type":["Card"],"build_version":"2020-12-22","purchased_purges":0,"victory":false,"max_hp_per_floor":[75,75,75,75,75,75,75,75,75,75,75,75,77,77,77,77,77,77],"relic_stats":{"counters":[7,28],"obtain_stats":[{"Anchor":9,"aspiration:Nostalgia":0,"Simple Rune":10,"Burning Blood":0,"Ring of the Snake":0,"infinitespire:Midas Blood":5},{"Anchor":3,"aspiration:Nostalgia":0,"Simple Rune":3,"Burning Blood":0,"Ring of the Snake":0,"infinitespire:Midas Blood":3},{"Anchor":11,"aspiration:Nostalgia":0,"Simple Rune":11,"Burning Blood":0,"Ring of the Snake":0,"infinitespire:Midas Blood":11}],"Burning Blood":36},"card_choices":[{"not_picked":["Reckless Charge","StuffTheSpire:RagingBull"],"picked":"StuffTheSpire:Incineration","floor":1},{"not_picked":["Sever Soul","Perfected Strike"],"picked":"StuffTheSpire:Slingshot","floor":3},{"not_picked":["Thunderclap","Flex","Body Slam"],"picked":"SKIP","floor":4},{"not_picked":["Second Wind","ReplayReversal","Run Through"],"picked":"SKIP","floor":11},{"not_picked":["Sword Boomerang","Massacre"],"picked":"Cleave","floor":13},{"not_picked":["Perfected Strike","Clash","StuffTheSpire:Incineration"],"picked":"SKIP","floor":15}],"player_experience":1729713,"relics_obtained":[{"floor":9,"key":"Anchor"},{"floor":10,"key":"Simple Rune"}],"event_choices":[{"damage_healed":66,"gold_gain":0,"player_choice":"Upgrade","damage_taken":23,"max_hp_gain":0,"max_hp_loss":75,"event_name":"betterThird:BetterShining","floor":2,"gold_loss":0,"cards_upgraded":["Defend_R","Strike_R"]},{"damage_healed":0,"gold_gain":0,"player_choice":"Box","damage_taken":0,"relics_obtained":["infinitespire:Midas Blood"],"max_hp_gain":0,"max_hp_loss":0,"event_name":"Big Fish","floor":5,"gold_loss":0,"cards_obtained":["Regret"]}],"is_beta":false,"boss_relics":[],"items_purged_floors":[],"is_endless":false,"potions_floor_spawned":[1,3,13,15],"killed_by":"Fading Forest","ascension_level":20}}