{"host":"n9fx05aq4lr38byd","time":1612874601,"event":{"mods":["BaseMod","Bestiary","Minty Spire (QoL Compilation)","Permanent Neow","Relic Stats"],"gold_per_floor":[116,129,146,146,221,221,248,248,274,303,319,38,56,75,75,75,75],"floor_reached":16,"language":"ENG","playtime":561,"items_purged":[],"score":218,"play_id":"666bfad5-066a-4d80-90c1-da4f498c790b","local_time":"20210209124321","is_ascension_mode":true,"campfire_choices":[{"data":"Deadly Poison","floor":6,"key":"SMITH"},{"floor":8,"key":"REST"},{"floor":15,"key":"REST"}],"circlet_count":0,"master_deck":["AscendersBane","Strike_G","Strike_G","Strike_G","Strike_G","Strike_G","Defend_G","Defend_G","Defend_G","Defend_G","Defend_G","Survivor","Neutralize","Deadly Poison+1","Predator","Backflip","Poisoned Stab","Corpse Explosion","Footwork","Outmaneuver"],"relics":["Ring of the Snake","Thread and Needle","Omamori","Bronze Scales","TungstenRod","Paper Crane"],"acts_visited":["Exordium"],"potions_floor_usage":[7,10,14],"damage_taken":[{"damage":0,"enemies":"2 Louse","floor":1,"turns":3},{"damage":3,"enemies":"Jaw Worm","floor":2,"turns":4},{"damage":0,"enemies":"Small Slimes","floor":3,"turns":4},{"damage":33,"enemies":"Gremlin Nob","floor":7,"turns":5},{"damage":11,"enemies":"Lagavulin","floor":10,"turns":6},{"damage":2,"enemies":"3 Louse","floor":11,"turns":1},{"damage":7,"enemies":"Large Slime","floor":13,"turns":5},{"damage":0,"enemies":"Exordium Wildlife","floor":14,"turns":3},{"damage":57,"enemies":"Slime Boss","floor":16,"turns":12}],"seed_played":"-1578473996174058198","potions_obtained":[{"floor":2,"key":"Regen Potion"},{"floor":3,"key":"ColorlessPotion"},{"floor":11,"key":"Energy Potion"}],"is_trial":false,"path_per_floor":["M","M","M","?","?","R","E","R","T","E","M","$","M","M","R","B"],"character_chosen":"THE_SILENT","items_purchased":["Paper Crane"],"campfire_rested":2,"item_purchase_floors":[12],"current_hp_per_floor":[59,56,56,56,45,45,12,30,30,34,32,32,25,25,43,0,0],"gold":75,"neow_bonus":"ONE_RARE_RELIC","is_daily":false,"chose_seed":false,"campfire_upgraded":1,"win_rate":0.0,"timestamp":1612874601,"path_taken":["M","M","M","?","?","R","E","R","T","E","M","?","M","M","R","BOSS"],"items_purchased_type":["Relic"],"build_version":"2020-12-22","purchased_purges":0,"victory":false,"max_hp_per_floor":[60,60,60,60,60,60,60,60,60,60,60,60,60,60,60,60,60],"relic_stats":{"counters":[9,43],"Bronze Scales":[42],"obtain_stats":[{"Bronze Scales":9,"Thread and Needle":0,"Omamori":7,"Paper Crane":12,"TungstenRod":10,"Ring of the Snake":0},{"Bronze Scales":4,"Thread and Needle":0,"Omamori":4,"Paper Crane":6,"TungstenRod":5,"Ring of the Snake":0},{"Bronze Scales":16,"Thread and Needle":0,"Omamori":16,"Paper Crane":23,"TungstenRod":22,"Ring of the Snake":0}],"TungstenRod":8,"Ring of the Snake":[18]},"card_choices":[{"not_picked":["Deflect","Sucker Punch"],"picked":"Deadly Poison","floor":1},{"not_picked":["Reflex","Cloak And Dagger"],"picked":"Predator","floor":2},{"not_picked":["Underhanded Strike","Concentrate"],"picked":"Backflip","floor":3},{"not_picked":["Dagger Spray","Calculated Gamble"],"picked":"Poisoned Stab","floor":7},{"not_picked":["Backflip","Flying Knee"],"picked":"Corpse Explosion","floor":10},{"not_picked":["Sucker Punch","Blade Dance","Acrobatics"],"picked":"SKIP","floor":11},{"not_picked":["Flying Knee","Accuracy"],"picked":"Footwork","floor":13},{"not_picked":["Concentrate","Endless Agony"],"picked":"Outmaneuver","floor":14}],"player_experience":848737,"relics_obtained":[{"floor":7,"key":"Omamori"},{"floor":9,"key":"Bronze Scales"},{"floor":10,"key":"TungstenRod"}],"event_choices":[{"damage_healed":0,"gold_gain":0,"player_choice":"Ignored","damage_taken":0,"max_hp_gain":0,"max_hp_loss":0,"event_name":"Liars Game","floor":4,"gold_loss":0},{"damage_healed":0,"gold_gain":75,"player_choice":"Gather Gold","damage_taken":11,"max_hp_gain":0,"max_hp_loss":0,"event_name":"World of Goop","floor":5,"gold_loss":0}],"is_beta":false,"boss_relics":[],"items_purged_floors":[],"is_endless":false,"potions_floor_spawned":[2,3,11],"killed_by":"Slime Boss","ascension_level":19}}