{"host":"j4g6ia6asvpyu2b0","time":1612896696,"event":{"mods":["BaseMod","Colored Map","Infinite Spire","Minty Spire (QoL Compilation)","Permanent Neow","Quick Restart","Relic Stats","StSLib","Unceasing Turn Reminder"],"gold_per_floor":[152,152,190,249,249,249,303,303,328,328,387,387,312,353,353,473,473,509,509,547,822,837,837,868,868,868],"floor_reached":25,"language":"ENG","playtime":520,"items_purged":["Strike_R"],"score":240,"play_id":"839c7117-ce7d-4861-b6d9-f066512b9bc2","local_time":"20210209115136","is_ascension_mode":true,"campfire_choices":[{"data":"Bash","floor":6.0,"key":"SMITH"},{"data":"HandOfGreed","floor":10.0,"key":"SMITH"},{"data":"Pommel Strike","floor":12.0,"key":"SMITH"},{"data":"Spot Weakness","floor":15.0,"key":"SMITH"},{"floor":23,"key":"REST"}],"circlet_count":0,"master_deck":["Strike_R","Strike_R","Strike_R+1","Defend_R","Defend_R+1","Defend_R","Defend_R","Bash+1","HandOfGreed+1","Pommel Strike+1","Cleave","Spot Weakness+1","Feed","Seeing Red","Dark Embrace+1","Regret","Pommel Strike","Shockwave"],"relics":["Burning Blood","Red Skull","Nunchaku","Centennial Puzzle","Question Card","Runic Cube","Matryoshka"],"acts_visited":["Exordium","TheCity"],"potions_floor_usage":[24,24],"damage_taken":[{"damage":1.0,"enemies":"2 Louse","floor":1.0,"turns":3.0},{"damage":1.0,"enemies":"Cultist","floor":3.0,"turns":4.0},{"damage":0.0,"enemies":"Small Slimes","floor":4.0,"turns":4.0},{"damage":13.0,"enemies":"Lagavulin","floor":7.0,"turns":5.0},{"damage":6.0,"enemies":"Gremlin Nob","floor":11.0,"turns":3.0},{"damage":0.0,"enemies":"2 Fungi Beasts","floor":14.0,"turns":3.0},{"damage":44,"enemies":"Hexaghost","floor":16,"turns":8},{"damage":24,"enemies":"Shell Parasite","floor":18,"turns":4},{"damage":10,"enemies":"Spheric Guardian","floor":20,"turns":3},{"damage":53,"enemies":"Cultist and Chosen","floor":22,"turns":6},{"damage":31,"enemies":"Gremlin Leader","floor":24,"turns":4},{"damage":16,"enemies":"3 Cultists","floor":25,"turns":3}],"seed_played":"3996849032593540943","potions_obtained":[{"floor":3.0,"key":"DistilledChaos"},{"floor":14.0,"key":"SmokeBomb"},{"floor":16,"key":"infinitespire:BlackPotion"},{"floor":20,"key":"DuplicationPotion"},{"floor":22,"key":"Strength Potion"},{"floor":24,"key":"Explosive Potion"}],"is_trial":false,"path_per_floor":["M","?","M","M","?","R","E","?","T","R","E","R","$","M","R","B",null,"M","AVR","M","?","M","R","E","M"],"character_chosen":"IRONCLAD","items_purchased":[],"campfire_rested":1,"item_purchase_floors":[],"current_hp_per_floor":[61,61,66,72,56,56,49,49,49,49,49,49,49,55,55,17,80,62,62,58,58,14,38,13,0,0],"gold":868,"neow_bonus":"RANDOM_COLORLESS_2","is_daily":false,"chose_seed":false,"campfire_upgraded":4,"win_rate":0.0,"timestamp":1612896696,"path_taken":["M","?","?","M","?","R","E","?","T","R","E","R","$","M","R","BOSS","M","AVR","M","?","M","R","E","M"],"items_purchased_type":[],"build_version":"2020-12-22","purchased_purges":1,"victory":false,"max_hp_per_floor":[80,80,80,80,80,80,80,80,80,80,80,80,80,80,80,80,80,80,80,80,80,83,83,83,86,86],"relic_stats":{"Nunchaku":[5],"Centennial Puzzle":[21],"counters":[12,50],"Question Card":7,"obtain_stats":[{"Nunchaku":8,"Centennial Puzzle":9,"Matryoshka":24,"Question Card":11,"Burning Blood":0,"Red Skull":7,"Runic Cube":17},{"Nunchaku":4,"Centennial Puzzle":4,"Matryoshka":11,"Question Card":5,"Burning Blood":0,"Red Skull":4,"Runic Cube":7},{"Nunchaku":16,"Centennial Puzzle":16,"Matryoshka":47,"Question Card":19,"Burning Blood":0,"Red Skull":16,"Runic Cube":30}],"Burning Blood":66,"Runic Cube":[19]},"card_choices":[{"not_picked":["Transmutation","Secret Technique"],"picked":"HandOfGreed","floor":0.0},{"not_picked":["Reckless Charge","Searing Blow","Fire Breathing"],"picked":"SKIP","floor":1.0},{"not_picked":["Rage","Clash"],"picked":"Pommel Strike","floor":3.0},{"not_picked":["Pommel Strike","Armaments"],"picked":"Cleave","floor":4.0},{"not_picked":["Flex","Twin Strike","Anger"],"picked":"SKIP","floor":7.0},{"not_picked":["Hemokinesis","Rampage","Searing Blow"],"picked":"SKIP","floor":11.0},{"not_picked":["Dark Embrace","Iron Wave","Intimidate"],"picked":"Spot Weakness","floor":14.0},{"not_picked":["Double Tap","Barricade","Limit Break"],"picked":"Feed","floor":16},{"not_picked":["Havoc","Shrug It Off","Sword Boomerang"],"picked":"Seeing Red","floor":18},{"not_picked":["Shrug It Off","Flex+1","Pommel Strike+1"],"picked":"Dark Embrace+1","floor":20},{"not_picked":["Cleave","Headbutt","Twin Strike"],"picked":"Pommel Strike","floor":22},{"not_picked":["Immolate","Iron Wave","Battle Trance"],"picked":"Shockwave","floor":24}],"player_experience":1206556,"relics_obtained":[{"floor":7.0,"key":"Red Skull"},{"floor":9.0,"key":"Centennial Puzzle"},{"floor":11.0,"key":"Question Card"},{"floor":24,"key":"Matryoshka"}],"event_choices":[{"cards_removed":["Strike_R"],"damage_healed":0.0,"max_hp_gain":0.0,"max_hp_loss":0.0,"gold_gain":0.0,"event_name":"Bonfire Elementals","player_choice":"Offered Basic","floor":2.0,"gold_loss":0.0,"damage_taken":0.0},{"damage_healed":0.0,"max_hp_gain":0.0,"max_hp_loss":0.0,"gold_gain":0.0,"event_name":"Shining Light","player_choice":"Entered Light","floor":5.0,"gold_loss":0.0,"damage_taken":16.0,"cards_upgraded":["Defend_R","Strike_R"]},{"damage_healed":0.0,"max_hp_gain":0.0,"max_hp_loss":0.0,"gold_gain":0.0,"event_name":"Dead Adventurer","player_choice":"Searched \u00271\u0027 times","floor":8.0,"gold_loss":0.0,"damage_taken":0.0,"relics_obtained":["Nunchaku"]},{"damage_healed":0,"gold_gain":275,"player_choice":"Desecrate","damage_taken":0,"max_hp_gain":0,"max_hp_loss":0,"event_name":"Golden Shrine","floor":21,"gold_loss":0,"cards_obtained":["Regret"]}],"is_beta":false,"boss_relics":[{"not_picked":["Mark of Pain","SacredBark"],"picked":"Runic Cube"}],"items_purged_floors":[13],"is_endless":false,"potions_floor_spawned":[3,14,16,20,22,24],"killed_by":"3 Cultists","ascension_level":1}}