{"host":"skr63qsdfgeey3it","time":1612843759,"event":{"mods":["BaseMod","Colored Map","Hubris","Minty Spire (QoL Compilation)","Monster B Gone","Reliquary","Replay The Spire","Spicy Shops","StSLib"],"gold_per_floor":[152,152,77,77,113,113,194,233,233,301,301,334,67,104,104,183,183,228,272,147,147,157,157,208,208,232,232,271,271,271],"floor_reached":29,"language":"ENG","playtime":1318,"items_purged":["Regret","Pain"],"score":464,"play_id":"be28c33a-dd71-46a3-b70b-fb208d72b75b","local_time":"20210208220919","is_ascension_mode":true,"campfire_choices":[{"data":"HandOfGreed","floor":6,"key":"SMITH"},{"floor":11,"key":"REST"},{"floor":15,"key":"REST"},{"floor":23,"key":"REST"},{"floor":25,"key":"REST"}],"circlet_count":0,"master_deck":["AscendersBane","Defend_B+1","Defend_B","Defend_B","Defend_B+1","Zap","Dualcast","HandOfGreed+1","Glacier","Panic Button","Recycle","Self Repair","Bandage Up","Rebound","ReplayTheSpireMod:Omega Cannon","Conserve Battery","Auto Shields","Streamline","Bite","Bite","Bite","Bite","Bite","Auto Shields","Streamline+1","Conserve Battery","Pot Of Greed","Pot Of Greed","Pot Of Greed","Cold Snap","Chill"],"relics":["Cracked Core","Prayer Wheel","WarpedTongs","War Paint","WingedGreaves","reliquary:JackalopeAntler","Bag of Preparation","Fusion Hammer","Pantograph","Regal Pillow","Grinning Jar"],"acts_visited":["Exordium","TheCity"],"potions_floor_usage":[8,16,18,19,24,29],"damage_taken":[{"damage":7,"enemies":"Small Slimes","floor":1,"turns":4},{"damage":7,"enemies":"Jaw Worm","floor":5,"turns":2},{"damage":23,"enemies":"3 Sentries","floor":7,"turns":7},{"damage":1,"enemies":"Cultist","floor":8,"turns":3},{"damage":25,"enemies":"Gremlin Nob","floor":12,"turns":4},{"damage":9,"enemies":"Exordium Thugs","floor":14,"turns":6},{"damage":48,"enemies":"Fading Forest","floor":16,"turns":11},{"damage":11,"enemies":"2 Thieves","floor":18,"turns":3},{"damage":33,"enemies":"Shell Parasite","floor":19,"turns":7},{"damage":10,"enemies":"Snecko","floor":22,"turns":4},{"damage":20,"enemies":"Slavers","floor":24,"turns":4},{"damage":1,"enemies":"Cultist and Chosen","floor":28,"turns":3},{"damage":58,"enemies":"Book of Stabbing","floor":29,"turns":4}],"seed_played":"3750016149469658591","potions_obtained":[{"floor":7,"key":"AttackPotion"},{"floor":14,"key":"SkillPotion"},{"floor":16,"key":"ColorlessPotion"},{"floor":18,"key":"Milkshake"},{"floor":22,"key":"Toxic Potion"},{"floor":24,"key":"Explosive Potion"}],"is_trial":false,"path_per_floor":["M","?","$","?","M","R","E","M","T","T","R","E","$","M","R","B",null,"M","M","$","?","M","R","E","R","T","?","M","E"],"character_chosen":"DEFECT","items_purchased":["Self Repair","Bandage Up","Pantograph"],"campfire_rested":4,"item_purchase_floors":[13,13,20],"current_hp_per_floor":[57,57,57,57,50,50,27,26,26,26,45,20,20,25,44,29,55,55,33,33,33,35,44,35,44,44,44,44,0,0],"gold":271,"neow_bonus":"RANDOM_COLORLESS_2","is_daily":false,"chose_seed":false,"campfire_upgraded":1,"win_rate":0.0,"timestamp":1612843759,"path_taken":["M","?","$","?","?","R","E","M","T","?","R","E","$","M","R","BOSS","M","M","$","?","M","R","E","R","T","?","M","E"],"items_purchased_type":["Card","Card","Relic"],"build_version":"2020-12-22","purchased_purges":2,"victory":false,"max_hp_per_floor":[64,64,64,64,64,64,64,64,64,64,64,64,64,64,64,64,64,64,64,64,44,44,44,44,44,44,44,44,44,44],"card_choices":[{"not_picked":["Mayhem","Magnetism"],"picked":"HandOfGreed","floor":0},{"not_picked":["Barrage","Rebound","Storm"],"picked":"SKIP","floor":1},{"not_picked":["Streamline","Panic Button"],"picked":"Glacier","floor":5},{"not_picked":["hubris:PowerSurge","Compile Driver","ReplayTheSpireMod:Reroute Power"],"picked":"SKIP","floor":5},{"not_picked":["Thunder Strike","Redo","Turbo"],"picked":"SKIP","floor":7},{"not_picked":["ReplaySort","Darkness"],"picked":"Panic Button","floor":8},{"not_picked":["hubris:Ukulele","Blizzard","Gash"],"picked":"SKIP","floor":8},{"not_picked":["Sweeping Beam","Panic Button"],"picked":"Recycle","floor":12},{"not_picked":["Redo","BasicCrystalCard"],"picked":"Rebound","floor":14},{"not_picked":["Coolheaded","Reprogram","Compile Driver"],"picked":"SKIP","floor":14},{"not_picked":["hubris:DoWhile","Rainbow"],"picked":"ReplayTheSpireMod:Omega Cannon","floor":16},{"not_picked":["Ball Lightning","Stack"],"picked":"Conserve Battery","floor":18},{"not_picked":["Go for the Eyes","ReplayGash","Heatsinks"],"picked":"SKIP","floor":18},{"not_picked":["Force Field","Coolheaded"],"picked":"Auto Shields","floor":19},{"not_picked":["Go for the Eyes","Recycle"],"picked":"Streamline","floor":19},{"not_picked":["Stack","Scrape"],"picked":"Auto Shields","floor":22},{"not_picked":["Conserve Battery","Redo"],"picked":"Streamline+1","floor":22},{"not_picked":["Coolheaded","ReplaySolidLightProjector"],"picked":"Conserve Battery","floor":24},{"not_picked":["Meteor Strike","Rebound"],"picked":"Chill","floor":28},{"not_picked":["ReplayTheSpireMod:Reroute Power","Stack","Leap"],"picked":"SKIP","floor":28}],"player_experience":918707,"relics_obtained":[{"floor":7,"key":"War Paint"},{"floor":9,"key":"WingedGreaves"},{"floor":10,"key":"reliquary:JackalopeAntler"},{"floor":12,"key":"Bag of Preparation"},{"floor":24,"key":"Regal Pillow"},{"floor":26,"key":"Grinning Jar"}],"event_choices":[{"damage_healed":0,"gold_gain":0,"player_choice":"Box","damage_taken":0,"relics_obtained":["Prayer Wheel"],"max_hp_gain":0,"max_hp_loss":0,"event_name":"Big Fish","floor":2,"gold_loss":0,"cards_obtained":["Regret"]},{"damage_healed":0,"gold_gain":0,"player_choice":"Rummage","damage_taken":0,"relics_obtained":["WarpedTongs"],"max_hp_gain":0,"max_hp_loss":0,"event_name":"Accursed Blacksmith","floor":4,"gold_loss":0,"cards_obtained":["Pain"]},{"damage_healed":0,"gold_gain":0,"player_choice":"Became a vampire","damage_taken":0,"max_hp_gain":0,"max_hp_loss":20,"event_name":"Vampires","floor":21,"gold_loss":0,"cards_obtained":["Bite","Bite","Bite","Bite","Bite"]}],"is_beta":false,"boss_relics":[{"not_picked":["hubris:BlackHole","Replay:Wanted Poster"],"picked":"Fusion Hammer"}],"items_purged_floors":[3,13],"is_endless":false,"potions_floor_spawned":[7,14,16,18,22,24],"killed_by":"Book of Stabbing","ascension_level":15}}