{"host":"sum4dy402bbv9y4o","time":1612903029,"event":{"mods":["Aspiration","BaseMod","Conspire","Highlight Path","Minty Spire (QoL Compilation)","StSLib"],"gold_per_floor":[114,35,50,50,50,50,78,21,47,79,79,99,160,211,211,284,284,295,13,13,23,298,298,317,165,192,208,208,208,227,239,239,314,314,333,353,353,371,391,419,419,448,448,448,448,458,471,496,496,496,496,496],"floor_reached":51,"language":"ENG","playtime":10972,"items_purged":["conspire:GhostlyStrike","Regret"],"score":1355,"play_id":"20d34665-4d9c-4818-8efb-88bce201287c","local_time":"20210209233709","is_ascension_mode":true,"campfire_choices":[{"data":"Eruption","floor":6,"key":"SMITH"},{"data":"EmptyBody","floor":11,"key":"SMITH"},{"floor":15,"key":"REST"},{"data":"LessonLearned","floor":23,"key":"SMITH"},{"floor":29,"key":"REST"},{"data":"Tantrum","floor":32,"key":"SMITH"},{"data":"LikeWater","floor":41,"key":"SMITH"},{"floor":45,"key":"REST"},{"data":"Melter","floor":49,"key":"SMITH"}],"circlet_count":0,"master_deck":["AscendersBane","conspire:GhostlyStrike+1","conspire:GhostlyDefend+1","conspire:GhostlyDefend+1","Eruption+1","Vigilance+1","LessonLearned+1","EmptyBody+1","TalkToTheHand+1","FlurryOfBlows","CutThroughFate+1","Conclude","EmptyBody+1","FlurryOfBlows+1","FlurryOfBlows+1","Tantrum+1","Brilliance","Melter+1","Ball Lightning","LikeWater+1","Beam Cell+1","Compile Driver+1","Ball Lightning+1","ClearTheMind+1","Crescendo+1","FollowUp+1","Brilliance","Halt"],"relics":["PureWater","Pantograph","Bag of Preparation","Pen Nib","Lantern","Anchor","aspiration:DefectSkillbook","ClockworkSouvenir","conspire:TopHat","Empty Cage","Orichalcum","aspiration:FetidBarrel","aspiration:ChemicalBlood","Du-Vu Doll"],"acts_visited":["Exordium","TheCity","TheBeyond"],"potions_floor_usage":[7,16,33,33,39,50,50,50,51,51],"damage_taken":[{"damage":0,"enemies":"2 Louse","floor":1,"turns":2},{"damage":8,"enemies":"Jaw Worm","floor":3,"turns":4},{"damage":18,"enemies":"Lagavulin","floor":7,"turns":6},{"damage":8,"enemies":"3 Sentries","floor":10,"turns":3},{"damage":0,"enemies":"Small Slimes","floor":12,"turns":3},{"damage":10,"enemies":"Lagavulin Event","floor":13,"turns":6},{"damage":48,"enemies":"Hexaghost","floor":16,"turns":5},{"damage":0,"enemies":"2 Thieves","floor":18,"turns":4},{"damage":0,"enemies":"Chosen","floor":21,"turns":2},{"damage":2,"enemies":"3 Cultists","floor":24,"turns":2},{"damage":0,"enemies":"Cultist and Chosen","floor":27,"turns":3},{"damage":0,"enemies":"Snecko","floor":30,"turns":3},{"damage":0,"enemies":"Chosen and Byrds","floor":31,"turns":2},{"damage":36,"enemies":"Collector","floor":33,"turns":5},{"damage":0,"enemies":"Orb Walker","floor":35,"turns":2},{"damage":0,"enemies":"3 Darklings","floor":36,"turns":5},{"damage":1,"enemies":"Writhing Mass","floor":38,"turns":4},{"damage":2,"enemies":"Jaw Worm Horde","floor":39,"turns":4},{"damage":3,"enemies":"Nemesis","floor":40,"turns":3},{"damage":7,"enemies":"Reptomancer","floor":42,"turns":7},{"damage":0,"enemies":"Maw","floor":46,"turns":3},{"damage":0,"enemies":"Spire Growth","floor":47,"turns":2},{"damage":0,"enemies":"Mind Bloom Boss Battle","floor":48,"turns":2},{"damage":44,"enemies":"Donu and Deca","floor":50,"turns":7},{"damage":54,"enemies":"Time Eater","floor":51,"turns":6}],"seed_played":"6981514284730159375","potions_obtained":[{"floor":3,"key":"PowerPotion"},{"floor":13,"key":"FearPotion"},{"floor":16,"key":"DistilledChaos"},{"floor":21,"key":"SkillPotion"},{"floor":33,"key":"Energy Potion"},{"floor":35,"key":"Dexterity Potion"},{"floor":39,"key":"FearPotion"},{"floor":50,"key":"LiquidMemories"}],"is_trial":false,"path_per_floor":["M","$","M","?","?","R","E","$","T","E","R","M","?","T","R","B",null,"M","$","?","M","?","R","M","$","T","M","?","R","M","M","R","B",null,"M","M","?","M","M","E","R","E","T","?","R","M","M","?","R","B","B"],"character_chosen":"WATCHER","items_purchased":["TalkToTheHand","EmptyBody","ClockworkSouvenir","Ball Lightning","Compile Driver"],"campfire_rested":3,"item_purchase_floors":[2,8,19,19,25],"current_hp_per_floor":[61,61,53,53,53,53,35,35,35,27,27,27,17,17,37,14,55,55,55,55,55,55,55,53,53,53,53,34,55,55,55,55,37,64,64,64,64,63,61,58,58,51,51,47,68,68,68,73,73,29,0,0],"gold":496,"neow_bonus":"TRANSFORM_CARD","is_daily":false,"chose_seed":false,"campfire_upgraded":6,"win_rate":0.0,"timestamp":1612903029,"path_taken":["M","$","M","?","?","R","E","$","T","E","R","M","?","?","R","BOSS","M","$","?","M","?","R","?","$","T","M","?","R","M","M","R","BOSS","M","M","?","?","M","E","R","E","T","?","R","M","M","?","R","BOSS","BOSS"],"items_purchased_type":["Card","Card","Relic","Card","Card"],"build_version":"2020-12-22","purchased_purges":2,"victory":false,"max_hp_per_floor":[68,68,68,68,68,68,68,68,68,68,68,68,68,68,68,68,68,68,68,68,68,68,68,68,68,68,68,73,73,73,73,73,73,73,73,73,73,73,73,73,73,73,73,73,73,73,73,73,73,73,73,73],"card_choices":[{"not_picked":["FlyingSleeves","Conclude"],"picked":"EmptyBody","floor":1},{"not_picked":["Crescendo","ClearTheMind"],"picked":"FlurryOfBlows","floor":3},{"not_picked":["Swivel","WheelKick"],"picked":"Conclude","floor":7},{"not_picked":["Blasphemy","Crescendo"],"picked":"FlurryOfBlows","floor":10},{"not_picked":["Meditate","JustLucky"],"picked":"FlurryOfBlows","floor":12},{"not_picked":["BowlingBash","Wallop"],"picked":"Tantrum","floor":13},{"not_picked":["Judgement","Ragnarok"],"picked":"Brilliance","floor":16},{"not_picked":["PathToVictory","Cold Snap","BattleHymn"],"picked":"Melter","floor":18},{"not_picked":["ReachHeaven","Adaptation","Consecrate"],"picked":"LikeWater","floor":21},{"not_picked":["EmptyBody","conspire:Rain","Consecrate"],"picked":"Beam Cell+1","floor":24},{"not_picked":["aspiration:Polymerization","InnerPeace+1","EmptyFist+1","Beam Cell"],"picked":"SKIP","floor":27},{"not_picked":["Evaluate","JustLucky+1","EmptyFist","Blizzard"],"picked":"SKIP","floor":30},{"not_picked":["Barrage","FlurryOfBlows","Redo","Hello World+1"],"picked":"SKIP","floor":31},{"not_picked":["JustLucky","Coolheaded+1","Evaluate","Turbo"],"picked":"SKIP","floor":35},{"not_picked":["ReachHeaven","BowlingBash","EmptyFist"],"picked":"Ball Lightning","floor":36},{"not_picked":["SashWhip","Meditate","Go for the Eyes"],"picked":"ClearTheMind","floor":38},{"not_picked":["Conclude","InnerPeace","BattleHymn"],"picked":"Crescendo+1","floor":39},{"not_picked":["Evaluate","Worship","DeceiveReality"],"picked":"FollowUp","floor":40},{"not_picked":["Beam Cell+1","WreathOfFlame","CrushJoints+1"],"picked":"Brilliance","floor":42},{"not_picked":["Conserve Battery+1","Rebound","Steam Power","Hologram"],"picked":"SKIP","floor":46},{"not_picked":["Cold Snap","Compile Driver","EmptyBody+1","Hologram+1"],"picked":"SKIP","floor":47},{"not_picked":["Gash","Rebound+1","Ball Lightning+1"],"picked":"Halt","floor":48}],"player_experience":3069154,"relics_obtained":[{"floor":7,"key":"Pantograph"},{"floor":9,"key":"Bag of Preparation"},{"floor":10,"key":"Pen Nib"},{"floor":13,"key":"Lantern"},{"floor":14,"key":"Anchor"},{"floor":26,"key":"conspire:TopHat"},{"floor":40,"key":"Orichalcum"},{"floor":42,"key":"aspiration:FetidBarrel"},{"floor":43,"key":"aspiration:ChemicalBlood"},{"floor":48,"key":"Du-Vu Doll"}],"event_choices":[{"damage_healed":0,"gold_gain":0,"cards_transformed":["Strike_P"],"player_choice":"Change","damage_taken":0,"max_hp_gain":0,"max_hp_loss":0,"event_name":"Living Wall","floor":4,"gold_loss":0,"cards_obtained":["CutThroughFate"]},{"damage_healed":0,"gold_gain":0,"player_choice":"Agree","damage_taken":0,"max_hp_gain":0,"max_hp_loss":0,"event_name":"conspire:LoneGhost","floor":5,"gold_loss":0},{"damage_healed":0,"gold_gain":0,"player_choice":"Searched \u00271\u0027 times","damage_taken":0,"max_hp_gain":0,"max_hp_loss":0,"event_name":"Dead Adventurer","floor":13,"gold_loss":0},{"damage_healed":0,"gold_gain":0,"player_choice":"Ignored","damage_taken":0,"max_hp_gain":0,"max_hp_loss":0,"event_name":"Vampires","floor":20,"gold_loss":0},{"damage_healed":0,"gold_gain":275,"player_choice":"Desecrate","damage_taken":0,"max_hp_gain":0,"max_hp_loss":0,"event_name":"Golden Shrine","floor":22,"gold_loss":0,"cards_obtained":["Regret"]},{"damage_healed":0,"gold_gain":0,"player_choice":"Shed Blood","damage_taken":24,"max_hp_gain":5,"max_hp_loss":0,"event_name":"Forgotten Altar","floor":28,"gold_loss":0},{"damage_healed":0,"gold_gain":0,"player_choice":"Ignored","damage_taken":0,"max_hp_gain":0,"max_hp_loss":0,"event_name":"SecretPortal","floor":37,"gold_loss":0},{"damage_healed":0,"gold_gain":0,"player_choice":"Leave","damage_taken":0,"max_hp_gain":0,"max_hp_loss":0,"event_name":"conspire:Investor","floor":44,"gold_loss":0},{"damage_healed":0,"gold_gain":0,"player_choice":"Fight","damage_taken":0,"max_hp_gain":0,"max_hp_loss":0,"event_name":"MindBloom","floor":48,"gold_loss":0}],"is_beta":false,"boss_relics":[{"not_picked":["conspire:RunicOctahedron","conspire:SeveredTorchhead"],"picked":"aspiration:DefectSkillbook"},{"not_picked":["Runic Dome","Busted Crown"],"picked":"Empty Cage"}],"items_purged_floors":[19,25],"is_endless":false,"potions_floor_spawned":[3,13,16,21,24,31,33,35,39,46,47],"killed_by":"Time Eater","ascension_level":20}}