{"host":"26n6m4vwjk8adcm5","time":1612882782,"event":{"mods":["AchievementEnabler","BaseMod","Koishi","KomeijiMod","Minty Spire (QoL Compilation)","Replay The Spire","StSLib","[IsaacMod]ÒÔÈö¼âËþ"],"gold_per_floor":[118,293,304,322,302,334,334,365,438,487,507,507,507,521,521,617,617,632,645,645,657,657,657,657,667,667,667,692,708,720,740,740,740,740],"floor_reached":33,"language":"ZHS","playtime":5339,"items_purged":["Doubt"],"score":336,"play_id":"9db8b80c-affa-4ea9-9e56-df9876b9c441","local_time":"20210209225942","is_ascension_mode":false,"campfire_choices":[{"data":"Koishi:UnconsciousUprising","floor":7.0,"key":"SMITH"},{"data":"Koishi:FreudianInstinct","floor":13.0,"key":"SMITH"},{"data":"Koishi:Provoke","floor":15.0,"key":"SMITH"},{"data":"Mayhem","floor":23,"key":"SMITH"},{"data":"Koishi:ReflexRadar","floor":27,"key":"SMITH"},{"data":"Koishi:FreudianInstinct","floor":32,"key":"SMITH"}],"circlet_count":0,"master_deck":["Koishi:BasicStrike","Koishi:BasicStrike","Koishi:BasicStrike","Koishi:BasicDefend","Koishi:BasicDefend","Koishi:Provoke+1","Koishi:HauntingSlash","BloodyBrimstone","Mayhem+1","Koishi:FleetingPhantom","Koishi:UnconsciousUprising+1","Koishi:Whimsy","Koishi:SubterraneanRose","Koishi:Prune","Koishi:FreudianInstinct+1","Amnesia","Koishi:PhantomStrike","Koishi:FadingMemory","Koishi:SpiritedAway+1","Koishi:StingingMind+1","Koishi:FadingMemory+1","Koishi:FreudianInstinct+1","Purity","Koishi:Whimsy","Koishi:PhantomBarrier","Koishi:MassHysteria","Koishi:ReflexRadar+1","Delirium","Koishi:LastRemote","Koishi:StingingMind+1","Koishi:UnconsciousUrges","Koishi:UnconsciousUprising","Koishi:GhostParty+1"],"relics":["Koishi:ImaginaryFriend","HushsDoor","BookOfRevelations","Lizard Tail","Smiling Mask","Replay:Bottled Flurry","Toy Ornithopter","Astrolabe","Enchiridion","ReplayTheSpireMod:Ring of Challenge","ReplayTheSpireMod:Ninjato"],"acts_visited":["Exordium","TheCity"],"potions_floor_usage":[19],"damage_taken":[{"damage":9.0,"enemies":"Small Slimes","floor":1.0,"turns":6.0},{"damage":0.0,"enemies":"Jaw Worm","floor":3.0,"turns":6.0},{"damage":1.0,"enemies":"2 Louse","floor":4.0,"turns":6.0},{"damage":16.0,"enemies":"Lagavulin","floor":6.0,"turns":11.0},{"damage":30.0,"enemies":"Gremlin Nob","floor":8.0,"turns":7.0},{"damage":20.0,"enemies":"Exordium Thugs","floor":11.0,"turns":8.0},{"damage":6.0,"enemies":"Blue Slaver","floor":14.0,"turns":6.0},{"damage":0.0,"enemies":"Fading Forest","floor":16.0,"turns":11.0},{"damage":8,"enemies":"2 Thieves","floor":18,"turns":6},{"damage":9,"enemies":"Shell Parasite","floor":19,"turns":11},{"damage":0,"enemies":"Snecko","floor":21,"turns":7},{"damage":0,"enemies":"3 Cultists","floor":25,"turns":5},{"damage":22,"enemies":"Snake Plant","floor":28,"turns":4},{"damage":0,"enemies":"Cultist and Chosen","floor":29,"turns":7},{"damage":13,"enemies":"Snecko","floor":30,"turns":6},{"damage":0,"enemies":"Snake Plant","floor":31,"turns":5},{"damage":28,"enemies":"Champ","floor":33,"turns":3}],"seed_played":"-4082010782312905068","potions_obtained":[{"floor":3.0,"key":"Weak Potion"},{"floor":4.0,"key":"Milkshake"},{"floor":5.0,"key":"DuplicationPotion"},{"floor":6.0,"key":"ExcitationPotion"},{"floor":18,"key":"Swift Potion"},{"floor":29,"key":"SteroidPotion"},{"floor":30,"key":"FairyPotion"}],"is_trial":false,"path_per_floor":["M","?","M","M","?","E","R","E","T","T","M","?","R","M","R","B",null,"M","M","?","M","?","R","?","M","T","R","M","M","M","M","R","B"],"character_chosen":"KOISHI","items_purchased":["Koishi:FreudianInstinct","Purity","Koishi:Whimsy"],"campfire_rested":0,"item_purchase_floors":[17,17,17],"current_hp_per_floor":[46,46,49,50,50,40,40,13,13,13,5,45,45,41,41,41,29,25,20,20,21,5,5,5,5,5,5,6,18,5,5,5,0,0],"gold":740,"neow_bonus":"RANDOM_COLORLESS_2","is_daily":false,"chose_seed":false,"campfire_upgraded":6,"win_rate":0.0,"timestamp":1612882782,"path_taken":["M","?","M","M","?","E","R","E","T","?","M","?","R","M","R","BOSS","M","M","?","M","?","R","?","M","T","R","M","?","M","M","R","BOSS"],"items_purchased_type":["Card","Card","Card"],"build_version":"2020-12-22","purchased_purges":1,"victory":false,"max_hp_per_floor":[54,54,51,51,51,48,48,45,45,45,45,45,45,45,45,42,29,29,29,29,29,29,29,29,29,29,29,29,29,29,29,29,29,29],"card_choices":[{"not_picked":[],"picked":"BloodyBrimstone","floor":0.0},{"not_picked":["ChaosCard","Midas Touch"],"picked":"Mayhem","floor":0.0},{"not_picked":["Koishi:PhantomStrike","Koishi:LastRemote"],"picked":"Koishi:FleetingPhantom","floor":1.0},{"not_picked":["Koishi:BloodcurdlingScream","Koishi:Jaunt"],"picked":"Koishi:UnconsciousUprising","floor":3.0},{"not_picked":["Koishi:GeneticsOfTheUnconscious","Koishi:TremblingHands"],"picked":"Koishi:Whimsy","floor":4.0},{"not_picked":["Koishi:Prune","Koishi:DreadfulBlow"],"picked":"Koishi:SubterraneanRose","floor":6.0},{"not_picked":["Koishi:DanmakuParanoia","Koishi:StrangeCloudFist"],"picked":"Koishi:Prune","floor":8.0},{"not_picked":["Koishi:Jaunt","Koishi:HeartStoppingHorror"],"picked":"Koishi:FreudianInstinct","floor":11.0},{"not_picked":["Koishi:CatchAndRose","Koishi:Possession"],"picked":"Koishi:PhantomStrike","floor":14.0},{"not_picked":["Koishi:PerfectMindControl","Koishi:MindStellarRelief"],"picked":"Koishi:FadingMemory","floor":16.0},{"not_picked":["Koishi:PhantomStrike","Koishi:JumpScare"],"picked":"Koishi:PhantomBarrier","floor":18},{"not_picked":["Koishi:RorschachInDanmaku+1","Koishi:UnconsciousUprising"],"picked":"Koishi:MassHysteria","floor":19},{"not_picked":["Koishi:Whimsy","Koishi:PhantomBarrier"],"picked":"Koishi:ReflexRadar","floor":21},{"not_picked":["Koishi:DNAsFlaw","Koishi:MindNumbingTerror"],"picked":"Koishi:LastRemote","floor":25},{"not_picked":["Koishi:EmbryosDream+1","Koishi:PhantomBarrier"],"picked":"Koishi:StingingMind+1","floor":28},{"not_picked":["Koishi:HeartfeltFancy+1","Koishi:RorschachInDanmaku+1"],"picked":"Koishi:UnconsciousUrges","floor":29},{"not_picked":["Koishi:Untouchable","Koishi:DreadfulBlow+1"],"picked":"Koishi:UnconsciousUprising","floor":30},{"not_picked":["Koishi:FourthEye+1","Koishi:GeneticsOfTheUnconscious+1"],"picked":"Koishi:GhostParty+1","floor":31}],"player_experience":125135,"relics_obtained":[{"floor":6.0,"key":"Lizard Tail"},{"floor":8.0,"key":"Smiling Mask"},{"floor":9.0,"key":"Replay:Bottled Flurry"},{"floor":10.0,"key":"Toy Ornithopter"},{"floor":22,"key":"Enchiridion"},{"floor":24,"key":"ReplayTheSpireMod:Ring of Challenge"},{"floor":26,"key":"ReplayTheSpireMod:Ninjato"}],"event_choices":[{"damage_healed":0.0,"max_hp_gain":0.0,"max_hp_loss":0.0,"gold_gain":175.0,"event_name":"Liars Game","player_choice":"AGREE","floor":2.0,"gold_loss":0.0,"damage_taken":0.0,"cards_obtained":["Doubt"]},{"damage_healed":0.0,"max_hp_gain":0.0,"max_hp_loss":0.0,"gold_gain":0.0,"event_name":"The Woman in Blue","player_choice":"Bought 1 Potion","floor":5.0,"gold_loss":0.0,"damage_taken":0.0},{"damage_healed":0,"gold_gain":0,"player_choice":"Ignored","damage_taken":0,"max_hp_gain":0,"max_hp_loss":0,"event_name":"Ghosts","floor":20,"gold_loss":0},{"damage_healed":0,"gold_gain":0,"player_choice":"Obtained Book","damage_taken":16,"max_hp_gain":0,"max_hp_loss":0,"event_name":"Cursed Tome","floor":22,"gold_loss":0}],"is_beta":false,"boss_relics":[{"not_picked":["Ring of Chaos","Kintsugi"],"picked":"Astrolabe"},{"not_picked":[]}],"items_purged_floors":[17],"is_endless":false,"potions_floor_spawned":[3,4,6,18,29,30],"killed_by":"Champ","ascension_level":0}}