{"host":"746m694if73h3gai","time":1612867187,"event":{"mods":["2.2 Compatiblity","AchievementEnabler","Act Like it!","BaseMod","Colored Map","Colored Powertips","Minty Spire (QoL Compilation)","Quick Restart","Rare Cards Sparkle","Relic Stats","StSLib","everything is the same but u backflip on backflip","slay the spire mod where everything is the same but ironclad has a cowboy hat"],"gold_per_floor":[110,110,110,123,22,61,82,115,115,133,133,147,147,147,147,273,273,293,99,120,120,120,154,154,154,154],"floor_reached":25,"language":"ENG","playtime":1529,"items_purged":["Injury"],"score":293,"play_id":"8fd2bf43-7104-408f-a5f3-46e8d0754e87","local_time":"20210209113947","is_ascension_mode":true,"campfire_choices":[{"data":"WindmillStrike","floor":11,"key":"SMITH"},{"data":"Crescendo","floor":15,"key":"SMITH"},{"data":"Devotion","floor":24,"key":"SMITH"}],"circlet_count":0,"master_deck":["Strike_P","Strike_P","Defend_P+1","Defend_P","Defend_P","Defend_P+1","Eruption","Vigilance","Crescendo+1","Meditate","BowlingBash","WheelKick","WindmillStrike+1","Devotion+1","ThirdEye","Blasphemy","ClearTheMind","Swivel","ThirdEye"],"relics":["PureWater","NeowsBlessing","Incense Burner","Golden Idol","Letter Opener","Potion Belt","Meat on the Bone","Empty Cage","Damaru","MutagenicStrength","Bag of Preparation"],"acts_visited":["Exordium","TheCity"],"potions_floor_usage":[8,8,8],"damage_taken":[{"damage":0.0,"enemies":"2 Louse","floor":1.0,"turns":1.0},{"damage":0.0,"enemies":"Jaw Worm","floor":4.0,"turns":1.0},{"damage":0.0,"enemies":"3 Sentries","floor":6.0,"turns":1.0},{"damage":0.0,"enemies":"Small Slimes","floor":7.0,"turns":3.0},{"damage":21,"enemies":"Lagavulin","floor":8,"turns":5},{"damage":2,"enemies":"2 Fungi Beasts","floor":10,"turns":3},{"damage":9,"enemies":"Blue Slaver","floor":12,"turns":3},{"damage":10,"enemies":"Hexaghost","floor":16,"turns":8},{"damage":30,"enemies":"Spheric Guardian","floor":18,"turns":6},{"damage":9,"enemies":"Shell Parasite","floor":20,"turns":5},{"damage":29,"enemies":"Book of Stabbing","floor":23,"turns":7},{"damage":42,"enemies":"Slavers","floor":25,"turns":3}],"seed_played":"7064621317921551507","potions_obtained":[{"floor":4.0,"key":"StancePotion"},{"floor":6.0,"key":"SpeedPotion"},{"floor":7.0,"key":"StancePotion"},{"floor":18,"key":"SteroidPotion"},{"floor":20,"key":"CultistPotion"},{"floor":22,"key":"SteroidPotion"},{"floor":22,"key":"Ancient Potion"},{"floor":22,"key":"LiquidBronze"}],"is_trial":false,"path_per_floor":["M","?","?","M","$","E","M","E","T","M","R","M","?","?","R","B",null,"M","$","M","?","?","E","R","E"],"character_chosen":"WATCHER","items_purchased":["BowlingBash","Damaru","ClearTheMind"],"campfire_rested":0,"item_purchase_floors":[5,19,19],"current_hp_per_floor":[72,54,54,54,54,54,54,33,33,43,43,46,32,37,37,39,77,47,47,50,50,50,33,33,0,0],"gold":154,"neow_bonus":"THREE_ENEMY_KILL","is_daily":false,"chose_seed":false,"campfire_upgraded":3,"win_rate":0.0,"timestamp":1612867187,"path_taken":["M","?","?","M","$","E","M","E","T","?","R","M","?","?","R","BOSS","M","$","M","?","?","E","R","E"],"items_purchased_type":["Card","Relic","Card"],"build_version":"2020-12-22","purchased_purges":1,"victory":false,"max_hp_per_floor":[72,72,72,72,72,72,72,72,72,72,72,72,72,77,77,77,77,77,77,77,77,77,77,77,77,77],"relic_stats":{"counters":[12,46],"Golden Idol":69,"Bag of Preparation":[2],"Letter Opener":[55],"obtain_stats":[{"Potion Belt":8,"NeowsBlessing":0,"Golden Idol":3,"MutagenicStrength":21,"Damaru":19,"Incense Burner":2,"Bag of Preparation":23,"Letter Opener":6,"PureWater":0,"Empty Cage":17,"Meat on the Bone":9},{"Potion Belt":5,"NeowsBlessing":0,"Golden Idol":1,"MutagenicStrength":10,"Damaru":9,"Incense Burner":1,"Bag of Preparation":11,"Letter Opener":3,"PureWater":0,"Empty Cage":8,"Meat on the Bone":5},{"Potion Belt":11,"NeowsBlessing":0,"Golden Idol":1,"MutagenicStrength":36,"Damaru":31,"Incense Burner":1,"Bag of Preparation":43,"Letter Opener":3,"PureWater":0,"Empty Cage":25,"Meat on the Bone":11}],"Meat on the Bone":60},"card_choices":[{"not_picked":["Protect","EmptyBody"],"picked":"Crescendo","floor":1.0},{"not_picked":["Vengeance","CutThroughFate"],"picked":"Meditate","floor":4.0},{"not_picked":["FlyingSleeves","Swivel","EmptyBody"],"picked":"SKIP","floor":6.0},{"not_picked":["Halt","FlyingSleeves"],"picked":"WheelKick","floor":7.0},{"not_picked":["Evaluate","Collect"],"picked":"WindmillStrike","floor":8},{"not_picked":["CrushJoints","Protect"],"picked":"Devotion","floor":10},{"not_picked":["DeceiveReality","FollowUp"],"picked":"ThirdEye","floor":12},{"not_picked":["Judgement","Alpha"],"picked":"Blasphemy","floor":16},{"not_picked":["Protect","Halt","CrushJoints+1"],"picked":"SKIP","floor":18},{"not_picked":["Prostrate","Fasting2+1"],"picked":"Swivel","floor":20},{"not_picked":["EmptyFist+1","Fasting2"],"picked":"ThirdEye","floor":23}],"player_experience":92332,"relics_obtained":[{"floor":6.0,"key":"Letter Opener"},{"floor":8,"key":"Potion Belt"},{"floor":9,"key":"Meat on the Bone"},{"floor":23,"key":"Bag of Preparation"}],"event_choices":[{"damage_healed":0.0,"max_hp_gain":0.0,"max_hp_loss":0.0,"gold_gain":0.0,"event_name":"Scrap Ooze","player_choice":"Success","floor":2.0,"gold_loss":0.0,"damage_taken":18.0,"relics_obtained":["Incense Burner"]},{"damage_healed":0.0,"max_hp_gain":0.0,"max_hp_loss":0.0,"gold_gain":0.0,"event_name":"Golden Idol","player_choice":"Take Wound","floor":3.0,"gold_loss":0.0,"damage_taken":0.0,"relics_obtained":["Golden Idol"],"cards_obtained":["Injury"]},{"damage_healed":0,"gold_gain":0,"player_choice":"Entered Light","damage_taken":14,"max_hp_gain":0,"max_hp_loss":0,"event_name":"Shining Light","floor":13,"gold_loss":0,"cards_upgraded":["Defend_P","Defend_P"]},{"damage_healed":0,"gold_gain":0,"player_choice":"Donut","damage_taken":0,"max_hp_gain":5,"max_hp_loss":0,"event_name":"Big Fish","floor":14,"gold_loss":0},{"damage_healed":0,"gold_gain":0,"player_choice":"Inject Mutagens","damage_taken":0,"relics_obtained":["MutagenicStrength"],"max_hp_gain":0,"max_hp_loss":0,"event_name":"Drug Dealer","floor":21,"gold_loss":0},{"damage_healed":0,"gold_gain":0,"player_choice":"Got Potions","damage_taken":0,"max_hp_gain":0,"max_hp_loss":0,"event_name":"Lab","floor":22,"gold_loss":0}],"is_beta":false,"boss_relics":[{"not_picked":["Runic Dome","Astrolabe"],"picked":"Empty Cage"}],"items_purged_floors":[5],"is_endless":false,"potions_floor_spawned":[4,6,7,18,20,23],"killed_by":"Slavers","ascension_level":1}}