{"host":"snn1c4qsf0fj7fzf","time":1612862345,"event":{"mods":["AchievementEnabler","Act Like it!","Aspiration","Astrologer","BaseMod","Colored Powertips","Downfall","Gensokyo","Hermit","Infinite Spire","Lobotomy","Minty Spire (QoL Compilation)","Random Character Button","Rare Cards Sparkle","Reimu??????","Reliquary","Replay The Spire","Shop Mod","Spire Arcade","StSLib","The Administrix","The Cursed","The Gatherer","The Hierophant","The Poker Player","The Runesmith","The Senshi","Wandering Minibosses"],"gold_per_floor":[109,34,44,54,54,89,89,152,177,177,202,252,280,330,330,431,431,442,520,570,620,620,620,653,703,730,730,764,331,381,68,68,174,174,197,226,498,546,215,254,281,281,281,332,382,475,525,222,222,222,249,276,326,419,463,527,527,577,632,379,429,429,484,535,535,993,993,1073,1174,774,867,1047,1144,1144,1264,1264,1408,349,399,449,503,503,691,691,772,822,917,1012,1012,1012,1098,1259,1286,1440,1575,1704,1704,711,711,776,1221,1221,322,391,511],"floor_reached":106,"language":"ENG","playtime":24908,"items_purged":["astrologer:Strike","astrologer:Retelling","astrologer:Defend","astrologer:Defend","astrologer:Strike","astrologer:Defend","astrologer:Stardust","astrologer:Strike+1"],"score":2181,"play_id":"2e07d700-a713-479e-aa93-ece21d498f02","local_time":"20210209171905","is_ascension_mode":false,"campfire_choices":[{"data":"astrologer:Starfield","floor":7.0,"key":"SMITH"},{"data":"astrologer:Strike","floor":10.0,"key":"SMITH"},{"floor":15.0,"key":"REST"},{"data":"astrologer:Strike","floor":23.0,"key":"SMITH"},{"floor":27.0,"key":"REST"},{"floor":32.0,"key":"REST"},{"data":"astrologer:Death","floor":42.0,"key":"SMITH"},{"data":"Electrodynamics","floor":49.0,"key":"SMITH"},{"data":"astrologer:Alignment","floor":57.0,"key":"SMITH"},{"data":"astrologer:Prismatic","floor":62.0,"key":"SMITH"},{"data":"Electrodynamics","floor":65.0,"key":"SMITH"},{"data":"astrologer:TheChariot","floor":74.0,"key":"SMITH"},{"data":"Storm","floor":74.0,"key":"SMITH"},{"data":"infinitespire:Collect","floor":82.0,"key":"SMITH"},{"data":"Steam Power","floor":82.0,"key":"SMITH"},{"floor":90.0,"key":"RECALL"},{"data":"Electrodynamics","floor":97.0,"key":"SMITH"},{"data":"Echo Form","floor":97.0,"key":"SMITH"},{"data":"Defragment","floor":99.0,"key":"SMITH"},{"data":"Thunder Strike","floor":99.0,"key":"SMITH"},{"data":"astrologer:SpaceDust","floor":102,"key":"SMITH"},{"data":"astrologer:SpaceDust","floor":102,"key":"SMITH"}],"circlet_count":0,"master_deck":["astrologer:Strike+1","astrologer:Defend+1","astrologer:NorthStar+1","astrologer:TheFool+1","astrologer:StarOfMisfortune+1","astrologer:Fireball+1","astrologer:Starfield+1","astrologer:Alignment+1","astrologer:ReadTheStars+1","astrologer:Wish+1","astrologer:CometStrike+1","infinitespire:Collect+1","astrologer:SpaceDust+1","astrologer:SpaceDust+1","astrologer:TheLovers+1","astrologer:Death+1","Defragment+1","astrologer:StarOfChange+1","astrologer:CometStrike+1","Steam Power+1","astrologer:StarOfChange+1","Electrodynamics+1","Storm+1","astrologer:Prismatic+1","Clumsy","Electrodynamics+1","astrologer:TheChariot+1","astrologer:Still","Shame","Thunder Strike+1","Defragment+1","Electrodynamics+1","CurseOfTheBell","astrologer:Opposition+1","Echo Form+1","Gensokyo:Shovel","Gensokyo:BlemishedSteel","Storm","Mayhem"],"relics":["astrologer:SkyMirror","reliquary:Stiletto","SsserpentHead","Dream Catcher","infinitespire:Lucky Rock","Bronze Scales","Bottled Lightning","Snack Pack","aspiration:PoetsPen_weak","Red Mask","ReplayTheSpireMod:Ring of Exchange","bronze:MakeshiftBattery","CrazyTorch:ReiMu","theSenshi:FeatherClipsRelic","Toy Ornithopter","White Beast Statue","Membership Card","MerchantsRug","Sundial","Pondfish Scales","ReplayTheSpireMod:Lightbulb","Iron Hammer","Chemical X","infinitespire:EvilPickle","aspiration:DefectSkillbook","InkBottle","aspiration:FrozenJewel","Divine Protection","aspiration:HummingbirdHeart","Pet Ghost","Runesmith:Nanobots","Du-Vu Doll","Blue Doll","reliquary:ExpiredCoupon","Runesmith:AutoHammer","Sling","Gensokyo:NagashiBinaDoll","Replay:Wax Seal","aspiration:Lifesprig","Replay:Bronze Core","Replay:Bandana","infinitespire:Golems Mask","Replay:Towering Pillar of Hats","aspiration:AnachronicSnailShell","Replay:Arrowhead","reliquary:HotPoker","Gambling Chip","astrologer:Telescope","Guide Book","DollysMirror","HandDrill","Runesmith:UraniumAnvil","Cauldron","Centennial Puzzle","ClockworkSouvenir","Bag of Preparation","Calling Bell","Blood Vial","Kunai","Bird Faced Urn","infinitespire:CursedDice","reliquary:OuijaBoard","reliquary:Knoch","Bottled Tornado","aspiration:Stellarator","TentaclePot:ReiMu","Medical Kit","Orrery","War Paint","reliquary:PorcupineQuills","reliquary:WritOfMandamus","RuthlessExorcism:ReiMu"],"acts_visited":["Exordium","TheCity","TheBeyond","Gensokyo:Gensokyo","Gensokyo:Gensokyoer","Gensokyo:Gensokyoest","TheEnding"],"potions_floor_usage":[],"damage_taken":[{"damage":9.0,"enemies":"Cultist","floor":1.0,"turns":4.0},{"damage":0.0,"enemies":"2 Louse","floor":3.0,"turns":3.0},{"damage":1.0,"enemies":"Jaw Worm","floor":4.0,"turns":2.0},{"damage":17.0,"enemies":"3 Sentries","floor":6.0,"turns":8.0},{"damage":3.0,"enemies":"Looter","floor":8.0,"turns":2.0},{"damage":27.0,"enemies":"Gremlin Nob","floor":11.0,"turns":4.0},{"damage":1.0,"enemies":"Replay:BlueRogue","floor":13.0,"turns":5.0},{"damage":11.0,"enemies":"The Guardian","floor":16.0,"turns":10.0},{"damage":15.0,"enemies":"2 Thieves","floor":18.0,"turns":3.0},{"damage":0.0,"enemies":"Masked Bandits","floor":19.0,"turns":2.0},{"damage":25.0,"enemies":"Gremlin Leader","floor":24.0,"turns":5.0},{"damage":48.0,"enemies":"Slavers","floor":28.0,"turns":7.0},{"damage":21.0,"enemies":"Pondfish","floor":33.0,"turns":12.0},{"damage":2.0,"enemies":"3 Shapes","floor":35.0,"turns":1.0},{"damage":0.0,"enemies":"3 Darklings","floor":36.0,"turns":3.0},{"damage":0.0,"enemies":"Maw","floor":38.0,"turns":4.0},{"damage":0.0,"enemies":"Nemesis","floor":40.0,"turns":3.0},{"damage":0.0,"enemies":"Jaw Worm Horde","floor":41.0,"turns":1.0},{"damage":0.0,"enemies":"R_Hoarder","floor":44.0,"turns":4.0},{"damage":0.0,"enemies":"Transient","floor":46.0,"turns":4.0},{"damage":0.0,"enemies":"Donu and Deca","floor":50.0,"turns":6.0},{"damage":0.0,"enemies":"Gensokyo:2_Kodama","floor":51.0,"turns":1.0},{"damage":0.0,"enemies":"Gensokyo:3_Fairies","floor":52.0,"turns":2.0},{"damage":0.0,"enemies":"Gensokyo:Python","floor":54.0,"turns":1.0},{"damage":0.0,"enemies":"Gensokyo:VengefulSpirit","floor":55.0,"turns":1.0},{"damage":0.0,"enemies":"Gensokyo:Mamizou","floor":56.0,"turns":3.0},{"damage":0.0,"enemies":"Gensokyo:Kitsune","floor":58.0,"turns":1.0},{"damage":0.0,"enemies":"Gensokyo:Cirno","floor":63.0,"turns":5.0},{"damage":0.0,"enemies":"Gensokyo:Python_and_Kodama","floor":64.0,"turns":2.0},{"damage":0.0,"enemies":"Gensokyo:Reimu","floor":66.0,"turns":4.0},{"damage":0.0,"enemies":"Gensokyo:Chomper","floor":68.0,"turns":2.0},{"damage":0.0,"enemies":"Gensokyo:CosmicMonolith","floor":69.0,"turns":1.0},{"damage":0.0,"enemies":"Gensokyo:Wraith","floor":71.0,"turns":3.0},{"damage":0.0,"enemies":"Gensokyo:Wraith","floor":72.0,"turns":3.0},{"damage":0.0,"enemies":"Gensokyo:Slime_Group","floor":73.0,"turns":2.0},{"damage":0.0,"enemies":"Gensokyo:Tenshi","floor":75.0,"turns":3.0},{"damage":0.0,"enemies":"Gensokyo:Koishi","floor":77.0,"turns":2.0},{"damage":0.0,"enemies":"Gensokyo:Mirror_and_Dog","floor":81.0,"turns":2.0},{"damage":0.0,"enemies":"Gensokyo:Eternal_Rivals","floor":83.0,"turns":3.0},{"damage":0.0,"enemies":"Gensokyo:AncientGuardian","floor":85.0,"turns":2.0},{"damage":0.0,"enemies":"Gensokyo:3_Boulders","floor":87.0,"turns":2.0},{"damage":0.0,"enemies":"Gensokyo:Sharpion","floor":88.0,"turns":3.0},{"damage":0.0,"enemies":"Gensokyo:Dusk_and_Dawn","floor":91.0,"turns":2.0},{"damage":0.0,"enemies":"Gensokyo:SeedOfUnknown","floor":92.0,"turns":2.0},{"damage":0.0,"enemies":"Gensokyo:Kasen","floor":94.0,"turns":3.0},{"damage":0.0,"enemies":"Gensokyo:Rafflesia","floor":95.0,"turns":3.0},{"damage":0.0,"enemies":"Gensokyo:3_Boulders","floor":96.0,"turns":2.0},{"damage":0.0,"enemies":"Gensokyo:Yuyuko","floor":100.0,"turns":3.0},{"damage":0.0,"enemies":"Malkuth","floor":101.0,"turns":3.0},{"damage":0.0,"enemies":"Netzach","floor":101.0,"turns":6.0},{"damage":0,"enemies":"Shield and Spear","floor":104,"turns":2},{"damage":0,"enemies":"The Heart","floor":105,"turns":4}],"seed_played":"524674246035079248","potions_obtained":[{"floor":1.0,"key":"EntropicBrew"},{"floor":4.0,"key":"ZuzhouPotion:ReiMu"},{"floor":13.0,"key":"PowerPotion"},{"floor":18.0,"key":"SteroidPotion"},{"floor":24.0,"key":"GrandPatriotsElixir:ReiMu"},{"floor":38.0,"key":"AttackPotion"},{"floor":40.0,"key":"DistilledChaos"},{"floor":41.0,"key":"SteroidPotion"},{"floor":46.0,"key":"Regen Potion"},{"floor":51.0,"key":"Energy Potion"},{"floor":54.0,"key":"PowerPotion"},{"floor":72.0,"key":"Energy Potion"},{"floor":75.0,"key":"Block Potion"},{"floor":83.0,"key":"Strength Potion"},{"floor":85.0,"key":"DistilledChaos"},{"floor":87.0,"key":"Block Potion"},{"floor":88.0,"key":"GrandPatriotsElixir:ReiMu"},{"floor":91.0,"key":"AttackPotion"},{"floor":104,"key":"GrandPatriotsElixir:ReiMu"}],"is_trial":false,"path_per_floor":["M","$","M","M","?","E","R","M","T","R","E","T","E","?","R","B",null,"M","?","?","?","AVR","R","E","T","T","R","E","$","?","$","R","B",null,"M","M","?","M","$","E","M","R","T","E","?","M","?","$","R","B","M","M","?","M","M","E","R","M","T","COS","?","R","E","M","R","B",null,"M","M","$","M","?","M","R","E","T","E","COS","?","?","M","R","B",null,"M","?","M","M","AVR","R","M","M","T","E","M","M","R","COS","R","B",null,null,"R","$","E","B",null],"character_chosen":"ASTROLOGER","items_purchased":["Membership Card","MerchantsRug","Sundial","Pondfish Scales","ReplayTheSpireMod:Lightbulb","Iron Hammer","Chemical X","InkBottle","aspiration:FrozenJewel","Runesmith:Nanobots","Du-Vu Doll","infinitespire:Golems Mask","Replay:Towering Pillar of Hats","War Paint","reliquary:PorcupineQuills","reliquary:WritOfMandamus","Storm","Mayhem"],"campfire_rested":3,"item_purchase_floors":[29,29,29,29,31,31,31,39,39,48,48,70,70,103,103,103,103,103],"current_hp_per_floor":[61,61,61,60,60,43,43,40,40,40,13,13,12,5,26,17,70,55,59,59,59,59,59,36,36,36,57,17,17,17,17,38,31,70,70,70,70,70,70,70,70,70,70,70,70,70,70,70,70,70,70,70,70,70,70,70,70,70,70,70,70,70,70,70,70,70,70,70,70,70,70,70,70,70,70,70,70,70,70,70,70,70,70,70,70,70,70,70,70,70,70,70,70,70,70,70,70,70,70,70,70,70,70,70,70],"gold":511,"neow_bonus":"RANDOM_COMMON_RELIC","is_daily":false,"chose_seed":false,"campfire_upgraded":18,"win_rate":0.0,"timestamp":1612862345,"path_taken":["M","$","?","M","?","E","R","?","T","R","E","?","E","?","R","BOSS","M","?","?","?","AVR","R","E","?","T","R","E","$","?","?","R","BOSS","M","M","?","M","$","E","M","R","T","E","?","?","?","?","R","BOSS","M","M","?","?","M","E","R","M","T","COS","?","R","E","M","R","BOSS","M","M","$","M","?","M","R","E","T","E","COS","?","?","M","R","BOSS","M","?","M","M","AVR","R","M","?","T","E","M","M","R","COS","R","BOSS","R","$","E","BOSS"],"items_purchased_type":["Relic","Relic","Relic","Relic","Relic","Relic","Relic","Relic","Relic","Relic","Relic","Relic","Relic","Relic","Relic","Relic","Card","Card"],"build_version":"2020-12-22","purchased_purges":8,"victory":true,"max_hp_per_floor":[70,70,70,70,70,70,70,70,70,70,70,70,70,70,70,70,70,70,70,70,70,70,70,70,70,70,70,70,70,70,70,70,70,70,70,70,70,70,70,70,70,70,70,70,70,70,70,70,70,70,70,70,70,70,70,70,70,70,70,70,70,70,70,70,70,70,70,70,70,70,70,70,70,70,70,70,70,70,70,70,70,70,70,70,70,70,70,70,70,70,70,70,70,70,70,70,70,70,70,70,70,70,70,70,70],"card_choices":[{"not_picked":["astrologer:LonelyStar","astrologer:Moonlight"],"picked":"astrologer:StarOfMisfortune","floor":1.0},{"not_picked":["astrologer:SpaceDust","astrologer:Eclipse"],"picked":"astrologer:Fireball","floor":3.0},{"not_picked":["astrologer:GlassStar","astrologer:Eclipse"],"picked":"astrologer:Retelling","floor":4.0},{"not_picked":["astrologer:Alignment","astrologer:SpaceDust"],"picked":"astrologer:Starfield","floor":6.0},{"not_picked":["astrologer:Opposition","astrologer:StarOfRegret","astrologer:Still"],"picked":"SKIP","floor":8.0},{"not_picked":["astrologer:MeteorShower","astrologer:TheChariot"],"picked":"astrologer:Alignment","floor":11.0},{"not_picked":["astrologer:Conjunction","astrologer:Radiance"],"picked":"astrologer:ReadTheStars","floor":13.0},{"not_picked":["astrologer:RejectReality","astrologer:Death"],"picked":"astrologer:Wish","floor":16.0},{"not_picked":["astrologer:Radiance","astrologer:Shine+1"],"picked":"astrologer:CometStrike+1","floor":18.0},{"not_picked":["astrologer:TheHierophant","astrologer:Conjunction"],"picked":"astrologer:SpaceDust","floor":24.0},{"not_picked":["astrologer:CrystalBall","astrologer:Opposition"],"picked":"astrologer:SpaceDust","floor":27.0},{"not_picked":["astrologer:Retelling","astrologer:Cataclysm"],"picked":"astrologer:TheLovers+1","floor":28.0},{"not_picked":["astrologer:Opposition","astrologer:FrozenStar"],"picked":"astrologer:Stardust","floor":32.0},{"not_picked":["astrologer:TheChariot","astrologer:RejectReality"],"picked":"astrologer:Death","floor":33.0},{"not_picked":["Beam Cell","astrologer:CometStrike+1","astrologer:Premeditation+1"],"picked":"Defragment+1","floor":35.0},{"not_picked":["Glacier+1","Scrape","Lockon+1"],"picked":"astrologer:StarOfChange+1","floor":36.0},{"not_picked":["Doom and Gloom","Hologram+1","Leap"],"picked":"astrologer:CometStrike+1","floor":38.0},{"not_picked":["astrologer:MeteorShower+1","astrologer:FrozenStar+1","Panic Button+1"],"picked":"Steam Power","floor":40.0},{"not_picked":["astrologer:Moonlight","astrologer:Glimpse","Streamline+1"],"picked":"astrologer:StarOfChange+1","floor":41.0},{"not_picked":["astrologer:Prestidigitation","Beam Cell","Double Energy+1"],"picked":"Electrodynamics","floor":44.0},{"not_picked":["astrologer:StarOfMisfortune","astrologer:Conjunction+1","astrologer:TheDevil","Ball Lightning+1"],"picked":"SKIP","floor":46.0},{"not_picked":["astrologer:SpaceDust","Chill","Cold Snap","BasicCrystalCard"],"picked":"SKIP","floor":51.0},{"not_picked":["Streamline","Doom and Gloom","astrologer:SpaceDust"],"picked":"Storm","floor":52.0},{"not_picked":["Rebound","Recycle","astrologer:Radiance","astrologer:TheHighPriestess"],"picked":"SKIP","floor":54.0},{"not_picked":["Panic Button","Rebound","astrologer:Quincunx","astrologer:Stardust"],"picked":"SKIP","floor":55.0},{"not_picked":["astrologer:Radiance","Conserve Battery","astrologer:MeteorShower"],"picked":"astrologer:Prismatic","floor":56.0},{"not_picked":["astrologer:Observe","Beam Cell","astrologer:FrozenStar","Recycle"],"picked":"SKIP","floor":58.0},{"not_picked":["Hologram","astrologer:MeteorShower","astrologer:Glimpse","astrologer:SpaceDust"],"picked":"SKIP","floor":63.0},{"not_picked":["Beam Cell","astrologer:Quincunx","Fusion"],"picked":"Electrodynamics","floor":64.0},{"not_picked":["astrologer:Radiance","astrologer:TheHierophant","Blizzard","Steam"],"picked":"SKIP","floor":68.0},{"not_picked":["astrologer:Still","Gash+1","Genetic Algorithm","Chaos+1"],"picked":"SKIP","floor":69.0},{"not_picked":["astrologer:CrystalBall","astrologer:Still","astrologer:Justice","Blizzard"],"picked":"SKIP","floor":71.0},{"not_picked":["Turbo","astrologer:Radiance","Coolheaded"],"picked":"astrologer:TheChariot","floor":72.0},{"not_picked":["BasicCrystalCard+1","astrologer:ReadTheStars","Melter","Cold Snap"],"picked":"SKIP","floor":73.0},{"not_picked":["astrologer:Premonition","Double Energy","astrologer:GlassStar"],"picked":"astrologer:Still","floor":75.0},{"not_picked":["Barrage","astrologer:Strength","Turbo","astrologer:CometStrike"],"picked":"SKIP","floor":77.0},{"not_picked":["Sweeping Beam+1","astrologer:Justice","Leap","astrologer:Radiance"],"picked":"SKIP","floor":81.0},{"not_picked":["astrologer:TheChariot","astrologer:HeatDeath","astrologer:TheSun"],"picked":"Thunder Strike","floor":83.0},{"not_picked":["Streamline","astrologer:Conjunction+1","Steam","Ball Lightning"],"picked":"SKIP","floor":85.0},{"not_picked":["astrologer:ShootingStar+1","astrologer:CometStrike","astrologer:ShiningStar"],"picked":"Defragment","floor":87.0},{"not_picked":["astrologer:Opposition+1","Darkness","ReplayTheSpireMod:System Scan"],"picked":"Electrodynamics","floor":88.0},{"not_picked":["Doom and Gloom+1","astrologer:TheTower+1","Steam+1","Force Field+1"],"picked":"SKIP","floor":91.0},{"not_picked":["astrologer:TheTower","astrologer:StarOfCourage","Chill"],"picked":"astrologer:Opposition+1","floor":92.0},{"not_picked":["Turbo+1","Hologram","Reinforced Body","Rebound+1"],"picked":"SKIP","floor":94.0},{"not_picked":["astrologer:Radiance","Hologram+1","FTL+1","Beam Cell+1"],"picked":"SKIP","floor":95.0},{"not_picked":["ReplayTheSpireMod:Calculation Training+1","astrologer:Moonlight+1","Coolheaded"],"picked":"Echo Form","floor":96.0},{"not_picked":["Stack","astrologer:Eclipse+1","Doom and Gloom+1","Streamline+1"],"picked":"SKIP","floor":104}],"player_experience":359525,"relics_obtained":[{"floor":6.0,"key":"Dream Catcher"},{"floor":9.0,"key":"infinitespire:Lucky Rock"},{"floor":11.0,"key":"Bronze Scales"},{"floor":12.0,"key":"Bottled Lightning"},{"floor":13.0,"key":"Snack Pack"},{"floor":19.0,"key":"Red Mask"},{"floor":21.0,"key":"ReplayTheSpireMod:Ring of Exchange"},{"floor":24.0,"key":"CrazyTorch:ReiMu"},{"floor":25.0,"key":"theSenshi:FeatherClipsRelic"},{"floor":26.0,"key":"Toy Ornithopter"},{"floor":28.0,"key":"White Beast Statue"},{"floor":40.0,"key":"Divine Protection"},{"floor":43.0,"key":"aspiration:HummingbirdHeart"},{"floor":44.0,"key":"Pet Ghost"},{"floor":56.0,"key":"reliquary:ExpiredCoupon"},{"floor":59.0,"key":"Runesmith:AutoHammer"},{"floor":63.0,"key":"Replay:Wax Seal"},{"floor":72.0,"key":"aspiration:AnachronicSnailShell"},{"floor":72.0,"key":"Replay:Arrowhead"},{"floor":75.0,"key":"reliquary:HotPoker"},{"floor":76.0,"key":"Gambling Chip"},{"floor":77.0,"key":"astrologer:Telescope"},{"floor":89.0,"key":"Blood Vial"},{"floor":89.0,"key":"Kunai"},{"floor":89.0,"key":"Bird Faced Urn"},{"floor":94.0,"key":"Bottled Tornado"},{"floor":104,"key":"RuthlessExorcism:ReiMu"}],"event_choices":[{"damage_healed":0.0,"max_hp_gain":0.0,"max_hp_loss":0.0,"gold_gain":0.0,"event_name":"FaceTrader","player_choice":"Trade","floor":5.0,"gold_loss":0.0,"damage_taken":0.0,"relics_obtained":["SsserpentHead"]},{"damage_healed":0.0,"max_hp_gain":0.0,"max_hp_loss":0.0,"gold_gain":0.0,"event_name":"Scrap Ooze","player_choice":"Fled","floor":14.0,"gold_loss":0.0,"damage_taken":7.0},{"damage_healed":0.0,"max_hp_gain":0.0,"max_hp_loss":0.0,"gold_gain":0.0,"event_name":"Masked Bandits","player_choice":"Fought Bandits","floor":19.0,"gold_loss":0.0,"damage_taken":0.0},{"damage_healed":0.0,"max_hp_gain":0.0,"max_hp_loss":0.0,"gold_gain":0.0,"event_name":"Vampires","player_choice":"Ignored","floor":30.0,"gold_loss":0.0,"damage_taken":0.0},{"damage_healed":0.0,"max_hp_gain":0.0,"max_hp_loss":0.0,"gold_gain":222.0,"event_name":"Tomb of Lord Red Mask","player_choice":"Wore Mask","floor":37.0,"gold_loss":0.0,"damage_taken":0.0},{"damage_healed":0.0,"max_hp_gain":0.0,"max_hp_loss":0.0,"gold_gain":0.0,"event_name":"SecretPortal","player_choice":"Ignored","floor":45.0,"gold_loss":0.0,"damage_taken":0.0},{"damage_healed":0.0,"max_hp_gain":0.0,"max_hp_loss":0.0,"gold_gain":0.0,"event_name":"SensoryStone","player_choice":"Memory 1","floor":47.0,"gold_loss":0.0,"damage_taken":0.0}],"is_beta":false,"boss_relics":[{"not_picked":["Philosopher\u0027s Stone","ReplayTheSpireMod:DimensionalGlitch"],"picked":"aspiration:PoetsPen_weak"},{"not_picked":["Replay:Wanted Poster","Astrolabe"],"picked":"aspiration:DefectSkillbook"},{"not_picked":["ChewingGum","Ring of Chaos"],"picked":"Replay:Bronze Core"},{"not_picked":["TheAbacus","reliquary:Ember"],"picked":"ClockworkSouvenir"}],"items_purged_floors":[2,22,29,31,39,48,70,103],"is_endless":false,"potions_floor_spawned":[1,4,13,18,24,28,33,35,36,38,40,41,44,46,51,52,54,55,56,58,63,64,66,68,69,71,72,73,75,77,81,83,85,87,88,91,92,94,95,96,101,101,104],"ascension_level":0}}