{"host":"dvz52zoduqbx9zr0","time":1612884967,"event":{"mods":["AchievementEnabler","Always Whale","Aspiration","BaseMod","BetterRewards","Colored Map","Conspire","Custom Start","Downfall","Halation","Hubris","Jedi Mod","Minty Spire (QoL Compilation)","Relic Sorter","Replay The Spire","Shop Mod","StSLib","SuperFastMode"],"gold_per_floor":[99,111,111,21,39,57,137,157,171,171,171,183,193,206,222,222,222,222],"floor_reached":16,"language":"ENG","playtime":886,"items_purged":["Delirium"],"score":98,"play_id":"62fde773-2d01-46e3-964d-f628c870f944","local_time":"20210210013607","is_ascension_mode":false,"campfire_choices":[{"data":"Guardian:CurlUp","floor":1,"key":"SMITH"},{"data":"Guardian:DecasProtection","floor":11,"key":"SMITH"}],"circlet_count":0,"master_deck":["Guardian:Strike_Guardian","Guardian:Strike_Guardian","Guardian:Strike_Guardian","Guardian:Strike_Guardian","Guardian:Defend_Guardian","Guardian:Defend_Guardian","Guardian:Defend_Guardian","Guardian:Defend_Guardian","Guardian:CurlUp+1","Guardian:TwinSlam","Guardian:Clone","Guardian:BronzeArmor","Guardian:Reroute","Guardian:RollAttack","Guardian:DecasProtection+1","Guardian:Gem_Yellow","Guardian:Gem_Crimson","Guardian:ArmoredProtocol"],"relics":["Guardian:ModeShifter","ReplayTheSpireMod:Ring of Collecting","Ring of Panic","hubris:BottledRain","Guardian:PickAxe"],"acts_visited":["Exordium"],"potions_floor_usage":[],"damage_taken":[{"damage":6,"enemies":"Jaw Worm","floor":2,"turns":4},{"damage":0,"enemies":"downfall:FleeingMerchant","floor":4,"turns":4},{"damage":5,"enemies":"2 Louse","floor":5,"turns":4},{"damage":7,"enemies":"Small Slimes","floor":6,"turns":4},{"damage":3,"enemies":"Exordium Wildlife","floor":8,"turns":5},{"damage":5,"enemies":"3 Louse","floor":9,"turns":2},{"damage":7,"enemies":"3 Louse","floor":10,"turns":3},{"damage":3,"enemies":"Red Slaver","floor":12,"turns":4},{"damage":4,"enemies":"Gremlin Gang","floor":13,"turns":4},{"damage":16,"enemies":"Lots of Slimes","floor":14,"turns":5},{"damage":11,"enemies":"3 Louse","floor":15,"turns":3},{"damage":18,"enemies":"DF_ARCHETYPE_STREAMLINE","floor":16,"turns":3}],"seed_played":"6988916555481006405","potions_obtained":[{"floor":6,"key":"SteroidPotion"},{"floor":12,"key":"champ:CounterPotion"},{"floor":14,"key":"GamblersBrew"}],"is_trial":false,"path_per_floor":["R","M","?","$","M","M","T","M","M","?","R","M","M","M","M","B"],"character_chosen":"GUARDIAN","items_purchased":[],"campfire_rested":0,"item_purchase_floors":[],"current_hp_per_floor":[80,74,74,74,69,62,62,59,54,47,47,44,40,24,13,0,0,0],"gold":222,"neow_bonus":"THREE_CARDS","is_daily":false,"chose_seed":false,"campfire_upgraded":2,"win_rate":0.0,"timestamp":1612884967,"path_taken":["R","M","?","?","M","M","T","M","M","?","R","M","M","?","M","BOSS"],"items_purchased_type":[],"build_version":"2020-12-22","purchased_purges":1,"victory":false,"max_hp_per_floor":[80,80,80,80,80,80,80,80,80,80,80,80,80,80,80,80,80,80],"card_choices":[{"not_picked":["Guardian:Planning","Guardian:MultiBeam"],"picked":"Guardian:Clone","floor":0},{"not_picked":["Guardian:Suspension","Guardian:RollAttack"],"picked":"Guardian:BronzeArmor","floor":2},{"not_picked":["Guardian:Suspension","Guardian:Gem_Yellow"],"picked":"Guardian:Gem_Crimson","floor":4},{"not_picked":["Guardian:BronzeArmor","Guardian:PrismaticBeam"],"picked":"Guardian:Gem_Blue","floor":5},{"not_picked":["Guardian:Suspension","Guardian:CrystalBeam"],"picked":"Guardian:Reroute","floor":6},{"not_picked":["Guardian:PrimingBeam","Guardian:Reroute"],"picked":"Guardian:RollAttack","floor":8},{"not_picked":["Guardian:Clone","Guardian:Preprogram"],"picked":"Guardian:DecasProtection","floor":9},{"not_picked":["Guardian:PolyBeam","Guardian:Gem_Blue","Guardian:CrystalBeam"],"picked":"SKIP","floor":12},{"not_picked":["Guardian:Suspension","Guardian:Reroute"],"picked":"Guardian:Gem_Yellow","floor":13},{"not_picked":["Guardian:Reroute","Guardian:Incinerate"],"picked":"Guardian:Gem_Crimson","floor":14},{"not_picked":["Guardian:Repulse","Guardian:Gem_Green"],"picked":"Guardian:ArmoredProtocol","floor":15}],"player_experience":221836,"relics_obtained":[{"floor":3,"key":"ReplayTheSpireMod:Ring of Collecting"},{"floor":3,"key":"Ring of Panic"},{"floor":7,"key":"hubris:BottledRain"}],"event_choices":[],"is_beta":false,"boss_relics":[],"items_purged_floors":[4],"is_endless":false,"potions_floor_spawned":[6,10,12,14,15],"killed_by":"DF_ARCHETYPE_STREAMLINE","ascension_level":0}}