{"host":"xo0glkmxta74xh34","time":1612901112,"event":{"mods":["BaseMod","Downfall","Minty Spire (QoL Compilation)","Replay The Spire","StSLib"],"gold_per_floor":[99,110,130,148,44,44,69,95,95,95,124,28,28,28,56,169,169,169,198,222,234,273,285,297,309,321,345,345,345],"floor_reached":27,"language":"ENG","playtime":1294,"items_purged":["downfall:Malfunctioning"],"score":219,"play_id":"54cf46db-6f1f-45a8-8afd-85a01958b6e6","local_time":"20210209140512","is_ascension_mode":true,"campfire_choices":[{"data":"bronze:Overheat","floor":1,"key":"SMITH"},{"floor":10,"key":"REST"},{"data":"Replay:SS_hec_1","floor":13,"key":"SMITH"},{"data":"bronze:Hardcode","floor":18,"key":"SMITH"},{"floor":23,"key":"REST"},{"floor":25,"key":"REST"}],"circlet_count":0,"master_deck":["bronze:Strike+1","bronze:Strike","bronze:Defend","bronze:Defend","bronze:Defend","bronze:Defend","bronze:Replicate","bronze:Goto","bronze:Overheat+1","bronze:InfiniteBeams+1","bronze:Assembly+1","Replay:SS_hec_1+1","bronze:Repulsor","bronze:Mutator","bronze:ChosenStrike","bronze:FunctionCard","bronze:Boost+1","bronze:Refactor","bronze:Philosophize+1","Writhe"],"relics":["bronze:BronzeCore","bronze:ProtectiveGoggles","Replay:Bandana","Honey Jar","MawBank","Guardian:PocketSentry","hexamod:BolsterEngine"],"acts_visited":["Exordium","TheCity"],"potions_floor_usage":[16,16,16,19,27],"damage_taken":[{"damage":1,"enemies":"Cultist","floor":2,"turns":3},{"damage":0,"enemies":"Small Slimes","floor":3,"turns":3},{"damage":6,"enemies":"Jaw Worm","floor":4,"turns":3},{"damage":0,"enemies":"downfall:FleeingMerchant","floor":5,"turns":4},{"damage":27,"enemies":"Lagavulin","floor":8,"turns":5},{"damage":3,"enemies":"2 Fungi Beasts","floor":11,"turns":4},{"damage":1,"enemies":"downfall:FleeingMerchant","floor":12,"turns":4},{"damage":13,"enemies":"Red Slaver","floor":15,"turns":2},{"damage":35,"enemies":"DF_ARCHETYPE_STREAMLINE","floor":16,"turns":9},{"damage":31,"enemies":"3 Byrds","floor":19,"turns":5},{"damage":17,"enemies":"Snake Plant","floor":22,"turns":4},{"damage":65,"enemies":"Gremlin Leader","floor":27,"turns":7}],"seed_played":"5553423344164801419","potions_obtained":[{"floor":2,"key":"Guardian:BlockOnCardUsePotion"},{"floor":4,"key":"Energy Potion"},{"floor":15,"key":"DuplicationPotion"},{"floor":16,"key":"Adrenaline Potion"},{"floor":22,"key":"Swift Potion"}],"is_trial":false,"path_per_floor":["R","M","M","M","$","?","T","E","?","R","M","$","R","?","M","B",null,"R","M","T","?","M","R","T","R","?","E"],"character_chosen":"THE_AUTOMATON","items_purchased":["Replay:SS_hec_1","bronze:OilSpill"],"campfire_rested":3,"item_purchase_floors":[5,12],"current_hp_per_floor":[70,69,69,63,63,63,63,36,59,70,67,66,66,66,53,18,70,70,39,39,39,22,43,43,64,64,0,0,0],"gold":345,"neow_bonus":"THREE_CARDS","is_daily":false,"chose_seed":false,"campfire_upgraded":3,"win_rate":0.0,"timestamp":1612901112,"path_taken":["R","M","M","?","$","?","T","E","?","R","M","$","R","?","M","BOSS","R","M","?","?","?","R","T","R","?","E"],"items_purchased_type":["Card","Card"],"build_version":"2020-12-22","purchased_purges":1,"victory":false,"max_hp_per_floor":[70,70,70,70,70,70,70,70,70,70,70,70,70,70,70,70,70,70,70,70,70,70,70,70,70,70,70,70,70],"card_choices":[{"not_picked":["bronze:WildBeam","bronze:Allocate"],"picked":"bronze:Overheat","floor":0},{"not_picked":["bronze:Return","bronze:MaxOutput","bronze:Shield"],"picked":"SKIP","floor":2},{"not_picked":["bronze:Allocate","bronze:WildBeam"],"picked":"bronze:InfiniteBeams","floor":3},{"not_picked":["bronze:BuggyMess","bronze:DelayedGuard","bronze:BitShift"],"picked":"SKIP","floor":4},{"not_picked":["bronze:ForLoop","bronze:NullPointer"],"picked":"bronze:Assembly","floor":5},{"not_picked":["bronze:DelayedSlice","bronze:DelayedGuard"],"picked":"bronze:Philosophize","floor":8},{"not_picked":["bronze:FineTuning","bronze:ClassDefault"],"picked":"bronze:Repulsor","floor":11},{"not_picked":["bronze:Turbo","bronze:ItsAFeature"],"picked":"bronze:Mutator","floor":12},{"not_picked":["bronze:BugBarrage","bronze:DelayedSlice"],"picked":"bronze:BronzeArmor","floor":15},{"not_picked":["bronze:Mutator","bronze:InfiniteLoop"],"picked":"bronze:Hardcode","floor":16},{"not_picked":["bronze:CutThrough","bronze:WildBeam+1","bronze:DelayedSlice"],"picked":"bronze:Boost+1","floor":19},{"not_picked":["bronze:Refactor","bronze:BugBarrage","bronze:Overheat"],"picked":"bronze:Philosophize+1","floor":22}],"player_experience":445391,"relics_obtained":[{"floor":7,"key":"bronze:ProtectiveGoggles"},{"floor":8,"key":"Replay:Bandana"},{"floor":20,"key":"MawBank"},{"floor":24,"key":"Guardian:PocketSentry"}],"event_choices":[{"damage_healed":23,"gold_gain":0,"player_choice":"Banana","damage_taken":0,"max_hp_gain":0,"max_hp_loss":0,"event_name":"Big Fish","floor":9,"gold_loss":0}],"is_beta":false,"boss_relics":[{"not_picked":["Kintsugi","SlaversCollar"],"picked":"Honey Jar"}],"items_purged_floors":[12],"is_endless":false,"potions_floor_spawned":[2,4,15,16,22],"killed_by":"Gremlin Leader","ascension_level":1}}