{"host":"Oniwa","time":1612866160,"event":{"mods":["BaseMod","Colored Map","Colored Powertips","Minty Spire (QoL Compilation)","Relic Stats","Slay the Relics Exporter","SpireBot","StSLib","ojb\u0027s Better Paths Mod","ojb\u0027s Info Mod"],"gold_per_floor":[116,3,3,3,28,69,69,69,69,82,113,136,136,179,179,272,272,296,110,130,130,155,195,215,215,215,254,254,295,318,339,339,435,435,459,459,478,526,44,105,105,158,182,247,290,341,341,390,390,415,415,415],"floor_reached":51,"language":"JPN","playtime":4642,"items_purged":["JustLucky"],"score":1878,"play_id":"5f21a1e1-cff9-4350-9f0d-b4f44a6369c2","local_time":"20210209192240","is_ascension_mode":true,"campfire_choices":[{"data":"TalkToTheHand","floor":7.0,"key":"SMITH"},{"data":"MentalFortress","floor":15.0,"key":"SMITH"},{"data":"Meditate","floor":25.0,"key":"SMITH"},{"data":"Meditate","floor":32.0,"key":"SMITH"},{"floor":41.0,"key":"REST"},{"floor":47.0,"key":"RECALL"},{"floor":49.0,"key":"REST"}],"circlet_count":0,"master_deck":["AscendersBane","Eruption","Vigilance","CarveReality","TalkToTheHand+1","Protect","FlurryOfBlows","MentalFortress+1","Meditate+1","Conclude","Ragnarok+1","CutThroughFate","Halt","WheelKick","CutThroughFate","InnerPeace","Crescendo","Nirvana","Meditate+1","Wallop","ThirdEye","Dark Shackles","Vengeance","MentalFortress+1","EmptyBody","EmptyMind","DevaForm","Nirvana","Sanctity+1","Wish","Adaptation","MentalFortress","Apotheosis","Ragnarok","DevaForm","Indignation"],"relics":["PureWater","NeowsBlessing","Golden Idol","HornCleat","FossilizedHelix","Sundial","TungstenRod","Pandora\u0027s Box","Ornamental Fan","Mango","Akabeko","Snecko Eye","Boot","Damaru","Kunai"],"acts_visited":["Exordium","TheCity","TheBeyond"],"potions_floor_usage":[],"damage_taken":[{"damage":0.0,"enemies":"Cultist","floor":1.0,"turns":1.0},{"damage":0.0,"enemies":"Small Slimes","floor":5.0,"turns":1.0},{"damage":0.0,"enemies":"Gremlin Nob","floor":6.0,"turns":1.0},{"damage":0.0,"enemies":"2 Louse","floor":10.0,"turns":3.0},{"damage":0.0,"enemies":"Lagavulin","floor":11.0,"turns":8.0},{"damage":0.0,"enemies":"Exordium Wildlife","floor":12.0,"turns":3.0},{"damage":0.0,"enemies":"Gremlin Nob","floor":14.0,"turns":3.0},{"damage":3.0,"enemies":"The Guardian","floor":16.0,"turns":11.0},{"damage":0.0,"enemies":"Chosen","floor":18.0,"turns":3.0},{"damage":0.0,"enemies":"Spheric Guardian","floor":20.0,"turns":3.0},{"damage":0.0,"enemies":"Centurion and Healer","floor":22.0,"turns":4.0},{"damage":8.0,"enemies":"Book of Stabbing","floor":23.0,"turns":7.0},{"damage":0.0,"enemies":"3 Cultists","floor":24.0,"turns":3.0},{"damage":22.0,"enemies":"Slavers","floor":27.0,"turns":8.0},{"damage":10.0,"enemies":"Gremlin Leader","floor":29.0,"turns":9.0},{"damage":0.0,"enemies":"Snake Plant","floor":30.0,"turns":5.0},{"damage":0.0,"enemies":"Centurion and Healer","floor":31.0,"turns":7.0},{"damage":0.0,"enemies":"Collector","floor":33.0,"turns":12.0},{"damage":1.0,"enemies":"3 Shapes","floor":35.0,"turns":2.0},{"damage":10.0,"enemies":"3 Darklings","floor":37.0,"turns":4.0},{"damage":16.0,"enemies":"Jaw Worm Horde","floor":38.0,"turns":5.0},{"damage":0.0,"enemies":"Nemesis","floor":40.0,"turns":7.0},{"damage":8.0,"enemies":"Spire Growth","floor":42.0,"turns":6.0},{"damage":0.0,"enemies":"Giant Head","floor":44.0,"turns":7.0},{"damage":14.0,"enemies":"4 Shapes","floor":45.0,"turns":5.0},{"damage":9.0,"enemies":"Transient","floor":46.0,"turns":6.0},{"damage":27.0,"enemies":"3 Darklings","floor":48.0,"turns":5.0},{"damage":7.0,"enemies":"Time Eater","floor":50.0,"turns":6.0},{"damage":35,"enemies":"Donu and Deca","floor":51,"turns":3}],"seed_played":"-2095506273686804553","potions_obtained":[{"floor":1.0,"key":"Fire Potion"},{"floor":5.0,"key":"GamblersBrew"},{"floor":12.0,"key":"DuplicationPotion"},{"floor":23.0,"key":"Swift Potion"},{"floor":27.0,"key":"Swift Potion"},{"floor":38.0,"key":"BlessingOfTheForge"},{"floor":40.0,"key":"StancePotion"},{"floor":45.0,"key":"Regen Potion"}],"is_trial":false,"path_per_floor":["M","$","$","?","M","E","R","?","T","M","E","M","?","E","R","B",null,"M","$","M","?","M","E","M","R","T","E","?","E","M","M","R","B",null,"M","?","M","M","$","E","R","M","T","E","M","M","R","M","R","B","B"],"character_chosen":"WATCHER","items_purchased":["TalkToTheHand","Protect","Wallop","ThirdEye","Dark Shackles","Apotheosis","Ragnarok","Explosive Potion"],"campfire_rested":2,"item_purchase_floors":[2,2,19,19,19,39,39,39],"current_hp_per_floor":[61,61,61,61,61,61,61,61,61,61,61,61,42,42,42,39,56,56,56,56,56,56,48,48,48,48,40,40,30,30,30,30,30,65,64,64,54,38,38,38,60,52,52,52,38,44,44,17,39,32,0,0],"gold":415,"neow_bonus":"THREE_ENEMY_KILL","is_daily":false,"chose_seed":false,"campfire_upgraded":4,"win_rate":0.0,"timestamp":1612866160,"path_taken":["M","?","$","?","M","E","R","?","T","M","E","?","?","E","R","BOSS","M","$","M","?","?","E","?","R","T","E","?","E","M","M","R","BOSS","M","?","M","M","$","E","R","M","T","E","?","M","R","M","R","BOSS","BOSS"],"items_purchased_type":["Card","Card","Card","Card","Card","Card","Card","Potion"],"build_version":"2020-12-18","purchased_purges":1,"victory":false,"max_hp_per_floor":[68,68,68,62,62,62,62,62,62,62,62,62,62,62,62,62,62,62,62,62,62,62,62,62,62,62,76,76,76,76,76,76,76,76,76,76,76,76,76,76,76,76,76,76,76,76,76,76,76,76,76,76],"relic_stats":{"counters":[29,148],"Golden Idol":189,"Sundial":[18],"Ornamental Fan":[172],"Snecko Eye":[112,99,108,126],"Pandora\u0027s Box":["CutThroughFate","Halt","JustLucky","WheelKick","CutThroughFate","InnerPeace","Crescendo","Nirvana"],"Kunai":[5],"Boot":[0],"obtain_stats":[{"NeowsBlessing":0,"Golden Idol":4,"Damaru":43,"Mango":27,"Boot":40,"Akabeko":29,"HornCleat":6,"Sundial":11,"Ornamental Fan":23,"Snecko Eye":34,"Pandora\u0027s Box":17,"Kunai":44,"PureWater":0,"FossilizedHelix":9,"TungstenRod":14},{"NeowsBlessing":0,"Golden Idol":1,"Damaru":23,"Mango":14,"Boot":22,"Akabeko":15,"HornCleat":3,"Sundial":5,"Ornamental Fan":12,"Snecko Eye":18,"Pandora\u0027s Box":8,"Kunai":24,"PureWater":0,"FossilizedHelix":3,"TungstenRod":7},{"NeowsBlessing":0,"Golden Idol":1,"Damaru":116,"Mango":59,"Boot":110,"Akabeko":68,"HornCleat":3,"Sundial":14,"Ornamental Fan":48,"Snecko Eye":92,"Pandora\u0027s Box":31,"Kunai":123,"PureWater":0,"FossilizedHelix":3,"TungstenRod":20}],"TungstenRod":26},"card_choices":[{"not_picked":["PathToVictory","Protect"],"picked":"CarveReality","floor":1.0},{"not_picked":["Crescendo","Perseverance"],"picked":"FlurryOfBlows","floor":5.0},{"not_picked":["EmptyFist","PathToVictory"],"picked":"MentalFortress","floor":6.0},{"not_picked":["Evaluate","JustLucky","Crescendo"],"picked":"SKIP","floor":10.0},{"not_picked":["Evaluate","JustLucky","Crescendo"],"picked":"SKIP","floor":10.0},{"not_picked":["SashWhip","Fasting2"],"picked":"Meditate","floor":11.0},{"not_picked":["WreathOfFlame","Prostrate"],"picked":"Conclude","floor":12.0},{"not_picked":["ReachHeaven","Consecrate","FollowUp"],"picked":"SKIP","floor":14.0},{"not_picked":["DeusExMachina","Alpha"],"picked":"Ragnarok","floor":16.0},{"not_picked":["EmptyFist","FlurryOfBlows"],"picked":"Meditate","floor":18.0},{"not_picked":["FlurryOfBlows+1","SashWhip"],"picked":"Vengeance","floor":20.0},{"not_picked":["FlyingSleeves","BowlingBash"],"picked":"EmptyBody","floor":22.0},{"not_picked":["BowlingBash","LikeWater"],"picked":"EmptyMind","floor":23.0},{"not_picked":["SignatureMove","Meditate","PathToVictory"],"picked":"SKIP","floor":24.0},{"not_picked":["SashWhip","Consecrate"],"picked":"DevaForm","floor":27.0},{"not_picked":["Crescendo+1","Protect"],"picked":"Nirvana","floor":29.0},{"not_picked":["DeceiveReality","PathToVictory"],"picked":"Sanctity+1","floor":30.0},{"not_picked":["LikeWater","Evaluate","SignatureMove"],"picked":"SKIP","floor":31.0},{"not_picked":["MasterReality","Judgement"],"picked":"Wish","floor":33.0},{"not_picked":["ClearTheMind","CrushJoints"],"picked":"Adaptation","floor":35.0},{"not_picked":["Crescendo","Meditate","BattleHymn+1"],"picked":"SKIP","floor":37.0},{"not_picked":["Nirvana","Prostrate"],"picked":"MentalFortress","floor":38.0},{"not_picked":["CutThroughFate","ClearTheMind"],"picked":"DevaForm","floor":40.0},{"not_picked":["Pray+1","EmptyBody","CrushJoints"],"picked":"SKIP","floor":42.0},{"not_picked":["Study","SashWhip"],"picked":"Indignation","floor":44.0},{"not_picked":["EmptyFist","SignatureMove+1","Halt"],"picked":"SKIP","floor":45.0},{"not_picked":["Study","CrushJoints","Crescendo"],"picked":"SKIP","floor":46.0},{"not_picked":["ThirdEye+1","FollowUp","FlurryOfBlows"],"picked":"SKIP","floor":48.0}],"player_experience":2685799,"relics_obtained":[{"floor":6.0,"key":"HornCleat"},{"floor":9.0,"key":"FossilizedHelix"},{"floor":11.0,"key":"Sundial"},{"floor":14.0,"key":"TungstenRod"},{"floor":23.0,"key":"Ornamental Fan"},{"floor":27.0,"key":"Mango"},{"floor":29.0,"key":"Akabeko"},{"floor":40.0,"key":"Boot"},{"floor":43.0,"key":"Damaru"},{"floor":44.0,"key":"Kunai"}],"event_choices":[{"damage_healed":0.0,"max_hp_gain":0.0,"max_hp_loss":6.0,"gold_gain":0.0,"event_name":"Golden Idol","player_choice":"Lose Max HP","floor":4.0,"gold_loss":0.0,"damage_taken":0.0,"relics_obtained":["Golden Idol"]},{"damage_healed":0.0,"max_hp_gain":0.0,"max_hp_loss":0.0,"gold_gain":0.0,"event_name":"The Cleric","player_choice":"Leave","floor":8.0,"gold_loss":0.0,"damage_taken":0.0},{"damage_healed":0.0,"max_hp_gain":0.0,"max_hp_loss":0.0,"gold_gain":0.0,"event_name":"Shining Light","player_choice":"Entered Light","floor":13.0,"gold_loss":0.0,"damage_taken":19.0,"cards_upgraded":["Defend_P","Strike_P"]},{"damage_healed":0.0,"max_hp_gain":0.0,"max_hp_loss":0.0,"gold_gain":0.0,"event_name":"Duplicator","player_choice":"Copied","floor":21.0,"gold_loss":0.0,"damage_taken":0.0,"cards_obtained":["MentalFortress"]},{"damage_healed":0.0,"max_hp_gain":0.0,"max_hp_loss":0.0,"gold_gain":0.0,"event_name":"Beggar","player_choice":"Ignored","floor":28.0,"gold_loss":0.0,"damage_taken":0.0},{"damage_healed":0.0,"max_hp_gain":0.0,"max_hp_loss":0.0,"gold_gain":0.0,"event_name":"Upgrade Shrine","player_choice":"Upgraded","floor":36.0,"gold_loss":0.0,"damage_taken":0.0,"cards_upgraded":["Ragnarok"]}],"is_beta":true,"boss_relics":[{"not_picked":["Runic Pyramid","Astrolabe"],"picked":"Pandora\u0027s Box"},{"not_picked":["Sozu","Velvet Choker"],"picked":"Snecko Eye"}],"items_purged_floors":[39],"is_endless":false,"potions_floor_spawned":[1,5,12,14,23,27,29,30,31,38,40,44,45],"killed_by":"Donu and Deca","ascension_level":20}}