{"host":"7fyy23rucerupe6i","time":1612848215,"event":{"mods":["AchievementEnabler","Act Like it!","Aspiration","BaseMod","Better Note","BetterRewards","Colored Map","Colored Powertips","Conspire","Curses Come First","Custom Start","Downfall","Googly Eyes","Hallownest","Marisa£®ÏF”Í°°ƒß¿Ì…≥£©","Minty Spire (QoL Compilation)","Quick Restart","Relic Stats","Remilia£®¿Ÿ√◊¿Ú—«£©","Shop Mod","ShortenTheSpire","Spicy Shops","StSLib","SuperFastMode","The Blackbeard","The Bug Knight","The Construct","The Cursed","The Senshi","The Servant 0.9.4"],"gold_per_floor":[114,0,0,0,10,10,10,42,342,368,30,0,13,53,53,53,53],"floor_reached":16,"language":"ZHS","playtime":758,"items_purged":["Hallownest:curseDreamersLament"],"score":135,"play_id":"0fab05f7-7c31-492b-ac3e-de0f1be4a15f","local_time":"20210209132335","is_ascension_mode":true,"campfire_choices":[{"data":"HollowMod:InfectedAttack","floor":6,"key":"SMITH"},{"data":"HollowMod:theNailsmith","floor":15,"key":"SMITH"}],"circlet_count":0,"master_deck":["HollowMod:NailStrikeStart","HollowMod:NailStrikeStart+1","HollowMod:NailStrikeStart+1","HollowMod:NailStrikeStart","HollowMod:FocusHealStart","HollowMod:PogoStrike","HollowMod:MantisMark","HollowMod:InfectedAttack+1","Hallownest:skillSlugHide","Hallownest:skillSlugHide","Hallownest:skillSlugHide","Hallownest:skillSlugHide","Hallownest:skillSlugHide","HollowMod:MantisMark","HollowMod:theNailsmith+1","HollowMod:RecoilStrike"],"relics":["HollowMod:VesselMask","Juzu Bracelet","Blood Vial","HollowMod:LifeEnderRelic","aspiration:HatOfInfinitePower","Hallownest:BankAccountRelic","Hallownest:TeacherSealRelic","Slimebound:StickyStick","Old Coin","Strawberry","Sling","ClockworkSouvenir","Happy Flower"],"acts_visited":["Hallownest:Greenpath"],"potions_floor_usage":[16],"damage_taken":[{"damage":2,"enemies":"Hallownest:monsterHuskGuard","floor":1,"turns":2},{"damage":2,"enemies":"Hallownest:2_Baldur","floor":5,"turns":4},{"damage":18,"enemies":"Hallownest:eliteCrystalGuardian","floor":8,"turns":6},{"damage":16,"enemies":"Hallownest:eliteVengeflyKing","floor":10,"turns":7},{"damage":0,"enemies":"Hallownest:2_MossCreeps","floor":13,"turns":3},{"damage":80,"enemies":"Hallownest:BossHornet","floor":16,"turns":5}],"seed_played":"-8601231894411409280","potions_obtained":[{"floor":10,"key":"LiquidBronze"}],"is_trial":false,"path_per_floor":["M","?","?","?","M","R","?","E","T","E","$","?","M","$","R","B"],"character_chosen":"THE_BUGKNIGHT","items_purchased":["Juzu Bracelet","Blood Vial","HollowMod:MantisMark","HollowMod:LifeEnderRelic","aspiration:HatOfInfinitePower","Sling","ClockworkSouvenir"],"campfire_rested":0,"item_purchase_floors":[0,0,0,0,0,11,11],"current_hp_per_floor":[40,40,40,40,46,46,46,40,40,43,43,43,51,51,51,0,0],"gold":53,"neow_bonus":"","is_daily":false,"chose_seed":false,"campfire_upgraded":2,"win_rate":0.0,"timestamp":1612848215,"path_taken":["M","?","?","?","M","R","?","E","T","E","?","?","M","$","R","BOSS"],"items_purchased_type":["Relic","Relic","Card","Relic","Relic","Relic","Relic"],"build_version":"2020-12-22","purchased_purges":1,"victory":false,"max_hp_per_floor":[75,75,75,75,75,75,75,75,75,82,82,82,82,82,82,82,82],"relic_stats":{"Blood Vial":12,"Happy Flower":[2],"counters":[6,27],"Juzu Bracelet":1,"obtain_stats":[{"HollowMod:LifeEnderRelic":0,"Happy Flower":12,"HollowMod:VesselMask":0,"Juzu Bracelet":0,"Sling":11,"Old Coin":9,"ClockworkSouvenir":11,"Blood Vial":0,"Hallownest:BankAccountRelic":2,"Slimebound:StickyStick":8,"Strawberry":10,"aspiration:HatOfInfinitePower":0,"Hallownest:TeacherSealRelic":7},{"HollowMod:LifeEnderRelic":0,"Happy Flower":4,"HollowMod:VesselMask":0,"Juzu Bracelet":0,"Sling":4,"Old Coin":3,"ClockworkSouvenir":4,"Blood Vial":0,"Hallownest:BankAccountRelic":1,"Slimebound:StickyStick":3,"Strawberry":4,"aspiration:HatOfInfinitePower":0,"Hallownest:TeacherSealRelic":2},{"HollowMod:LifeEnderRelic":0,"Happy Flower":19,"HollowMod:VesselMask":0,"Juzu Bracelet":0,"Sling":19,"Old Coin":12,"ClockworkSouvenir":19,"Blood Vial":0,"Hallownest:BankAccountRelic":2,"Slimebound:StickyStick":12,"Strawberry":19,"aspiration:HatOfInfinitePower":0,"Hallownest:TeacherSealRelic":6}]},"card_choices":[{"not_picked":["HollowMod:ChannelNail","HollowMod:DoubleDash"],"picked":"HollowMod:InfectedAttack","floor":1},{"not_picked":["HollowMod:SiblingsShadow","HollowMod:HeavyBlow"],"picked":"HollowMod:MantisMark","floor":5},{"not_picked":["HollowMod:HowlingWraiths","HollowMod:FallenFury","HollowMod:DoubleDash"],"picked":"SKIP","floor":8},{"not_picked":["HollowMod:HowlingWraiths","HollowMod:SoulShaman"],"picked":"HollowMod:theNailsmith","floor":10},{"not_picked":["HollowMod:GrimmsGift","HollowMod:VengefulVoid"],"picked":"HollowMod:RecoilStrike","floor":13}],"player_experience":593604,"relics_obtained":[{"floor":8,"key":"Slimebound:StickyStick"},{"floor":9,"key":"Old Coin"},{"floor":10,"key":"Strawberry"}],"event_choices":[],"is_beta":false,"boss_relics":[],"items_purged_floors":[11],"is_endless":false,"potions_floor_spawned":[10],"killed_by":"Hallownest:BossHornet","ascension_level":1}}