{"host":"7rmsgc3rayi00cdt","time":1612894273,"event":{"mods":["BaseMod","Minty Spire (QoL Compilation)"],"gold_per_floor":[118,133,133,133,153,153,153,153,207,221,244,244,260,169,169,289,289,313,336,8,8,8,46,46,86,110,122,157,192,204,239,251,263,263],"floor_reached":33,"language":"ENG","playtime":1155,"items_purged":["Strike_R"],"score":374,"play_id":"59c08d2d-21dc-4c7b-9100-e2d02082259b","local_time":"20210209181113","is_ascension_mode":true,"campfire_choices":[{"data":"Bash","floor":6,"key":"SMITH"},{"floor":8,"key":"REST"},{"data":"Finesse","floor":15,"key":"SMITH"},{"floor":24,"key":"REST"},{"floor":30,"key":"REST"},{"floor":32,"key":"REST"}],"circlet_count":0,"master_deck":["Strike_R","Strike_R","Strike_R","Strike_R","Defend_R","Defend_R","Defend_R","Defend_R","Bash+1","Warcry","Thunderclap","Battle Trance","True Grit","Pommel Strike","Rampage","Finesse+1","Immolate","Pommel Strike+1","Limit Break","True Grit+1","Decay","Headbutt"],"relics":["Burning Blood","Du-Vu Doll","Golden Idol","Blood Vial","Velvet Choker","Ornamental Fan","Sundial","MealTicket","MawBank"],"acts_visited":["Exordium","TheCity"],"potions_floor_usage":[10,16,16,23,23,28],"damage_taken":[{"damage":6,"enemies":"Jaw Worm","floor":1,"turns":4},{"damage":1,"enemies":"Cultist","floor":2,"turns":3},{"damage":5,"enemies":"2 Louse","floor":5,"turns":3},{"damage":29,"enemies":"Lots of Slimes","floor":10,"turns":4},{"damage":13,"enemies":"3 Louse","floor":11,"turns":3},{"damage":17,"enemies":"Blue Slaver","floor":13,"turns":4},{"damage":31,"enemies":"The Guardian","floor":16,"turns":18},{"damage":16,"enemies":"3 Byrds","floor":18,"turns":5},{"damage":14,"enemies":"Chosen","floor":19,"turns":4},{"damage":45,"enemies":"Book of Stabbing","floor":23,"turns":5},{"damage":10,"enemies":"Gremlin Leader","floor":25,"turns":5},{"damage":21,"enemies":"Sentry and Sphere","floor":28,"turns":5},{"damage":22,"enemies":"Centurion and Healer","floor":29,"turns":5},{"damage":32,"enemies":"Shelled Parasite and Fungi","floor":31,"turns":6},{"damage":72,"enemies":"Automaton","floor":33,"turns":6}],"seed_played":"7159501180339240995","potions_obtained":[{"floor":1,"key":"Weak Potion"},{"floor":3,"key":"DistilledChaos"},{"floor":3,"key":"EssenceOfSteel"},{"floor":11,"key":"GamblersBrew"},{"floor":18,"key":"AttackPotion"},{"floor":23,"key":"AttackPotion"},{"floor":29,"key":"Swift Potion"}],"is_trial":false,"path_per_floor":["M","M","?","$","M","R","?","R","T","M","M","?","M","$","R","B",null,"M","M","$","?","?","E","R","E","T","?","M","M","R","M","R","B"],"character_chosen":"IRONCLAD","items_purchased":["Finesse","Ornamental Fan"],"campfire_rested":4,"item_purchase_floors":[14,20],"current_hp_per_floor":[72,77,77,77,78,78,58,80,80,57,52,52,43,43,43,20,65,57,51,51,77,62,25,50,48,48,48,35,21,46,22,47,0,0],"gold":263,"neow_bonus":"ONE_RARE_RELIC","is_daily":false,"chose_seed":false,"campfire_upgraded":2,"win_rate":0.0,"timestamp":1612894273,"path_taken":["M","M","?","$","?","R","?","R","T","M","M","?","?","$","R","BOSS","M","M","$","?","?","E","R","E","T","?","M","?","R","M","R","BOSS"],"items_purchased_type":["Card","Relic"],"build_version":"2020-12-22","purchased_purges":1,"victory":false,"max_hp_per_floor":[80,80,80,80,80,80,80,80,80,80,80,80,80,80,80,80,80,80,80,80,80,85,85,85,85,85,85,85,85,85,85,85,85,85],"card_choices":[{"not_picked":["Uppercut","Body Slam"],"picked":"Warcry","floor":1},{"not_picked":["Seeing Red","Blood for Blood"],"picked":"Thunderclap","floor":2},{"not_picked":["Flame Barrier","Ghostly Armor"],"picked":"Battle Trance","floor":5},{"not_picked":["Thunderclap","Body Slam"],"picked":"True Grit","floor":10},{"not_picked":["Uppercut","Entrench"],"picked":"Pommel Strike","floor":11},{"not_picked":["Burning Pact","Perfected Strike"],"picked":"Rampage","floor":13},{"not_picked":["Bludgeon","Exhume"],"picked":"Immolate","floor":16},{"not_picked":["Thunderclap+1","Wild Strike+1"],"picked":"Pommel Strike+1","floor":18},{"not_picked":["Anger","Rampage","Rupture"],"picked":"SKIP","floor":19},{"not_picked":["Heavy Blade","Shockwave+1"],"picked":"Limit Break","floor":23},{"not_picked":["Warcry","Pommel Strike"],"picked":"True Grit+1","floor":25},{"not_picked":["Anger+1","Dark Embrace"],"picked":"Headbutt","floor":28},{"not_picked":["Metallicize","Heavy Blade","Second Wind"],"picked":"SKIP","floor":29},{"not_picked":["Anger+1","Hemokinesis","Body Slam"],"picked":"SKIP","floor":31}],"player_experience":808536,"relics_obtained":[{"floor":9,"key":"Blood Vial"},{"floor":23,"key":"Sundial"},{"floor":25,"key":"MealTicket"},{"floor":26,"key":"MawBank"}],"event_choices":[{"damage_healed":0,"gold_gain":0,"player_choice":"Got Potions","damage_taken":0,"max_hp_gain":0,"max_hp_loss":0,"event_name":"Lab","floor":3,"gold_loss":0},{"damage_healed":0,"gold_gain":0,"player_choice":"Take Damage","damage_taken":20,"relics_obtained":["Golden Idol"],"max_hp_gain":0,"max_hp_loss":0,"event_name":"Golden Idol","floor":7,"gold_loss":0},{"cards_removed":["Regret"],"damage_healed":0,"gold_gain":0,"player_choice":"Removed Curses","damage_taken":0,"max_hp_gain":0,"max_hp_loss":0,"event_name":"Fountain of Cleansing","floor":12,"gold_loss":0},{"damage_healed":26,"gold_gain":0,"player_choice":"Heal","damage_taken":0,"max_hp_gain":0,"max_hp_loss":0,"event_name":"The Library","floor":21,"gold_loss":0},{"damage_healed":0,"gold_gain":0,"player_choice":"Shed Blood","damage_taken":20,"max_hp_gain":5,"max_hp_loss":0,"event_name":"Forgotten Altar","floor":22,"gold_loss":0},{"damage_healed":0,"gold_gain":0,"player_choice":"Cursed","damage_taken":0,"max_hp_gain":0,"max_hp_loss":0,"event_name":"Wheel of Change","floor":27,"gold_loss":0,"cards_obtained":["Decay"]}],"is_beta":false,"boss_relics":[{"not_picked":["Astrolabe","Runic Dome"],"picked":"Velvet Choker"}],"items_purged_floors":[20],"is_endless":false,"potions_floor_spawned":[1,11,18,23,29],"killed_by":"Automaton","ascension_level":7}}