{"host":"u7lm8z2rvb4dg2oo","time":1612854021,"event":{"mods":["AchievementEnabler","BaseMod","Bestiary","Block Reminder","Colored Map","Colored Powertips","Curses Come First","DeckTracker","Googly Eyes","Highlight Path","Minty Spire (QoL Compilation)","Quick Restart","StSLib"],"gold_per_floor":[113,38,38,1,12,47,47,65,65,65,75,250,95,125,125,221,221,237,237,152,77,64,64,64,64,64,64,64,99,99,99],"floor_reached":30,"language":"ENG","playtime":1576,"items_purged":["Doubt"],"score":468,"play_id":"d8b54c80-97bd-4e4c-8508-1534f39acb56","local_time":"20210209020021","is_ascension_mode":true,"campfire_choices":[{"data":"Noxious Fumes","floor":7.0,"key":"SMITH"},{"data":"Caltrops","floor":10.0,"key":"SMITH"},{"floor":15,"key":"REST"},{"data":"Adrenaline","floor":23,"key":"SMITH"},{"floor":24,"key":"REST"},{"data":"Footwork","floor":27,"key":"SMITH"},{"data":"Bite","floor":28,"key":"SMITH"}],"circlet_count":0,"master_deck":["AscendersBane","Defend_G","Defend_G","Defend_G","Defend_G","Defend_G","Survivor","Neutralize","Backstab","Noxious Fumes+1","Caltrops+1","Crippling Poison","Leg Sweep","Deadly Poison","Footwork+1","Poisoned Stab","Adrenaline+1","PiercingWail","Bite","Bite","Bite","Bite","Bite+1"],"relics":["Ring of the Serpent","NeowsBlessing","Tough Bandages","Lizard Tail","Question Card","Juzu Bracelet","Nilry\u0027s Codex","WingedGreaves","Blue Candle","Dream Catcher"],"acts_visited":["Exordium","TheCity"],"potions_floor_usage":[11,16,16,18],"damage_taken":[{"damage":0.0,"enemies":"Small Slimes","floor":1.0,"turns":1.0},{"damage":0.0,"enemies":"Cultist","floor":5.0,"turns":1.0},{"damage":0.0,"enemies":"3 Sentries","floor":6.0,"turns":1.0},{"damage":3.0,"enemies":"Jaw Worm","floor":8.0,"turns":4.0},{"damage":0,"enemies":"Looter","floor":11,"turns":3},{"damage":26,"enemies":"Gremlin Nob","floor":14,"turns":5},{"damage":2,"enemies":"Hexaghost","floor":16,"turns":9},{"damage":3,"enemies":"Chosen","floor":18,"turns":6},{"damage":19,"enemies":"2 Thieves","floor":22,"turns":4},{"damage":29,"enemies":"Gremlin Leader","floor":29,"turns":6},{"damage":32,"enemies":"Colosseum Slavers","floor":30,"turns":3}],"seed_played":"8349429027616949027","potions_obtained":[{"floor":1.0,"key":"Weak Potion"},{"floor":5.0,"key":"DuplicationPotion"},{"floor":6.0,"key":"Swift Potion"},{"floor":14,"key":"BlessingOfTheForge"},{"floor":18,"key":"Fruit Juice"}],"is_trial":false,"path_per_floor":["M","$","?","$","M","E","R","M","T","R","M","?","$","E","R","B",null,"M","?","?","?","M","R","R","?","T","R","R","E","?"],"character_chosen":"THE_SILENT","items_purchased":["Noxious Fumes","Caltrops","Footwork"],"campfire_rested":2,"item_purchase_floors":[2,4,13],"current_hp_per_floor":[63,63,63,63,63,63,63,60,60,60,60,60,60,34,55,53,66,68,52,52,52,33,33,55,52,52,52,52,35,6,6],"gold":99,"neow_bonus":"THREE_ENEMY_KILL","is_daily":false,"chose_seed":false,"campfire_upgraded":5,"win_rate":0.0,"timestamp":1612854021,"path_taken":["M","$","?","$","?","E","R","M","T","R","M","?","$","E","R","BOSS","M","?","?","?","M","R","R","?","T","R","R","E","?"],"items_purchased_type":["Card","Card","Card"],"build_version":"2020-12-22","purchased_purges":1,"victory":false,"max_hp_per_floor":[70,70,70,70,70,70,70,70,70,70,70,70,70,70,70,70,70,75,75,75,75,75,75,75,52,52,52,52,52,52,52],"card_choices":[{"not_picked":["Dagger Throw","Blade Dance"],"picked":"Backstab","floor":1.0},{"not_picked":["Underhanded Strike","Dodge and Roll"],"picked":"Crippling Poison","floor":5.0},{"not_picked":["Crippling Poison","Dagger Throw"],"picked":"Leg Sweep","floor":6.0},{"not_picked":["Distraction","Dagger Spray","Dodge and Roll"],"picked":"SKIP","floor":8.0},{"not_picked":["Flying Knee","Terror","Expertise"],"picked":"Deadly Poison","floor":11},{"not_picked":["Flechettes","Eviscerate","Escape Plan"],"picked":"Poisoned Stab","floor":14},{"not_picked":["Glass Knife","A Thousand Cuts","Unload"],"picked":"Adrenaline","floor":16},{"not_picked":["Cloak And Dagger","Dagger Throw","Backflip"],"picked":"PiercingWail","floor":18},{"not_picked":["Prepared","Deflect","Cloak And Dagger","Flying Knee"],"picked":"SKIP","floor":22},{"not_picked":["Prepared","Quick Slash","Phantasmal Killer","Reflex"],"picked":"SKIP","floor":29}],"player_experience":1066415,"relics_obtained":[{"floor":6.0,"key":"Lizard Tail"},{"floor":9.0,"key":"Question Card"},{"floor":14,"key":"Juzu Bracelet"},{"floor":19,"key":"Nilry\u0027s Codex"},{"floor":26,"key":"Blue Candle"},{"floor":29,"key":"Dream Catcher"}],"event_choices":[{"damage_healed":0.0,"max_hp_gain":0.0,"max_hp_loss":0.0,"gold_gain":0.0,"event_name":"WeMeetAgain","player_choice":"Gave Potion","floor":3.0,"gold_loss":0.0,"damage_taken":0.0,"relics_obtained":["Tough Bandages"]},{"damage_healed":0,"gold_gain":175,"player_choice":"AGREE","damage_taken":0,"max_hp_gain":0,"max_hp_loss":0,"event_name":"Liars Game","floor":12,"gold_loss":0,"cards_obtained":["Doubt"]},{"damage_healed":0,"gold_gain":0,"player_choice":"Obtained Book","damage_taken":16,"max_hp_gain":0,"max_hp_loss":0,"event_name":"Cursed Tome","floor":19,"gold_loss":0},{"damage_healed":0,"gold_gain":0,"player_choice":"Obtained Relic","damage_taken":0,"relics_obtained":["WingedGreaves"],"max_hp_gain":0,"max_hp_loss":0,"event_name":"Addict","floor":20,"gold_loss":85},{"cards_removed":["Strike_G"],"damage_healed":0,"gold_gain":0,"player_choice":"Gave Gold","damage_taken":0,"max_hp_gain":0,"max_hp_loss":0,"event_name":"Beggar","floor":21,"gold_loss":75},{"damage_healed":0,"gold_gain":0,"player_choice":"Became a vampire","damage_taken":0,"max_hp_gain":0,"max_hp_loss":23,"event_name":"Vampires","floor":25,"gold_loss":0,"cards_obtained":["Bite","Bite","Bite","Bite","Bite"]},{"damage_healed":0,"gold_gain":0,"player_choice":"Fight","damage_taken":0,"max_hp_gain":0,"max_hp_loss":0,"event_name":"Colosseum","floor":30,"gold_loss":0}],"is_beta":false,"boss_relics":[{"not_picked":["Runic Pyramid","Velvet Choker"],"picked":"Ring of the Serpent"}],"items_purged_floors":[13],"is_endless":false,"potions_floor_spawned":[1,5,6,14,18],"killed_by":"Colosseum Slavers","ascension_level":12}}