{"host":"kt2jzujlwvzydtbu","time":1612861831,"event":{"mods":["BaseMod","Bestiary","Minty Spire (QoL Compilation)","SacredBarkPlus","StSLib"],"gold_per_floor":[109,79,95,110,64,64,94,108,108,135,145,179,198,218,218,318,318,318],"floor_reached":17,"language":"ENG","playtime":727,"items_purged":[],"score":255,"play_id":"86df5eca-76a6-4e75-aacd-7d9e0f70c745","local_time":"20210209171031","is_ascension_mode":true,"campfire_choices":[{"data":"Tantrum","floor":6.0,"key":"SMITH"},{"data":"TalkToTheHand","floor":15.0,"key":"SMITH"}],"circlet_count":0,"master_deck":["Eruption+1","Vigilance","SashWhip","Consecrate","Tantrum+1","SashWhip","MentalFortress","TalkToTheHand+1","CarveReality","BattleHymn+1","BowlingBash","CrushJoints","Evaluate","SpiritShield","EmptyBody","Consecrate","Prostrate","WheelKick","TalkToTheHand","MentalFortress+1","Tantrum","EmptyMind"],"relics":["PureWater","Lantern","Dream Catcher","Frozen Egg 2","Art of War","Pandora\u0027s Box"],"acts_visited":["Exordium","TheCity"],"potions_floor_usage":[16],"damage_taken":[{"damage":0.0,"enemies":"Small Slimes","floor":1.0,"turns":2.0},{"damage":2.0,"enemies":"Cultist","floor":3.0,"turns":3.0},{"damage":0.0,"enemies":"Jaw Worm","floor":4.0,"turns":3.0},{"damage":10.0,"enemies":"3 Sentries","floor":7.0,"turns":3.0},{"damage":11.0,"enemies":"Exordium Wildlife","floor":8.0,"turns":3.0},{"damage":14.0,"enemies":"Lagavulin","floor":10.0,"turns":6.0},{"damage":0.0,"enemies":"Gremlin Gang","floor":11.0,"turns":3.0},{"damage":0.0,"enemies":"Gremlin Nob","floor":12.0,"turns":2.0},{"damage":3.0,"enemies":"3 Louse","floor":13.0,"turns":2.0},{"damage":2.0,"enemies":"Exordium Wildlife","floor":14.0,"turns":3.0},{"damage":20,"enemies":"The Guardian","floor":16,"turns":8}],"seed_played":"-311769118951243358","potions_obtained":[{"floor":1.0,"key":"Energy Potion"},{"floor":2.0,"key":"Energy Potion"},{"floor":2.0,"key":"LiquidMemories"},{"floor":10.0,"key":"Fire Potion"},{"floor":14.0,"key":"SteroidPotion"}],"is_trial":false,"path_per_floor":["M","?","M","M","$","R","E","M","T","E","M","E","M","M","R","B",null],"character_chosen":"WATCHER","items_purchased":["SashWhip"],"campfire_rested":0,"item_purchase_floors":[5],"current_hp_per_floor":[72,72,70,70,70,70,60,49,49,35,35,35,32,30,30,10,57,57],"gold":318,"neow_bonus":"UPGRADE_CARD","is_daily":false,"chose_seed":false,"campfire_upgraded":2,"win_rate":0.0,"timestamp":1612861831,"path_taken":["M","?","M","M","$","R","E","M","T","E","?","E","M","M","R","BOSS"],"items_purchased_type":["Card"],"build_version":"2020-12-22","purchased_purges":0,"victory":false,"max_hp_per_floor":[72,72,72,72,72,72,72,72,72,72,72,72,72,72,72,72,72,72],"card_choices":[{"not_picked":["InnerPeace","EmptyFist"],"picked":"SashWhip","floor":1.0},{"not_picked":["Study","Wireheading"],"picked":"Consecrate","floor":3.0},{"not_picked":["CutThroughFate","Consecrate"],"picked":"Tantrum","floor":4.0},{"not_picked":["SashWhip","SignatureMove"],"picked":"MentalFortress","floor":7.0},{"not_picked":["EmptyMind","Pray"],"picked":"TalkToTheHand","floor":8.0},{"not_picked":["ThirdEye","Pray"],"picked":"CarveReality","floor":10.0},{"not_picked":["Evaluate","LikeWater+1"],"picked":"BattleHymn+1","floor":11.0},{"not_picked":["Indignation","PathToVictory"],"picked":"BowlingBash","floor":12.0},{"not_picked":["SashWhip","Meditate"],"picked":"CrushJoints","floor":13.0},{"not_picked":["Pray","BowlingBash"],"picked":"Evaluate","floor":14.0},{"not_picked":["Judgement","ConjureBlade"],"picked":"SpiritShield","floor":16}],"player_experience":505702,"relics_obtained":[{"floor":7.0,"key":"Lantern"},{"floor":9.0,"key":"Dream Catcher"},{"floor":10.0,"key":"Frozen Egg 2"},{"floor":12.0,"key":"Art of War"}],"event_choices":[{"damage_healed":0.0,"max_hp_gain":0.0,"max_hp_loss":0.0,"gold_gain":0.0,"event_name":"The Woman in Blue","player_choice":"Bought 2 Potions","floor":2.0,"gold_loss":0.0,"damage_taken":0.0}],"is_beta":false,"boss_relics":[{"not_picked":["Black Star","Sozu"],"picked":"Pandora\u0027s Box"}],"items_purged_floors":[],"is_endless":false,"potions_floor_spawned":[1,3,4,10,14],"ascension_level":5}}