{"host":"jcx3r2rqknwp5xpf","time":1612835402,"event":{"mods":["2.2 Compatiblity","AchievementEnabler","Act Like it!","Bard","BaseMod","Elementarium","Fireblade Mod","Gremlin Mod","Hallownest","Hermit","Jorbs\u0027s Wanderer Trilogy","Menagerie","Minty Spire (QoL Compilation)","Pale of the Ancients","Somnambulant","StSLib","The Blackbeard","The Bug Knight","The Construct","The Cursed","The Disciple","The Druid","The Hierophant","The Mystic","The Runesmith","The Showman"],"gold_per_floor":[115,57,64,64,64,64,71,84,121,121,127,127,140,156,156,243,243,258,270,283,283,196,229,252,252,264,254,254,254,259,273,273,358,358,373,388,388,388,402,416,416,416,416,428,428,442,458,383,383,383,400,406,406,443,443,443,443,4,4,4,4],"floor_reached":60,"language":"ENG","playtime":3486,"items_purged":[],"score":1145,"play_id":"acfe61b1-4e4a-4cb9-b661-b3b22e471c9d","local_time":"20210208205001","is_ascension_mode":false,"campfire_choices":[{"data":"hermit:Virtue","floor":6.0,"key":"SMITH"},{"data":"Secret Weapon","floor":10.0,"key":"SMITH"},{"data":"hermit:Determination","floor":12.0,"key":"SMITH"},{"floor":15.0,"key":"REST"},{"floor":25.0,"key":"REST"},{"floor":29.0,"key":"REST"},{"floor":32.0,"key":"REST"},{"data":"hermit:ShadowCloak","floor":42,"key":"SMITH"},{"data":"hermit:FlashPowder","floor":45,"key":"SMITH"},{"floor":49,"key":"REST"},{"data":"Menagerie:SagesJudgement","floor":55,"key":"SMITH"},{"data":"hermit:Covet","floor":57,"key":"SMITH"}],"circlet_count":0,"master_deck":["hermit:Strike_Hermit","hermit:Strike_Hermit","hermit:Strike_Hermit","hermit:Strike_Hermit","hermit:Defend_Hermit","hermit:Defend_Hermit","hermit:Defend_Hermit","hermit:Defend_Hermit","hermit:Snapshot","hermit:Covet+1","Decay","Secret Weapon+1","hermit:Roulette","hermit:Virtue+1","Menagerie:SagesJudgement+1","Pain","hermit:HoleUp","hermit:Spite","hermit:Determination+1","hermit:DeadOrAlive","hermit:SprayPray","hermit:Magnum","CurseOfTheBell","hermit:HeroicBravado","hermit:Ricochet+1","hermit:FlashPowder+1","hermit:SprayPray","hermit:Glare","Elementarium:GildedEssence","hermit:ShadowCloak+1","hermit:WideOpen+1","hermit:Dissolve","hermit:Midnight+1","hermit:FinalCanter","hermit:Desperado","hermit:FlashPowder+1","Pride","Clumsy","hermit:Malice","hermit:Ricochet+1","hermit:CalledShot+1","hermit:Midnight+1","hermit:Ricochet+1","Shame","hermit:Determination+1","hermit:Grudge+1","hermit:Reprieve+1","hermit:Desperado+1","hermit:Enervate+1","hermit:Midnight+1"],"relics":["hermit:Momento","Menagerie:Aurumvore","WarpedTongs","PreservedInsect","Shuriken","Dream Catcher","Pocketwatch","Calling Bell","Oddly Smooth Stone","White Beast Statue","Lizard Tail","CaptainsWheel","Turnip","Vajra","Ancient Tea Set","Lantern","Letter Opener","HornCleat","Elementarium:ElementariumTrophy","Cursed Key","Hallownest:KingsIdolRelic","Bag of Marbles","HollowMod:StagPassRelic","Toy Ornithopter","Frozen Egg 2","paleoftheancients:Timepiece","paleoftheancients:KeyRelic","Gremlin Horn","Bottled Flame","Orrery"],"acts_visited":["Exordium","Menagerie:Menagerie","Elementarium:Elementarium","Hallownest:KingdomsEdge"],"potions_floor_usage":[40,46,47,50,52,56,56,56,58,60,60],"damage_taken":[{"damage":3.0,"enemies":"Menagerie:WhisperingWraith","floor":1.0,"turns":6.0},{"damage":0.0,"enemies":"Menagerie:StygianBoar","floor":3.0,"turns":2.0},{"damage":2.0,"enemies":"Menagerie:MonstrousExperiment","floor":7.0,"turns":2.0},{"damage":11.0,"enemies":"Menagerie:Hydra","floor":8.0,"turns":5.0},{"damage":6.0,"enemies":"Menagerie:KEEPER_AND_YOUNG_SUNEATER","floor":11.0,"turns":4.0},{"damage":11.0,"enemies":"Menagerie:MaskedSummoner","floor":14.0,"turns":8.0},{"damage":19.0,"enemies":"Menagerie:AVATARS","floor":16.0,"turns":6.0},{"damage":3.0,"enemies":"Elementarium:Cyclone","floor":18.0,"turns":3.0},{"damage":26.0,"enemies":"Menagerie:Suneater","floor":19.0,"turns":5.0},{"damage":0.0,"enemies":"Elementarium:2_ELEMENTALS","floor":20.0,"turns":3.0},{"damage":0.0,"enemies":"Elementarium:VOID_CORRUPTION_AND_TAR_GOLEM","floor":21.0,"turns":1.0},{"damage":29.0,"enemies":"Elementarium:FIRE_NOBILITY","floor":23.0,"turns":6.0},{"damage":5.0,"enemies":"Hallownest:eliteWatcherKnight","floor":24.0,"turns":8.0},{"damage":2.0,"enemies":"Elementarium:STONE_GOLEMS","floor":30.0,"turns":3.0},{"damage":15.0,"enemies":"Elementarium:WarGolem","floor":31.0,"turns":2.0},{"damage":2.0,"enemies":"Elementarium:GolemEmperor","floor":33.0,"turns":8.0},{"damage":0.0,"enemies":"Hallownest:3_Siblings","floor":35.0,"turns":4.0},{"damage":11.0,"enemies":"Hallownest:2_Littles","floor":36.0,"turns":5.0},{"damage":13.0,"enemies":"Hallownest:2_Wing_and_1_Kings","floor":39.0,"turns":5.0},{"damage":0,"enemies":"Hallownest:StalkingDevout","floor":40,"turns":4},{"damage":1,"enemies":"Hallownest:2_Great","floor":44,"turns":3},{"damage":0,"enemies":"Hallownest:eliteCollector","floor":46,"turns":4},{"damage":6,"enemies":"Hallownest:Xero_Hu_Marmu","floor":47,"turns":5},{"damage":26,"enemies":"Hallownest:BossHollowKnight","floor":50,"turns":8},{"damage":22,"enemies":"Hallownest:BossHollowKnight","floor":51,"turns":7},{"damage":23,"enemies":"Hallownest:BossHollowKnight","floor":52,"turns":9},{"damage":114,"enemies":"Hallownest:BossHollowKnight","floor":56,"turns":13},{"damage":134,"enemies":"paleoftheancients:N","floor":60,"turns":9}],"seed_played":"4824426121096136883","potions_obtained":[{"floor":7.0,"key":"Block Potion"},{"floor":11.0,"key":"Swift Potion"},{"floor":14.0,"key":"SteroidPotion"},{"floor":16.0,"key":"FearPotion"},{"floor":18.0,"key":"ColorlessPotion"},{"floor":19.0,"key":"SmokeBomb"},{"floor":20.0,"key":"SkillPotion"},{"floor":23.0,"key":"SpeedPotion"},{"floor":24.0,"key":"Fire Potion"},{"floor":30.0,"key":"PowerPotion"},{"floor":31.0,"key":"ColorlessPotion"},{"floor":33.0,"key":"SkillPotion"},{"floor":35.0,"key":"ColorlessPotion"},{"floor":36.0,"key":"PowerPotion"},{"floor":39.0,"key":"SmokeBomb"},{"floor":40,"key":"SpeedPotion"},{"floor":44,"key":"CultistPotion"},{"floor":46,"key":"CultistPotion"},{"floor":47,"key":"Explosive Potion"},{"floor":51,"key":"hermit:Tonic"},{"floor":52,"key":"BlessingOfTheForge"}],"is_trial":false,"path_per_floor":["M","?","M","?","?","R","M","E","T","R","M","R","T","E","R","B",null,"M","?","M","M","?","E","?","R","T","?","T","R","M","E","R","B",null,"M","M","?","?","M","E","?","R","T","M","R","E","M","?","R","B","M","M","?","T","R","M","R","$","?","B"],"character_chosen":"HERMIT","items_purchased":["hermit:Determination+1","Fruit Juice","BlessingOfTheForge","FearPotion","Orrery"],"campfire_rested":5,"item_purchase_floors":[58,58,58,58,58],"current_hp_per_floor":[72,72,72,67,67,67,65,54,54,54,48,48,48,37,59,40,75,72,46,46,46,46,17,12,34,34,34,34,56,54,39,61,59,75,75,64,64,64,51,51,51,51,51,50,50,50,49,49,71,75,64,61,61,61,61,75,75,80,80,0,0],"gold":4,"neow_bonus":"RANDOM_COLORLESS_2","is_daily":false,"chose_seed":false,"campfire_upgraded":7,"win_rate":0.0,"timestamp":1612835401,"path_taken":["M","?","M","?","?","R","M","E","T","R","M","R","?","E","R","BOSS","M","?","M","M","?","E","?","R","T","?","?","R","M","E","R","BOSS","M","M","?","?","M","E","?","R","T","?","R","E","M","?","R","BOSS","M","M","?","T","R","M","R","$","?","BOSS"],"items_purchased_type":["Card","Potion","Potion","Potion","Relic"],"build_version":"2020-12-22","purchased_purges":0,"victory":false,"max_hp_per_floor":[75,75,75,75,75,75,75,75,75,75,75,75,75,75,75,75,75,75,75,75,75,75,75,75,75,75,75,75,75,75,75,75,75,75,75,75,75,75,75,75,75,75,75,75,75,75,75,75,75,75,75,75,75,75,75,75,75,80,80,80,80],"card_choices":[{"not_picked":["Violence","Chrysalis"],"picked":"Secret Weapon","floor":0.0},{"not_picked":["hermit:TrackingShot","hermit:Cheat"],"picked":"hermit:Roulette","floor":1.0},{"not_picked":["hermit:ItchyTrigger","hermit:Cheat"],"picked":"hermit:Virtue","floor":3.0},{"not_picked":["hermit:ItchyTrigger","hermit:Snipe"],"picked":"hermit:HoleUp","floor":7.0},{"not_picked":["hermit:Misfire","hermit:Maintenance"],"picked":"hermit:Spite","floor":8.0},{"not_picked":["hermit:HighCaliber","hermit:Scavenge"],"picked":"hermit:Determination","floor":11.0},{"not_picked":["hermit:LuckOfTheDraw","hermit:DeadMansHand"],"picked":"hermit:DeadOrAlive","floor":14.0},{"not_picked":["hermit:BodyArmor","hermit:PistolWhip"],"picked":"hermit:SprayPray","floor":15.0},{"not_picked":["hermit:DeadOrAlive","hermit:EternalForm"],"picked":"hermit:Magnum","floor":16.0},{"not_picked":["hermit:Headshot","hermit:BodyArmor","hermit:TakeCover+1"],"picked":"SKIP","floor":18.0},{"not_picked":["hermit:Enervate","hermit:Misfire+1"],"picked":"hermit:HeroicBravado","floor":19.0},{"not_picked":["hermit:FullyLoaded+1","hermit:Shortfuse+1"],"picked":"hermit:Ricochet+1","floor":20.0},{"not_picked":["hermit:Brawl","hermit:TakeAim+1"],"picked":"hermit:FlashPowder","floor":23.0},{"not_picked":["hermit:ItchyTrigger","hermit:HoleUp"],"picked":"hermit:SprayPray","floor":24.0},{"not_picked":["hermit:Purgatory","hermit:FullyLoaded"],"picked":"hermit:Glare","floor":25.0},{"not_picked":["hermit:BodyArmor","hermit:BigShot"],"picked":"hermit:ShadowCloak","floor":29.0},{"not_picked":["hermit:Feint","hermit:Shortfuse"],"picked":"hermit:WideOpen+1","floor":30.0},{"not_picked":["hermit:PistolWhip","hermit:TakeAim"],"picked":"hermit:Dissolve","floor":31.0},{"not_picked":["hermit:ItchyTrigger+1","hermit:Headshot"],"picked":"hermit:Midnight+1","floor":32.0},{"not_picked":["hermit:DeadOrAlive","hermit:Adapt"],"picked":"hermit:FinalCanter","floor":33.0},{"not_picked":["hermit:Coalescence+1","hermit:Misfire"],"picked":"hermit:Desperado","floor":35.0},{"not_picked":["hermit:Manifest","hermit:LoneWolf"],"picked":"hermit:FlashPowder+1","floor":36.0},{"not_picked":["hermit:Roulette","hermit:Showdown","hermit:Headshot"],"picked":"SKIP","floor":39.0},{"not_picked":["hermit:FromBeyond","hermit:Snipe+1","hermit:Brawl+1"],"picked":"SKIP","floor":40},{"not_picked":["hermit:Headshot+1","hermit:Showdown","hermit:TrackingShot"],"picked":"SKIP","floor":44},{"not_picked":["hermit:Deadeye","hermit:Dissolve"],"picked":"hermit:Malice","floor":46},{"not_picked":["hermit:Roulette","hermit:Coalescence+1"],"picked":"hermit:Ricochet+1","floor":47},{"not_picked":["hermit:TrackingShot","hermit:Deadeye"],"picked":"hermit:CalledShot+1","floor":49},{"not_picked":["hermit:Coalescence","hermit:Misfire+1"],"picked":"hermit:Midnight+1","floor":51},{"not_picked":["hermit:Coalescence+1","hermit:Misfire+1"],"picked":"hermit:Ricochet+1","floor":52},{"not_picked":["hermit:Headshot+1","hermit:Snipe+1"],"picked":"hermit:Grudge","floor":58},{"not_picked":["hermit:NoHoldsBarred+1","hermit:FullyLoaded"],"picked":"hermit:Reprieve","floor":58},{"not_picked":["hermit:Maintenance","hermit:Shortfuse"],"picked":"hermit:Desperado+1","floor":58},{"not_picked":["hermit:LowProfile","hermit:HighCaliber+1"],"picked":"hermit:Enervate+1","floor":58},{"not_picked":["hermit:HoleUp","hermit:BigShot+1"],"picked":"hermit:Midnight","floor":58}],"player_experience":499672,"relics_obtained":[{"floor":8.0,"key":"PreservedInsect"},{"floor":9.0,"key":"Shuriken"},{"floor":13.0,"key":"Dream Catcher"},{"floor":14.0,"key":"Pocketwatch"},{"floor":17.0,"key":"Oddly Smooth Stone"},{"floor":17.0,"key":"White Beast Statue"},{"floor":17.0,"key":"Lizard Tail"},{"floor":19.0,"key":"CaptainsWheel"},{"floor":23.0,"key":"Vajra"},{"floor":24.0,"key":"Ancient Tea Set"},{"floor":26.0,"key":"Lantern"},{"floor":28.0,"key":"Letter Opener"},{"floor":31.0,"key":"HornCleat"},{"floor":40,"key":"Bag of Marbles"},{"floor":43,"key":"HollowMod:StagPassRelic"},{"floor":46,"key":"Toy Ornithopter"},{"floor":54,"key":"Bottled Flame"}],"event_choices":[{"damage_healed":0.0,"max_hp_gain":0.0,"max_hp_loss":0.0,"gold_gain":0.0,"event_name":"Menagerie:ScentOfGold","player_choice":"Pacify","floor":2.0,"gold_loss":0.0,"damage_taken":0.0,"relics_obtained":["Menagerie:Aurumvore"]},{"damage_healed":0.0,"max_hp_gain":0.0,"max_hp_loss":0.0,"gold_gain":0.0,"event_name":"Menagerie:MageAndMonster","player_choice":"Help the mage","floor":4.0,"gold_loss":0.0,"damage_taken":5.0,"cards_obtained":["Menagerie:SagesJudgement"]},{"damage_healed":0.0,"max_hp_gain":0.0,"max_hp_loss":0.0,"gold_gain":0.0,"event_name":"Accursed Blacksmith","player_choice":"Rummage","floor":5.0,"gold_loss":0.0,"damage_taken":0.0,"relics_obtained":["WarpedTongs"],"cards_obtained":["Pain"]},{"damage_healed":0.0,"max_hp_gain":0.0,"max_hp_loss":0.0,"gold_gain":0.0,"event_name":"Elementarium:BeastsOfTheMenagerie","player_choice":"Follow","floor":19.0,"gold_loss":0.0,"damage_taken":0.0},{"damage_healed":0.0,"max_hp_gain":0.0,"max_hp_loss":0.0,"gold_gain":0.0,"event_name":"Elementarium:ShatteredPortal","player_choice":"Gold","floor":22.0,"gold_loss":87.0,"damage_taken":0.0,"relics_obtained":["Turnip"]},{"damage_healed":0.0,"max_hp_gain":0.0,"max_hp_loss":0.0,"gold_gain":0.0,"event_name":"Elementarium:OtherworldlyPassage","player_choice":"Enter","floor":24.0,"gold_loss":0.0,"damage_taken":0.0},{"damage_healed":0.0,"max_hp_gain":0.0,"max_hp_loss":0.0,"gold_gain":0.0,"event_name":"Elementarium:OnrushingOffering","player_choice":"Toss","floor":27.0,"gold_loss":10.0,"damage_taken":0.0,"cards_obtained":["Elementarium:GildedEssence"]},{"damage_healed":0,"gold_gain":0,"player_choice":"Ignored","damage_taken":0,"max_hp_gain":0,"max_hp_loss":0,"event_name":"Purifier","floor":53,"gold_loss":0}],"is_beta":false,"boss_relics":[{"not_picked":["Coffee Dripper","SacredBark"],"picked":"Calling Bell"},{"not_picked":["Philosopher\u0027s Stone","construct:ClawGrip"],"picked":"Cursed Key"}],"items_purged_floors":[],"is_endless":false,"potions_floor_spawned":[7,11,14,16,18,19,20,21,23,24,30,31,33,35,36,39,40,44,46,47,51,52,56],"killed_by":"paleoftheancients:N","ascension_level":0}}