{"host":"onjcd8pn3ar4eq0z","time":1612830238,"event":{"mods":["2.2 Compatiblity","AchievementEnabler","Act Like it!","Aspiration","BaseMod","Bestiary","Better Note","Better Third Choice","BetterRewards","CapriCore","ChefMod","Colored Map","Colored Powertips","Conspire","Curses Come First","Downfall","Friendly Minions","Gensokyo","GifTheSpireLib","Gremlin Mod","Hallownest","Hermit","Highlight Path","Hubris","Infinite Spire","Jorbs\u0027s Wanderer Trilogy","Koishi","Lobotomy","LobotomyExtend","Marisa????????","Mimic Mod","Minty Spire (QoL Compilation)","Pale of the Ancients","Potionbrewer","Practice Mode","Relic Sorter","Reliquary","Remilia??????","Replay The Spire","Shop Mod","Spicy Shops","StSLib","Synergy Search","The Administrix","The Animator","The Blue Laboratory","The Bug Knight","The Construct","The Cursed","The Disciple","The Gatherer","The Hierophant","The Immortal","The Mystic","The Necromancer","The Runesmith","The Sage","The Servant 0.9.4","TheBandit","TheSwordswoman","Waifu the Spire","Wandering Minibosses","Yuyuko","noobMod"],"gold_per_floor":[99,116,116,129,129,129,162,162,191,263,275,275,305,317,335,435,435,435,448,448,468,487,487,519,539,558,558,558,572,589,618,629,729,729,729,748,766,916,930,930,981,997,804,872,887,4,4,19,32,32],"floor_reached":51,"language":"ENG","playtime":8379,"items_purged":[],"score":735,"play_id":"be7d23f3-0609-4a89-968e-e22fbbaa5bca","local_time":"20210208182358","is_ascension_mode":false,"campfire_choices":[{"data":"Guardian:TwinSlam","floor":1,"key":"SMITH"},{"data":"Guardian:Suspension","floor":6,"key":"SMITH"},{"floor":12,"key":"REST"},{"data":"Guardian:ConstructionForm","floor":18,"key":"SMITH"},{"floor":23,"key":"REST"},{"data":"Guardian:ChargeUp","floor":35,"key":"SMITH"},{"floor":40,"key":"REST"}],"circlet_count":0,"master_deck":["Guardian:Strike_Guardian","Guardian:Strike_Guardian+1","Guardian:Strike_Guardian","Guardian:Strike_Guardian","Guardian:Defend_Guardian","Guardian:Defend_Guardian","Guardian:Defend_Guardian","Guardian:CurlUp","Guardian:TwinSlam+1","Guardian:Recover+1","Guardian:Suspension+1","Guardian:ChargeUp+1","Guardian:SphericShield","Guardian:ChargeCore","Guardian:PolyBeam","Guardian:RefractedBeam","Guardian:ConstructionForm+1","Guardian:ShieldCharger+1","BloodySeventeenLaser+1","Guardian:Recover+1","Guardian:PrismaticBeam+1","Guardian:ExploitGems","Guardian:BronzeOrb","Guardian:ShieldCharger","Guardian:FierceBash","Guardian:TemporalShield","Guardian:ChargeCore+1","Guardian:Repulse+1","Guardian:MultiBeam","Guardian:GemFinder","expansioncontent:DashGenerateEvil","Guardian:Gem_Red","Guardian:TemporalShield+1","Guardian:PiercingHide","expansioncontent:QuickStudy","Guardian:PrimingBeam","Guardian:Gem_Red","Guardian:Orbwalk+1","Guardian:TimeBomb+1"],"relics":["Guardian:ModeShifter","Replay:Accelerometer","ice","LetterFromLob","Mirror","Ornamental Fan","ReplayFunnel","Replay:Bronze Core","Letter Opener","downfall:KnowingSkull","HollowMod:PaleOreRelic","ChewingGum","reliquary:Stiletto","wanderingMiniBosses:OtherGremlinHorn","conspire:Boomerang","Toy Ornithopter","Frozen Egg 2"],"acts_visited":["Exordium","TheCity","TheBeyond"],"potions_floor_usage":[16,16,33,33,33,49,50,50],"damage_taken":[{"damage":8,"enemies":"Small Slimes","floor":2,"turns":3},{"damage":0,"enemies":"2 Louse","floor":4,"turns":3},{"damage":3,"enemies":"Cultist","floor":7,"turns":9},{"damage":4,"enemies":"HollowMod:MossKnight","floor":9,"turns":13},{"damage":0,"enemies":"Cultist","floor":11,"turns":3},{"damage":3,"enemies":"Replay:BlueRogue","floor":13,"turns":6},{"damage":2,"enemies":"Exordium Wildlife","floor":14,"turns":3},{"damage":12,"enemies":"3 Louse","floor":15,"turns":4},{"damage":3,"enemies":"WA_ARCHETYPE_RETAIN","floor":16,"turns":7},{"damage":4,"enemies":"conspire:FuzzyDice","floor":19,"turns":6},{"damage":9,"enemies":"3 Cultists","floor":21,"turns":7},{"damage":11,"enemies":"Shelled Parasite and Fungi","floor":22,"turns":7},{"damage":0,"enemies":"Cultist and Chosen","floor":24,"turns":5},{"damage":2,"enemies":"Cultist and Chosen","floor":25,"turns":7},{"damage":0,"enemies":"conspire:HollyBat","floor":26,"turns":7},{"damage":1,"enemies":"Snecko","floor":29,"turns":6},{"damage":9,"enemies":"Shelled Parasite and Fungi","floor":30,"turns":5},{"damage":6,"enemies":"Book of Stabbing","floor":31,"turns":7},{"damage":1,"enemies":"Centurion and Healer","floor":32,"turns":6},{"damage":11,"enemies":"IC_MUSHROOM_ARCHETYPE","floor":33,"turns":5},{"damage":21,"enemies":"3 Darklings","floor":36,"turns":6},{"damage":18,"enemies":"Orb Walker","floor":37,"turns":8},{"damage":21,"enemies":"Writhing Mass","floor":39,"turns":8},{"damage":3,"enemies":"4 Shapes","floor":42,"turns":6},{"damage":0,"enemies":"downfall:FleeingMerchant","floor":43,"turns":5},{"damage":14,"enemies":"Jaw Worm Horde","floor":45,"turns":5},{"damage":1,"enemies":"downfall:FleeingMerchant","floor":46,"turns":5},{"damage":0,"enemies":"Maw","floor":48,"turns":5},{"damage":0,"enemies":"Spire Growth","floor":49,"turns":3},{"damage":0,"enemies":"SI_POISON_ARCHETYPE","floor":50,"turns":6}],"seed_played":"4506709799267764277","potions_obtained":[{"floor":0,"key":"PowerPotion"},{"floor":0,"key":"Guardian:DefensiveModePotion"},{"floor":0,"key":"Swift Potion"},{"floor":4,"key":"Guardian:AcceleratePotion"},{"floor":14,"key":"bronze:BurnAndBuffPotion"},{"floor":25,"key":"blueLaboratory:AbyssPotion"},{"floor":26,"key":"PowerPotion"},{"floor":30,"key":"blueLaboratory:SavagePotion"},{"floor":45,"key":"champ:CounterPotion"}],"is_trial":false,"path_per_floor":["R","M","?","M","M","R","MIM","?","E","T","M","R","E","M","M","B",null,"R","M","?","M","M","R","MIM","M","M","?","?","M","M","E","M","B",null,"R","M","M","?","M","R","T","M","$","T","M","$","?","M","M","B",null],"character_chosen":"GUARDIAN","items_purchased":["expansioncontent:DashGenerateEvil","conspire:Boomerang","SteroidPotion","Block Potion","Toy Ornithopter","expansioncontent:QuickStudy","Guardian:PrimingBeam"],"campfire_rested":3,"item_purchase_floors":[43,46,46,46,46,46,46],"current_hp_per_floor":[80,72,72,72,72,72,69,69,65,65,65,80,77,75,63,60,80,80,76,76,67,57,80,80,78,78,78,70,69,60,54,53,53,80,80,59,41,41,20,44,44,41,41,41,27,26,26,26,31,41],"gold":32,"neow_bonus":"THREE_SMALL_POTIONS","is_daily":false,"chose_seed":false,"campfire_upgraded":4,"win_rate":0.0,"timestamp":1612830238,"path_taken":["R","M","?","M","M","R","MIM","?","E","?","?","R","E","M","M","BOSS","R","M","?","?","M","R","MIM","M","M","?","?","M","M","E","M","BOSS","R","M","?","?","M","R","T","M","$","?","M","$","?","M","M","BOSS"],"items_purchased_type":["Card","Relic","Potion","Potion","Relic","Card","Card"],"build_version":"2020-12-22","purchased_purges":0,"victory":true,"max_hp_per_floor":[80,80,80,80,80,80,80,80,80,80,80,80,80,80,80,80,80,80,80,80,80,80,80,80,80,80,80,80,80,80,80,80,80,80,80,80,80,80,80,80,80,80,80,80,80,80,80,80,80,80],"card_choices":[{"not_picked":["Guardian:PrismaticBeam","Guardian:PrimingBeam"],"picked":"Guardian:Recover","floor":2},{"not_picked":["Guardian:VentSteam","Guardian:PrismaticBarrier"],"picked":"Guardian:Suspension","floor":4},{"not_picked":["Guardian:TemporalShield","Guardian:Gem_Green"],"picked":"Guardian:ChargeUp","floor":7},{"not_picked":["Guardian:VentSteam","Guardian:Planning"],"picked":"Guardian:SphericShield","floor":9},{"not_picked":["Guardian:PrimingBeam","Guardian:BronzeArmor"],"picked":"Guardian:ChargeCore","floor":11},{"not_picked":["Guardian:ShieldSpikes","Guardian:SpikerProtocol"],"picked":"Guardian:PolyBeam","floor":13},{"not_picked":["Guardian:ChargeCore","Guardian:BronzeArmor"],"picked":"Guardian:RefractedBeam","floor":14},{"not_picked":["Guardian:Gem_Blue","Guardian:ChargeCore"],"picked":"Guardian:Gem_Purple","floor":15},{"not_picked":["Guardian:ExploitGems","Guardian:AncientConstruct"],"picked":"Guardian:ConstructionForm","floor":16},{"not_picked":["Guardian:Reroute","Guardian:PiercingHide"],"picked":"Guardian:ShieldCharger+1","floor":19},{"not_picked":["Guardian:WalkerClaw","Guardian:VentSteam+1"],"picked":"Guardian:Recover+1","floor":21},{"not_picked":["Guardian:Preprogram","Guardian:ShieldSpikes+1"],"picked":"Guardian:Gem_Crimson","floor":22},{"not_picked":["Guardian:WalkerClaw","Guardian:CrystalBeam"],"picked":"Guardian:PrismaticBeam+1","floor":24},{"not_picked":["Guardian:TemporalStrike","Guardian:Recover"],"picked":"Guardian:ExploitGems","floor":25},{"not_picked":["Guardian:ShieldCharger","Guardian:Harden"],"picked":"Guardian:Gem_Cyan","floor":26},{"not_picked":["Guardian:Gem_Yellow","Guardian:ShieldCharger"],"picked":"Guardian:BronzeOrb","floor":29},{"not_picked":["Guardian:Incinerate","Guardian:Recover"],"picked":"Guardian:Gem_Crimson","floor":30},{"not_picked":["Guardian:ChargeCore","Guardian:Recover"],"picked":"Guardian:ShieldCharger","floor":31},{"not_picked":["Guardian:Gem_Yellow","Guardian:Repulse"],"picked":"Guardian:Gem_Purple","floor":32},{"not_picked":["Guardian:RevengeProtocol","Guardian:AncientConstruct"],"picked":"Guardian:FierceBash","floor":33},{"not_picked":["Guardian:Gem_Cyan","Guardian:Reroute+1"],"picked":"Guardian:TemporalShield","floor":36},{"not_picked":["Guardian:CrystalBeam+1","Guardian:PrimingBeam+1"],"picked":"Guardian:ChargeCore+1","floor":37},{"not_picked":["Guardian:Planning+1","Guardian:PrismaticBeam+1"],"picked":"Guardian:Repulse+1","floor":39},{"not_picked":["Guardian:ShieldCharger+1","Guardian:Gem_Green"],"picked":"Guardian:MultiBeam","floor":42},{"not_picked":["Guardian:AncientConstruct","Guardian:PrimingBeam"],"picked":"Guardian:GemFinder","floor":43},{"not_picked":["Guardian:Gem_Lightblue","Guardian:Gem_Cyan"],"picked":"Guardian:Gem_Red","floor":45},{"not_picked":["Guardian:Incinerate","Guardian:Gem_Green"],"picked":"Guardian:TemporalShield+1","floor":45},{"not_picked":["Guardian:Recover","Guardian:VentSteam"],"picked":"Guardian:PiercingHide","floor":46},{"not_picked":["Guardian:Gem_Green","Guardian:Gem_Cyan"],"picked":"Guardian:Gem_Red","floor":48},{"not_picked":["Guardian:RefractedBeam+1","Guardian:SentryBeam+1"],"picked":"Guardian:Orbwalk+1","floor":48},{"not_picked":["Guardian:RollAttack","Guardian:Planning"],"picked":"Guardian:TimeBomb+1","floor":49}],"player_experience":492332,"relics_obtained":[{"floor":2,"key":"LetterFromLob"},{"floor":7,"key":"Gremlin Food"},{"floor":9,"key":"Mirror"},{"floor":10,"key":"Ornamental Fan"},{"floor":13,"key":"ReplayFunnel"},{"floor":24,"key":"Letter Opener"},{"floor":31,"key":"HollowMod:PaleOreRelic"},{"floor":41,"key":"reliquary:Stiletto"},{"floor":44,"key":"Replay:Accelerometer"},{"floor":45,"key":"wanderingMiniBosses:OtherGremlinHorn"},{"floor":47,"key":"Frozen Egg 2"}],"event_choices":[{"damage_healed":0,"gold_gain":0,"player_choice":"Disagree","damage_taken":0,"max_hp_gain":0,"max_hp_loss":0,"event_name":"conspire:LoneGhost","floor":8,"gold_loss":0},{"cards_removed":["Guardian:ConstructionForm"],"damage_healed":0,"gold_gain":0,"player_choice":"Take \u0026 Give","damage_taken":0,"max_hp_gain":0,"max_hp_loss":0,"event_name":"betterNote:BetterNote","floor":20,"gold_loss":0,"cards_obtained":["BloodySeventeenLaser"]}],"is_beta":false,"boss_relics":[{"not_picked":["conspire:SeveredTorchhead","Honey Jar"],"picked":"Replay:Bronze Core"},{"not_picked":["aspiration:SecretTechniqueScroll","ReplayTheSpireMod:SealedPack"],"picked":"ChewingGum"}],"items_purged_floors":[],"is_endless":false,"potions_floor_spawned":[4,9,11,14,25,26,30,32,45,48,49],"ascension_level":0}}