{"host":"ej105hmlhg4ikw5v","time":1612855425,"event":{"mods":["AchievementEnabler","BaseMod","Better Sensory Stone","Better Skull","Better Vampires","Block Reminder","CapriCore","Colored Map","Colored Powertips","DeckTracker","Dio Mod","GifTheSpireLib","Highlight Path","Lobotomy","LobotomyExtend","Marisa????????","Minty Spire (QoL Compilation)","Permanent Neow","Prisma Mod","Quick Restart","Relic Stats","Remilia??????","Replay The Spire","Shop Mod","Spicy Shops","StSLib","The Immortal","The Senshi","The Wild Card","Waifu the Spire"],"gold_per_floor":[113,128,128,138,20,20,50,12,12,47,61,89,37,52,52,150,150,150,150],"floor_reached":18,"language":"SPA","playtime":1133,"items_purged":[],"score":308,"play_id":"e892d3f0-1dae-4e98-8ea5-29dd40dde136","local_time":"20210209042345","is_ascension_mode":true,"campfire_choices":[{"data":"theWildCard:CryOfAgony","floor":6,"key":"SMITH"},{"floor":15,"key":"REST"}],"circlet_count":0,"master_deck":["theWildCard:BasicStrike","theWildCard:BasicStrike","theWildCard:BasicStrike","theWildCard:BasicStrike","theWildCard:BasicDefend","theWildCard:BasicDefend","theWildCard:BasicDefend","theWildCard:BasicDefend","theWildCard:CallToAdventure","theWildCard:Arsene","theWildCard:SeveringSlash","theWildCard:Unburden","theWildCard:Patience+1","theWildCard:CryOfAgony+1","theWildCard:Metatron","theWildCard:StalwartBlade","theWildCard:PowerOfTheArcana","theWildCard:Providence","theWildCard:FinalHour","theWildCard:ArcaneArts","theWildCard:SeveringSlash","theWildCard:ArchaicAssault+1","theWildCard:BladeOfGenerations","theWildCard:Ruination"],"relics":["theWildCard:VelvetContract","LetterFromLob","Girya","StoneCalendar","Tiny Chest","Toy Ornithopter","theWildCard:FigureOfDeath"],"acts_visited":["Exordium","TheCity"],"potions_floor_usage":[7,10,16,16],"damage_taken":[{"damage":0,"enemies":"2 Louse","floor":1,"turns":2},{"damage":0,"enemies":"Cultist","floor":2,"turns":4},{"damage":5,"enemies":"Small Slimes","floor":4,"turns":3},{"damage":0,"enemies":"Replay:BlueRogue","floor":7,"turns":6},{"damage":0,"enemies":"3 Sentries","floor":10,"turns":3},{"damage":9,"enemies":"2 Fungi Beasts","floor":11,"turns":2},{"damage":24,"enemies":"Lagavulin","floor":12,"turns":6},{"damage":18,"enemies":"Exordium Wildlife","floor":14,"turns":3},{"damage":8,"enemies":"The Guardian","floor":16,"turns":7},{"damage":94,"enemies":"Shell Parasite","floor":18,"turns":2}],"seed_played":"-4657619348289474496","potions_obtained":[{"floor":2,"key":"Adrenaline Potion"},{"floor":7,"key":"DuplicationPotion"},{"floor":12,"key":"Swift Potion"},{"floor":14,"key":"SkillPotion"}],"is_trial":false,"path_per_floor":["M","M","?","M","$","R","E","$","T","E","M","E","$","M","R","B",null,"M"],"character_chosen":"THE_WILD_CARD","items_purchased":["theWildCard:Metatron","theWildCard:StalwartBlade","theWildCard:Providence","theWildCard:ArchaicAssault+1"],"campfire_rested":1,"item_purchase_floors":[5,5,8,13],"current_hp_per_floor":[60,60,60,55,55,55,55,55,55,56,48,25,25,8,26,31,60,0,0],"gold":150,"neow_bonus":"THREE_CARDS","is_daily":false,"chose_seed":false,"campfire_upgraded":1,"win_rate":0.0,"timestamp":1612855425,"path_taken":["M","M","?","?","$","R","E","$","T","E","?","E","$","M","R","BOSS","M"],"items_purchased_type":["Card","Card","Card","Card"],"build_version":"2020-12-22","purchased_purges":0,"victory":false,"max_hp_per_floor":[60,60,60,60,60,60,60,60,60,60,60,60,60,60,60,60,60,60,60],"relic_stats":{"counters":[10,38],"StoneCalendar":[43],"Tiny Chest":0,"obtain_stats":[{"theWildCard:VelvetContract":0,"Girya":7,"theWildCard:FigureOfDeath":17,"StoneCalendar":9,"Tiny Chest":10,"LetterFromLob":1,"Toy Ornithopter":12},{"theWildCard:VelvetContract":0,"Girya":4,"theWildCard:FigureOfDeath":9,"StoneCalendar":4,"Tiny Chest":5,"LetterFromLob":1,"Toy Ornithopter":7},{"theWildCard:VelvetContract":0,"Girya":15,"theWildCard:FigureOfDeath":36,"StoneCalendar":15,"Tiny Chest":18,"LetterFromLob":2,"Toy Ornithopter":26}],"Toy Ornithopter":10},"card_choices":[{"not_picked":["theWildCard:StingingStrike","theWildCard:Proficiency"],"picked":"theWildCard:SeveringSlash","floor":0.0},{"not_picked":["theWildCard:StingingStrike","theWildCard:SeveringSlash"],"picked":"theWildCard:Unburden","floor":1},{"not_picked":["theWildCard:StingingStrike","theWildCard:ManOfManyFaces"],"picked":"theWildCard:Patience","floor":2},{"not_picked":["theWildCard:Unburden","theWildCard:ShieldOfMany"],"picked":"theWildCard:CryOfAgony","floor":4},{"not_picked":["theWildCard:LadyLuck","theWildCard:Scathach"],"picked":"theWildCard:PowerOfTheArcana","floor":7},{"not_picked":["theWildCard:UnendingRitual","theWildCard:EnergizedStroke"],"picked":"theWildCard:FinalHour","floor":10},{"not_picked":["theWildCard:LadyLuck","theWildCard:ShieldOfMany"],"picked":"theWildCard:ArcaneArts","floor":11},{"not_picked":["theWildCard:LadyLuck","theWildCard:FinalHour"],"picked":"theWildCard:SeveringSlash","floor":12},{"not_picked":["theWildCard:EnergizedStroke","theWildCard:StingingStrike"],"picked":"theWildCard:BladeOfGenerations","floor":14},{"not_picked":["theWildCard:TheUniverse","theWildCard:Amaterasu"],"picked":"theWildCard:Ruination","floor":16}],"player_experience":339964,"relics_obtained":[{"floor":1,"key":"LetterFromLob"},{"floor":7,"key":"Girya"},{"floor":9,"key":"StoneCalendar"},{"floor":10,"key":"Tiny Chest"},{"floor":12,"key":"Toy Ornithopter"}],"event_choices":[{"damage_healed":0,"gold_gain":0,"player_choice":"Upgraded","damage_taken":0,"max_hp_gain":0,"max_hp_loss":0,"event_name":"Upgrade Shrine","floor":3,"gold_loss":0,"cards_upgraded":["theWildCard:Patience"]}],"is_beta":false,"boss_relics":[{"not_picked":["Astrolabe","Tiny House"],"picked":"theWildCard:FigureOfDeath"}],"items_purged_floors":[],"is_endless":false,"potions_floor_spawned":[2,7,12,14],"killed_by":"Shell Parasite","ascension_level":2}}