{"host":"0kwl2uefibxd2nsv","time":1612874339,"event":{"mods":["Act Like it!","Aspiration","BaseMod","Better Note","BetterRewards","DeckTracker","Googly Eyes","Minty Spire (QoL Compilation)","Reliquary","Shop Mod","StS++","StSLib"],"gold_per_floor":[115,44,44,64,13,43,43,43,43,8,8,19,30,62,62,166,166,180,180,190,190,190,222,240,240,267,64,77,77,30,48,48,147,147,165,183,183,40,90,90,101,132,132,132,87,103,103,103,103,103,103],"floor_reached":50,"language":"ENG","playtime":1291,"items_purged":[],"score":869,"play_id":"083ff2ea-9b3b-442b-bb12-af6121255991","local_time":"20210209133859","is_ascension_mode":true,"campfire_choices":[{"data":"Noxious Fumes","floor":7,"key":"SMITH"},{"data":"Deadly Poison","floor":11,"key":"SMITH"},{"data":"Catalyst","floor":15,"key":"SMITH"},{"data":"Noxious Fumes","floor":29,"key":"SMITH"},{"floor":32,"key":"REST"},{"data":"Neutralize","floor":40,"key":"SMITH"},{"floor":44,"key":"REST"},{"data":"Tools of the Trade","floor":47,"key":"SMITH"},{"data":"Madness","floor":49,"key":"SMITH"}],"circlet_count":0,"master_deck":["AscendersBane","Strike_G","Strike_G","Defend_G","Defend_G","Defend_G","Defend_G","Defend_G","Survivor","Neutralize+1","Sucker Punch","Noxious Fumes+1","Corpse Explosion","Deadly Poison+1","Deflect","Catalyst+1","Poisoned Stab","PiercingWail","Prepared","Tools of the Trade+1","Finesse","Noxious Fumes+1","Deflect","Deadly Poison","Dodge and Roll","Dodge and Roll+1","Deadly Poison+1","Madness+1","Madness","Deadly Poison+1","PiercingWail","Backflip"],"relics":["Ring of the Snake","NeowsBlessing","reliquary:TatteredRug","Mercury Hourglass","aspiration:HummingbirdHeart","Snake Skull","reliquary:KinkedSpring","Juzu Bracelet","CultistMask","aspiration:Stabinomicon","reliquary:RoseTintedGlasses","aspiration:SecretTechniqueScroll","Anchor","Peace Pipe","reliquary:Aerogel","Frozen Egg 2"],"acts_visited":["Exordium","TheCity","TheBeyond"],"potions_floor_usage":[20,23,41,41,42,42,42,42,50],"damage_taken":[{"damage":0,"enemies":"Small Slimes","floor":1,"turns":2},{"damage":0,"enemies":"Cultist","floor":4,"turns":1},{"damage":0,"enemies":"3 Sentries","floor":6,"turns":1},{"damage":0,"enemies":"Jaw Worm","floor":12,"turns":3},{"damage":0,"enemies":"3 Louse","floor":13,"turns":3},{"damage":11,"enemies":"Lagavulin","floor":14,"turns":5},{"damage":5,"enemies":"Hexaghost","floor":16,"turns":7},{"damage":1,"enemies":"2 Thieves","floor":18,"turns":3},{"damage":0,"enemies":"Spheric Guardian","floor":20,"turns":3},{"damage":35,"enemies":"Book of Stabbing","floor":23,"turns":6},{"damage":3,"enemies":"Snecko","floor":24,"turns":4},{"damage":8,"enemies":"Snake Plant","floor":28,"turns":3},{"damage":10,"enemies":"Cultist and Chosen","floor":31,"turns":5},{"damage":16,"enemies":"Champ","floor":33,"turns":8},{"damage":0,"enemies":"3 Shapes","floor":35,"turns":4},{"damage":4,"enemies":"Orb Walker","floor":36,"turns":4},{"damage":0,"enemies":"Mind Bloom Boss Battle","floor":39,"turns":5},{"damage":9,"enemies":"Writhing Mass","floor":41,"turns":4},{"damage":28,"enemies":"Reptomancer","floor":42,"turns":5},{"damage":4,"enemies":"Jaw Worm Horde","floor":46,"turns":3},{"damage":72,"enemies":"Donu and Deca","floor":50,"turns":5}],"seed_played":"-5459045149188164761","potions_obtained":[{"floor":1,"key":"StSpp:InhibitionPotion"},{"floor":4,"key":"StSpp:InhibitionPotion"},{"floor":13,"key":"Explosive Potion"},{"floor":16,"key":"Block Potion"},{"floor":20,"key":"StSpp:ScatteredPotion"},{"floor":23,"key":"Swift Potion"},{"floor":41,"key":"LiquidMemories"},{"floor":46,"key":"AttackPotion"}],"is_trial":false,"path_per_floor":["M","$","?","M","$","E","R","T","T","?","R","M","M","E","R","B",null,"M","?","M","T","?","E","M","?","T","$","M","R","$","M","R","B",null,"M","M","?","$","?","R","M","E","T","R","$","M","R","?","R","B"],"character_chosen":"THE_SILENT","items_purchased":["Noxious Fumes","Deadly Poison","Finesse","Noxious Fumes","Deflect","Dodge and Roll","Anchor","PiercingWail"],"campfire_rested":2,"item_purchase_floors":[2,5,27,27,27,30,38,45],"current_hp_per_floor":[63,63,63,63,63,63,63,63,63,70,70,70,70,59,59,54,66,65,65,65,65,65,30,27,27,27,27,19,19,19,9,30,14,56,56,52,43,43,43,43,34,6,6,27,27,23,23,61,61,0,0],"gold":103,"neow_bonus":"THREE_ENEMY_KILL","is_daily":false,"chose_seed":false,"campfire_upgraded":7,"win_rate":0.0,"timestamp":1612874339,"path_taken":["M","$","?","M","?","E","R","?","T","?","R","?","M","E","R","BOSS","M","?","?","?","?","E","M","?","T","$","M","R","?","M","R","BOSS","M","M","?","$","?","R","M","E","T","R","?","M","R","?","R","BOSS"],"items_purchased_type":["Card","Card","Card","Card","Card","Card","Relic","Card"],"build_version":"2020-12-22","purchased_purges":0,"victory":false,"max_hp_per_floor":[70,70,70,70,70,70,70,70,70,70,70,70,70,70,70,70,70,70,70,70,70,70,70,70,70,70,70,70,70,70,70,70,70,70,70,70,70,70,70,70,70,70,70,70,70,70,70,61,61,61,61],"card_choices":[{"not_picked":["StSpp:Anticipation","Prepared"],"picked":"Sucker Punch","floor":1},{"not_picked":["Flying Knee","Slice","Bane"],"picked":"SKIP","floor":4},{"not_picked":["Blade Dance","Unload","Infinite Blades"],"picked":"SKIP","floor":6},{"not_picked":["Heel Hook","Underhanded Strike"],"picked":"Deflect","floor":12},{"not_picked":["Backflip","Deadly Poison"],"picked":"Catalyst","floor":13},{"not_picked":["Choke","StSpp:Lure"],"picked":"Poisoned Stab","floor":14},{"not_picked":["Eviscerate","StSpp:Throw","Outmaneuver"],"picked":"SKIP","floor":18},{"not_picked":["Bouncing Flask","Heel Hook+1","Cloak And Dagger+1"],"picked":"SKIP","floor":20},{"not_picked":["Setup","Flying Knee"],"picked":"PiercingWail","floor":23},{"not_picked":["Cloak And Dagger","Quick Slash"],"picked":"Prepared","floor":24},{"not_picked":["Outmaneuver","StSpp:SwitchWeapon"],"picked":"Deadly Poison","floor":28},{"not_picked":["Underhanded Strike","Predator","StSpp:Dive"],"picked":"SKIP","floor":31},{"not_picked":["Sucker Punch","Cloak And Dagger"],"picked":"Dodge and Roll+1","floor":35},{"not_picked":["Choke","StSpp:Dive+1"],"picked":"Deadly Poison+1","floor":36},{"not_picked":["Cloak And Dagger+1","Underhanded Strike+1"],"picked":"Deadly Poison+1","floor":41},{"not_picked":["StSpp:CorrosivePoison+1","Heel Hook","Quick Slash"],"picked":"SKIP","floor":42},{"not_picked":["Dagger Throw","Poisoned Stab"],"picked":"Backflip","floor":46}],"player_experience":2022223,"relics_obtained":[{"floor":6,"key":"reliquary:TatteredRug"},{"floor":8,"key":"Mercury Hourglass"},{"floor":9,"key":"aspiration:HummingbirdHeart"},{"floor":14,"key":"Snake Skull"},{"floor":21,"key":"Juzu Bracelet"},{"floor":23,"key":"aspiration:Stabinomicon"},{"floor":26,"key":"reliquary:RoseTintedGlasses"},{"floor":39,"key":"Peace Pipe"},{"floor":42,"key":"reliquary:Aerogel"},{"floor":43,"key":"Frozen Egg 2"}],"event_choices":[{"damage_healed":0,"gold_gain":0,"cards_transformed":["Strike_G"],"player_choice":"Transformed","damage_taken":0,"max_hp_gain":0,"max_hp_loss":0,"event_name":"Transmorgrifier","floor":3,"gold_loss":0,"cards_obtained":["Corpse Explosion"]},{"damage_healed":17,"gold_gain":0,"player_choice":"Healed","damage_taken":0,"max_hp_gain":0,"max_hp_loss":0,"event_name":"The Cleric","floor":10,"gold_loss":35},{"cards_removed":["Strike_G"],"damage_healed":0,"gold_gain":0,"player_choice":"Purged","damage_taken":0,"max_hp_gain":0,"max_hp_loss":0,"event_name":"Purifier","floor":19,"gold_loss":0},{"damage_healed":0,"gold_gain":0,"player_choice":"Trade","damage_taken":0,"relics_obtained":["CultistMask"],"max_hp_gain":0,"max_hp_loss":0,"event_name":"FaceTrader","floor":22,"gold_loss":0},{"damage_healed":0,"gold_gain":0,"cards_transformed":["Strike_G"],"player_choice":"Transformed","damage_taken":0,"max_hp_gain":0,"max_hp_loss":0,"event_name":"Transmorgrifier","floor":25,"gold_loss":0,"cards_obtained":["Tools of the Trade"]},{"damage_healed":0,"gold_gain":0,"player_choice":"Embrace Madness","damage_taken":9,"max_hp_gain":0,"max_hp_loss":0,"event_name":"Winding Halls","floor":37,"gold_loss":0,"cards_obtained":["Madness","Madness"]},{"damage_healed":0,"gold_gain":0,"player_choice":"Fight","damage_taken":0,"max_hp_gain":0,"max_hp_loss":0,"event_name":"MindBloom","floor":39,"gold_loss":0},{"damage_healed":61,"gold_gain":0,"player_choice":"Heal","damage_taken":0,"max_hp_gain":0,"max_hp_loss":9,"event_name":"The Moai Head","floor":48,"gold_loss":0}],"is_beta":false,"boss_relics":[{"not_picked":["StSpp:PileOfSugar","StSpp:Balance"],"picked":"reliquary:KinkedSpring"},{"not_picked":["HoveringKite","aspiration:FutureDiary"],"picked":"aspiration:SecretTechniqueScroll"}],"items_purged_floors":[],"is_endless":false,"potions_floor_spawned":[1,4,13,16,18,20,23,28,41,46],"killed_by":"Donu and Deca","ascension_level":10}}