{"host":"q8mjpf3krl0t4p3x","time":1612863605,"event":{"mods":["BaseMod","Colored Map","Colored Powertips","Googly Eyes","Minty Spire (QoL Compilation)","Quick Restart","StSLib","everything is the same but u backflip on backflip","slay the spire mod where everything is the same but ironclad has a cowboy hat"],"gold_per_floor":[113,113,123,123,71,99,114,114,114,125,125,145,155,175,175,246,246,256,256,275,77,91,91,120,219,266,366,92,117,117,136,136,136,136],"floor_reached":33,"language":"ENG","playtime":950,"items_purged":["Defend_R"],"score":570,"play_id":"73ca0940-b563-4ce2-91e7-d4483ec60673","local_time":"20210209014005","is_ascension_mode":true,"campfire_choices":[{"data":"Cleave","floor":8,"key":"SMITH"},{"data":"Wild Strike","floor":11,"key":"SMITH"},{"floor":15,"key":"REST"},{"data":"Inflame","floor":23,"key":"SMITH"},{"floor":30,"key":"REST"},{"data":"Hemokinesis","floor":32,"key":"SMITH"}],"circlet_count":0,"master_deck":["AscendersBane","Strike_R","Strike_R","Strike_R","Strike_R","Strike_R","Defend_R","Defend_R","Defend_R","Bash","Twin Strike+1","Wild Strike+1","Anger","Cleave+1","Hemokinesis+1","Flex","Headbutt","Immolate+1","Inflame+1","Pommel Strike","Battle Trance"],"relics":["Burning Blood","Mummified Hand","HornCleat","Letter Opener","Odd Mushroom","Mark of Pain","Orichalcum","Darkstone Periapt","PreservedInsect","Turnip","Frozen Egg 2","Pen Nib","Gremlin Horn"],"acts_visited":["Exordium","TheCity"],"potions_floor_usage":[10,10,20,29,33,33],"damage_taken":[{"damage":20,"enemies":"Small Slimes","floor":1,"turns":3},{"damage":12,"enemies":"Jaw Worm","floor":3,"turns":2},{"damage":40,"enemies":"Gremlin Nob","floor":6,"turns":5},{"damage":0,"enemies":"Cultist","floor":7,"turns":3},{"damage":5,"enemies":"Gremlin Gang","floor":10,"turns":3},{"damage":14,"enemies":"The Mushroom Lair","floor":12,"turns":4},{"damage":8,"enemies":"Exordium Wildlife","floor":13,"turns":2},{"damage":18,"enemies":"3 Louse","floor":14,"turns":3},{"damage":2,"enemies":"Slime Boss","floor":16,"turns":7},{"damage":2,"enemies":"3 Byrds","floor":18,"turns":4},{"damage":10,"enemies":"2 Thieves","floor":20,"turns":3},{"damage":19,"enemies":"Shelled Parasite and Fungi","floor":22,"turns":4},{"damage":14,"enemies":"Gremlin Leader","floor":24,"turns":4},{"damage":2,"enemies":"Colosseum Slavers","floor":27,"turns":2},{"damage":1,"enemies":"Colosseum Nobs","floor":27,"turns":2},{"damage":30,"enemies":"Book of Stabbing","floor":29,"turns":4},{"damage":18,"enemies":"Snecko","floor":31,"turns":4},{"damage":62,"enemies":"Champ","floor":33,"turns":8}],"seed_played":"9203796878444684772","potions_obtained":[{"floor":1,"key":"Block Potion"},{"floor":10,"key":"BloodPotion"},{"floor":12,"key":"LiquidBronze"},{"floor":29,"key":"Fruit Juice"},{"floor":31,"key":"SteroidPotion"}],"is_trial":false,"path_per_floor":["M","?","M","T","$","E","M","R","T","M","R","?","M","M","R","B",null,"M","?","M","$","M","R","E","?","T","?","$","E","R","M","R","B"],"character_chosen":"IRONCLAD","items_purchased":["BloodPotion","Orichalcum","PowerPotion","Pen Nib","Strength Potion"],"campfire_rested":2,"item_purchase_floors":[5,21,21,28,28],"current_hp_per_floor":[61,61,55,55,55,21,27,27,27,60,60,52,50,38,62,66,78,82,82,78,78,65,65,57,57,57,66,66,47,73,61,61,0,0],"gold":136,"neow_bonus":"TEN_PERCENT_HP_BONUS","is_daily":false,"chose_seed":false,"campfire_upgraded":4,"win_rate":0.0,"timestamp":1612863605,"path_taken":["M","?","M","?","?","E","?","R","T","?","R","?","M","M","R","BOSS","M","?","M","$","?","R","E","?","T","?","?","E","R","M","R","BOSS"],"items_purchased_type":["Potion","Relic","Potion","Relic","Potion"],"build_version":"2020-12-22","purchased_purges":1,"victory":false,"max_hp_per_floor":[82,82,82,82,82,82,82,82,82,82,82,82,82,82,82,82,82,82,82,82,82,82,82,82,82,82,82,82,87,87,87,87,87,87],"card_choices":[{"not_picked":["Disarm","Thunderclap"],"picked":"Twin Strike","floor":1},{"not_picked":["Blood for Blood","Uppercut"],"picked":"Wild Strike","floor":3},{"not_picked":["Sever Soul","Perfected Strike"],"picked":"Anger","floor":6},{"not_picked":["Anger","Second Wind"],"picked":"Cleave","floor":7},{"not_picked":["Bloodletting","Ghostly Armor","Wild Strike"],"picked":"SKIP","floor":10},{"not_picked":["Seeing Red","Burning Pact"],"picked":"Hemokinesis","floor":12},{"not_picked":["Intimidate","Wild Strike"],"picked":"Flex","floor":13},{"not_picked":["Pommel Strike","Rage"],"picked":"Headbutt","floor":14},{"not_picked":["Brutality","Exhume"],"picked":"Immolate","floor":16},{"not_picked":["Headbutt","Evolve"],"picked":"Inflame","floor":18},{"not_picked":["Anger+1","Wild Strike","Thunderclap"],"picked":"SKIP","floor":20},{"not_picked":["Clothesline","Inflame"],"picked":"Pommel Strike","floor":22},{"not_picked":["Feel No Pain","Fire Breathing+1"],"picked":"Battle Trance","floor":24},{"not_picked":["Wild Strike","Fire Breathing+1","Evolve+1"],"picked":"SKIP","floor":29},{"not_picked":["Perfected Strike","Body Slam","Iron Wave"],"picked":"SKIP","floor":31}],"player_experience":345164,"relics_obtained":[{"floor":4,"key":"Mummified Hand"},{"floor":6,"key":"HornCleat"},{"floor":9,"key":"Letter Opener"},{"floor":12,"key":"Odd Mushroom"},{"floor":24,"key":"Darkstone Periapt"},{"floor":26,"key":"PreservedInsect"},{"floor":27,"key":"Turnip"},{"floor":27,"key":"Frozen Egg 2"},{"floor":29,"key":"Gremlin Horn"}],"event_choices":[{"damage_healed":0,"gold_gain":0,"player_choice":"Grow","damage_taken":0,"max_hp_gain":0,"max_hp_loss":0,"event_name":"Living Wall","floor":2,"gold_loss":0,"cards_upgraded":["Twin Strike"]},{"damage_healed":0,"gold_gain":0,"player_choice":"Fought Mushrooms","damage_taken":0,"max_hp_gain":0,"max_hp_loss":0,"event_name":"Mushrooms","floor":12,"gold_loss":0},{"damage_healed":0,"gold_gain":0,"player_choice":"Forge","damage_taken":0,"max_hp_gain":0,"max_hp_loss":0,"event_name":"Accursed Blacksmith","floor":19,"gold_loss":0,"cards_upgraded":["Immolate"]},{"damage_healed":0,"gold_gain":99,"player_choice":"Stole From Cult","damage_taken":0,"max_hp_gain":0,"max_hp_loss":0,"event_name":"Nest","floor":25,"gold_loss":0},{"damage_healed":0,"gold_gain":0,"player_choice":"Fight","damage_taken":0,"max_hp_gain":0,"max_hp_loss":0,"event_name":"Colosseum","floor":27,"gold_loss":0},{"damage_healed":0,"gold_gain":0,"player_choice":"Fought Nobs","damage_taken":0,"max_hp_gain":0,"max_hp_loss":0,"event_name":"Colosseum","floor":27,"gold_loss":0}],"is_beta":false,"boss_relics":[{"not_picked":["Philosopher\u0027s Stone","Coffee Dripper"],"picked":"Mark of Pain"}],"items_purged_floors":[28],"is_endless":false,"potions_floor_spawned":[1,10,12,13,14,24,27,27,29,31],"killed_by":"Champ","ascension_level":14}}