{"host":"smu9wvm056kwtog1","time":1612862177,"event":{"mods":["BaseMod","Downfall","Minty Spire (QoL Compilation)","Robot Space Explorer","StSLib"],"gold_per_floor":[115,129,79,93,93,93,131,131,182,182,182],"floor_reached":10,"language":"ENG","playtime":274,"items_purged":[],"score":66,"play_id":"6b948162-bdf6-4a55-9fe6-1faa1553d2b5","local_time":"20210209011617","is_ascension_mode":false,"campfire_choices":[{"data":"RobotSpaceExplorer:StarDust","floor":6,"key":"SMITH"}],"circlet_count":0,"master_deck":["RobotSpaceExplorer:Strike","RobotSpaceExplorer:Strike","RobotSpaceExplorer:Defend","RobotSpaceExplorer:Defend","RobotSpaceExplorer:Defend","RobotSpaceExplorer:Defend","RobotSpaceExplorer:Scan","RobotSpaceExplorer:MiniLasers","RobotSpaceExplorer:StarDust+1","RobotSpaceExplorer:Pulsar","RobotSpaceExplorer:ChargingLaser"],"relics":["RobotSpaceExplorer:RoboCore","NeowsBlessing","Golden Idol","Bag of Preparation","CeramicFish"],"acts_visited":["Exordium"],"potions_floor_usage":[7],"damage_taken":[{"damage":0,"enemies":"2 Louse","floor":1,"turns":1},{"damage":0,"enemies":"Cultist","floor":2,"turns":2},{"damage":0,"enemies":"Small Slimes","floor":4,"turns":1},{"damage":14,"enemies":"Lagavulin","floor":7,"turns":6},{"damage":43,"enemies":"Gremlin Nob","floor":10,"turns":4}],"seed_played":"6672699907446615181","potions_obtained":[{"floor":4,"key":"DistilledChaos"}],"is_trial":false,"path_per_floor":["M","M","?","M","?","R","E","?","T","E"],"character_chosen":"RobotSpaceExplorer","items_purchased":[],"campfire_rested":0,"item_purchase_floors":[],"current_hp_per_floor":[75,75,75,75,57,57,43,43,43,0,0],"gold":182,"neow_bonus":"THREE_ENEMY_KILL","is_daily":false,"chose_seed":false,"campfire_upgraded":1,"win_rate":0.0,"timestamp":1612862177,"path_taken":["M","M","?","M","?","R","E","?","T","E"],"items_purchased_type":[],"build_version":"2020-12-22","purchased_purges":0,"victory":false,"max_hp_per_floor":[75,75,75,75,75,75,75,75,75,75,75],"card_choices":[{"not_picked":["RobotSpaceExplorer:GlueShot","RobotSpaceExplorer:Counterblock"],"picked":"RobotSpaceExplorer:StarDust","floor":1},{"not_picked":["RobotSpaceExplorer:JunkDive","RobotSpaceExplorer:Discharger"],"picked":"RobotSpaceExplorer:Pulsar","floor":2},{"not_picked":["RobotSpaceExplorer:MiniDrones","RobotSpaceExplorer:Probe","RobotSpaceExplorer:Fix"],"picked":"SKIP","floor":4},{"not_picked":["RobotSpaceExplorer:MetalStrike","RobotSpaceExplorer:PowerGlove"],"picked":"RobotSpaceExplorer:ChargingLaser","floor":7}],"player_experience":1114008,"relics_obtained":[{"floor":7,"key":"Bag of Preparation"},{"floor":9,"key":"CeramicFish"}],"event_choices":[{"cards_removed":["RobotSpaceExplorer:Strike"],"damage_healed":0,"gold_gain":0,"player_choice":"Card Removal","damage_taken":0,"max_hp_gain":0,"max_hp_loss":0,"event_name":"The Cleric","floor":3,"gold_loss":50},{"damage_healed":0,"gold_gain":0,"player_choice":"Take Damage","damage_taken":18,"relics_obtained":["Golden Idol"],"max_hp_gain":0,"max_hp_loss":0,"event_name":"Golden Idol","floor":5,"gold_loss":0},{"cards_removed":["RobotSpaceExplorer:Strike"],"damage_healed":0,"gold_gain":0,"player_choice":"Card Removal","damage_taken":0,"max_hp_gain":0,"max_hp_loss":0,"event_name":"Wheel of Change","floor":8,"gold_loss":0}],"is_beta":false,"boss_relics":[],"items_purged_floors":[],"is_endless":false,"potions_floor_spawned":[4],"killed_by":"Gremlin Nob","ascension_level":0}}