{"host":"o5or1zybx7au40zl","time":1612888330,"event":{"mods":["Act Like it!","Aspiration","BaseMod","Better Third Choice","Conspire","Dota2Spire","GungeonMod","Halation","Hubris","Infinite Spire","Minty Spire (QoL Compilation)","Replay The Spire","Robot Space Explorer","StSLib","The Jungle","Yuri Mod"],"gold_per_floor":[114,114,114,125,139,139,174,23,23,51,77,94,107,118,118,118,118],"floor_reached":16,"language":"ENG","playtime":348,"items_purged":[],"score":112,"play_id":"82d36ea8-9bcc-4608-ab3f-8a8468ed9652","local_time":"20210209173210","is_ascension_mode":false,"campfire_choices":[{"floor":6,"key":"RECALL"},{"floor":15,"key":"REST"}],"circlet_count":0,"master_deck":["DemoMod:Strike_Huntress","DemoMod:Strike_Huntress","DemoMod:Strike_Huntress","DemoMod:Defend_Huntress","DemoMod:Defend_Huntress","DemoMod:Defend_Huntress","DemoMod:Defend_Huntress","DemoMod:Roll","DemoMod:ManualReload","DemoMod:RustySidearm","DemoMod:CrossBow","DemoMod:AbyssalTentacle","DemoMod:Evolver","DemoMod:HuntsMan","DemoMod:Unity","DemoMod:AWP","DemoMod:ShadowBullets","DemoMod:HuntsMan"],"relics":["DemoMod:Dog","ReplayTheSpireMod:Ring of Collecting","halation:PrussianBluePaint","Strange Spoon","ReplayTheSpireMod:Ring of Exchange","Akabeko","Dream Catcher","ReplayTheSpireMod:Ring of Challenge"],"acts_visited":["Exordium"],"potions_floor_usage":[10],"damage_taken":[{"damage":10,"enemies":"Small Slimes","floor":1,"turns":3},{"damage":0,"enemies":"Cultist","floor":4,"turns":3},{"damage":6,"enemies":"conspire:RoseBush","floor":5,"turns":3},{"damage":27,"enemies":"3 Sentries","floor":7,"turns":7},{"damage":9,"enemies":"Replay:BlueRogue","floor":10,"turns":4},{"damage":0,"enemies":"Exordium Wildlife","floor":12,"turns":1},{"damage":6,"enemies":"Exordium Thugs","floor":13,"turns":2},{"damage":0,"enemies":"Blue Slaver","floor":14,"turns":1},{"damage":37,"enemies":"The Guardian","floor":16,"turns":4}],"seed_played":"792832672792843887","potions_obtained":[{"floor":7,"key":"Ancient Potion"},{"floor":10,"key":"Explosive Potion"},{"floor":12,"key":"GamblersBrew"},{"floor":13,"key":"DemoMod:BlankPotion"}],"is_trial":false,"path_per_floor":["M","?","?","M","M","R","E","$","T","E","T","M","M","M","R","B"],"character_chosen":"HUNTRESS","items_purchased":["Strange Spoon"],"campfire_rested":1,"item_purchase_floors":[8],"current_hp_per_floor":[60,60,60,60,54,54,27,27,27,18,18,18,12,12,33,0,0],"gold":118,"neow_bonus":"THREE_CARDS","is_daily":false,"chose_seed":false,"campfire_upgraded":0,"win_rate":0.0,"timestamp":1612888330,"path_taken":["M","?","?","M","?","R","E","?","T","E","?","M","M","M","R","BOSS"],"items_purchased_type":["Relic"],"build_version":"2020-12-22","purchased_purges":0,"victory":false,"max_hp_per_floor":[70,70,70,70,70,70,70,70,70,70,70,70,70,70,70,70,70],"card_choices":[{"not_picked":["DemoMod:DoubleSwitch","DemoMod:Polaris"],"picked":"DemoMod:AbyssalTentacle","floor":0},{"not_picked":["DemoMod:HighKaliber","DemoMod:DirectionalPad"],"picked":"DemoMod:Evolver","floor":1},{"not_picked":["DemoMod:DoubleSwitch","DemoMod:Unmoved"],"picked":"DemoMod:Unity","floor":4},{"not_picked":["DemoMod:TeaPot","DemoMod:TripleGun","DemoMod:BoxingGlove"],"picked":"SKIP","floor":5},{"not_picked":["DemoMod:FastSwitch","DemoMod:PotionOfGunFriendShip"],"picked":"DemoMod:AWP","floor":7},{"not_picked":["DemoMod:DirectionalPad","DemoMod:FastSwitch"],"picked":"DemoMod:ShadowBullets","floor":10},{"not_picked":["DemoMod:Ejector","DemoMod:PotionOfGunFriendShip","DemoMod:TableSutra"],"picked":"SKIP","floor":12},{"not_picked":["DemoMod:ConditionalReflex","DemoMod:SAA","DemoMod:Casey"],"picked":"SKIP","floor":13},{"not_picked":["DemoMod:GunstockTap","DemoMod:Casey"],"picked":"DemoMod:HuntsMan","floor":14}],"player_experience":995929,"relics_obtained":[{"floor":2,"key":"ReplayTheSpireMod:Ring of Collecting"},{"floor":7,"key":"halation:PrussianBluePaint"},{"floor":9,"key":"ReplayTheSpireMod:Ring of Exchange"},{"floor":9,"key":"Akabeko"},{"floor":10,"key":"Dream Catcher"},{"floor":11,"key":"ReplayTheSpireMod:Ring of Challenge"}],"event_choices":[{"damage_healed":0,"gold_gain":0,"player_choice":"1 cards matched","damage_taken":0,"max_hp_gain":0,"max_hp_loss":0,"event_name":"Match and Keep!","floor":3,"gold_loss":0,"cards_obtained":["DemoMod:HuntsMan"]}],"is_beta":false,"boss_relics":[],"items_purged_floors":[],"is_endless":false,"potions_floor_spawned":[7,10,12,13,14],"killed_by":"The Guardian","ascension_level":0}}