{"host":"vlqej45p0v31lhdi","time":1612845369,"event":{"mods":["AchievementEnabler","BaseMod","Bestiary","Colored Powertips","Minty Spire (QoL Compilation)","Relic Stats"],"gold_per_floor":[111,121,140,90,19,19,49,66,66,95,170,48,48,48,48,126,126,146,146,215,240,240,240,272,272,299,317,333,362,362,362],"floor_reached":30,"language":"ENG","playtime":5794,"items_purged":[],"score":642,"play_id":"3c267962-75e3-4f7a-a739-52286df18dfb","local_time":"20210208223609","is_ascension_mode":true,"campfire_choices":[{"data":"Carnage","floor":6.0,"key":"SMITH"},{"data":"True Grit","floor":13.0,"key":"SMITH"},{"data":"Inflame","floor":15.0,"key":"SMITH"},{"data":"Inflame","floor":23.0,"key":"SMITH"},{"data":"Bash","floor":25.0,"key":"SMITH"}],"circlet_count":0,"master_deck":["AscendersBane","Strike_R","Strike_R","Strike_R","Strike_R","Defend_R","Defend_R","Defend_R","Defend_R","Bash+1","Combust","Inflame+1","Carnage+1","Inflame+1","True Grit+1","Reaper+1","Evolve","Pommel Strike+1","Feed+1","Iron Wave+1","Burning Pact","Sword Boomerang+1"],"relics":["Burning Blood","Torii","Molten Egg 2","Charon\u0027s Ashes","Unceasing Top","SacredBark","Anchor","Singing Bowl","Kunai","Orichalcum","Thread and Needle"],"acts_visited":["Exordium","TheCity"],"potions_floor_usage":[],"damage_taken":[{"damage":7.0,"enemies":"Jaw Worm","floor":1.0,"turns":5.0},{"damage":4.0,"enemies":"2 Louse","floor":2.0,"turns":4.0},{"damage":4.0,"enemies":"Cultist","floor":3.0,"turns":4.0},{"damage":24.0,"enemies":"Lagavulin","floor":7.0,"turns":5.0},{"damage":17.0,"enemies":"Looter","floor":8.0,"turns":3.0},{"damage":20.0,"enemies":"Gremlin Nob","floor":10.0,"turns":4.0},{"damage":55.0,"enemies":"Hexaghost","floor":16.0,"turns":12.0},{"damage":50.0,"enemies":"Shell Parasite","floor":18.0,"turns":5.0},{"damage":64.0,"enemies":"Gremlin Leader","floor":24.0,"turns":10.0},{"damage":44.0,"enemies":"3 Byrds","floor":27.0,"turns":5.0},{"damage":10.0,"enemies":"Cultist and Chosen","floor":28.0,"turns":6.0},{"damage":56.0,"enemies":"Slavers","floor":29.0,"turns":6.0},{"damage":24,"enemies":"Sentry and Sphere","floor":30,"turns":5}],"seed_played":"2215188977959263445","potions_obtained":[{"floor":1.0,"key":"LiquidBronze"},{"floor":2.0,"key":"BlessingOfTheForge"},{"floor":10.0,"key":"ElixirPotion"},{"floor":18.0,"key":"Explosive Potion"},{"floor":27.0,"key":"PowerPotion"},{"floor":28.0,"key":"Ancient Potion"}],"is_trial":false,"path_per_floor":["M","M","M","?","$","R","E","M","T","E","?","$","R","$","R","B",null,"M","?","T","T","?","R","E","R","T","M","M","E","M"],"character_chosen":"IRONCLAD","items_purchased":["Inflame","Evolve","Pommel Strike+1"],"campfire_rested":0,"item_purchase_floors":[5,12,12],"current_hp_per_floor":[71,72,72,72,72,72,54,50,50,49,38,38,38,38,38,14,58,14,14,14,14,82,82,56,56,56,22,40,14,0,0],"gold":362,"neow_bonus":"ONE_RARE_RELIC","is_daily":false,"chose_seed":false,"campfire_upgraded":5,"win_rate":0.0,"timestamp":1612845369,"path_taken":["M","M","M","?","$","R","E","M","T","E","?","?","R","$","R","BOSS","M","?","?","?","?","R","E","R","T","?","M","E","M"],"items_purchased_type":["Card","Card","Card"],"build_version":"2020-12-22","purchased_purges":0,"victory":false,"max_hp_per_floor":[72,72,72,72,72,72,72,72,72,72,72,72,72,72,72,72,72,72,72,72,72,82,82,86,86,86,90,96,96,96,96],"relic_stats":{"Torii":51,"Singing Bowl":2,"counters":[13,74],"Charon\u0027s Ashes":[192],"Kunai":[0],"Orichalcum":[24],"obtain_stats":[{"Anchor":19,"Torii":0,"Singing Bowl":20,"SacredBark":17,"Molten Egg 2":7,"Thread and Needle":29,"Charon\u0027s Ashes":9,"Kunai":24,"Orichalcum":26,"Burning Blood":0,"Unceasing Top":10},{"Anchor":8,"Torii":0,"Singing Bowl":8,"SacredBark":7,"Molten Egg 2":4,"Thread and Needle":12,"Charon\u0027s Ashes":5,"Kunai":9,"Orichalcum":9,"Burning Blood":0,"Unceasing Top":6},{"Anchor":42,"Torii":0,"Singing Bowl":42,"SacredBark":37,"Molten Egg 2":18,"Thread and Needle":69,"Charon\u0027s Ashes":21,"Kunai":52,"Orichalcum":52,"Burning Blood":0,"Unceasing Top":25}],"Burning Blood":69,"Unceasing Top":[1]},"card_choices":[{"not_picked":["Havoc","Pummel"],"picked":"Combust","floor":1.0},{"not_picked":["Clothesline","Sever Soul"],"picked":"Inflame","floor":2.0},{"not_picked":["Twin Strike","Clash"],"picked":"Carnage","floor":3.0},{"not_picked":["Rampage+1","Twin Strike+1"],"picked":"Reaper+1","floor":7.0},{"not_picked":["Body Slam+1","Perfected Strike+1"],"picked":"True Grit","floor":8.0},{"not_picked":["Dark Embrace","Armaments"],"picked":"Reaper+1","floor":10.0},{"not_picked":["Bludgeon+1","Demon Form"],"picked":"Feed+1","floor":16.0},{"not_picked":["Hemokinesis+1","Carnage+1","Clothesline+1"],"picked":"SKIP","floor":18.0},{"not_picked":["Wild Strike+1","Inflame"],"picked":"Iron Wave+1","floor":24.0},{"not_picked":["Metallicize","Whirlwind+1"],"picked":"Burning Pact","floor":27.0},{"not_picked":["Thunderclap+1","Clash+1","True Grit"],"picked":"Singing Bowl","floor":28.0},{"not_picked":["Anger+1","Fire Breathing"],"picked":"Sword Boomerang+1","floor":29.0}],"player_experience":2496248,"relics_obtained":[{"floor":7.0,"key":"Molten Egg 2"},{"floor":9.0,"key":"Charon\u0027s Ashes"},{"floor":10.0,"key":"Unceasing Top"},{"floor":20.0,"key":"Singing Bowl"},{"floor":24.0,"key":"Kunai"},{"floor":26.0,"key":"Orichalcum"},{"floor":29.0,"key":"Thread and Needle"}],"event_choices":[{"cards_removed":["Strike_R"],"damage_healed":0.0,"max_hp_gain":0.0,"max_hp_loss":0.0,"gold_gain":0.0,"event_name":"The Cleric","player_choice":"Card Removal","floor":4.0,"gold_loss":50.0,"damage_taken":0.0},{"damage_healed":0.0,"max_hp_gain":0.0,"max_hp_loss":0.0,"gold_gain":75.0,"event_name":"World of Goop","player_choice":"Gather Gold","floor":11.0,"gold_loss":0.0,"damage_taken":11.0},{"damage_healed":0.0,"max_hp_gain":0.0,"max_hp_loss":0.0,"gold_gain":0.0,"event_name":"The Mausoleum","player_choice":"Opened","floor":19.0,"gold_loss":0.0,"damage_taken":0.0,"relics_obtained":["Anchor"]},{"cards_removed":["Reaper"],"damage_healed":58.0,"max_hp_gain":10.0,"max_hp_loss":0.0,"gold_gain":0.0,"event_name":"Bonfire Elementals","player_choice":"Offered Rare","floor":22.0,"gold_loss":0.0,"damage_taken":0.0}],"is_beta":false,"boss_relics":[{"not_picked":["Empty Cage","Runic Cube"],"picked":"SacredBark"}],"items_purged_floors":[],"is_endless":false,"potions_floor_spawned":[1,2,10,18,27,28],"killed_by":"Sentry and Sphere","ascension_level":13}}