{"host":"vlqej45p0v31lhdi","time":1612836044,"event":{"mods":["AchievementEnabler","BaseMod","Bestiary","Colored Powertips","Minty Spire (QoL Compilation)","Relic Stats"],"gold_per_floor":[113,125,125,139,156,190,205,180,230,230,246,246,246,246,246,348,348,321,321,246,25,25,25,59,59,59,74,74,89,89,108,108,205,205,221,146,158,158,168,207,207,227,281,20,42,52,52,81,90,90,90,99,27,27,27],"floor_reached":54,"language":"ENG","playtime":3384,"items_purged":["Scrape"],"score":932,"play_id":"b2331c5a-d96c-4f88-92b3-f3b70de2adf5","local_time":"20210208200044","is_ascension_mode":true,"campfire_choices":[{"data":"Defragment","floor":10.0,"key":"SMITH"},{"floor":13.0,"key":"REST"},{"data":"Coolheaded","floor":15.0,"key":"SMITH"},{"data":"Buffer","floor":23.0,"key":"SMITH"},{"data":"Self Repair","floor":25.0,"key":"SMITH"},{"data":"Aggregate","floor":28.0,"key":"SMITH"},{"data":"Turbo","floor":30.0,"key":"SMITH"},{"data":"Zap","floor":32.0,"key":"SMITH"},{"floor":41,"key":"RECALL"},{"floor":49,"key":"REST"},{"floor":52,"key":"REST"}],"circlet_count":0,"master_deck":["Zap+1","Dualcast+1","Echo Form+1","Leap+1","Turbo+1","Compile Driver+1","Conserve Battery+1","Defragment+1","Coolheaded+1","Buffer+1","Aggregate+1","Self Repair+1","Defragment+1","Undo+1","Core Surge+1","Seek+1","Chaos+1","Echo Form+1","Aggregate+1","Static Discharge+1","Ball Lightning+1","Static Discharge+1","Barrage+1","Darkness+1","Lockon+1","Storm+1","White Noise+1","Darkness+1","Capacitor"],"relics":["Cracked Core","Whetstone","Centennial Puzzle","StrikeDummy","SlaversCollar","Bronze Scales","Happy Flower","HornCleat","Pandora\u0027s Box","CeramicFish","Runic Capacitor","Mark of the Bloom","Dream Catcher"],"acts_visited":["Exordium","TheCity","TheBeyond","TheEnding"],"potions_floor_usage":[40,42,42,46,50],"damage_taken":[{"damage":11.0,"enemies":"Small Slimes","floor":1.0,"turns":4.0},{"damage":0.0,"enemies":"Cultist","floor":2.0,"turns":3.0},{"damage":3.0,"enemies":"2 Louse","floor":4.0,"turns":3.0},{"damage":0.0,"enemies":"Large Slime","floor":5.0,"turns":5.0},{"damage":31.0,"enemies":"Lagavulin","floor":6.0,"turns":8.0},{"damage":0.0,"enemies":"3 Louse","floor":7.0,"turns":5.0},{"damage":7.0,"enemies":"Blue Slaver","floor":11.0,"turns":6.0},{"damage":17.0,"enemies":"Slime Boss","floor":16.0,"turns":7.0},{"damage":8.0,"enemies":"2 Thieves","floor":18.0,"turns":5.0},{"damage":34.0,"enemies":"Gremlin Leader","floor":24.0,"turns":12.0},{"damage":13.0,"enemies":"3 Byrds","floor":27.0,"turns":4.0},{"damage":24.0,"enemies":"Snake Plant","floor":29.0,"turns":6.0},{"damage":2.0,"enemies":"Snecko","floor":31.0,"turns":7.0},{"damage":9.0,"enemies":"Collector","floor":33.0,"turns":11.0},{"damage":2.0,"enemies":"3 Shapes","floor":35.0,"turns":5.0},{"damage":16.0,"enemies":"Orb Walker","floor":37.0,"turns":5.0},{"damage":16,"enemies":"Writhing Mass","floor":39,"turns":5},{"damage":40,"enemies":"Reptomancer","floor":40,"turns":6},{"damage":8,"enemies":"Transient","floor":42,"turns":5},{"damage":32,"enemies":"3 Darklings","floor":45,"turns":4},{"damage":0,"enemies":"Maw","floor":46,"turns":5},{"damage":0,"enemies":"Giant Head","floor":48,"turns":5},{"damage":22,"enemies":"Donu and Deca","floor":50,"turns":6},{"damage":17,"enemies":"Shield and Spear","floor":54,"turns":2}],"seed_played":"-16476653535604209","potions_obtained":[{"floor":2.0,"key":"DuplicationPotion"},{"floor":4.0,"key":"Swift Potion"},{"floor":16.0,"key":"Weak Potion"},{"floor":18.0,"key":"ColorlessPotion"},{"floor":29.0,"key":"CultistPotion"},{"floor":33.0,"key":"Explosive Potion"},{"floor":35.0,"key":"FocusPotion"},{"floor":39,"key":"LiquidMemories"},{"floor":48,"key":"Regen Potion"}],"is_trial":false,"path_per_floor":["M","M","?","M","M","E","M","$","T","R","M","?","R","?","R","B",null,"M","?","?","$","$","R","E","R","T","M","R","M","R","M","R","B",null,"M","$","M","$","M","E","R","M","T","$","M","M","?","E","R","B",null,"R","$","E"],"character_chosen":"DEFECT","items_purchased":["Coolheaded","Bronze Scales","Self Repair","Runic Capacitor","Energy Potion","Lockon","Capacitor"],"campfire_rested":3,"item_purchase_floors":[8,21,21,44,44,44,53],"current_hp_per_floor":[57,57,57,54,54,23,23,23,23,23,16,13,33,26,26,9,53,45,45,45,45,45,45,25,25,25,32,32,28,28,46,46,47,63,68,68,68,68,68,38,38,50,50,50,18,38,38,38,38,16,16,16,16,0,0],"gold":27,"neow_bonus":"THREE_RARE_CARDS","is_daily":false,"chose_seed":false,"campfire_upgraded":7,"win_rate":0.0,"timestamp":1612836044,"path_taken":["M","M","?","?","M","E","M","$","T","R","M","?","R","?","R","BOSS","M","?","?","?","$","R","E","R","T","M","R","M","R","M","R","BOSS","M","?","M","$","M","E","R","M","T","$","M","M","?","E","R","BOSS","R","$","E"],"items_purchased_type":["Card","Relic","Card","Relic","Potion","Card","Card"],"build_version":"2020-12-22","purchased_purges":1,"victory":false,"max_hp_per_floor":[68,68,68,68,68,68,68,68,68,68,68,68,68,68,68,68,68,68,68,68,68,68,68,68,68,68,68,68,68,68,68,68,68,68,68,68,68,68,68,68,68,68,68,68,68,68,68,68,68,68,68,68,68,68,68],"relic_stats":{"Centennial Puzzle":[48],"Mark of the Bloom":124,"Dream Catcher":2,"Happy Flower":[25],"counters":[24,134],"Bronze Scales":[306],"CeramicFish":54,"Pandora\u0027s Box":["Seek","Chaos","Echo Form","Aggregate","Scrape","Static Discharge","Ball Lightning"],"Whetstone":["Strike_B","Strike_B"],"obtain_stats":[{"Mark of the Bloom":47,"Happy Flower":24,"CeramicFish":40,"Runic Capacitor":44,"Whetstone":6,"SlaversCollar":17,"Centennial Puzzle":9,"Dream Catcher":48,"HornCleat":26,"Bronze Scales":21,"Pandora\u0027s Box":34,"Cracked Core":0,"StrikeDummy":12},{"Mark of the Bloom":21,"Happy Flower":10,"CeramicFish":18,"Runic Capacitor":19,"Whetstone":5,"SlaversCollar":8,"Centennial Puzzle":6,"Dream Catcher":22,"HornCleat":10,"Bronze Scales":9,"Pandora\u0027s Box":14,"Cracked Core":0,"StrikeDummy":7},{"Mark of the Bloom":121,"Happy Flower":58,"CeramicFish":107,"Runic Capacitor":112,"Whetstone":23,"SlaversCollar":41,"Centennial Puzzle":28,"Dream Catcher":126,"HornCleat":58,"Bronze Scales":46,"Pandora\u0027s Box":86,"Cracked Core":0,"StrikeDummy":34}]},"card_choices":[{"not_picked":["Electrodynamics","Seek"],"picked":"Echo Form","floor":0.0},{"not_picked":["Streamline","Double Energy"],"picked":"Leap","floor":1.0},{"not_picked":["Fusion","Go for the Eyes","Hologram"],"picked":"SKIP","floor":2.0},{"not_picked":["Double Energy","Redo"],"picked":"Turbo","floor":4.0},{"not_picked":["Turbo","Steam"],"picked":"Compile Driver","floor":5.0},{"not_picked":["Fusion","Force Field"],"picked":"Conserve Battery","floor":6.0},{"not_picked":["Undo","Go for the Eyes"],"picked":"Defragment","floor":7.0},{"not_picked":["Rip and Tear","Gash","Compile Driver"],"picked":"SKIP","floor":11.0},{"not_picked":["Creative AI","Reboot"],"picked":"Buffer","floor":16.0},{"not_picked":["Cold Snap","Chaos+1"],"picked":"Aggregate","floor":18.0},{"not_picked":["Loop","Go for the Eyes+1"],"picked":"Defragment+1","floor":24.0},{"not_picked":["Leap","Chaos"],"picked":"Undo","floor":27.0},{"not_picked":["Auto Shields","Rebound","Conserve Battery"],"picked":"SKIP","floor":29.0},{"not_picked":["Stack","Coolheaded","Conserve Battery"],"picked":"SKIP","floor":31.0},{"not_picked":["Meteor Strike","Machine Learning"],"picked":"Core Surge","floor":33.0},{"not_picked":["Undo","Go for the Eyes"],"picked":"Static Discharge","floor":35.0},{"not_picked":["Leap","Ball Lightning"],"picked":"Barrage+1","floor":37.0},{"not_picked":["Steam Power","Redo","Ball Lightning"],"picked":"SKIP","floor":39},{"not_picked":["Fusion","Go for the Eyes+1"],"picked":"Darkness","floor":40},{"not_picked":["Stack","Rebound+1","Gash"],"picked":"SKIP","floor":42},{"not_picked":["Cold Snap","Compile Driver+1"],"picked":"Storm+1","floor":45},{"not_picked":["BootSequence+1","Turbo","Go for the Eyes"],"picked":"SKIP","floor":46},{"not_picked":["Core Surge","Streamline","Steam Power+1"],"picked":"SKIP","floor":48},{"not_picked":["Steam","Barrage+1"],"picked":"White Noise+1","floor":49},{"not_picked":["Streamline","Recycle+1"],"picked":"Darkness+1","floor":52}],"player_experience":2490112,"relics_obtained":[{"floor":6.0,"key":"Whetstone"},{"floor":9.0,"key":"Centennial Puzzle"},{"floor":24.0,"key":"Happy Flower"},{"floor":26.0,"key":"HornCleat"},{"floor":40,"key":"CeramicFish"},{"floor":48,"key":"Dream Catcher"}],"event_choices":[{"damage_healed":0.0,"max_hp_gain":0.0,"max_hp_loss":0.0,"gold_gain":0.0,"event_name":"Upgrade Shrine","player_choice":"Upgraded","floor":3.0,"gold_loss":0.0,"damage_taken":0.0,"cards_upgraded":["Echo Form"]},{"damage_healed":0.0,"max_hp_gain":0.0,"max_hp_loss":0.0,"gold_gain":0.0,"event_name":"Scrap Ooze","player_choice":"Success","floor":12.0,"gold_loss":0.0,"damage_taken":3.0,"relics_obtained":["StrikeDummy"]},{"cards_removed":["Strike_B"],"damage_healed":0.0,"max_hp_gain":0.0,"max_hp_loss":0.0,"gold_gain":0.0,"event_name":"Golden Wing","player_choice":"Card Removal","floor":14.0,"gold_loss":0.0,"damage_taken":7.0},{"damage_healed":0.0,"max_hp_gain":0.0,"max_hp_loss":0.0,"gold_gain":0.0,"event_name":"Forgotten Altar","player_choice":"Smashed Altar","floor":19.0,"gold_loss":0.0,"damage_taken":0.0,"cards_obtained":["Decay"]},{"cards_removed":["Decay"],"damage_healed":0.0,"max_hp_gain":0.0,"max_hp_loss":0.0,"gold_gain":0.0,"event_name":"Beggar","player_choice":"Gave Gold","floor":20.0,"gold_loss":75.0,"damage_taken":0.0},{"damage_healed":0,"gold_gain":0,"player_choice":"Upgrade","damage_taken":0,"relics_obtained":["Mark of the Bloom"],"max_hp_gain":0,"max_hp_loss":0,"event_name":"MindBloom","floor":47,"gold_loss":0,"cards_upgraded":["Dualcast","Leap","Compile Driver","Conserve Battery","Undo","Core Surge","Seek","Chaos","Echo Form","Aggregate","Static Discharge","Ball Lightning","Static Discharge","Darkness","Lockon"]}],"is_beta":false,"boss_relics":[{"not_picked":["Empty Cage","Calling Bell"],"picked":"SlaversCollar"},{"not_picked":["Tiny House","SacredBark"],"picked":"Pandora\u0027s Box"}],"items_purged_floors":[36],"is_endless":false,"potions_floor_spawned":[2,4,16,18,29,33,35,39,48],"killed_by":"Shield and Spear","ascension_level":6}}