{"host":"bgyhjzqafgkxdxsh","time":1612865690,"event":{"mods":["BaseMod","Colored Map","Minty Spire (QoL Compilation)","Relic Stats","StSLib","everything is the same but u backflip on backflip"],"gold_per_floor":[114,114,64,64,76,107,107,134,189,189,189],"floor_reached":10,"language":"ENG","playtime":278,"items_purged":[],"score":89,"play_id":"45746e9a-bcdf-42c6-bbce-739242dbe2a3","local_time":"20210209201450","is_ascension_mode":true,"campfire_choices":[{"data":"Vigilance","floor":7,"key":"SMITH"}],"circlet_count":0,"master_deck":["Strike_P","Strike_P","Strike_P","Strike_P","Defend_P+1","Defend_P","Defend_P+1","Eruption+1","Vigilance+1","FlurryOfBlows","Consecrate","ClearTheMind"],"relics":["Busted Crown","Bronze Scales","The Courier","MealTicket"],"acts_visited":["Exordium"],"potions_floor_usage":[10],"damage_taken":[{"damage":0,"enemies":"2 Louse","floor":1,"turns":2},{"damage":2,"enemies":"Small Slimes","floor":5,"turns":3},{"damage":32,"enemies":"3 Sentries","floor":6,"turns":5},{"damage":3,"enemies":"Lagavulin","floor":8,"turns":4},{"damage":21,"enemies":"Gremlin Nob","floor":10,"turns":5}],"seed_played":"-3425347727239493817","potions_obtained":[{"floor":8,"key":"AttackPotion"}],"is_trial":false,"path_per_floor":["M","?","?","?","M","E","R","E","T","E"],"character_chosen":"WATCHER","items_purchased":[],"campfire_rested":0,"item_purchase_floors":[],"current_hp_per_floor":[72,58,58,58,56,24,24,21,21,0,0],"gold":189,"neow_bonus":"BOSS_RELIC","is_daily":false,"chose_seed":false,"campfire_upgraded":1,"win_rate":0.0,"timestamp":1612865690,"path_taken":["M","?","?","?","M","E","R","E","T","E"],"items_purchased_type":[],"build_version":"2020-12-22","purchased_purges":0,"victory":false,"max_hp_per_floor":[72,72,72,72,72,72,72,72,72,72,72],"relic_stats":{"Busted Crown":8,"counters":[5,19],"Bronze Scales":[12],"MealTicket":0,"obtain_stats":[{"Busted Crown":0,"Bronze Scales":6,"MealTicket":9,"The Courier":8,"PureWater":0},{"Busted Crown":0,"Bronze Scales":3,"MealTicket":4,"The Courier":4,"PureWater":0},{"Busted Crown":0,"Bronze Scales":10,"MealTicket":14,"The Courier":14,"PureWater":0}]},"card_choices":[{"not_picked":[],"picked":"FlurryOfBlows","floor":1},{"not_picked":["SignatureMove"],"picked":"SKIP","floor":5},{"not_picked":[],"picked":"Consecrate","floor":6},{"not_picked":[],"picked":"ClearTheMind","floor":8}],"player_experience":495802,"relics_obtained":[{"floor":6,"key":"Bronze Scales"},{"floor":8,"key":"The Courier"},{"floor":9,"key":"MealTicket"}],"event_choices":[{"damage_healed":0,"gold_gain":0,"player_choice":"Entered Light","damage_taken":14,"max_hp_gain":0,"max_hp_loss":0,"event_name":"Shining Light","floor":2,"gold_loss":0,"cards_upgraded":["Defend_P","Defend_P"]},{"cards_removed":["Defend_P"],"damage_healed":0,"gold_gain":0,"player_choice":"Card Removal","damage_taken":0,"max_hp_gain":0,"max_hp_loss":0,"event_name":"The Cleric","floor":3,"gold_loss":50},{"damage_healed":0,"gold_gain":0,"player_choice":"Grow","damage_taken":0,"max_hp_gain":0,"max_hp_loss":0,"event_name":"Living Wall","floor":4,"gold_loss":0,"cards_upgraded":["Eruption"]}],"is_beta":false,"boss_relics":[],"items_purged_floors":[],"is_endless":false,"potions_floor_spawned":[8],"killed_by":"Gremlin Nob","ascension_level":4}}