{"host":"newqdrzxfhh2im9e","time":1612913053,"event":{"mods":["AchievementEnabler","BaseMod","Block Reminder","Colored Map","Minty Spire (QoL Compilation)","Rare Cards Sparkle","Shop Mod","StSLib"],"gold_per_floor":[111,111,111,111,127,166,166,180,180,219,232,407,38,71,71,202,202,226,226,226,186,207,207,207,207],"floor_reached":24,"language":"ENG","playtime":651,"items_purged":["Doubt"],"score":237,"play_id":"26b8e565-d21a-49c4-9655-cb3588a1fe44","local_time":"20210209152413","is_ascension_mode":false,"campfire_choices":[{"floor":7,"key":"RECALL"},{"floor":15,"key":"REST"},{"data":"Phantasmal Killer","floor":23,"key":"SMITH"}],"circlet_count":0,"master_deck":["Strike_G","Strike_G","Strike_G","Strike_G","Strike_G","Defend_G","Defend_G","Defend_G","Defend_G","Defend_G","Survivor","Neutralize","Crippling Poison+1","Accuracy","Storm of Steel+1","Endless Agony","Slice","Well Laid Plans","Heel Hook","Phantasmal Killer+1","CurseOfTheBell","Calculated Gamble","Blur"],"relics":["Ring of the Snake","NeowsBlessing","Golden Idol","Torii","Matryoshka","Snake Skull","Turnip","Incense Burner","Shuriken","Ninja Scroll","Calling Bell","Omamori","Molten Egg 2","WingedGreaves"],"acts_visited":["Exordium","TheCity"],"potions_floor_usage":[10,14,16,24],"damage_taken":[{"damage":0,"enemies":"Cultist","floor":1,"turns":1},{"damage":0,"enemies":"2 Louse","floor":5,"turns":1},{"damage":0,"enemies":"3 Sentries","floor":6,"turns":2},{"damage":0,"enemies":"Jaw Worm","floor":8,"turns":3},{"damage":24,"enemies":"Gremlin Nob","floor":10,"turns":4},{"damage":1,"enemies":"Exordium Wildlife","floor":11,"turns":3},{"damage":23,"enemies":"3 Sentries","floor":14,"turns":7},{"damage":5,"enemies":"Hexaghost","floor":16,"turns":6},{"damage":10,"enemies":"Chosen","floor":18,"turns":6},{"damage":12,"enemies":"2 Thieves","floor":22,"turns":3},{"damage":54,"enemies":"Slavers","floor":24,"turns":4}],"seed_played":"-8216833817711584173","potions_obtained":[{"floor":1,"key":"Explosive Potion"},{"floor":11,"key":"Fruit Juice"},{"floor":14,"key":"BlessingOfTheForge"},{"floor":22,"key":"AttackPotion"}],"is_trial":false,"path_per_floor":["M","?","?","T","M","E","R","M","T","E","M","?","$","E","R","B",null,"M","?","?","?","M","R","E"],"character_chosen":"THE_SILENT","items_purchased":["Shuriken","Well Laid Plans"],"campfire_rested":1,"item_purchase_floors":[13,13],"current_hp_per_floor":[70,70,53,53,53,53,53,53,53,29,28,28,28,10,32,27,75,65,65,65,65,53,53,0,0],"gold":207,"neow_bonus":"THREE_ENEMY_KILL","is_daily":false,"chose_seed":false,"campfire_upgraded":1,"win_rate":0.0,"timestamp":1612913053,"path_taken":["M","?","?","?","?","E","R","M","T","E","M","?","$","E","R","BOSS","M","?","?","?","?","R","E"],"items_purchased_type":["Relic","Card"],"build_version":"2020-12-22","purchased_purges":1,"victory":false,"max_hp_per_floor":[70,70,70,70,70,70,70,70,70,70,70,70,70,75,75,75,75,75,75,75,75,75,75,75,75],"card_choices":[{"not_picked":["Outmaneuver","Blade Dance"],"picked":"Crippling Poison","floor":1},{"not_picked":["Underhanded Strike","Dagger Spray"],"picked":"Accuracy","floor":5},{"not_picked":["Underhanded Strike","Infinite Blades"],"picked":"Storm of Steel","floor":6},{"not_picked":["Blade Dance","Flying Knee","Reflex"],"picked":"SKIP","floor":8},{"not_picked":["Riddle With Holes","Concentrate"],"picked":"Endless Agony","floor":10},{"not_picked":["Endless Agony","Blade Dance"],"picked":"Slice","floor":11},{"not_picked":["Dagger Throw","Dodge and Roll"],"picked":"Heel Hook","floor":14},{"not_picked":["Malaise","Unload"],"picked":"Phantasmal Killer","floor":16},{"not_picked":["Bouncing Flask","Quick Slash+1"],"picked":"Calculated Gamble","floor":18},{"not_picked":["Cloak And Dagger","Deadly Poison"],"picked":"Blur","floor":22}],"player_experience":768603,"relics_obtained":[{"floor":4,"key":"Torii"},{"floor":6,"key":"Matryoshka"},{"floor":9,"key":"Snake Skull"},{"floor":9,"key":"Turnip"},{"floor":10,"key":"Incense Burner"},{"floor":14,"key":"Ninja Scroll"},{"floor":17,"key":"Omamori"},{"floor":17,"key":"Molten Egg 2"},{"floor":17,"key":"WingedGreaves"}],"event_choices":[{"damage_healed":0,"gold_gain":0,"player_choice":"Grow","damage_taken":0,"max_hp_gain":0,"max_hp_loss":0,"event_name":"Living Wall","floor":2,"gold_loss":0,"cards_upgraded":["Crippling Poison"]},{"damage_healed":0,"gold_gain":0,"player_choice":"Take Damage","damage_taken":17,"relics_obtained":["Golden Idol"],"max_hp_gain":0,"max_hp_loss":0,"event_name":"Golden Idol","floor":3,"gold_loss":0},{"damage_healed":0,"gold_gain":175,"player_choice":"AGREE","damage_taken":0,"max_hp_gain":0,"max_hp_loss":0,"event_name":"Liars Game","floor":12,"gold_loss":0,"cards_obtained":["Doubt"]},{"damage_healed":0,"gold_gain":0,"player_choice":"Ignored","damage_taken":0,"max_hp_gain":0,"max_hp_loss":0,"event_name":"Vampires","floor":19,"gold_loss":0},{"damage_healed":0,"gold_gain":0,"player_choice":"Ignored","damage_taken":0,"max_hp_gain":0,"max_hp_loss":0,"event_name":"Ghosts","floor":20,"gold_loss":0},{"damage_healed":0,"gold_gain":0,"player_choice":"Upgrade","damage_taken":0,"max_hp_gain":0,"max_hp_loss":0,"event_name":"Designer","floor":21,"gold_loss":40,"cards_upgraded":["Storm of Steel"]}],"is_beta":false,"boss_relics":[{"not_picked":["Pandora\u0027s Box","Snecko Eye"],"picked":"Calling Bell"}],"items_purged_floors":[13],"is_endless":false,"potions_floor_spawned":[1,11,14,22],"killed_by":"Slavers","ascension_level":0}}