{"host":"zgbhbccg3hs73yp6","time":1612850182,"event":{"mods":["ATMod(°¢èªMod)","AchievementEnabler","BaseMod","Colored Powertips","Minty Spire (QoL Compilation)","StSLib","The Bug Knight"],"gold_per_floor":[114,129,148,167,32,32,62,62,62,79,94,94,94,105,105,105,105],"floor_reached":16,"language":"ZHS","playtime":670,"items_purged":[],"score":129,"play_id":"f6520e71-49fd-4e74-9476-5014e644c8fb","local_time":"20210209135622","is_ascension_mode":false,"campfire_choices":[{"floor":6.0,"key":"RECALL"},{"data":"AT_RealColorLess","floor":8.0,"key":"SMITH"},{"data":"AT_OneInchPunch","floor":13.0,"key":"SMITH"},{"floor":15,"key":"REST"}],"circlet_count":0,"master_deck":["Strike_P","Strike_P","Strike_P","Strike_P","Defend_P","Defend_P","Defend_P","Defend_P","Eruption","Vigilance","AT_RealColorLess+1","WheelKick","CutThroughFate","CarveReality","BattleHymn+1","Brilliance","AT_OneInchPunch+1","JustLucky","AT_DivineConfetti","Evaluate"],"relics":["PureWater","AT_ATBox","NeowsBlessing","AT_SilvercatRing","Kunai"],"acts_visited":["Exordium"],"potions_floor_usage":[14,16,16],"damage_taken":[{"damage":0.0,"enemies":"Cultist","floor":1.0,"turns":1.0},{"damage":0.0,"enemies":"Jaw Worm","floor":2.0,"turns":1.0},{"damage":0.0,"enemies":"2 Louse","floor":3.0,"turns":1.0},{"damage":0.0,"enemies":"Large Slime","floor":4.0,"turns":4.0},{"damage":45.0,"enemies":"3 Sentries","floor":7.0,"turns":4.0},{"damage":7.0,"enemies":"3 Louse","floor":10.0,"turns":3.0},{"damage":0.0,"enemies":"Red Slaver","floor":11.0,"turns":1.0},{"damage":0,"enemies":"Exordium Thugs","floor":14,"turns":2},{"damage":45,"enemies":"The Guardian","floor":16,"turns":6}],"seed_played":"99674988427807327","potions_obtained":[{"floor":1.0,"key":"Swift Potion"},{"floor":7.0,"key":"Ancient Potion"},{"floor":11.0,"key":"SpeedPotion"}],"is_trial":false,"path_per_floor":["M","M","M","M","$","R","E","R","T","M","M","?","R","M","R","B"],"character_chosen":"WATCHER","items_purchased":["Brilliance"],"campfire_rested":1,"item_purchase_floors":[5],"current_hp_per_floor":[72,72,72,72,72,72,27,27,27,20,20,20,20,20,41,0,0],"gold":105,"neow_bonus":"THREE_ENEMY_KILL","is_daily":false,"chose_seed":false,"campfire_upgraded":2,"win_rate":0.0,"timestamp":1612850182,"path_taken":["M","M","M","M","$","R","E","R","T","?","M","?","R","?","R","BOSS"],"items_purchased_type":["Card"],"build_version":"2020-12-22","purchased_purges":0,"victory":false,"max_hp_per_floor":[72,72,72,72,72,72,72,72,72,72,72,72,72,72,72,72,72],"card_choices":[{"not_picked":["Study","Crescendo"],"picked":"WheelKick","floor":1.0},{"not_picked":["Halt","Swivel"],"picked":"CutThroughFate","floor":2.0},{"not_picked":["Crescendo","Halt"],"picked":"CarveReality","floor":3.0},{"not_picked":["Fasting2","WaveOfTheHand"],"picked":"BattleHymn","floor":4.0},{"not_picked":["InnerPeace","FlyingSleeves"],"picked":"AT_OneInchPunch","floor":7.0},{"not_picked":["MasterReality","WaveOfTheHand"],"picked":"JustLucky","floor":10.0},{"not_picked":["Prostrate","Wallop"],"picked":"AT_DivineConfetti","floor":11.0},{"not_picked":["Halt","ClearTheMind"],"picked":"Evaluate","floor":14}],"player_experience":55185,"relics_obtained":[{"floor":7.0,"key":"AT_SilvercatRing"},{"floor":9.0,"key":"Kunai"}],"event_choices":[{"damage_healed":0.0,"max_hp_gain":0.0,"max_hp_loss":0.0,"gold_gain":0.0,"event_name":"Upgrade Shrine","player_choice":"Upgraded","floor":12.0,"gold_loss":0.0,"damage_taken":0.0,"cards_upgraded":["BattleHymn"]}],"is_beta":false,"boss_relics":[],"items_purged_floors":[],"is_endless":false,"potions_floor_spawned":[1,7,11],"killed_by":"The Guardian","ascension_level":0}}