{"host":"vyjryxuuuxkt43k4","time":1612880051,"event":{"mods":["AchievementEnabler","BaseMod","Colored Map","DeckTracker","Keyboard Shortcuts","Minty Spire (QoL Compilation)","Permanent Neow","Quick Restart","StSLib","SuperFastMode","everything is the same but u backflip on backflip"],"gold_per_floor":[118,135,54,54,129,155,155,155,155,155,165,165,198,217,217,290,290,307,323,342,342,374,405,424,424,424,442,442,461,461,473,473,473,473],"floor_reached":33,"language":"KOR","playtime":797,"items_purged":[],"score":654,"play_id":"7dc58622-a9d2-4ca7-a7dc-eb21495b4d14","local_time":"20210209231411","is_ascension_mode":true,"campfire_choices":[{"data":"Searing Blow+1","floor":7.0,"key":"SMITH"},{"data":"Searing Blow+2","floor":12.0,"key":"SMITH"},{"data":"Searing Blow+3","floor":15.0,"key":"SMITH"},{"floor":25.0,"key":"REST"},{"data":"Searing Blow+4","floor":28,"key":"SMITH"},{"data":"Searing Blow+5","floor":30,"key":"SMITH"},{"data":"Searing Blow+6","floor":32,"key":"SMITH"}],"circlet_count":0,"master_deck":["AscendersBane","Strike_R","Strike_R+1","Strike_R","Strike_R","Strike_R+1","Defend_R+1","Defend_R","Defend_R","Defend_R","Bash","Hemokinesis","Searing Blow+7","Spot Weakness","Burning Pact","Flame Barrier","Double Tap","Intimidate","Feel No Pain"],"relics":["Burning Blood","NeowsBlessing","Whetstone","Mercury Hourglass","PreservedInsect","Cursed Key","Red Mask","TungstenRod"],"acts_visited":["Exordium","TheCity"],"potions_floor_usage":[27,31,33],"damage_taken":[{"damage":0.0,"enemies":"Cultist","floor":1.0,"turns":1.0},{"damage":0.0,"enemies":"Jaw Worm","floor":2.0,"turns":1.0},{"damage":0.0,"enemies":"Lagavulin","floor":6.0,"turns":1.0},{"damage":0.0,"enemies":"2 Louse","floor":11.0,"turns":2.0},{"damage":2.0,"enemies":"Gremlin Nob","floor":13.0,"turns":2.0},{"damage":7.0,"enemies":"2 Fungi Beasts","floor":14.0,"turns":3.0},{"damage":68.0,"enemies":"Hexaghost","floor":16.0,"turns":8.0},{"damage":0.0,"enemies":"Chosen","floor":18.0,"turns":2.0},{"damage":10.0,"enemies":"2 Thieves","floor":19.0,"turns":3.0},{"damage":52.0,"enemies":"Cultist and Chosen","floor":20.0,"turns":6.0},{"damage":24.0,"enemies":"Masked Bandits","floor":22.0,"turns":4.0},{"damage":16.0,"enemies":"Book of Stabbing","floor":23.0,"turns":4.0},{"damage":6.0,"enemies":"Snake Plant","floor":24.0,"turns":2.0},{"damage":1,"enemies":"Snecko","floor":27,"turns":2},{"damage":18,"enemies":"Sentry and Sphere","floor":29,"turns":5},{"damage":11,"enemies":"Centurion and Healer","floor":31,"turns":4},{"damage":27,"enemies":"Collector","floor":33,"turns":2}],"seed_played":"-4909470548860031300","potions_obtained":[{"floor":6.0,"key":"BloodPotion"},{"floor":11.0,"key":"DistilledChaos"},{"floor":14.0,"key":"DistilledChaos"},{"floor":19.0,"key":"Energy Potion"},{"floor":20.0,"key":"DuplicationPotion"},{"floor":22.0,"key":"ColorlessPotion"},{"floor":24.0,"key":"Fruit Juice"},{"floor":29,"key":"Explosive Potion"},{"floor":31,"key":"DuplicationPotion"}],"is_trial":false,"path_per_floor":["M","M","$","?","?","E","R","?","T","?","M","R","E","M","R","B",null,"M","M","M","?","?","E","M","R","T","M","R","M","R","M","R","B"],"character_chosen":"IRONCLAD","items_purchased":["Searing Blow"],"campfire_rested":1,"item_purchase_floors":[3],"current_hp_per_floor":[74,75,75,75,64,70,70,75,75,51,57,57,61,60,60,14,64,70,66,20,36,18,8,13,38,38,43,43,31,31,26,26,0,0],"gold":473,"neow_bonus":"THREE_ENEMY_KILL","is_daily":false,"chose_seed":false,"campfire_upgraded":6,"win_rate":0.0,"timestamp":1612880051,"path_taken":["M","?","$","?","?","E","R","?","T","?","M","R","E","M","R","BOSS","M","M","M","?","?","E","M","R","T","M","R","M","R","M","R","BOSS"],"items_purchased_type":["Card"],"build_version":"2020-12-22","purchased_purges":0,"victory":false,"max_hp_per_floor":[75,75,75,75,75,75,75,80,80,80,80,80,80,80,80,80,80,80,80,80,80,80,80,85,85,85,85,85,85,85,85,85,85,85],"card_choices":[{"not_picked":["Flex","True Grit","Warcry"],"picked":"SKIP","floor":1.0},{"not_picked":["Warcry","Combust"],"picked":"Hemokinesis","floor":2.0},{"not_picked":["Pummel","Flex"],"picked":"Spot Weakness","floor":6.0},{"not_picked":["Pommel Strike","Heavy Blade"],"picked":"Burning Pact","floor":11.0},{"not_picked":["Berserk","Armaments","Pommel Strike"],"picked":"SKIP","floor":13.0},{"not_picked":["Whirlwind","Anger"],"picked":"Flame Barrier","floor":14.0},{"not_picked":["Barricade","Fiend Fire"],"picked":"Double Tap","floor":16.0},{"not_picked":["Clash","Sever Soul"],"picked":"Intimidate","floor":18.0},{"not_picked":["Second Wind","Sword Boomerang","Rampage"],"picked":"SKIP","floor":19.0},{"not_picked":["Shockwave","Cleave"],"picked":"Feel No Pain","floor":20.0},{"not_picked":["Warcry","Searing Blow","Twin Strike"],"picked":"SKIP","floor":23.0},{"not_picked":["Anger","Spot Weakness+1","Perfected Strike"],"picked":"SKIP","floor":24.0},{"not_picked":["Perfected Strike","Heavy Blade","Feed"],"picked":"SKIP","floor":27},{"not_picked":["Whirlwind","Armaments","True Grit"],"picked":"SKIP","floor":29},{"not_picked":["Warcry","Blood for Blood","Dropkick"],"picked":"SKIP","floor":31}],"player_experience":876078,"relics_obtained":[{"floor":6.0,"key":"Whetstone"},{"floor":9.0,"key":"Mercury Hourglass"},{"floor":13.0,"key":"PreservedInsect"},{"floor":22.0,"key":"Red Mask"},{"floor":23.0,"key":"TungstenRod"}],"event_choices":[{"damage_healed":0.0,"max_hp_gain":0.0,"max_hp_loss":0.0,"gold_gain":0.0,"event_name":"The Cleric","player_choice":"Leave","floor":4.0,"gold_loss":0.0,"damage_taken":0.0},{"damage_healed":0.0,"max_hp_gain":0.0,"max_hp_loss":0.0,"gold_gain":75.0,"event_name":"World of Goop","player_choice":"Gather Gold","floor":5.0,"gold_loss":0.0,"damage_taken":11.0},{"damage_healed":0.0,"max_hp_gain":5.0,"max_hp_loss":0.0,"gold_gain":0.0,"event_name":"Big Fish","player_choice":"Donut","floor":8.0,"gold_loss":0.0,"damage_taken":0.0},{"damage_healed":0.0,"max_hp_gain":0.0,"max_hp_loss":0.0,"gold_gain":0.0,"event_name":"Shining Light","player_choice":"Entered Light","floor":10.0,"gold_loss":0.0,"damage_taken":24.0,"cards_upgraded":["Defend_R","Strike_R"]},{"damage_healed":16.0,"max_hp_gain":0.0,"max_hp_loss":0.0,"gold_gain":0.0,"event_name":"The Library","player_choice":"Heal","floor":21.0,"gold_loss":0.0,"damage_taken":0.0},{"damage_healed":0.0,"max_hp_gain":0.0,"max_hp_loss":0.0,"gold_gain":0.0,"event_name":"Masked Bandits","player_choice":"Fought Bandits","floor":22.0,"gold_loss":0.0,"damage_taken":0.0}],"is_beta":false,"boss_relics":[{"not_picked":["Astrolabe","Black Star"],"picked":"Cursed Key"}],"items_purged_floors":[],"is_endless":false,"potions_floor_spawned":[6,11,14,19,20,22,24,29,31],"killed_by":"Collector","ascension_level":20}}