{"host":"s41rn2jhghpwfrvz","time":1612898855,"event":{"mods":["BaseMod","Minty Spire (QoL Compilation)","Quick Restart","Relic Stats","SuperFastMode"],"gold_per_floor":[118,43,43,43,61,89,103,128,128,178,213,224,253,269,269,344,344,359,151,171,23,43,70,70,98,172,186,218,268,285,304,304,383,383,396,321,340,355,355,355,387,406,406,436,436,269,269,281,281,281,281,281,281,149,179,179],"floor_reached":57,"language":"ENG","playtime":1305,"items_purged":["Masterful Stab","Reflex+1","Dagger Spray"],"score":3554,"play_id":"feee74e3-e61c-4820-ae71-d199048c2e54","local_time":"20210209212735","daily_mods":["SealedDeck","Diverse","DeadlyEvents"],"is_ascension_mode":true,"campfire_choices":[{"data":"Entrench","floor":15,"key":"SMITH"},{"data":"Body Slam","floor":24,"key":"SMITH"},{"data":"Genetic Algorithm","floor":32,"key":"SMITH"},{"floor":40,"key":"RECALL"},{"data":"Backflip","floor":45,"key":"SMITH"},{"data":"Conserve Battery","floor":47,"key":"SMITH"},{"data":"Seeing Red+1","floor":49,"key":"PURGE"},{"data":"Malaise+1","floor":53,"key":"PURGE"}],"circlet_count":0,"master_deck":["AscendersBane","WheelKick+1","Entrench+1","Conserve Battery+1","Backflip+1","Genetic Algorithm+1","Turbo+1","Body Slam+1","Barricade+1","Offering+1","Madness+1"],"relics":["Burning Blood","Frozen Egg 2","Toxic Egg 2","CaptainsWheel","Ice Cream","Coffee Dripper","Membership Card","MealTicket","Peace Pipe","Matryoshka","Strawberry","Runic Pyramid","Nunchaku","Regal Pillow","Mummified Hand","Kunai","Gambling Chip","TheAbacus","Red Skull"],"acts_visited":["Exordium","TheCity","TheBeyond","TheEnding"],"potions_floor_usage":[13,13,56,56],"damage_taken":[{"damage":2,"enemies":"2 Louse","floor":1,"turns":3},{"damage":0,"enemies":"Small Slimes","floor":5,"turns":2},{"damage":15,"enemies":"3 Sentries","floor":6,"turns":6},{"damage":0,"enemies":"Cultist","floor":7,"turns":3},{"damage":21,"enemies":"Lagavulin","floor":8,"turns":4},{"damage":9,"enemies":"Gremlin Nob","floor":11,"turns":3},{"damage":0,"enemies":"2 Fungi Beasts","floor":12,"turns":2},{"damage":13,"enemies":"3 Sentries","floor":13,"turns":6},{"damage":14,"enemies":"Red Slaver","floor":14,"turns":2},{"damage":0,"enemies":"The Guardian","floor":16,"turns":5},{"damage":21,"enemies":"Shell Parasite","floor":18,"turns":4},{"damage":0,"enemies":"3 Byrds","floor":20,"turns":3},{"damage":1,"enemies":"Centurion and Healer","floor":22,"turns":4},{"damage":0,"enemies":"Book of Stabbing","floor":23,"turns":3},{"damage":0,"enemies":"Gremlin Leader","floor":25,"turns":3},{"damage":2,"enemies":"Snake Plant","floor":27,"turns":2},{"damage":18,"enemies":"Slavers","floor":28,"turns":3},{"damage":0,"enemies":"3 Cultists","floor":30,"turns":4},{"damage":0,"enemies":"Chosen and Byrds","floor":31,"turns":2},{"damage":0,"enemies":"Collector","floor":33,"turns":4},{"damage":6,"enemies":"3 Shapes","floor":35,"turns":2},{"damage":6,"enemies":"3 Darklings","floor":37,"turns":2},{"damage":6,"enemies":"Writhing Mass","floor":38,"turns":2},{"damage":6,"enemies":"Giant Head","floor":41,"turns":2},{"damage":6,"enemies":"Jaw Worm Horde","floor":42,"turns":1},{"damage":6,"enemies":"Nemesis","floor":44,"turns":3},{"damage":6,"enemies":"Sphere and 2 Shapes","floor":48,"turns":2},{"damage":6,"enemies":"Time Eater","floor":50,"turns":3},{"damage":6,"enemies":"Donu and Deca","floor":51,"turns":2},{"damage":6,"enemies":"Shield and Spear","floor":55,"turns":1},{"damage":6,"enemies":"The Heart","floor":56,"turns":4}],"seed_played":"-7387190445694926806","potions_obtained":[{"floor":5,"key":"DistilledChaos"},{"floor":7,"key":"Swift Potion"},{"floor":13,"key":"SkillPotion"},{"floor":16,"key":"Ancient Potion"},{"floor":25,"key":"SpeedPotion"}],"is_trial":true,"path_per_floor":["M","$","?","?","M","E","M","E","T","?","E","M","E","M","R","B",null,"M","$","M","$","M","E","R","E","T","M","E","?","M","M","R","B",null,"M","?","M","M","$","R","E","M","T","E","R","$","R","M","R","B","B",null,"R","$","E","B",null],"character_chosen":"IRONCLAD","items_purchased":["Membership Card","Barricade+1","Gambling Chip","TheAbacus","Madness+1"],"campfire_rested":0,"item_purchase_floors":[19,21,46,54,54],"current_hp_per_floor":[72,72,49,49,55,46,52,37,37,30,27,33,26,18,18,24,62,47,47,53,53,58,64,64,70,70,74,69,69,75,81,81,82,82,82,82,82,82,82,82,82,82,82,82,82,82,82,82,82,82,82,82,82,82,82,82],"gold":179,"neow_bonus":"","is_daily":false,"chose_seed":false,"campfire_upgraded":5,"win_rate":0.0,"timestamp":1612898855,"path_taken":["M","$","?","?","?","E","M","E","T","?","?","M","E","?","R","BOSS","M","$","M","$","M","E","R","E","T","M","E","?","?","M","R","BOSS","M","?","M","?","$","R","E","M","T","?","R","$","R","?","R","BOSS","BOSS","R","$","E","BOSS"],"items_purchased_type":["Relic","Card","Relic","Relic","Card"],"build_version":"2020-12-22","purchased_purges":3,"victory":true,"max_hp_per_floor":[75,75,75,75,75,75,75,75,75,75,75,75,75,75,75,75,75,75,75,75,75,75,75,75,75,75,75,82,82,82,82,82,82,82,82,82,82,82,82,82,82,82,82,82,82,82,82,82,82,82,82,82,82,82,82,82],"relic_stats":{"Peace Pipe":3,"Nunchaku":[2],"Regal Pillow":0,"TheAbacus":[60],"counters":[31,92],"Mummified Hand":[7],"Gambling Chip":[8],"MealTicket":0,"Kunai":[3],"obtain_stats":[{"Ice Cream":13,"Regal Pillow":43,"Frozen Egg 2":6,"Burning Blood":0,"Peace Pipe":25,"CaptainsWheel":11,"Nunchaku":41,"Matryoshka":26,"TheAbacus":54,"Mummified Hand":43,"Strawberry":28,"Gambling Chip":46,"MealTicket":23,"Coffee Dripper":17,"Membership Card":19,"Kunai":44,"Toxic Egg 2":8,"Red Skull":55,"Runic Pyramid":34},{"Ice Cream":8,"Regal Pillow":25,"Frozen Egg 2":3,"Burning Blood":0,"Peace Pipe":15,"CaptainsWheel":6,"Nunchaku":24,"Matryoshka":15,"TheAbacus":29,"Mummified Hand":25,"Strawberry":17,"Gambling Chip":26,"MealTicket":14,"Coffee Dripper":10,"Membership Card":11,"Kunai":26,"Toxic Egg 2":5,"Red Skull":30,"Runic Pyramid":20},{"Ice Cream":29,"Regal Pillow":77,"Frozen Egg 2":11,"Burning Blood":0,"Peace Pipe":53,"CaptainsWheel":21,"Nunchaku":76,"Matryoshka":53,"TheAbacus":87,"Mummified Hand":77,"Strawberry":58,"Gambling Chip":80,"MealTicket":50,"Coffee Dripper":36,"Membership Card":40,"Kunai":80,"Toxic Egg 2":18,"Red Skull":88,"Runic Pyramid":68}],"Burning Blood":181},"card_choices":[{"not_picked":["Underhanded Strike","BowlingBash","Beam Cell"],"picked":"SKIP","floor":1},{"not_picked":["White Noise","Blood for Blood","Disarm"],"picked":"SKIP","floor":5},{"not_picked":["Gash","Melter","LikeWater+1"],"picked":"SKIP","floor":6},{"not_picked":["Hologram","ClearTheMind","ThirdEye"],"picked":"SKIP","floor":7},{"not_picked":["A Thousand Cuts+1","Bane"],"picked":"Turbo+1","floor":8},{"not_picked":["Flechettes","Turbo+1","Reprogram+1"],"picked":"SKIP","floor":11},{"not_picked":["Burning Pact+1","FlurryOfBlows"],"picked":"Body Slam","floor":12},{"not_picked":["Distraction+1","Beam Cell","Devotion+1"],"picked":"SKIP","floor":13},{"not_picked":["Flex+1","Wireheading+1","Beam Cell"],"picked":"SKIP","floor":14},{"not_picked":["Alpha+1","Seek+1"],"picked":"Malaise+1","floor":16},{"not_picked":["Twin Strike","Streamline","Cleave"],"picked":"SKIP","floor":18},{"not_picked":["Anger","Rebound","Havoc+1"],"picked":"SKIP","floor":20},{"not_picked":["Skewer","Barrage","Hyperbeam"],"picked":"SKIP","floor":22},{"not_picked":["Cleave","Tempest+1","Pray+1"],"picked":"SKIP","floor":23},{"not_picked":["Scrape","ThirdEye+1","Underhanded Strike+1"],"picked":"SKIP","floor":25},{"not_picked":["Aggregate+1","Crescendo+1","Bouncing Flask+1"],"picked":"SKIP","floor":27},{"not_picked":["Metallicize+1","Die Die Die","WheelKick"],"picked":"SKIP","floor":28},{"not_picked":["Prepared+1","Bane","Wallop"],"picked":"SKIP","floor":30},{"not_picked":["Indignation+1","Twin Strike+1","BowlingBash"],"picked":"SKIP","floor":31},{"not_picked":["Electrodynamics+1","LessonLearned"],"picked":"Offering+1","floor":33},{"not_picked":["Deflect+1","Evolve+1","Fire Breathing+1"],"picked":"SKIP","floor":35},{"not_picked":["FollowUp","JustLucky","ClearTheMind+1"],"picked":"SKIP","floor":37},{"not_picked":["DeceiveReality+1","EmptyBody+1","Sweeping Beam"],"picked":"SKIP","floor":38},{"not_picked":["FlurryOfBlows","All Out Attack","Ghostly Armor+1"],"picked":"SKIP","floor":41},{"not_picked":["SashWhip","Barrage+1","True Grit+1"],"picked":"SKIP","floor":42},{"not_picked":["Heavy Blade","Grand Finale","Endless Agony"],"picked":"SKIP","floor":44},{"not_picked":["SashWhip+1","Chaos+1","Inflame+1"],"picked":"SKIP","floor":48},{"not_picked":["Slice+1","Tempest+1","Rip and Tear+1"],"picked":"SKIP","floor":55}],"player_experience":1907336,"relics_obtained":[{"floor":6,"key":"Frozen Egg 2"},{"floor":8,"key":"Toxic Egg 2"},{"floor":11,"key":"CaptainsWheel"},{"floor":13,"key":"Ice Cream"},{"floor":23,"key":"MealTicket"},{"floor":25,"key":"Peace Pipe"},{"floor":26,"key":"Matryoshka"},{"floor":28,"key":"Strawberry"},{"floor":41,"key":"Nunchaku"},{"floor":43,"key":"Regal Pillow"},{"floor":43,"key":"Mummified Hand"},{"floor":44,"key":"Kunai"},{"floor":55,"key":"Red Skull"}],"event_choices":[{"damage_healed":0,"gold_gain":0,"player_choice":"Entered Light","damage_taken":23,"max_hp_gain":0,"max_hp_loss":0,"event_name":"Shining Light","floor":3,"gold_loss":0,"cards_upgraded":["Reflex","Seeing Red"]},{"damage_healed":0,"gold_gain":0,"player_choice":"Upgraded","damage_taken":0,"max_hp_gain":0,"max_hp_loss":0,"event_name":"Upgrade Shrine","floor":4,"gold_loss":0,"cards_upgraded":["WheelKick"]},{"damage_healed":0,"gold_gain":50,"player_choice":"Touch","damage_taken":7,"max_hp_gain":0,"max_hp_loss":0,"event_name":"FaceTrader","floor":10,"gold_loss":0},{"damage_healed":0,"gold_gain":100,"player_choice":"Bet on Murderer","damage_taken":0,"max_hp_gain":0,"max_hp_loss":0,"event_name":"The Joust","floor":29,"gold_loss":50},{"cards_removed":["Beam Cell"],"damage_healed":0,"gold_gain":0,"player_choice":"Single Remove","damage_taken":0,"max_hp_gain":0,"max_hp_loss":0,"event_name":"Designer","floor":36,"gold_loss":75}],"is_beta":false,"boss_relics":[{"not_picked":["Sozu","Velvet Choker"],"picked":"Coffee Dripper"},{"not_picked":["Calling Bell","Mark of Pain"],"picked":"Runic Pyramid"}],"items_purged_floors":[2,19,21],"is_endless":false,"potions_floor_spawned":[5,7,13,16,20,25,30,31,38,41,44,48],"ascension_level":20}}