{"host":"o9lehcdjc4u6j9un","time":1612862900,"event":{"mods":["BaseMod","Better-Laid Plans","Colored Map","Downfall","Hermit","Koishi","Marisa£®ÏF”Í°°ƒß¿Ì…≥£©","Minty Spire (QoL Compilation)","Reimu£®≤©¿ˆ¡È√Œ£©","Remilia£®¿Ÿ√◊¿Ú—«£©","StSLib","The Alterego","The Runesmith","The Senshi","Youmu£®ªÍ∆«—˝√Œ£©"],"gold_per_floor":[112,11,11,30,40,65,85,96,96,131,148,175,185,85,85,182,182,198,198,210,229,23,51,62,62,113,138,157,157,192,211,211,311,311,323,334,334,334],"floor_reached":37,"language":"ZHS","playtime":9780,"items_purged":["Strike_P","Strike_P","Strike_P"],"score":455,"play_id":"fd63bf28-5fcc-46fa-a079-faceffc9de4d","local_time":"20210209172820","is_ascension_mode":false,"campfire_choices":[{"floor":15,"key":"REST"},{"floor":29,"key":"REST"},{"floor":32,"key":"REST"}],"circlet_count":0,"master_deck":["Defend_P+1","Defend_P","Defend_P","Defend_P","Eruption","Vigilance","Vault","Consecrate","BowlingBash","ClearTheMind+1","Perseverance","SashWhip","FollowUp","Conclude+1","Tantrum","Fasting2","SashWhip+1","Sanctity+1","LessonLearned","ClearTheMind+1","FlurryOfBlows","EmptyFist","Adaptation","EmptyBody","EmptyFist","Parasite","Consecrate+1","EmptyMind+1","Brilliance","CutThroughFate","DeusExMachina+1","InnerPeace+1","EmptyBody+1"],"relics":["PureWater","Orichalcum","Happy Flower","Damaru","Ornamental Fan","Cursed Key","HornCleat","Toxic Egg 2","Ancient Tea Set","SlaversCollar"],"acts_visited":["Exordium","TheCity","TheBeyond"],"potions_floor_usage":[12,16,21,23,33],"damage_taken":[{"damage":0,"enemies":"Small Slimes","floor":1,"turns":2},{"damage":0,"enemies":"2 Louse","floor":4,"turns":3},{"damage":0,"enemies":"Cultist","floor":5,"turns":3},{"damage":31,"enemies":"Lagavulin","floor":6,"turns":7},{"damage":0,"enemies":"3 Louse","floor":7,"turns":2},{"damage":0,"enemies":"Large Slime","floor":8,"turns":5},{"damage":15,"enemies":"Gremlin Nob","floor":10,"turns":3},{"damage":0,"enemies":"Blue Slaver","floor":11,"turns":3},{"damage":12,"enemies":"Lagavulin","floor":12,"turns":4},{"damage":0,"enemies":"3 Louse","floor":13,"turns":2},{"damage":17,"enemies":"The Guardian","floor":16,"turns":6},{"damage":17,"enemies":"2 Thieves","floor":18,"turns":3},{"damage":0,"enemies":"Spheric Guardian","floor":20,"turns":3},{"damage":8,"enemies":"Shelled Parasite and Fungi","floor":21,"turns":3},{"damage":16,"enemies":"Gremlin Leader","floor":23,"turns":4},{"damage":0,"enemies":"Chosen and Byrds","floor":24,"turns":5},{"damage":18,"enemies":"Book of Stabbing","floor":27,"turns":5},{"damage":0,"enemies":"Snecko","floor":28,"turns":6},{"damage":8,"enemies":"Slavers","floor":30,"turns":3},{"damage":3,"enemies":"Snake Plant","floor":31,"turns":4},{"damage":14,"enemies":"Champ","floor":33,"turns":8},{"damage":48,"enemies":"3 Darklings","floor":35,"turns":5},{"damage":10,"enemies":"3 Shapes","floor":36,"turns":3},{"damage":28,"enemies":"Writhing Mass","floor":37,"turns":1}],"seed_played":"1687361241178466952","potions_obtained":[{"floor":4,"key":"GrandPatriotsElixir:ReiMu"},{"floor":6,"key":"SteroidPotion"},{"floor":8,"key":"BottledMiracle"},{"floor":11,"key":"MagicPotion:ReiMu"},{"floor":16,"key":"Strength Potion"},{"floor":20,"key":"Explosive Potion"},{"floor":24,"key":"SteroidPotion"},{"floor":27,"key":"DuplicationPotion"},{"floor":28,"key":"Energy Potion"}],"is_trial":false,"path_per_floor":["M","$","?","M","M","E","M","M","T","E","M","E","M","$","R","B",null,"M","?","M","M","$","E","M","?","T","E","M","R","E","M","R","B",null,"M","M","M"],"character_chosen":"WATCHER","items_purchased":["BowlingBash","Adaptation"],"campfire_rested":3,"item_purchase_floors":[2,22],"current_hp_per_floor":[72,72,72,72,72,41,41,41,41,26,26,14,14,14,35,18,72,55,55,55,47,47,31,31,31,31,13,13,34,26,23,44,30,72,24,14,0,0],"gold":334,"neow_bonus":"ONE_RANDOM_RARE_CARD","is_daily":false,"chose_seed":false,"campfire_upgraded":0,"win_rate":0.0,"timestamp":1612862900,"path_taken":["M","$","?","M","M","E","M","M","T","E","M","E","M","$","R","BOSS","M","?","M","M","$","E","M","?","T","E","M","R","E","M","R","BOSS","M","M","M"],"items_purchased_type":["Card","Card"],"build_version":"2020-12-22","purchased_purges":3,"victory":false,"max_hp_per_floor":[72,72,72,72,72,72,72,72,72,72,72,72,72,72,72,72,72,72,72,72,72,72,72,72,72,72,72,72,72,72,72,72,72,72,72,72,72,72],"card_choices":[{"not_picked":["FlyingSleeves","Evaluate"],"picked":"Consecrate","floor":1},{"not_picked":["Protect","CrushJoints"],"picked":"ClearTheMind","floor":4},{"not_picked":["CrushJoints","Brilliance"],"picked":"Perseverance","floor":5},{"not_picked":["BowlingBash","Protect"],"picked":"SashWhip","floor":6},{"not_picked":["EmptyBody","Prostrate"],"picked":"FollowUp","floor":7},{"not_picked":["CarveReality","EmptyFist"],"picked":"Conclude","floor":8},{"not_picked":["EmptyBody","Wallop"],"picked":"Tantrum","floor":10},{"not_picked":["TalkToTheHand","LikeWater"],"picked":"Fasting2","floor":11},{"not_picked":["Study","FlyingSleeves"],"picked":"SashWhip","floor":12},{"not_picked":["EmptyFist","Evaluate"],"picked":"Sanctity","floor":13},{"not_picked":["Vault","ConjureBlade"],"picked":"LessonLearned","floor":16},{"not_picked":["Crescendo+1","SandsOfTime"],"picked":"ClearTheMind+1","floor":18},{"not_picked":["ClearTheMind","BowlingBash"],"picked":"EmptyFist","floor":20},{"not_picked":["PathToVictory","Prostrate","CrushJoints"],"picked":"SKIP","floor":21},{"not_picked":["Fasting2","Ragnarok"],"picked":"EmptyBody","floor":23},{"not_picked":["EmptyBody","Protect"],"picked":"EmptyFist","floor":24},{"not_picked":["BowlingBash","Meditate+1"],"picked":"Consecrate+1","floor":27},{"not_picked":["ReachHeaven","FlyingSleeves"],"picked":"EmptyMind+1","floor":28},{"not_picked":["JustLucky","Protect+1"],"picked":"Brilliance","floor":30},{"not_picked":["EmptyFist","FlyingSleeves"],"picked":"CutThroughFate","floor":31},{"not_picked":["DevaForm","Scrawl+1"],"picked":"DeusExMachina+1","floor":33},{"not_picked":["Crescendo+1","BowlingBash+1"],"picked":"InnerPeace+1","floor":35},{"not_picked":["PathToVictory+1","BowlingBash"],"picked":"EmptyBody+1","floor":36}],"player_experience":170757,"relics_obtained":[{"floor":6,"key":"Orichalcum"},{"floor":9,"key":"Happy Flower"},{"floor":10,"key":"Damaru"},{"floor":12,"key":"Ornamental Fan"},{"floor":23,"key":"HornCleat"},{"floor":27,"key":"Toxic Egg 2"},{"floor":30,"key":"Ancient Tea Set"}],"event_choices":[{"damage_healed":0,"gold_gain":0,"player_choice":"Ignored","damage_taken":0,"max_hp_gain":0,"max_hp_loss":0,"event_name":"Liars Game","floor":3,"gold_loss":0},{"damage_healed":0,"gold_gain":0,"player_choice":"Read","damage_taken":0,"max_hp_gain":0,"max_hp_loss":0,"event_name":"The Library","floor":19,"gold_loss":0,"cards_obtained":["FlurryOfBlows"]},{"cards_removed":["Strike_P"],"damage_healed":0,"gold_gain":0,"player_choice":"Purged","damage_taken":0,"max_hp_gain":0,"max_hp_loss":0,"event_name":"Purifier","floor":25,"gold_loss":0}],"is_beta":false,"boss_relics":[{"not_picked":["Ectoplasm","Black Star"],"picked":"Cursed Key"},{"not_picked":["SacredBark","Empty Cage"],"picked":"SlaversCollar"}],"items_purged_floors":[2,14,22],"is_endless":false,"potions_floor_spawned":[4,6,8,10,11,16,20,24,27,28],"killed_by":"Writhing Mass","ascension_level":0}}