{"host":"Aki","time":1612865264,"event":{"mods":["Act Like it!","BaseMod","Custom Start","Minty Spire (QoL Compilation)","Quick Restart","StSLib","noobMod"],"gold_per_floor":[111,122,12,24,24,50,50,77,77,16,45,57,57,76,76,178,178,198,198,86,0,0],"floor_reached":21,"language":"ZHS","playtime":840,"items_purged":["Strike_P","Strike_P"],"score":227,"play_id":"0de32e9d-a9b5-43ea-aae6-bcbe67b99e4b","local_time":"20210209180744","is_ascension_mode":true,"campfire_choices":[{"data":"Eruption","floor":7.0,"key":"SMITH"},{"data":"EmptyMind","floor":15.0,"key":"SMITH"}],"circlet_count":0,"master_deck":["Defend_P","Defend_P","Defend_P","Eruption+1","Vigilance","EmptyMind+1","BattleHymn","TalkToTheHand","TalkToTheHand","Halt+1","Adaptation","Crescendo","Establishment","LessonLearned","Adaptation"],"relics":["ice","VioletLotus","The Courier","Thread and Needle","Art of War","Empty Cage","Nloth\u0027s Gift"],"acts_visited":["Exordium","TheCity"],"potions_floor_usage":[],"damage_taken":[{"damage":0.0,"enemies":"Cultist","floor":1.0,"turns":2.0},{"damage":3.0,"enemies":"Jaw Worm","floor":2.0,"turns":5.0},{"damage":1.0,"enemies":"Small Slimes","floor":4.0,"turns":5.0},{"damage":25.0,"enemies":"Gremlin Nob","floor":6.0,"turns":3.0},{"damage":1.0,"enemies":"3 Sentries","floor":8.0,"turns":5.0},{"damage":3.0,"enemies":"Lagavulin","floor":11.0,"turns":6.0},{"damage":0.0,"enemies":"2 Fungi Beasts","floor":12.0,"turns":2.0},{"damage":2.0,"enemies":"Red Slaver","floor":14.0,"turns":3.0},{"damage":9.0,"enemies":"Hexaghost","floor":16.0,"turns":9.0},{"damage":30.0,"enemies":"Spheric Guardian","floor":18.0,"turns":6.0},{"damage":84,"enemies":"2 Thieves","floor":21,"turns":5}],"seed_played":"8814296418348598852","potions_obtained":[{"floor":1.0,"key":"SkillPotion"},{"floor":6.0,"key":"Strength Potion"},{"floor":12.0,"key":"ColorlessPotion"},{"floor":14.0,"key":"Explosive Potion"},{"floor":18.0,"key":"FairyPotion"}],"is_trial":false,"path_per_floor":["M","M","$","M","?","E","R","E","T","$","E","M","?","M","R","B",null,"M","?","$","M"],"character_chosen":"WATCHER","items_purchased":["BattleHymn","Adaptation","Adaptation"],"campfire_rested":0,"item_purchase_floors":[3,10,20],"current_hp_per_floor":[72,69,69,68,56,31,31,30,30,30,27,27,27,25,25,16,72,42,42,42,28,28],"gold":0,"neow_bonus":"BOSS_RELIC","is_daily":false,"chose_seed":false,"campfire_upgraded":2,"win_rate":0.0,"timestamp":1612865264,"path_taken":["M","M","?","M","?","E","R","E","T","$","E","?","?","M","R","BOSS","M","?","$","?"],"items_purchased_type":["Card","Card","Card"],"build_version":"2020-12-18","purchased_purges":2,"victory":false,"max_hp_per_floor":[72,72,72,72,72,72,72,72,72,72,72,72,72,72,72,72,72,72,72,72,74,74],"card_choices":[{"not_picked":["CrushJoints","Prostrate"],"picked":"EmptyMind","floor":1.0},{"not_picked":["Protect","Consecrate","ThirdEye"],"picked":"SKIP","floor":2.0},{"not_picked":["Conclude","Evaluate"],"picked":"TalkToTheHand","floor":4.0},{"not_picked":["CrushJoints","EmptyFist"],"picked":"TalkToTheHand","floor":6.0},{"not_picked":["FlurryOfBlows","Establishment"],"picked":"Halt","floor":8.0},{"not_picked":["CrushJoints","ThirdEye"],"picked":"Crescendo","floor":11.0},{"not_picked":["SignatureMove","Fasting2","Worship"],"picked":"SKIP","floor":12.0},{"not_picked":["EmptyFist","Study"],"picked":"Establishment","floor":14.0},{"not_picked":["Establishment","Omniscience"],"picked":"LessonLearned","floor":16.0},{"not_picked":["ClearTheMind","BowlingBash","Worship+1"],"picked":"SKIP","floor":18.0}],"player_experience":47566,"relics_obtained":[{"floor":6.0,"key":"Thread and Needle"},{"floor":8.0,"key":"Art of War"},{"floor":11.0,"key":"Regal Pillow"}],"event_choices":[{"damage_healed":0.0,"max_hp_gain":0.0,"max_hp_loss":0.0,"gold_gain":0.0,"event_name":"Scrap Ooze","player_choice":"Success","floor":5.0,"gold_loss":0.0,"damage_taken":12.0,"relics_obtained":["The Courier"]},{"cards_removed":["Strike_P"],"damage_healed":0.0,"max_hp_gain":0.0,"max_hp_loss":0.0,"gold_gain":0.0,"event_name":"Bonfire Elementals","player_choice":"Offered Basic","floor":13.0,"gold_loss":0.0,"damage_taken":0.0},{"damage_healed":0.0,"max_hp_gain":0.0,"max_hp_loss":0.0,"gold_gain":0.0,"event_name":"N\u0027loth","player_choice":"Traded Relic","floor":19.0,"relics_lost":["Regal Pillow"],"gold_loss":0.0,"damage_taken":0.0,"relics_obtained":["Nloth\u0027s Gift"]}],"is_beta":true,"boss_relics":[{"not_picked":["SlaversCollar","Velvet Choker"],"picked":"Empty Cage"}],"items_purged_floors":[3,20],"is_endless":false,"potions_floor_spawned":[1,6,12,14,18],"killed_by":"2 Thieves","ascension_level":3}}