{"host":"1focbxb2e8qu7ccd","time":1612836684,"event":{"mods":["AchievementEnabler","BaseMod","Bestiary","Highlight Path","Minty Spire (QoL Compilation)","Relic Stats"],"gold_per_floor":[111,126,51,67,67,67,81,111,111,127,144,171,171,182,182,259,259,270,284,16,49,61,61,74,74,74,124,141,161,161,189,189,267,267,283,322,372,372,446,473,518,518,518,78,129,156,211,267,267,267,267,267],"floor_reached":51,"language":"ENG","playtime":12510,"items_purged":["Strike_R","Strike_R"],"score":1488,"play_id":"fed6d107-9277-4b44-a382-a48b2f1ab041","local_time":"20210208211124","is_ascension_mode":true,"campfire_choices":[{"data":"Apotheosis","floor":13,"key":"SMITH"},{"data":"Shockwave","floor":15,"key":"SMITH"},{"floor":23,"key":"REST"},{"floor":25,"key":"REST"},{"floor":30,"key":"REST"},{"floor":32,"key":"REST"},{"floor":42,"key":"REST"},{"floor":49,"key":"RECALL"}],"circlet_count":0,"master_deck":["AscendersBane","Strike_R","Strike_R","Defend_R","Defend_R","Defend_R","Bash","Apotheosis+1","Headbutt","Shrug It Off","Cleave","Shockwave+1","Feed","Pommel Strike","Headbutt","Feed","Shrug It Off","Flying Knee","Ball Lightning","JustLucky","Wish","Evaluate","Inflame","PiercingWail+1","Tantrum+1","Impervious","Acrobatics"],"relics":["Burning Blood","Vajra","Sundial","StoneCalendar","SlaversCollar","PrismaticShard","Red Mask","Gremlin Horn","Pear","Black Star","Bottled Lightning","Pen Nib","Red Skull","Potion Belt","Thread and Needle","Smiling Mask","Blood Vial","Bird Faced Urn","Molten Egg 2","Turnip"],"acts_visited":["Exordium","TheCity","TheBeyond"],"potions_floor_usage":[8,8,16,18,21,21,28,31,45,50,50],"damage_taken":[{"damage":4,"enemies":"Small Slimes","floor":1,"turns":4},{"damage":4,"enemies":"2 Louse","floor":2,"turns":3},{"damage":0,"enemies":"Cultist","floor":4,"turns":3},{"damage":39,"enemies":"Gremlin Gang","floor":7,"turns":4},{"damage":7,"enemies":"3 Sentries","floor":8,"turns":7},{"damage":4,"enemies":"2 Fungi Beasts","floor":10,"turns":3},{"damage":3,"enemies":"Blue Slaver","floor":11,"turns":5},{"damage":8,"enemies":"Lagavulin","floor":12,"turns":6},{"damage":14,"enemies":"Exordium Wildlife","floor":14,"turns":4},{"damage":29,"enemies":"Hexaghost","floor":16,"turns":11},{"damage":10,"enemies":"Chosen","floor":18,"turns":5},{"damage":22,"enemies":"Spheric Guardian","floor":19,"turns":4},{"damage":26,"enemies":"Masked Bandits","floor":21,"turns":5},{"damage":27,"enemies":"Centurion and Healer","floor":22,"turns":6},{"damage":28,"enemies":"Snake Plant","floor":24,"turns":5},{"damage":37,"enemies":"Sentry and Sphere","floor":28,"turns":7},{"damage":28,"enemies":"Cultist and Chosen","floor":29,"turns":7},{"damage":34,"enemies":"Slavers","floor":31,"turns":4},{"damage":40,"enemies":"Collector","floor":33,"turns":7},{"damage":5,"enemies":"Orb Walker","floor":35,"turns":3},{"damage":14,"enemies":"3 Shapes","floor":36,"turns":7},{"damage":80,"enemies":"Writhing Mass","floor":37,"turns":10},{"damage":52,"enemies":"Reptomancer","floor":40,"turns":5},{"damage":16,"enemies":"4 Shapes","floor":41,"turns":8},{"damage":52,"enemies":"2 Orb Walkers","floor":45,"turns":4},{"damage":39,"enemies":"Nemesis","floor":46,"turns":7},{"damage":1,"enemies":"Mind Bloom Boss Battle","floor":47,"turns":9},{"damage":22,"enemies":"Reptomancer","floor":48,"turns":7},{"damage":35,"enemies":"Awakened One","floor":50,"turns":16},{"damage":20,"enemies":"Donu and Deca","floor":51,"turns":3}],"seed_played":"6844558492887586436","potions_obtained":[{"floor":1,"key":"ColorlessPotion"},{"floor":4,"key":"HeartOfIron"},{"floor":8,"key":"SkillPotion"},{"floor":14,"key":"Weak Potion"},{"floor":18,"key":"HeartOfIron"},{"floor":19,"key":"Explosive Potion"},{"floor":24,"key":"DistilledChaos"},{"floor":29,"key":"ElixirPotion"},{"floor":41,"key":"Block Potion"},{"floor":45,"key":"Ancient Potion"},{"floor":46,"key":"AttackPotion"},{"floor":48,"key":"FearPotion"}],"is_trial":false,"path_per_floor":["M","M","?","M","?","?","M","E","T","M","M","E","R","M","R","B",null,"M","M","$","?","M","R","M","R","T","?","M","M","R","E","R","B",null,"M","M","M","?","T","E","M","R","T","$","?","E","?","E","R","B","B"],"character_chosen":"IRONCLAD","items_purchased":["Shrug It Off","PrismaticShard","Impervious","Potion Belt"],"campfire_rested":5,"item_purchase_floors":[20,20,44,44],"current_hp_per_floor":[68,68,68,68,73,73,40,39,39,41,44,46,46,42,42,23,70,70,58,58,46,33,65,43,75,75,75,44,22,54,43,80,46,106,111,107,37,113,113,67,65,101,101,101,59,26,37,29,29,8,0,0],"gold":267,"neow_bonus":"RANDOM_COLORLESS_2","is_daily":false,"chose_seed":false,"campfire_upgraded":2,"win_rate":0.0,"timestamp":1612836684,"path_taken":["M","M","?","M","?","?","?","E","T","M","M","E","R","M","R","BOSS","M","?","$","?","M","R","M","R","T","?","M","M","R","E","R","BOSS","M","M","M","?","?","E","?","R","T","$","?","E","?","E","R","BOSS","BOSS"],"items_purchased_type":["Card","Relic","Card","Relic"],"build_version":"2020-12-22","purchased_purges":2,"victory":false,"max_hp_per_floor":[68,68,68,68,73,73,73,73,73,73,73,77,77,81,81,85,85,89,93,93,101,109,109,109,109,109,109,109,109,109,126,126,126,126,130,134,138,113,113,113,121,121,121,121,125,125,129,133,133,137,137,137],"relic_stats":{"Blood Vial":8,"Gremlin Horn":[26,26],"counters":[30,179],"Sundial":[24],"Bird Faced Urn":[6],"StoneCalendar":[365],"Pen Nib":[8],"Turnip":[0],"Black Star":3,"Smiling Mask":0,"obtain_stats":[{"Potion Belt":44,"Pear":31,"Gremlin Horn":26,"Vajra":8,"StoneCalendar":12,"Thread and Needle":45,"Pen Nib":40,"PrismaticShard":20,"Smiling Mask":46,"Burning Blood":0,"Blood Vial":46,"SlaversCollar":17,"Sundial":9,"Bird Faced Urn":47,"Molten Egg 2":48,"Turnip":48,"Red Mask":21,"Black Star":34,"Bottled Lightning":40,"Red Skull":43},{"Potion Belt":24,"Pear":18,"Gremlin Horn":15,"Vajra":5,"StoneCalendar":8,"Thread and Needle":25,"Pen Nib":23,"PrismaticShard":12,"Smiling Mask":26,"Burning Blood":0,"Blood Vial":26,"SlaversCollar":10,"Sundial":5,"Bird Faced Urn":27,"Molten Egg 2":28,"Turnip":28,"Red Mask":13,"Black Star":19,"Bottled Lightning":23,"Red Skull":24},{"Potion Belt":133,"Pear":93,"Gremlin Horn":75,"Vajra":21,"StoneCalendar":35,"Thread and Needle":137,"Pen Nib":125,"PrismaticShard":59,"Smiling Mask":144,"Burning Blood":0,"Blood Vial":144,"SlaversCollar":50,"Sundial":21,"Bird Faced Urn":153,"Molten Egg 2":160,"Turnip":160,"Red Mask":64,"Black Star":100,"Bottled Lightning":125,"Red Skull":133}],"Burning Blood":164},"card_choices":[{"not_picked":["Magnetism","Master of Strategy"],"picked":"Apotheosis","floor":0},{"not_picked":["Dual Wield","Metallicize"],"picked":"Headbutt","floor":1},{"not_picked":["Wild Strike","Body Slam"],"picked":"Shrug It Off","floor":2},{"not_picked":["Twin Strike","True Grit"],"picked":"Cleave","floor":4},{"not_picked":["Sentinel","True Grit"],"picked":"Shockwave","floor":7},{"not_picked":["Flex","Armaments","Searing Blow"],"picked":"SKIP","floor":8},{"not_picked":["Armaments","Twin Strike","Wild Strike"],"picked":"SKIP","floor":10},{"not_picked":["Pommel Strike","Body Slam"],"picked":"Feed","floor":11},{"not_picked":["Headbutt","Iron Wave"],"picked":"Pommel Strike","floor":12},{"not_picked":["Havoc","Shockwave"],"picked":"Headbutt","floor":14},{"not_picked":["Exhume","Double Tap"],"picked":"Feed","floor":16},{"not_picked":["Wild Strike","Perfected Strike","Sword Boomerang+1"],"picked":"SKIP","floor":18},{"not_picked":["Perfected Strike","Body Slam","Intimidate"],"picked":"SKIP","floor":19},{"not_picked":["Caltrops+1","DeceiveReality"],"picked":"Flying Knee","floor":21},{"not_picked":["Conclude","Sucker Punch","Armaments"],"picked":"SKIP","floor":22},{"not_picked":["Swivel+1","Wild Strike","Mind Blast"],"picked":"SKIP","floor":24},{"not_picked":["Slice","Meteor Strike"],"picked":"Ball Lightning","floor":28},{"not_picked":["Go for the Eyes","True Grit"],"picked":"JustLucky","floor":29},{"not_picked":["Melter","Jack Of All Trades","Loop"],"picked":"SKIP","floor":31},{"not_picked":["LessonLearned","Sadistic Nature"],"picked":"Wish","floor":33},{"not_picked":["Heel Hook+1","Pommel Strike"],"picked":"Evaluate","floor":35},{"not_picked":["Quick Slash","Outmaneuver"],"picked":"Inflame","floor":36},{"not_picked":["Deflect","Leap"],"picked":"PiercingWail+1","floor":37},{"not_picked":["Rainbow","Clothesline+1","Flex"],"picked":"SKIP","floor":40},{"not_picked":["EmptyBody","ThirdEye"],"picked":"Tantrum+1","floor":41},{"not_picked":["Beam Cell","Perfected Strike+1","Armaments"],"picked":"SKIP","floor":46},{"not_picked":["FlurryOfBlows+1","Jack Of All Trades"],"picked":"Acrobatics","floor":48}],"player_experience":901850,"relics_obtained":[{"floor":8,"key":"Vajra"},{"floor":9,"key":"Sundial"},{"floor":12,"key":"StoneCalendar"},{"floor":21,"key":"Red Mask"},{"floor":26,"key":"Gremlin Horn"},{"floor":31,"key":"Pear"},{"floor":40,"key":"Bottled Lightning"},{"floor":40,"key":"Pen Nib"},{"floor":43,"key":"Red Skull"},{"floor":45,"key":"Thread and Needle"},{"floor":46,"key":"Smiling Mask"},{"floor":46,"key":"Blood Vial"},{"floor":47,"key":"Bird Faced Urn"},{"floor":48,"key":"Molten Egg 2"},{"floor":48,"key":"Turnip"}],"event_choices":[{"cards_removed":["Strike_R"],"damage_healed":0,"gold_gain":0,"player_choice":"Card Removal","damage_taken":0,"max_hp_gain":0,"max_hp_loss":0,"event_name":"The Cleric","floor":3,"gold_loss":75},{"damage_healed":0,"gold_gain":0,"player_choice":"Donut","damage_taken":0,"max_hp_gain":5,"max_hp_loss":0,"event_name":"Big Fish","floor":5,"gold_loss":0},{"cards_removed":["Defend_R"],"damage_healed":0,"gold_gain":0,"player_choice":"Purged","damage_taken":0,"max_hp_gain":0,"max_hp_loss":0,"event_name":"Purifier","floor":6,"gold_loss":0},{"damage_healed":0,"gold_gain":0,"player_choice":"Fought Bandits","damage_taken":0,"max_hp_gain":0,"max_hp_loss":0,"event_name":"Masked Bandits","floor":21,"gold_loss":0},{"damage_healed":0,"gold_gain":50,"player_choice":"Stole From Cult","damage_taken":0,"max_hp_gain":0,"max_hp_loss":0,"event_name":"Nest","floor":27,"gold_loss":0},{"damage_healed":113,"gold_gain":0,"player_choice":"Heal","damage_taken":0,"max_hp_gain":0,"max_hp_loss":25,"event_name":"The Moai Head","floor":38,"gold_loss":0},{"damage_healed":0,"gold_gain":0,"player_choice":"Fight","damage_taken":0,"max_hp_gain":0,"max_hp_loss":0,"event_name":"Mysterious Sphere","floor":45,"gold_loss":0},{"damage_healed":0,"gold_gain":0,"player_choice":"Fight","damage_taken":0,"max_hp_gain":0,"max_hp_loss":0,"event_name":"MindBloom","floor":47,"gold_loss":0}],"is_beta":false,"boss_relics":[{"not_picked":["Runic Dome","Philosopher\u0027s Stone"],"picked":"SlaversCollar"},{"not_picked":["Empty Cage","Runic Cube"],"picked":"Black Star"}],"items_purged_floors":[20,44],"is_endless":false,"potions_floor_spawned":[1,4,8,14,18,19,24,29,41,45,46,48],"killed_by":"Donu and Deca","ascension_level":20}}