{"host":"a1eatafr7pisesky","time":1612883281,"event":{"mods":["AchievementEnabler","BaseMod","Colored Map","Keyboard Shortcuts","Minty Spire (QoL Compilation)","Say the Spire","StSLib","SuperFastMode","everything is the same but u backflip on backflip"],"gold_per_floor":[112,130,130,144,69,69,97,97,124,124,140,40,69,88,88,165,165,185,185,185,204,222,222,249,249,249,76,76,76,76,89,89,162,162,181,181,131,145,161,161,194,29,29,29,29,29,47,73,73,73,73,73,45,76,76],"floor_reached":56,"language":"KOR","playtime":1172,"items_purged":["Strike_R","Strike_R","Defend_R"],"score":2134,"play_id":"356b1157-4bcd-4053-a318-68de1d4bbc54","local_time":"20210210000801","is_ascension_mode":true,"campfire_choices":[{"data":"Searing Blow+1","floor":6.0,"key":"SMITH"},{"data":"Searing Blow+2","floor":8.0,"key":"SMITH"},{"data":"Searing Blow+3","floor":10.0,"key":"SMITH"},{"data":"Searing Blow+4","floor":15.0,"key":"SMITH"},{"data":"Searing Blow+5","floor":23.0,"key":"SMITH"},{"data":"Searing Blow+6","floor":28.0,"key":"SMITH"},{"data":"Searing Blow+7","floor":29.0,"key":"SMITH"},{"data":"Searing Blow+8","floor":30.0,"key":"SMITH"},{"data":"Searing Blow+9","floor":32.0,"key":"SMITH"},{"data":"Searing Blow+11","floor":40.0,"key":"SMITH"},{"data":"Searing Blow+12","floor":44.0,"key":"SMITH"},{"data":"Searing Blow+13","floor":46.0,"key":"SMITH"},{"floor":49.0,"key":"RECALL"},{"data":"Searing Blow+14","floor":52.0,"key":"SMITH"}],"circlet_count":0,"master_deck":["AscendersBane","Defend_R","Bash","Searing Blow+15","Armaments","Headbutt","Warcry","Shrug It Off","Feed","Ghostly Armor","Armaments+1","Rage","Burning Pact","Battle Trance","Seeing Red","Shrug It Off","Shockwave","Feel No Pain+1","Flex"],"relics":["Burning Blood","Bag of Marbles","Ancient Tea Set","Sundial","Runic Pyramid","Letter Opener","WingedGreaves","Singing Bowl","PreservedInsect","Empty Cage","Bird Faced Urn","Centennial Puzzle","Thread and Needle"],"acts_visited":["Exordium","TheCity","TheBeyond","TheEnding"],"potions_floor_usage":[55,55],"damage_taken":[{"damage":20.0,"enemies":"Small Slimes","floor":1.0,"turns":3.0},{"damage":6.0,"enemies":"Cultist","floor":2.0,"turns":3.0},{"damage":12.0,"enemies":"Jaw Worm","floor":4.0,"turns":2.0},{"damage":28.0,"enemies":"3 Sentries","floor":7.0,"turns":9.0},{"damage":6.0,"enemies":"Exordium Thugs","floor":11.0,"turns":3.0},{"damage":10.0,"enemies":"Lagavulin","floor":13.0,"turns":3.0},{"damage":2.0,"enemies":"3 Louse","floor":14.0,"turns":3.0},{"damage":14.0,"enemies":"Slime Boss","floor":16.0,"turns":8.0},{"damage":28.0,"enemies":"2 Thieves","floor":18.0,"turns":4.0},{"damage":0.0,"enemies":"Chosen","floor":21.0,"turns":2.0},{"damage":27.0,"enemies":"Snake Plant","floor":22.0,"turns":4.0},{"damage":10.0,"enemies":"Slavers","floor":24.0,"turns":4.0},{"damage":0.0,"enemies":"Cultist and Chosen","floor":25.0,"turns":1.0},{"damage":0.0,"enemies":"Chosen and Byrds","floor":31.0,"turns":2.0},{"damage":0.0,"enemies":"Champ","floor":33.0,"turns":4.0},{"damage":12.0,"enemies":"3 Darklings","floor":35.0,"turns":5.0},{"damage":0.0,"enemies":"Orb Walker","floor":38.0,"turns":1.0},{"damage":21.0,"enemies":"4 Shapes","floor":39.0,"turns":7.0},{"damage":0.0,"enemies":"Nemesis","floor":41.0,"turns":3.0},{"damage":1.0,"enemies":"Transient","floor":47.0,"turns":5.0},{"damage":27.0,"enemies":"Donu and Deca","floor":50.0,"turns":5.0},{"damage":25.0,"enemies":"Shield and Spear","floor":54.0,"turns":3.0},{"damage":64,"enemies":"The Heart","floor":55,"turns":6}],"seed_played":"-7118648131416838723","potions_obtained":[{"floor":1.0,"key":"Dexterity Potion"},{"floor":2.0,"key":"FearPotion"},{"floor":11.0,"key":"ColorlessPotion"},{"floor":16.0,"key":"EntropicBrew"},{"floor":22.0,"key":"PowerPotion"},{"floor":24.0,"key":"Block Potion"},{"floor":41.0,"key":"Swift Potion"},{"floor":54.0,"key":"DuplicationPotion"}],"is_trial":false,"path_per_floor":["M","M","?","M","$","R","E","R","T","R","M","$","E","M","R","B",null,"M","?","T","M","M","R","E","M","T","$","R","R","R","M","R","B",null,"M","?","?","M","M","R","E","$","T","R","$","R","M","T","R","B",null,"R","$","E","B",null],"character_chosen":"IRONCLAD","items_purchased":["PreservedInsect","Shockwave","Flex"],"campfire_rested":0,"item_purchase_floors":[27,42,53],"current_hp_per_floor":[54,54,54,48,48,48,26,26,26,26,26,26,22,26,26,18,56,34,34,34,40,23,23,19,25,25,25,25,25,25,31,31,42,68,68,64,64,70,59,59,71,71,71,71,71,71,76,76,76,61,93,93,93,78,24],"gold":76,"neow_bonus":"REMOVE_TWO","is_daily":false,"chose_seed":false,"campfire_upgraded":13,"win_rate":0.0,"timestamp":1612883281,"path_taken":["M","M","?","M","$","R","E","R","T","R","M","$","E","?","R","BOSS","M","?","?","?","M","R","E","M","T","$","R","R","R","M","R","BOSS","M","?","?","M","M","R","E","$","T","R","$","R","?","?","R","BOSS","R","$","E","BOSS"],"items_purchased_type":["Relic","Card","Card"],"build_version":"2020-12-22","purchased_purges":3,"victory":true,"max_hp_per_floor":[68,68,68,68,68,68,68,68,68,68,68,68,68,68,68,68,68,68,68,68,68,72,72,72,72,72,72,72,72,72,72,72,77,77,83,89,89,89,93,93,99,99,99,99,99,99,99,99,99,103,103,103,103,105,105],"card_choices":[{"not_picked":["Rampage","Shrug It Off"],"picked":"Searing Blow","floor":1.0},{"not_picked":["Havoc","Perfected Strike"],"picked":"Armaments","floor":2.0},{"not_picked":["Twin Strike","Heavy Blade","Body Slam"],"picked":"SKIP","floor":4.0},{"not_picked":["Fire Breathing","Dropkick"],"picked":"Headbutt","floor":7.0},{"not_picked":["Havoc","Body Slam","Spot Weakness"],"picked":"SKIP","floor":11.0},{"not_picked":["Pommel Strike","Disarm"],"picked":"Warcry","floor":13.0},{"not_picked":["Limit Break","Whirlwind"],"picked":"Shrug It Off","floor":14.0},{"not_picked":["Demon Form","Immolate"],"picked":"Feed","floor":16.0},{"not_picked":["Thunderclap","Clothesline"],"picked":"Ghostly Armor","floor":18.0},{"not_picked":["Headbutt","Blood for Blood"],"picked":"Armaments+1","floor":21.0},{"not_picked":["Pommel Strike","Iron Wave+1"],"picked":"Rage","floor":22.0},{"not_picked":["Bloodletting+1","Combust"],"picked":"Burning Pact","floor":24.0},{"not_picked":["Heavy Blade","Clothesline"],"picked":"Battle Trance","floor":31.0},{"not_picked":["Demon Form","Berserk","Limit Break"],"picked":"Singing Bowl","floor":33.0},{"not_picked":["Heavy Blade+1","Twin Strike+1","Clothesline"],"picked":"Singing Bowl","floor":35.0},{"not_picked":["Trip","Mind Blast","Dramatic Entrance"],"picked":"Singing Bowl","floor":36.0},{"not_picked":["Swift Strike","Enlightenment","Trip"],"picked":"Singing Bowl","floor":36.0},{"not_picked":["Transmutation","Sadistic Nature","Mayhem"],"picked":"Singing Bowl","floor":36.0},{"not_picked":["Havoc","Rampage"],"picked":"Seeing Red","floor":38.0},{"not_picked":["Pommel Strike","Infernal Blade"],"picked":"Shrug It Off","floor":39.0},{"not_picked":["Ghostly Armor","Headbutt","Sword Boomerang+1"],"picked":"Singing Bowl","floor":41.0},{"not_picked":["Pommel Strike","Headbutt"],"picked":"Feel No Pain+1","floor":47.0},{"not_picked":["Inflame","Intimidate","Pommel Strike"],"picked":"Singing Bowl","floor":54.0}],"player_experience":437073,"relics_obtained":[{"floor":7.0,"key":"Bag of Marbles"},{"floor":9.0,"key":"Ancient Tea Set"},{"floor":13.0,"key":"Sundial"},{"floor":20.0,"key":"Letter Opener"},{"floor":24.0,"key":"WingedGreaves"},{"floor":26.0,"key":"Singing Bowl"},{"floor":41.0,"key":"Bird Faced Urn"},{"floor":48.0,"key":"Centennial Puzzle"},{"floor":54.0,"key":"Thread and Needle"}],"event_choices":[{"damage_healed":0.0,"max_hp_gain":0.0,"max_hp_loss":0.0,"gold_gain":0.0,"event_name":"Upgrade Shrine","player_choice":"Upgraded","floor":3.0,"gold_loss":0.0,"damage_taken":0.0,"cards_upgraded":["Searing Blow"]},{"cards_removed":["Strike_R"],"damage_healed":0.0,"max_hp_gain":0.0,"max_hp_loss":0.0,"gold_gain":0.0,"event_name":"Back to Basics","player_choice":"Elegance","floor":19.0,"gold_loss":0.0,"damage_taken":0.0},{"damage_healed":0.0,"max_hp_gain":0.0,"max_hp_loss":0.0,"gold_gain":0.0,"event_name":"SensoryStone","player_choice":"Memory 3","floor":36.0,"gold_loss":0.0,"damage_taken":10.0},{"damage_healed":0.0,"max_hp_gain":0.0,"max_hp_loss":0.0,"gold_gain":0.0,"event_name":"Designer","player_choice":"Upgrade","floor":37.0,"gold_loss":50.0,"damage_taken":0.0,"cards_upgraded":["Searing Blow"]}],"is_beta":false,"boss_relics":[{"not_picked":["SacredBark","Black Star"],"picked":"Runic Pyramid"},{"not_picked":["Runic Cube","Fusion Hammer"],"picked":"Empty Cage"}],"items_purged_floors":[5,12,42],"is_endless":false,"potions_floor_spawned":[1,2,11,16,22,24,25,41,54],"ascension_level":17}}