{"host":"1avr1135to2copjv","time":1612830456,"event":{"mods":["BaseMod","Colored Map","Colored Powertips","Downfall","Minty Spire (QoL Compilation)","Relic Stats","StSLib"],"gold_per_floor":[99,99,99,99,99,99,99,99,99,99,99,24,24,24,24,24,24,24,24,24,24,24,24,24,24,24,24,24,0,0,0,0,0,0,0,0,0,0,0,0,0,0,0,0,0,0,0,0,0,0],"floor_reached":51,"language":"ENG","playtime":3077,"items_purged":[],"score":855,"play_id":"59cb7081-8526-4191-920b-5a5826348dbf","local_time":"20210209032736","is_ascension_mode":true,"campfire_choices":[{"data":"TalkToTheHand","floor":6,"key":"SMITH"},{"data":"Vigilance","floor":8,"key":"SMITH"},{"data":"Strike_P","floor":10,"key":"PURGE"},{"data":"Strike_P","floor":15,"key":"PURGE"},{"floor":23,"key":"REST"},{"floor":32,"key":"REST"},{"data":"Strike_P","floor":40,"key":"PURGE"},{"floor":42,"key":"REST"},{"data":"Regret","floor":49,"key":"PURGE"}],"circlet_count":0,"master_deck":["Strike_P+1","Defend_P+1","Defend_P+1","Defend_P+1","Defend_P+1","Eruption+1","Vigilance+1","EmptyFist","EmptyMind","TalkToTheHand+1","WheelKick","Collect","Conclude+1","Adaptation","Indignation","LessonLearned","JustLucky+1","DeceiveReality+1","Vengeance+1","Halt+1","Wish","ThirdEye+1","FlurryOfBlows","JustLucky","Meditate+1","Wish+1","BowlingBash","Halt+1","SashWhip+1","ReachHeaven+1","Fasting2+1","Meditate"],"relics":["Ectoplasm","Peace Pipe","Unceasing Top","Pantograph","Fusion Hammer","Bag of Marbles","Anchor","Meat on the Bone","Cursed Key","Frozen Egg 2","Red Mask","Gambling Chip"],"acts_visited":["Exordium","TheCity","TheBeyond"],"potions_floor_usage":[18,20,20,25,31,39],"damage_taken":[{"damage":2,"enemies":"Cultist","floor":1,"turns":3},{"damage":0,"enemies":"2 Louse","floor":2,"turns":2},{"damage":8,"enemies":"Jaw Worm","floor":3,"turns":4},{"damage":6,"enemies":"Lots of Slimes","floor":4,"turns":4},{"damage":0,"enemies":"Large Slime","floor":5,"turns":5},{"damage":0,"enemies":"Gremlin Nob","floor":11,"turns":3},{"damage":5,"enemies":"3 Sentries","floor":13,"turns":5},{"damage":8,"enemies":"Blue Slaver","floor":14,"turns":3},{"damage":18,"enemies":"Hexaghost","floor":16,"turns":7},{"damage":3,"enemies":"3 Byrds","floor":18,"turns":4},{"damage":8,"enemies":"Chosen","floor":19,"turns":6},{"damage":5,"enemies":"Centurion and Healer","floor":20,"turns":9},{"damage":38,"enemies":"Snake Plant","floor":21,"turns":4},{"damage":0,"enemies":"3 Cultists","floor":22,"turns":3},{"damage":15,"enemies":"Book of Stabbing","floor":24,"turns":7},{"damage":5,"enemies":"Centurion and Healer","floor":25,"turns":6},{"damage":9,"enemies":"Snake Plant","floor":27,"turns":5},{"damage":5,"enemies":"Sentry and Sphere","floor":28,"turns":6},{"damage":0,"enemies":"3 Cultists","floor":31,"turns":4},{"damage":1,"enemies":"Champ","floor":33,"turns":8},{"damage":8,"enemies":"3 Shapes","floor":35,"turns":3},{"damage":18,"enemies":"3 Darklings","floor":37,"turns":3},{"damage":2,"enemies":"Sphere and 2 Shapes","floor":38,"turns":5},{"damage":25,"enemies":"Jaw Worm Horde","floor":39,"turns":4},{"damage":18,"enemies":"3 Darklings","floor":41,"turns":3},{"damage":9,"enemies":"Nemesis","floor":47,"turns":5},{"damage":4,"enemies":"Transient","floor":48,"turns":5},{"damage":57,"enemies":"Awakened One","floor":50,"turns":12}],"seed_played":"8770835513531569991","potions_obtained":[{"floor":1,"key":"Dexterity Potion"},{"floor":3,"key":"CultistPotion"},{"floor":5,"key":"Explosive Potion"},{"floor":16,"key":"EntropicBrew"},{"floor":18,"key":"DistilledChaos"},{"floor":25,"key":"SpeedPotion"},{"floor":37,"key":"hexamod:SoulburnPotion"}],"is_trial":false,"path_per_floor":["M","M","M","M","M","R","?","R","T","R","E","$","E","M","R","B",null,"M","M","M","M","M","R","E","M","T","M","M","$","?","M","R","B",null,"M","?","M","M","M","R","M","R","T","?","?","?","E","M","R","B",null],"character_chosen":"WATCHER","items_purchased":["Conclude","JustLucky"],"campfire_rested":3,"item_purchase_floors":[12,29],"current_hp_per_floor":[70,70,62,56,56,56,56,56,56,56,56,56,51,43,43,50,72,69,61,56,18,18,39,24,19,19,10,5,5,5,17,38,62,72,64,64,46,44,31,31,25,46,46,46,46,46,37,45,45,23],"gold":0,"neow_bonus":"BOSS_RELIC","is_daily":false,"chose_seed":false,"campfire_upgraded":2,"win_rate":0.0,"timestamp":1612830456,"path_taken":["M","M","M","M","?","R","?","R","T","R","E","$","E","M","R","BOSS","M","M","M","M","M","R","E","M","T","M","M","$","?","M","R","BOSS","M","?","M","M","?","R","M","R","T","?","?","?","E","M","R","BOSS"],"items_purchased_type":["Card","Card"],"build_version":"2020-12-22","purchased_purges":0,"victory":true,"max_hp_per_floor":[72,72,72,72,72,72,72,72,72,72,72,72,72,72,72,72,72,72,72,72,72,72,72,72,72,72,72,72,72,72,72,72,72,72,72,72,72,72,72,72,72,72,72,72,72,68,68,68,68,68],"relic_stats":{"Peace Pipe":4,"counters":[28,138],"Pantograph":73,"Gambling Chip":[8],"Ectoplasm":689,"Cursed Key":1,"obtain_stats":[{"Frozen Egg 2":43,"Cursed Key":34,"Peace Pipe":9,"Anchor":26,"Pantograph":13,"Gambling Chip":47,"Ectoplasm":0,"Fusion Hammer":17,"Bag of Marbles":24,"Red Mask":44,"PureWater":0,"Unceasing Top":11,"Meat on the Bone":30},{"Frozen Egg 2":25,"Cursed Key":20,"Peace Pipe":5,"Anchor":16,"Pantograph":7,"Gambling Chip":26,"Ectoplasm":0,"Fusion Hammer":9,"Bag of Marbles":15,"Red Mask":25,"PureWater":0,"Unceasing Top":6,"Meat on the Bone":18},{"Frozen Egg 2":116,"Cursed Key":98,"Peace Pipe":18,"Anchor":75,"Pantograph":26,"Gambling Chip":121,"Ectoplasm":0,"Fusion Hammer":36,"Bag of Marbles":69,"Red Mask":116,"PureWater":0,"Unceasing Top":21,"Meat on the Bone":86}],"Unceasing Top":[12],"Meat on the Bone":60},"card_choices":[{"not_picked":["Study","Sanctity"],"picked":"EmptyFist","floor":1},{"not_picked":["PathToVictory","Perseverance"],"picked":"EmptyMind","floor":2},{"not_picked":["EmptyFist","Prostrate"],"picked":"TalkToTheHand","floor":3},{"not_picked":["Nirvana","CutThroughFate"],"picked":"WheelKick","floor":4},{"not_picked":["ClearTheMind","ThirdEye"],"picked":"FlurryOfBlows","floor":5},{"not_picked":["FlurryOfBlows","Nirvana"],"picked":"Collect","floor":11},{"not_picked":["Weave","Evaluate"],"picked":"Adaptation","floor":13},{"not_picked":["EmptyFist","Evaluate"],"picked":"Indignation","floor":14},{"not_picked":["Scrawl","ConjureBlade"],"picked":"LessonLearned","floor":16},{"not_picked":["SignatureMove","EmptyFist","PathToVictory+1"],"picked":"SKIP","floor":18},{"not_picked":["CrushJoints","Crescendo"],"picked":"JustLucky","floor":19},{"not_picked":["Prostrate","FollowUp"],"picked":"DeceiveReality","floor":20},{"not_picked":["SignatureMove","Weave"],"picked":"Vengeance+1","floor":21},{"not_picked":["Protect+1","FollowUp"],"picked":"Halt+1","floor":22},{"not_picked":["Worship+1","Protect+1"],"picked":"Wish","floor":24},{"not_picked":["Crescendo","FlurryOfBlows"],"picked":"ThirdEye+1","floor":25},{"not_picked":["FollowUp","PathToVictory","ClearTheMind"],"picked":"SKIP","floor":27},{"not_picked":["BattleHymn","Evaluate"],"picked":"FlurryOfBlows","floor":28},{"not_picked":["Consecrate","Perseverance"],"picked":"Meditate+1","floor":31},{"not_picked":["Ragnarok","Scrawl"],"picked":"Wish","floor":33},{"not_picked":["Consecrate+1","Prostrate+1"],"picked":"BowlingBash","floor":35},{"not_picked":["JustLucky","CarveReality+1","EmptyFist+1"],"picked":"SKIP","floor":37},{"not_picked":["Prostrate","JustLucky+1"],"picked":"Halt+1","floor":38},{"not_picked":["Meditate+1","Perseverance+1"],"picked":"SashWhip","floor":39},{"not_picked":["SignatureMove+1","Protect"],"picked":"ReachHeaven+1","floor":41},{"not_picked":["WreathOfFlame","EmptyMind+1"],"picked":"Fasting2+1","floor":47},{"not_picked":["BattleHymn+1","WreathOfFlame"],"picked":"Meditate","floor":48}],"player_experience":1076245,"relics_obtained":[{"floor":9,"key":"Peace Pipe"},{"floor":11,"key":"Unceasing Top"},{"floor":13,"key":"Pantograph"},{"floor":24,"key":"Bag of Marbles"},{"floor":26,"key":"Anchor"},{"floor":43,"key":"Frozen Egg 2"},{"floor":47,"key":"Gambling Chip"}],"event_choices":[{"damage_healed":0,"gold_gain":0,"player_choice":"Ignored","damage_taken":0,"max_hp_gain":0,"max_hp_loss":0,"event_name":"Liars Game","floor":7,"gold_loss":0},{"damage_healed":0,"gold_gain":0,"player_choice":"Opened","damage_taken":0,"relics_obtained":["Meat on the Bone"],"max_hp_gain":0,"max_hp_loss":0,"event_name":"The Mausoleum","floor":30,"gold_loss":0},{"damage_healed":0,"gold_gain":0,"player_choice":"Upgraded","damage_taken":0,"max_hp_gain":0,"max_hp_loss":0,"event_name":"Upgrade Shrine","floor":36,"gold_loss":0,"cards_upgraded":["Wish"]},{"damage_healed":0,"gold_gain":0,"player_choice":"Paid","damage_taken":0,"relics_obtained":["Red Mask"],"max_hp_gain":0,"max_hp_loss":0,"event_name":"Tomb of Lord Red Mask","floor":44,"gold_loss":0},{"cards_removed":["FlurryOfBlows"],"damage_healed":0,"gold_gain":0,"player_choice":"Removed Attack","damage_taken":0,"max_hp_gain":0,"max_hp_loss":0,"event_name":"Falling","floor":45,"gold_loss":0},{"damage_healed":0,"gold_gain":0,"player_choice":"Max HP","damage_taken":0,"max_hp_gain":0,"max_hp_loss":4,"event_name":"Winding Halls","floor":46,"gold_loss":0}],"is_beta":false,"boss_relics":[{"not_picked":["Velvet Choker","Philosopher\u0027s Stone"],"picked":"Fusion Hammer"},{"not_picked":["Pandora\u0027s Box","SacredBark"],"picked":"Cursed Key"}],"items_purged_floors":[],"is_endless":false,"potions_floor_spawned":[1,3,5,14,16,18,19,21,25,27,37,38],"ascension_level":4}}