{"host":"0utx1lcxgx5vu4k0","time":1612838095,"event":{"mods":["AlwaysNeverKeys","BaseMod","Colored Powertips","Minty Spire (QoL Compilation)","Permanent Neow","Relic Stats","StSLib"],"gold_per_floor":[111,127,127,127,127,158,158,187,187,187,54,69,81,112,112,213,213,232,244,259,270,270,305,318,351,363,407,419,451,463,25,25,130,130,148,148,164,164,184,184,215,215,242,271,271,302,302,349,349,349,349,349,7,38,38,38],"floor_reached":55,"language":"ENG","playtime":2463,"items_purged":["Strike_P","Strike_P+1"],"score":948,"play_id":"2b13648f-7bf7-4cc0-9857-d9ac491ff8c9","local_time":"20210208213455","is_ascension_mode":true,"campfire_choices":[{"data":"CarveReality","floor":7.0,"key":"SMITH"},{"data":"BowlingBash","floor":10.0,"key":"SMITH"},{"data":"Eruption","floor":15.0,"key":"SMITH"},{"data":"Ragnarok","floor":32.0,"key":"SMITH"},{"floor":40.0,"key":"RECALL"},{"data":"Vault","floor":47.0,"key":"SMITH"},{"data":"Panacea","floor":49.0,"key":"SMITH"},{"data":"FlurryOfBlows","floor":52.0,"key":"SMITH"}],"circlet_count":0,"master_deck":["Strike_P+1","Strike_P+1","Defend_P+1","Defend_P+1","Eruption+1","Vigilance+1","PathToVictory+1","CarveReality+1","BowlingBash+1","CutThroughFate+1","FlurryOfBlows+1","EmptyMind+1","LessonLearned+1","Tantrum+1","Prostrate+1","Evaluate+1","FlurryOfBlows+1","Crescendo+1","EmptyFist+1","Adaptation+1","TalkToTheHand+1","Ragnarok+1","Devotion+1","JustLucky+1","SashWhip+1","Halt+1","Prostrate+1","Panacea+1","Vault+1","Pray+1","SashWhip+1","WaveOfTheHand+1","FlurryOfBlows+1","ClearTheMind","Evaluate+1"],"relics":["Sozu","Matryoshka","Thread and Needle","Nunchaku","Centennial Puzzle","Strawberry","Question Card","Eternal Feather","Black Star","MutagenicStrength","Regal Pillow","Smiling Mask","Bronze Scales","MawBank","Omamori","Anchor","Oddly Smooth Stone","Ornamental Fan","Necronomicon","Pantograph","Empty Cage","Toy Ornithopter","Boot","Juzu Bracelet","Du-Vu Doll","Orichalcum","Lantern","Torii","Happy Flower","War Paint","Whetstone"],"acts_visited":["Exordium","TheCity","TheBeyond","TheEnding"],"potions_floor_usage":[],"damage_taken":[{"damage":0.0,"enemies":"Small Slimes","floor":1.0,"turns":3.0},{"damage":1.0,"enemies":"Jaw Worm","floor":2.0,"turns":2.0},{"damage":30.0,"enemies":"Lagavulin","floor":6.0,"turns":8.0},{"damage":6.0,"enemies":"3 Sentries","floor":8.0,"turns":5.0},{"damage":0.0,"enemies":"2 Louse","floor":12.0,"turns":2.0},{"damage":1.0,"enemies":"Gremlin Gang","floor":13.0,"turns":3.0},{"damage":0.0,"enemies":"Lagavulin","floor":14.0,"turns":2.0},{"damage":25.0,"enemies":"Slime Boss","floor":16.0,"turns":12.0},{"damage":0.0,"enemies":"2 Thieves","floor":18.0,"turns":1.0},{"damage":3.0,"enemies":"Shell Parasite","floor":19.0,"turns":4.0},{"damage":0.0,"enemies":"Snecko","floor":20.0,"turns":2.0},{"damage":16.0,"enemies":"Chosen and Byrds","floor":21.0,"turns":3.0},{"damage":4.0,"enemies":"Book of Stabbing","floor":23.0,"turns":3.0},{"damage":4.0,"enemies":"Snake Plant","floor":24.0,"turns":2.0},{"damage":11.0,"enemies":"Slavers","floor":25.0,"turns":3.0},{"damage":0.0,"enemies":"Gremlin Leader","floor":27.0,"turns":2.0},{"damage":0.0,"enemies":"Cultist and Chosen","floor":29.0,"turns":4.0},{"damage":3.0,"enemies":"Automaton","floor":33.0,"turns":6.0},{"damage":0.0,"enemies":"3 Darklings","floor":35.0,"turns":4.0},{"damage":0.0,"enemies":"Orb Walker","floor":37.0,"turns":3.0},{"damage":21.0,"enemies":"Spire Growth","floor":39.0,"turns":4.0},{"damage":38.0,"enemies":"Reptomancer","floor":41.0,"turns":4.0},{"damage":22.0,"enemies":"Nemesis","floor":44.0,"turns":3.0},{"damage":13.0,"enemies":"Giant Head","floor":46.0,"turns":5.0},{"damage":0.0,"enemies":"2 Orb Walkers","floor":48.0,"turns":1.0},{"damage":25.0,"enemies":"Awakened One","floor":50.0,"turns":9.0},{"damage":8.0,"enemies":"Shield and Spear","floor":54.0,"turns":7.0},{"damage":86,"enemies":"The Heart","floor":55,"turns":7}],"seed_played":"-6684557982484459774","potions_obtained":[],"is_trial":false,"path_per_floor":["M","M","?","?","?","E","R","E","T","R","?","M","M","E","R","B",null,"M","M","M","M","?","E","M","E","T","E","?","M","?","$","R","B",null,"M","?","M","?","M","R","E","?","T","E","?","E","R","?","R","B",null,"R","$","E","B"],"character_chosen":"WATCHER","items_purchased":["Ragnarok","Pantograph","WaveOfTheHand","FlurryOfBlows","Happy Flower","ClearTheMind"],"campfire_rested":0,"item_purchase_floors":[31,31,53,53,53,53],"current_hp_per_floor":[72,71,68,68,73,43,43,37,44,44,44,44,43,43,52,27,84,84,81,81,65,65,61,57,46,46,46,30,30,30,30,45,67,84,84,84,84,84,63,78,40,40,40,18,73,60,73,73,73,48,73,73,73,65,0,0],"gold":38,"neow_bonus":"BOSS_RELIC","is_daily":false,"chose_seed":false,"campfire_upgraded":7,"win_rate":0.0,"timestamp":1612838095,"path_taken":["M","M","?","?","?","E","R","E","T","R","?","M","M","E","R","BOSS","M","M","?","M","?","E","M","E","T","E","?","M","?","$","R","BOSS","M","?","?","?","M","R","E","?","T","E","?","E","R","?","R","BOSS","R","$","E","BOSS"],"items_purchased_type":["Card","Relic","Card","Card","Relic","Card"],"build_version":"2020-12-22","purchased_purges":2,"victory":false,"max_hp_per_floor":[72,72,72,72,77,77,77,77,84,84,84,84,84,84,84,84,84,84,84,84,84,84,84,84,84,84,84,84,84,84,84,84,84,84,84,84,84,84,84,84,84,84,84,84,73,73,73,73,73,73,73,73,73,73,73,73],"relic_stats":{"Regal Pillow":0,"Torii":29,"Happy Flower":[4],"counters":[28,114],"Eternal Feather":52,"Juzu Bracelet":0,"Whetstone":["LessonLearned","FlurryOfBlows"],"Orichalcum":[12],"War Paint":["PathToVictory","WaveOfTheHand"],"Question Card":23,"Smiling Mask":75,"MawBank":72,"Boot":[59],"Sozu":11,"Nunchaku":[33],"Centennial Puzzle":[45],"Ornamental Fan":[216],"Bronze Scales":[194],"Pantograph":33,"Black Star":7,"Necronomicon":[13],"obtain_stats":[{"Regal Pillow":23,"Lantern":46,"Torii":48,"Juzu Bracelet":44,"Whetstone":54,"Smiling Mask":23,"Empty Cage":34,"Boot":41,"Sozu":0,"Nunchaku":8,"Centennial Puzzle":9,"Matryoshka":3,"Strawberry":9,"Pantograph":31,"Necronomicon":28,"Happy Flower":53,"Oddly Smooth Stone":27,"Thread and Needle":6,"Eternal Feather":14,"Omamori":26,"Orichalcum":46,"War Paint":54,"Question Card":11,"MawBank":25,"Du-Vu Doll":44,"Anchor":26,"Ornamental Fan":27,"MutagenicStrength":22,"Bronze Scales":25,"Black Star":17,"PureWater":0,"Toy Ornithopter":41},{"Regal Pillow":13,"Lantern":24,"Torii":25,"Juzu Bracelet":23,"Whetstone":27,"Smiling Mask":13,"Empty Cage":18,"Boot":22,"Sozu":0,"Nunchaku":4,"Centennial Puzzle":4,"Matryoshka":2,"Strawberry":4,"Pantograph":17,"Necronomicon":16,"Happy Flower":26,"Oddly Smooth Stone":16,"Thread and Needle":3,"Eternal Feather":7,"Omamori":15,"Orichalcum":24,"War Paint":27,"Question Card":4,"MawBank":15,"Du-Vu Doll":23,"Anchor":15,"Ornamental Fan":16,"MutagenicStrength":12,"Bronze Scales":15,"Black Star":8,"PureWater":0,"Toy Ornithopter":22},{"Regal Pillow":50,"Lantern":90,"Torii":91,"Juzu Bracelet":85,"Whetstone":107,"Smiling Mask":50,"Empty Cage":67,"Boot":82,"Sozu":0,"Nunchaku":18,"Centennial Puzzle":18,"Matryoshka":5,"Strawberry":18,"Pantograph":61,"Necronomicon":57,"Happy Flower":100,"Oddly Smooth Stone":57,"Thread and Needle":13,"Eternal Feather":25,"Omamori":55,"Orichalcum":90,"War Paint":107,"Question Card":18,"MawBank":55,"Du-Vu Doll":85,"Anchor":55,"Ornamental Fan":57,"MutagenicStrength":47,"Bronze Scales":55,"Black Star":37,"PureWater":0,"Toy Ornithopter":82}],"Toy Ornithopter":0},"card_choices":[{"not_picked":["PathToVictory","Pray","JustLucky"],"picked":"SKIP","floor":1.0},{"not_picked":["WreathOfFlame","WindmillStrike"],"picked":"PathToVictory","floor":2.0},{"not_picked":["MentalFortress","WindmillStrike"],"picked":"CarveReality","floor":6.0},{"not_picked":["Sanctity","Crescendo"],"picked":"BowlingBash","floor":8.0},{"not_picked":["FollowUp","FlyingSleeves","BowlingBash"],"picked":"CutThroughFate","floor":12.0},{"not_picked":["CrushJoints","Halt","CutThroughFate"],"picked":"FlurryOfBlows","floor":13.0},{"not_picked":["WreathOfFlame","Establishment","CrushJoints"],"picked":"EmptyMind","floor":14.0},{"not_picked":["MasterReality","Omniscience","Blasphemy"],"picked":"LessonLearned","floor":16.0},{"not_picked":["Evaluate","CutThroughFate","BattleHymn+1"],"picked":"Tantrum","floor":18.0},{"not_picked":["FollowUp","JustLucky","BattleHymn"],"picked":"Prostrate+1","floor":19.0},{"not_picked":["JustLucky","Crescendo","Weave"],"picked":"Evaluate+1","floor":20.0},{"not_picked":["WreathOfFlame","InnerPeace","PathToVictory"],"picked":"FlurryOfBlows+1","floor":21.0},{"not_picked":["Fasting2","FollowUp","BowlingBash"],"picked":"Crescendo+1","floor":23.0},{"not_picked":["ThirdEye","Nirvana","EmptyBody"],"picked":"EmptyFist+1","floor":24.0},{"not_picked":["CutThroughFate+1","FlyingSleeves","Perseverance"],"picked":"Adaptation","floor":25.0},{"not_picked":["Vault","Crescendo","EmptyBody"],"picked":"TalkToTheHand","floor":27.0},{"not_picked":["EmptyBody","CrushJoints","PathToVictory+1","WreathOfFlame"],"picked":"SKIP","floor":29.0},{"not_picked":["DevaForm","Establishment","Blasphemy"],"picked":"Devotion","floor":33.0},{"not_picked":["FlyingSleeves+1","Protect","WindmillStrike"],"picked":"JustLucky","floor":35.0},{"not_picked":["Conclude+1","Tantrum+1","Prostrate"],"picked":"SashWhip+1","floor":37.0},{"not_picked":["FollowUp+1","Prostrate","FlyingSleeves+1"],"picked":"Halt+1","floor":39.0},{"not_picked":["JustLucky","ForeignInfluence","Evaluate"],"picked":"Prostrate+1","floor":41.0},{"not_picked":["Mind Blast","Good Instincts","Swift Strike"],"picked":"Panacea","floor":42.0},{"not_picked":["CutThroughFate","Perseverance+1","Halt+1"],"picked":"Vault","floor":44.0},{"not_picked":["Crescendo","LessonLearned","Adaptation+1"],"picked":"Pray+1","floor":46.0},{"not_picked":["FlyingSleeves+1","ReachHeaven+1","WindmillStrike+1"],"picked":"SashWhip+1","floor":48.0},{"not_picked":["JustLucky","EmptyBody","FlyingSleeves"],"picked":"Evaluate+1","floor":54.0}],"player_experience":27543,"relics_obtained":[{"floor":6.0,"key":"Thread and Needle"},{"floor":8.0,"key":"Nunchaku"},{"floor":9.0,"key":"Centennial Puzzle"},{"floor":9.0,"key":"Strawberry"},{"floor":14.0,"key":"Eternal Feather"},{"floor":23.0,"key":"Regal Pillow"},{"floor":23.0,"key":"Smiling Mask"},{"floor":25.0,"key":"Bronze Scales"},{"floor":25.0,"key":"MawBank"},{"floor":26.0,"key":"Omamori"},{"floor":26.0,"key":"Anchor"},{"floor":27.0,"key":"Oddly Smooth Stone"},{"floor":27.0,"key":"Ornamental Fan"},{"floor":28.0,"key":"Necronomicon"},{"floor":41.0,"key":"Toy Ornithopter"},{"floor":41.0,"key":"Boot"},{"floor":44.0,"key":"Juzu Bracelet"},{"floor":44.0,"key":"Du-Vu Doll"},{"floor":46.0,"key":"Orichalcum"},{"floor":46.0,"key":"Lantern"},{"floor":48.0,"key":"Torii"},{"floor":54.0,"key":"War Paint"},{"floor":54.0,"key":"Whetstone"}],"event_choices":[{"damage_healed":0.0,"max_hp_gain":0.0,"max_hp_loss":0.0,"gold_gain":0.0,"event_name":"Scrap Ooze","player_choice":"Success","floor":3.0,"gold_loss":0.0,"damage_taken":3.0,"relics_obtained":["Matryoshka"]},{"damage_healed":0.0,"max_hp_gain":0.0,"max_hp_loss":0.0,"gold_gain":0.0,"event_name":"Liars Game","player_choice":"Ignored","floor":4.0,"gold_loss":0.0,"damage_taken":0.0},{"damage_healed":0.0,"max_hp_gain":5.0,"max_hp_loss":0.0,"gold_gain":0.0,"event_name":"Big Fish","player_choice":"Donut","floor":5.0,"gold_loss":0.0,"damage_taken":0.0},{"damage_healed":0.0,"max_hp_gain":0.0,"max_hp_loss":0.0,"gold_gain":0.0,"event_name":"WeMeetAgain","player_choice":"Paid Gold","floor":11.0,"gold_loss":133.0,"damage_taken":0.0,"relics_obtained":["Question Card"]},{"damage_healed":0.0,"max_hp_gain":0.0,"max_hp_loss":0.0,"gold_gain":0.0,"event_name":"Drug Dealer","player_choice":"Inject Mutagens","floor":22.0,"gold_loss":0.0,"damage_taken":0.0,"relics_obtained":["MutagenicStrength"]},{"damage_healed":0.0,"max_hp_gain":0.0,"max_hp_loss":0.0,"gold_gain":0.0,"event_name":"Cursed Tome","player_choice":"Obtained Book","floor":28.0,"gold_loss":0.0,"damage_taken":16.0},{"damage_healed":0.0,"max_hp_gain":0.0,"max_hp_loss":0.0,"gold_gain":0.0,"event_name":"Upgrade Shrine","player_choice":"Upgraded","floor":30.0,"gold_loss":0.0,"damage_taken":0.0,"cards_upgraded":["TalkToTheHand"]},{"damage_healed":0.0,"max_hp_gain":0.0,"max_hp_loss":0.0,"gold_gain":0.0,"event_name":"Wheel of Change","player_choice":"Cursed","floor":36.0,"gold_loss":0.0,"damage_taken":0.0,"cards_obtained":["Decay"]},{"damage_healed":0.0,"max_hp_gain":0.0,"max_hp_loss":0.0,"gold_gain":0.0,"event_name":"Tomb of Lord Red Mask","player_choice":"Ignored","floor":38.0,"gold_loss":0.0,"damage_taken":0.0},{"damage_healed":0.0,"max_hp_gain":0.0,"max_hp_loss":0.0,"gold_gain":0.0,"event_name":"SensoryStone","player_choice":"Memory 1","floor":42.0,"gold_loss":0.0,"damage_taken":0.0},{"damage_healed":73.0,"max_hp_gain":0.0,"max_hp_loss":11.0,"gold_gain":0.0,"event_name":"The Moai Head","player_choice":"Heal","floor":45.0,"gold_loss":0.0,"damage_taken":0.0},{"damage_healed":0.0,"max_hp_gain":0.0,"max_hp_loss":0.0,"gold_gain":0.0,"event_name":"Mysterious Sphere","player_choice":"Fight","floor":48.0,"gold_loss":0.0,"damage_taken":0.0}],"is_beta":false,"boss_relics":[{"not_picked":["Ectoplasm","SacredBark"],"picked":"Black Star"},{"not_picked":["Philosopher\u0027s Stone","Velvet Choker"],"picked":"Empty Cage"}],"items_purged_floors":[31,53],"is_endless":false,"potions_floor_spawned":[2,13,14,16,19,24,27,33,41,46,54],"killed_by":"The Heart","ascension_level":1}}