{"host":"6xsbn6ynqlzwllfm","time":1612890400,"event":{"mods":["2.2 Compatiblity","BaseMod","Bestiary","Colored Map","Colored Powertips","Curses Come First","Highlight Path","Keyboard Shortcuts","Minty Spire (QoL Compilation)","Relic Stats","Slay the Relics Exporter","StSLib","SuperFastMode"],"gold_per_floor":[118,132,144,144,144,144,144,144,223,223,263,338,359,382,382,471,471,447,66,66,89,123,166,166,91,171,171,171],"floor_reached":27,"language":"ENG","playtime":1776,"items_purged":[],"score":508,"play_id":"87eb0e3f-6658-4fbc-abdb-f3388a187594","local_time":"20210209120640","is_ascension_mode":true,"campfire_choices":[{"data":"Flechettes","floor":6,"key":"SMITH"},{"data":"Neutralize","floor":8,"key":"SMITH"},{"data":"Deadly Poison","floor":10,"key":"SMITH"},{"data":"Bouncing Flask","floor":15,"key":"SMITH"},{"floor":24,"key":"REST"}],"circlet_count":0,"master_deck":["AscendersBane","Strike_G","Strike_G","Strike_G","Defend_G","Defend_G","Defend_G","Defend_G","Defend_G","Survivor","Neutralize+1","Flechettes+1","Deadly Poison+1","Endless Agony","Bouncing Flask+1","Dodge and Roll","Crippling Poison","Wraith Form v2","PiercingWail","Apotheosis","Burst","RitualDagger","Leg Sweep+1","Blur+1"],"relics":["Ring of the Snake","Golden Idol","Sundial","Potion Belt","Snecko Eye","Red Mask","Toxic Egg 2","Pantograph"],"acts_visited":["Exordium","TheCity"],"potions_floor_usage":[11,11,21,22,23],"damage_taken":[{"damage":0,"enemies":"Small Slimes","floor":1,"turns":4},{"damage":0,"enemies":"2 Louse","floor":2,"turns":2},{"damage":1,"enemies":"Cultist","floor":3,"turns":4},{"damage":0,"enemies":"3 Sentries","floor":11,"turns":7},{"damage":9,"enemies":"Looter","floor":13,"turns":3},{"damage":0,"enemies":"Red Slaver","floor":14,"turns":4},{"damage":17,"enemies":"Hexaghost","floor":16,"turns":8},{"damage":0,"enemies":"2 Thieves","floor":18,"turns":4},{"damage":12,"enemies":"Shell Parasite","floor":21,"turns":6},{"damage":0,"enemies":"Masked Bandits","floor":22,"turns":5},{"damage":3,"enemies":"Book of Stabbing","floor":23,"turns":5},{"damage":61,"enemies":"Slavers","floor":27,"turns":5}],"seed_played":"-4565970013198809541","potions_obtained":[{"floor":1,"key":"AttackPotion"},{"floor":2,"key":"Fire Potion"},{"floor":16,"key":"Fire Potion"},{"floor":18,"key":"Fire Potion"},{"floor":22,"key":"SkillPotion"}],"is_trial":false,"path_per_floor":["M","M","M","?","?","R","?","R","T","R","E","?","M","M","R","B",null,"M","$","?","M","?","E","R","?","T","E"],"character_chosen":"THE_SILENT","items_purchased":["Apotheosis","Burst"],"campfire_rested":1,"item_purchase_floors":[19,19],"current_hp_per_floor":[65,65,64,64,57,57,39,39,39,39,39,28,19,19,19,2,49,49,49,43,31,31,28,47,47,47,0,0],"gold":171,"neow_bonus":"TEN_PERCENT_HP_BONUS","is_daily":false,"chose_seed":false,"campfire_upgraded":4,"win_rate":0.0,"timestamp":1612890400,"path_taken":["M","M","M","?","?","R","?","R","T","R","E","?","M","M","R","BOSS","M","$","?","M","?","E","R","?","T","E"],"items_purchased_type":["Card","Card"],"build_version":"2020-12-22","purchased_purges":0,"victory":false,"max_hp_per_floor":[72,72,72,65,65,65,65,65,65,65,65,65,65,65,65,65,65,65,65,65,65,65,65,65,65,65,65,65],"relic_stats":{"counters":[12,57],"Golden Idol":59,"Sundial":[8],"Pantograph":0,"Snecko Eye":[45,39,45,43],"obtain_stats":[{"Potion Belt":11,"Golden Idol":4,"Sundial":7,"Pantograph":26,"Snecko Eye":17,"Red Mask":22,"Toxic Egg 2":23,"Ring of the Snake":0},{"Potion Belt":4,"Golden Idol":3,"Sundial":3,"Pantograph":11,"Snecko Eye":7,"Red Mask":10,"Toxic Egg 2":11,"Ring of the Snake":0},{"Potion Belt":17,"Golden Idol":10,"Sundial":10,"Pantograph":52,"Snecko Eye":32,"Red Mask":47,"Toxic Egg 2":52,"Ring of the Snake":0}],"Ring of the Snake":[24]},"card_choices":[{"not_picked":["Concentrate","Deadly Poison"],"picked":"Flechettes","floor":1},{"not_picked":["Flying Knee","Underhanded Strike"],"picked":"Deadly Poison","floor":2},{"not_picked":["Acrobatics","Bane"],"picked":"Endless Agony","floor":3},{"not_picked":["Leg Sweep","Deflect"],"picked":"Bouncing Flask","floor":11},{"not_picked":["Prepared","Sucker Punch"],"picked":"Dodge and Roll","floor":13},{"not_picked":["Poisoned Stab","Dagger Spray"],"picked":"Crippling Poison","floor":14},{"not_picked":["Malaise","Corpse Explosion"],"picked":"Wraith Form v2","floor":16},{"not_picked":["Cloak And Dagger","Tactician"],"picked":"PiercingWail","floor":18},{"not_picked":["Prepared+1","Bane"],"picked":"Leg Sweep+1","floor":21},{"not_picked":["Predator","Sucker Punch"],"picked":"Blur+1","floor":23}],"player_experience":1408967,"relics_obtained":[{"floor":11,"key":"Potion Belt"},{"floor":22,"key":"Red Mask"},{"floor":23,"key":"Toxic Egg 2"},{"floor":26,"key":"Pantograph"}],"event_choices":[{"damage_healed":0,"gold_gain":0,"player_choice":"Lose Max HP","damage_taken":0,"relics_obtained":["Golden Idol"],"max_hp_gain":0,"max_hp_loss":7,"event_name":"Golden Idol","floor":4,"gold_loss":0},{"cards_removed":["Strike_G"],"damage_healed":0,"gold_gain":0,"player_choice":"Card Removal","damage_taken":7,"max_hp_gain":0,"max_hp_loss":0,"event_name":"Golden Wing","floor":5,"gold_loss":0},{"damage_healed":0,"gold_gain":0,"player_choice":"Success","damage_taken":18,"relics_obtained":["Sundial"],"max_hp_gain":0,"max_hp_loss":0,"event_name":"Scrap Ooze","floor":7,"gold_loss":0},{"damage_healed":0,"gold_gain":75,"player_choice":"Gather Gold","damage_taken":11,"max_hp_gain":0,"max_hp_loss":0,"event_name":"World of Goop","floor":12,"gold_loss":0},{"damage_healed":0,"gold_gain":0,"player_choice":"Joined the Cult","damage_taken":6,"max_hp_gain":0,"max_hp_loss":0,"event_name":"Nest","floor":20,"gold_loss":0,"cards_obtained":["RitualDagger"]},{"damage_healed":0,"gold_gain":0,"player_choice":"Fought Bandits","damage_taken":0,"max_hp_gain":0,"max_hp_loss":0,"event_name":"Masked Bandits","floor":22,"gold_loss":0},{"cards_removed":["Strike_G"],"damage_healed":0,"gold_gain":0,"player_choice":"Gave Gold","damage_taken":0,"max_hp_gain":0,"max_hp_loss":0,"event_name":"Beggar","floor":25,"gold_loss":75}],"is_beta":false,"boss_relics":[{"not_picked":["Philosopher\u0027s Stone","Ring of the Serpent"],"picked":"Snecko Eye"}],"items_purged_floors":[],"is_endless":false,"potions_floor_spawned":[1,2,3,16,18,22],"killed_by":"Slavers","ascension_level":20}}