{"host":"ypzb5vvnu9f3ii1t","time":1612885636,"event":{"mods":["AchievementEnabler","BaseMod","Colored Map","DeckTracker","Keyboard Shortcuts","Minty Spire (QoL Compilation)","Permanent Neow","Quick Restart","SuperFastMode"],"gold_per_floor":[111,11,30,105,5,35,47,47,47,47,66,66,77,77,77,178,178,193,213,123,123,123,123],"floor_reached":22,"language":"KOR","playtime":598,"items_purged":["Strike_P","Defend_P"],"score":240,"play_id":"17223c8c-274b-42f7-9bae-6e5fee5b1c20","local_time":"20210210004716","is_ascension_mode":true,"campfire_choices":[{"data":"PathToVictory","floor":8.0,"key":"SMITH"},{"floor":15.0,"key":"REST"}],"circlet_count":0,"master_deck":["Strike_P+1","Strike_P","Defend_P","Defend_P","Defend_P","Eruption","Vigilance","PathToVictory+1","PathToVictory","CurseOfTheBell"],"relics":["PureWater","NeowsBlessing","Du-Vu Doll","Turnip","Calling Bell","Dream Catcher","Blue Candle","WingedGreaves"],"acts_visited":["Exordium","TheCity"],"potions_floor_usage":[],"damage_taken":[{"damage":0.0,"enemies":"Cultist","floor":1.0,"turns":1.0},{"damage":0.0,"enemies":"Jaw Worm","floor":3.0,"turns":1.0},{"damage":0.0,"enemies":"3 Sentries","floor":6.0,"turns":2.0},{"damage":0.0,"enemies":"2 Louse","floor":7.0,"turns":2.0},{"damage":7.0,"enemies":"Lots of Slimes","floor":11.0,"turns":2.0},{"damage":9.0,"enemies":"Red Slaver","floor":13.0,"turns":2.0},{"damage":24.0,"enemies":"The Guardian","floor":16.0,"turns":7.0},{"damage":31.0,"enemies":"3 Byrds","floor":18.0,"turns":6.0},{"damage":35,"enemies":"2 Thieves","floor":19,"turns":5},{"damage":14,"enemies":"Chosen and Byrds","floor":22,"turns":4}],"seed_played":"8528806968561269938","potions_obtained":[{"floor":6.0,"key":"Explosive Potion"},{"floor":7.0,"key":"StancePotion"},{"floor":13.0,"key":"Ancient Potion"},{"floor":16.0,"key":"Block Potion"},{"floor":19,"key":"FearPotion"}],"is_trial":false,"path_per_floor":["M","$","M","?","$","E","M","R","T","$","M","?","M","$","R","B",null,"M","M","?","$","M"],"character_chosen":"WATCHER","items_purchased":["PathToVictory"],"campfire_rested":1,"item_purchase_floors":[2],"current_hp_per_floor":[72,72,72,61,61,61,61,61,61,61,54,54,45,45,66,42,72,41,6,6,6,0,0],"gold":123,"neow_bonus":"THREE_ENEMY_KILL","is_daily":false,"chose_seed":false,"campfire_upgraded":1,"win_rate":0.0,"timestamp":1612885636,"path_taken":["M","$","?","?","$","E","M","R","T","$","M","?","?","?","R","BOSS","M","M","?","$","?"],"items_purchased_type":["Card"],"build_version":"2020-12-22","purchased_purges":2,"victory":false,"max_hp_per_floor":[72,72,72,72,72,72,72,72,72,72,72,72,72,72,72,72,72,72,72,72,72,72,72],"card_choices":[{"not_picked":["FlyingSleeves","Weave","Consecrate"],"picked":"SKIP","floor":1.0},{"not_picked":["ClearTheMind","ThirdEye","FlyingSleeves"],"picked":"SKIP","floor":3.0},{"not_picked":["BowlingBash","Prostrate","ThirdEye"],"picked":"SKIP","floor":6.0},{"not_picked":["SignatureMove","FollowUp","WheelKick"],"picked":"SKIP","floor":7.0},{"not_picked":["CarveReality","Consecrate"],"picked":"PathToVictory","floor":11.0},{"not_picked":["Sanctity","Meditate","Tantrum"],"picked":"SKIP","floor":13.0},{"not_picked":["Crescendo","FlyingSleeves","EmptyBody"],"picked":"SKIP","floor":18.0},{"not_picked":["CutThroughFate+1","FlyingSleeves","Swivel"],"picked":"SKIP","floor":19}],"player_experience":198734,"relics_obtained":[{"floor":6.0,"key":"Du-Vu Doll"},{"floor":9.0,"key":"Turnip"},{"floor":17.0,"key":"Dream Catcher"},{"floor":17.0,"key":"Blue Candle"},{"floor":17.0,"key":"WingedGreaves"}],"event_choices":[{"damage_healed":0.0,"max_hp_gain":0.0,"max_hp_loss":0.0,"gold_gain":75.0,"event_name":"World of Goop","player_choice":"Gather Gold","floor":4.0,"gold_loss":0.0,"damage_taken":11.0},{"damage_healed":0.0,"max_hp_gain":0.0,"max_hp_loss":0.0,"gold_gain":0.0,"event_name":"Match and Keep!","player_choice":"0 cards matched","floor":12.0,"gold_loss":0.0,"damage_taken":0.0,"cards_obtained":[]},{"cards_removed":["Strike_P"],"damage_healed":0,"gold_gain":0,"player_choice":"Upgrade and Remove","damage_taken":0,"max_hp_gain":0,"max_hp_loss":0,"event_name":"Designer","floor":20,"gold_loss":90,"cards_upgraded":["Strike_P"]}],"is_beta":false,"boss_relics":[{"not_picked":["Black Star","Runic Dome"],"picked":"Calling Bell"}],"items_purged_floors":[2,5],"is_endless":false,"potions_floor_spawned":[6,7,13,16,19],"killed_by":"Chosen and Byrds","ascension_level":3}}