{"host":"8fs888ktgs0nww02","time":1612877856,"event":{"mods":["100% Spire Juice","ATMod(°¢èªMod)","Aspiration","BaseMod","Better-Laid Plans","Colored Powertips","Minty Spire (QoL Compilation)","Relic Filter","Remove Card Discount Mod","Shop Mod","StSLib","TestMod","noobMod","óô»ðÖ¸ÄÏ"],"gold_per_floor":[116,136,32,45,57,82,82,96,123,31,47,47,47,87,99,234,246,276,302,337,57,75,106,120,99,99,138,177,57,57,57,57,156,156,173,173,173],"floor_reached":36,"language":"ZHS","playtime":1584,"items_purged":[],"score":636,"play_id":"07ad2de7-ea94-4b22-8a85-c95e03f8d594","local_time":"20210209213736","is_ascension_mode":false,"campfire_choices":[{"data":"AT_FamilyPortrait","floor":7,"key":"SMITH"},{"data":"Moonworks:LongDistanceShot","floor":15,"key":"SMITH"},{"data":"AT_EmpoweredMortalDraw","floor":32,"key":"SMITH"}],"circlet_count":0,"master_deck":["Moonworks:Strike","Moonworks:Strike","Moonworks:Strike","Moonworks:Strike","Moonworks:Defend","Moonworks:Defend","Moonworks:Defend","Moonworks:Defend","Moonworks:Ambush","Moonworks:LongDistanceShot+1","AT_FamilyPortrait+1","Moonworks:ForcedRevival","Moonworks:JonathanRush","Moonworks:JonathanRush","Moonworks:WindyEnchantment","Moonworks:DeployBits","Moonworks:BackdoorTrade","Moonworks:LulusLuckyEgg","Moonworks:SakisCookie","Moonworks:RagingMadness","Moonworks:Assault","Moonworks:Accelerator","AT_EmpoweredMortalDraw+1","Moonworks:EvilSpyWorkPreparation","Moonworks:NicePresent","Moonworks:CloudOfSeagulls","Moonworks:AngelHand+1","Moonworks:EvilSpyWorkPreparation","Moonworks:SinkOrSwim"],"relics":["Moonworks:BrokenBomb","Moonworks:Homemark","ice","testmod-TestBox","AT_ATBox","testmod-Antiphasic","NeowsBlessing","AT_SeraphEmbrace","Smiling Mask","Bloody Idol","MawBank","AT_MortalBlade","Orichalcum","WingedGreaves","testmod-ObsoleteBoomerang","Sundial","Sozu"],"acts_visited":["Exordium","TheCity","TheBeyond"],"potions_floor_usage":[6,8,14],"damage_taken":[{"damage":0,"enemies":"Jaw Worm","floor":1,"turns":1},{"damage":0,"enemies":"Small Slimes","floor":2,"turns":1},{"damage":0,"enemies":"2 Louse","floor":3,"turns":1},{"damage":20,"enemies":"Large Slime","floor":4,"turns":6},{"damage":9,"enemies":"Exordium Thugs","floor":5,"turns":4},{"damage":0,"enemies":"Lagavulin","floor":6,"turns":2},{"damage":5,"enemies":"Lots of Slimes","floor":8,"turns":3},{"damage":0,"enemies":"3 Louse","floor":11,"turns":3},{"damage":7,"enemies":"Gremlin Nob","floor":14,"turns":4},{"damage":34,"enemies":"Hexaghost","floor":16,"turns":9},{"damage":10,"enemies":"3 Byrds","floor":18,"turns":3},{"damage":9,"enemies":"Chosen","floor":19,"turns":3},{"damage":20,"enemies":"Snecko","floor":20,"turns":4},{"damage":4,"enemies":"Snake Plant","floor":22,"turns":2},{"damage":35,"enemies":"Book of Stabbing","floor":23,"turns":4},{"damage":5,"enemies":"Centurion and Healer","floor":24,"turns":4},{"damage":35,"enemies":"Gremlin Leader","floor":27,"turns":5},{"damage":14,"enemies":"Book of Stabbing","floor":28,"turns":3},{"damage":5,"enemies":"Champ","floor":33,"turns":4},{"damage":2,"enemies":"Orb Walker","floor":35,"turns":2},{"damage":0,"enemies":"3 Darklings","floor":36,"turns":1}],"seed_played":"-6013433372845239228","potions_obtained":[{"floor":1,"key":"AttackPotion"},{"floor":2,"key":"Explosive Potion"},{"floor":4,"key":"PowerPotion"},{"floor":5,"key":"SpeedPotion"},{"floor":8,"key":"Fruit Juice"},{"floor":19,"key":"DuplicationPotion"},{"floor":20,"key":"Swift Potion"},{"floor":22,"key":"EntropicBrew"}],"is_trial":false,"path_per_floor":["M","M","M","M","M","E","R","M","T","$","M","?","?","E","R","B",null,"M","M","M","$","M","E","M","?","T","E","E","R","?","?","R","B",null,"M","M"],"character_chosen":"THE_STARBREAKER","items_purchased":["Moonworks:SakisCookie","Moonworks:RagingMadness","Moonworks:CloudOfSeagulls"],"campfire_rested":0,"item_purchase_floors":[10,10,21],"current_hp_per_floor":[60,60,60,45,41,41,41,46,46,46,46,34,34,34,34,7,60,50,46,31,31,32,7,9,9,9,41,32,32,32,32,32,39,72,73,73,73],"gold":173,"neow_bonus":"THREE_ENEMY_KILL","is_daily":false,"chose_seed":false,"campfire_upgraded":3,"win_rate":0.0,"timestamp":1612877856,"path_taken":["M","M","M","M","M","E","R","M","T","$","M","?","?","E","R","BOSS","M","M","M","$","M","E","M","?","T","E","E","R","?","?","R","BOSS","M","M"],"items_purchased_type":["Card","Card","Card"],"build_version":"2020-12-22","purchased_purges":0,"victory":false,"max_hp_per_floor":[60,60,60,60,60,60,60,65,65,65,65,65,60,60,60,60,60,60,60,60,60,60,65,65,65,65,68,71,71,71,71,71,72,72,73,73,73],"card_choices":[{"not_picked":["Moonworks:ReproductionOfRecords","Moonworks:Assault"],"picked":"Moonworks:ForcedRevival","floor":1},{"not_picked":["Moonworks:IndiscriminateFireSupport","Moonworks:LulusLuckyEgg"],"picked":"Moonworks:JonathanRush","floor":2},{"not_picked":["Moonworks:Wanted","Moonworks:CookingTime"],"picked":"Moonworks:JonathanRush","floor":3},{"not_picked":["Moonworks:UnpaidWork","Moonworks:Bloodlust"],"picked":"Moonworks:WindyEnchantment","floor":4},{"not_picked":["Moonworks:ImOnFire","Moonworks:StiffCrystal"],"picked":"Moonworks:DeployBits","floor":5},{"not_picked":["Moonworks:NicePresent","Moonworks:DeployBits"],"picked":"Moonworks:BackdoorTrade","floor":6},{"not_picked":["Moonworks:RagingMadness","Moonworks:CloudOfSeagulls"],"picked":"Moonworks:LulusLuckyEgg","floor":8},{"not_picked":["Moonworks:IndiscriminateFireSupport","Moonworks:BackdoorTrade","Moonworks:DeployBits"],"picked":"SKIP","floor":11},{"not_picked":["Moonworks:CompletionReward","Moonworks:NicePresent"],"picked":"Moonworks:Assault","floor":14},{"not_picked":["Moonworks:SubspaceTunnel","Moonworks:MeltingMemories"],"picked":"Moonworks:Accelerator","floor":16},{"not_picked":["Moonworks:BigMagnum","Moonworks:ImOnFire"],"picked":"Moonworks:EvilSpyWorkPreparation","floor":18},{"not_picked":["Moonworks:LulusLuckyEgg","Moonworks:IndiscriminateFireSupport"],"picked":"Moonworks:NicePresent","floor":19},{"not_picked":["Moonworks:LulusLuckyEgg","Moonworks:EvilSpyWorkPreparation","Moonworks:DeployBits"],"picked":"SKIP","floor":20},{"not_picked":["Moonworks:JonathanRush","Moonworks:DeployBits","Moonworks:LulusLuckyEgg"],"picked":"SKIP","floor":22},{"not_picked":["Moonworks:LulusLuckyEgg","Moonworks:Accelerator"],"picked":"Moonworks:AngelHand+1","floor":23},{"not_picked":["Moonworks:SealedMemories","Moonworks:NicePresent","Moonworks:BigBangBell"],"picked":"SKIP","floor":24},{"not_picked":["Moonworks:NicePresent","Moonworks:JonathanRush+1"],"picked":"Moonworks:EvilSpyWorkPreparation","floor":27},{"not_picked":["Moonworks:BigMagnum","Moonworks:ImOnFire","Moonworks:DeployBits"],"picked":"SKIP","floor":28},{"not_picked":["Moonworks:SubspaceTunnel","Moonworks:WeAreWaruda"],"picked":"Moonworks:SinkOrSwim","floor":33},{"not_picked":["Moonworks:UnpaidWork","Moonworks:CloudOfSeagulls+1","Moonworks:Heat300Percent"],"picked":"SKIP","floor":35}],"player_experience":22970,"relics_obtained":[{"floor":9,"key":"AT_ArchangelStaff"},{"floor":14,"key":"MawBank"},{"floor":23,"key":"Orichalcum"},{"floor":26,"key":"WingedGreaves"},{"floor":27,"key":"testmod-ObsoleteBoomerang"},{"floor":28,"key":"Sundial"}],"event_choices":[{"damage_healed":0,"gold_gain":0,"player_choice":"Success","damage_taken":12,"relics_obtained":["Smiling Mask"],"max_hp_gain":0,"max_hp_loss":0,"event_name":"Scrap Ooze","floor":12,"gold_loss":0},{"damage_healed":0,"gold_gain":0,"player_choice":"Lose Max HP","damage_taken":0,"relics_obtained":["Golden Idol"],"max_hp_gain":0,"max_hp_loss":5,"event_name":"Golden Idol","floor":13,"gold_loss":0},{"damage_healed":0,"gold_gain":99,"player_choice":"Stole From Cult","damage_taken":0,"max_hp_gain":0,"max_hp_loss":0,"event_name":"Nest","floor":25,"gold_loss":0},{"damage_healed":0,"gold_gain":0,"player_choice":"Ignored","damage_taken":0,"max_hp_gain":0,"max_hp_loss":0,"event_name":"Vampires","floor":30,"gold_loss":0},{"damage_healed":0,"gold_gain":0,"player_choice":"Gave Idol","damage_taken":0,"relics_obtained":["Bloody Idol"],"max_hp_gain":0,"max_hp_loss":0,"event_name":"Forgotten Altar","floor":31,"relics_lost":["Golden Idol"],"gold_loss":0}],"is_beta":false,"boss_relics":[{"not_picked":["testmod-Nine","aspiration:RitualDagger"],"picked":"AT_MortalBlade"},{"not_picked":["testmod-KeyOfTheVoid","testmod-GoldenSoul"],"picked":"Sozu"}],"items_purged_floors":[],"is_endless":false,"potions_floor_spawned":[1,2,4,5,8,19,20,22,24,33],"killed_by":"3 Darklings","ascension_level":0}}