{"host":"o5or1zybx7au40zl","time":1612888599,"event":{"mods":["Act Like it!","Aspiration","BaseMod","Better Third Choice","Conspire","Dota2Spire","GungeonMod","Halation","Hubris","Infinite Spire","Minty Spire (QoL Compilation)","Replay The Spire","Robot Space Explorer","StSLib","The Jungle","Yuri Mod"],"gold_per_floor":[118,118,128,128,147,182,192,192,192],"floor_reached":8,"language":"ENG","playtime":258,"items_purged":[],"score":58,"play_id":"bd4b3bad-93b9-452d-bd15-e5027d15176c","local_time":"20210209173639","is_ascension_mode":false,"campfire_choices":[],"circlet_count":0,"master_deck":["DemoMod:Strike_Huntress","DemoMod:Strike_Huntress","DemoMod:Strike_Huntress","DemoMod:Defend_Huntress","DemoMod:Defend_Huntress","DemoMod:Defend_Huntress","DemoMod:Defend_Huntress","DemoMod:Roll","DemoMod:ManualReload","DemoMod:RustySidearm","DemoMod:CrossBow","DemoMod:TeaPot","DemoMod:ThirdPartyController","DemoMod:HuntsMan","DemoMod:Casey"],"relics":["DemoMod:Dog","Shovel","hubris:Towel","Dota2Spire:PowerTreads"],"acts_visited":["Exordium"],"potions_floor_usage":[8],"damage_taken":[{"damage":5,"enemies":"Small Slimes","floor":1,"turns":4},{"damage":1,"enemies":"Cultist","floor":3,"turns":3},{"damage":0,"enemies":"2 Louse","floor":5,"turns":3},{"damage":45,"enemies":"Lagavulin","floor":6,"turns":8},{"damage":6,"enemies":"2 Fungi Beasts","floor":7,"turns":3},{"damage":18,"enemies":"3 Sentries","floor":8,"turns":2}],"seed_played":"-6433159065152439955","potions_obtained":[{"floor":6,"key":"LiquidMemories"}],"is_trial":false,"path_per_floor":["M","?","M","?","M","E","M","E"],"character_chosen":"HUNTRESS","items_purchased":[],"campfire_rested":0,"item_purchase_floors":[],"current_hp_per_floor":[65,65,64,64,64,19,13,0,0],"gold":192,"neow_bonus":"ONE_RARE_RELIC","is_daily":false,"chose_seed":false,"campfire_upgraded":0,"win_rate":0.0,"timestamp":1612888599,"path_taken":["M","?","M","?","M","E","M","E"],"items_purchased_type":[],"build_version":"2020-12-22","purchased_purges":0,"victory":false,"max_hp_per_floor":[70,70,70,70,70,70,70,70,70],"card_choices":[{"not_picked":["DemoMod:BoxingGlove","DemoMod:GunShield"],"picked":"DemoMod:Purify","floor":1},{"not_picked":["DemoMod:EasyReloadBullets","DemoMod:MachoBrace"],"picked":"DemoMod:TeaPot","floor":3},{"not_picked":["DemoMod:Replace","DemoMod:JK47","DemoMod:TableSutra"],"picked":"SKIP","floor":3},{"not_picked":["DemoMod:HardPowerCard","DemoMod:Camera"],"picked":"DemoMod:ThirdPartyController","floor":5},{"not_picked":["DemoMod:ProbeStrike","DemoMod:ChanceBullets"],"picked":"DemoMod:HuntsMan","floor":6},{"not_picked":["DemoMod:AC15","DemoMod:FastSwitch"],"picked":"DemoMod:Casey","floor":7}],"player_experience":996277,"relics_obtained":[{"floor":6,"key":"Dota2Spire:PowerTreads"}],"event_choices":[{"damage_healed":0,"gold_gain":0,"player_choice":"Grow","damage_taken":0,"max_hp_gain":0,"max_hp_loss":0,"event_name":"Living Wall","floor":2,"gold_loss":0,"cards_upgraded":["DemoMod:Purify"]}],"is_beta":false,"boss_relics":[],"items_purged_floors":[],"is_endless":false,"potions_floor_spawned":[6],"killed_by":"3 Sentries","ascension_level":0}}