{"host":"55ootvctf3yuzfpi","time":1612833508,"event":{"mods":["BaseMod","Downfall","Minty Spire (QoL Compilation)","StSLib"],"gold_per_floor":[114,133,149,168,186,186,186,217,244,244,263,288,288,315,315,315,315],"floor_reached":16,"language":"ENG","playtime":1125,"items_purged":[],"score":195,"play_id":"e5bc6e68-4ff0-43e4-a745-bf31f15a0ee9","local_time":"20210208221828","is_ascension_mode":true,"campfire_choices":[{"floor":6,"key":"REST"},{"floor":13,"key":"REST"},{"data":"Compile Driver","floor":15,"key":"SMITH"}],"circlet_count":0,"master_deck":["AscendersBane","Strike_B","Strike_B","Strike_B","Strike_B","Defend_B","Defend_B","Defend_B","Defend_B","Zap","Dualcast","Compile Driver+1","Cold Snap","Reinforced Body","Glacier","Self Repair"],"relics":["Cracked Core","Singing Bowl","PreservedInsect","Centennial Puzzle","MealTicket"],"acts_visited":["Exordium"],"potions_floor_usage":[4,5,8,14,16],"damage_taken":[{"damage":8,"enemies":"Jaw Worm","floor":1,"turns":4},{"damage":8,"enemies":"Small Slimes","floor":2,"turns":4},{"damage":1,"enemies":"Cultist","floor":3,"turns":3},{"damage":40,"enemies":"Exordium Thugs","floor":4,"turns":6},{"damage":20,"enemies":"Lots of Slimes","floor":5,"turns":5},{"damage":12,"enemies":"Lagavulin","floor":8,"turns":8},{"damage":1,"enemies":"Blue Slaver","floor":11,"turns":5},{"damage":7,"enemies":"3 Sentries","floor":12,"turns":8},{"damage":20,"enemies":"Lagavulin","floor":14,"turns":7},{"damage":29,"enemies":"Hexaghost","floor":16,"turns":9}],"seed_played":"-4249035598042439142","potions_obtained":[{"floor":1,"key":"DuplicationPotion"},{"floor":4,"key":"Regen Potion"},{"floor":5,"key":"champ:CounterPotion"},{"floor":8,"key":"Ancient Potion"},{"floor":14,"key":"champ:CounterPotion"}],"is_trial":false,"path_per_floor":["M","M","M","M","M","R","?","E","T","?","M","E","R","E","R","B"],"character_chosen":"DEFECT","items_purchased":[],"campfire_rested":2,"item_purchase_floors":[],"current_hp_per_floor":[67,59,58,18,12,36,36,24,24,24,25,20,45,25,25,0,0],"gold":315,"neow_bonus":"TEN_PERCENT_HP_BONUS","is_daily":false,"chose_seed":false,"campfire_upgraded":1,"win_rate":0.0,"timestamp":1612833508,"path_taken":["M","M","M","M","M","R","?","E","T","?","M","E","R","E","R","BOSS"],"items_purchased_type":[],"build_version":"2020-12-22","purchased_purges":0,"victory":false,"max_hp_per_floor":[82,82,82,82,82,82,82,82,82,82,84,86,86,86,86,86,86],"card_choices":[{"not_picked":["Heatsinks","Recycle","Rebound"],"picked":"SKIP","floor":1},{"not_picked":["Hello World","Rebound"],"picked":"Compile Driver","floor":2},{"not_picked":["Force Field","Stack","Reprogram"],"picked":"SKIP","floor":3},{"not_picked":["Beam Cell","Consume"],"picked":"Cold Snap","floor":4},{"not_picked":["Tempest","Conserve Battery"],"picked":"Reinforced Body","floor":5},{"not_picked":["Compile Driver","Go for the Eyes"],"picked":"Glacier","floor":8},{"not_picked":["Heatsinks","Hello World","Stack"],"picked":"Singing Bowl","floor":11},{"not_picked":["Hologram","Sunder","Barrage"],"picked":"Singing Bowl","floor":12},{"not_picked":["Ball Lightning","Amplify"],"picked":"Self Repair","floor":14}],"player_experience":1293422,"relics_obtained":[{"floor":8,"key":"Singing Bowl"},{"floor":9,"key":"PreservedInsect"},{"floor":12,"key":"Centennial Puzzle"},{"floor":14,"key":"MealTicket"}],"event_choices":[{"damage_healed":0,"gold_gain":0,"player_choice":"Ignored","damage_taken":0,"max_hp_gain":0,"max_hp_loss":0,"event_name":"Liars Game","floor":7,"gold_loss":0},{"damage_healed":0,"gold_gain":0,"player_choice":"Ignored","damage_taken":0,"max_hp_gain":0,"max_hp_loss":0,"event_name":"Shining Light","floor":10,"gold_loss":0}],"is_beta":false,"boss_relics":[],"items_purged_floors":[],"is_endless":false,"potions_floor_spawned":[1,4,5,8,14],"killed_by":"Hexaghost","ascension_level":12}}