{"host":"c6u7e77myxvw4d0m","time":1612893755,"event":{"mods":["AchievementEnabler","BaseMod","Bestiary","Colored Map","Colored Powertips","Minty Spire (QoL Compilation)","Rare Cards Sparkle","Relic Stats","everything is the same but u backflip on backflip"],"gold_per_floor":[118,168,185,197,212,212,230,262,262,262,272,306,33,48,48,124,124,143,143,156,156,17,17,47,62,115,133,133,147,147,171,171,248,248,263,274,244,264,16,16,27,27,27,61,18,18,45,65,65,65,65],"floor_reached":50,"language":"ENG","playtime":3605,"items_purged":["Strike_G","Strike_G","Strike_G"],"score":1268,"play_id":"80a529e2-b850-4545-9a8f-319100f06b5e","local_time":"20210209200235","is_ascension_mode":true,"campfire_choices":[{"data":"Poisoned Stab","floor":6.0,"key":"SMITH"},{"floor":10,"key":"REST"},{"data":"Noxious Fumes","floor":15,"key":"SMITH"},{"data":"Bandage Up","floor":23,"key":"SMITH"},{"data":"Catalyst","floor":28,"key":"SMITH"},{"data":"Burst","floor":30,"key":"SMITH"},{"data":"Noxious Fumes","floor":32,"key":"SMITH"},{"data":"Footwork","floor":40,"key":"SMITH"},{"data":"Night Terror","floor":42,"key":"SMITH"},{"data":"Noxious Fumes","floor":46,"key":"SMITH"},{"data":"Deadly Poison","floor":49,"key":"SMITH"}],"circlet_count":0,"master_deck":["AscendersBane","Strike_G","Strike_G","Defend_G","Defend_G","Defend_G","Defend_G","Defend_G","Survivor","Neutralize","Poisoned Stab+1","Dagger Throw","Caltrops","Bane","Burst+1","Dodge and Roll","Noxious Fumes+1","Predator","Footwork+1","Noxious Fumes+1","Bandage Up+1","Cloak And Dagger","Venomology","Corpse Explosion","Blade Dance+1","Footwork","Noxious Fumes+1","Catalyst+1","Calculated Gamble","Doppelganger","CurseOfTheBell","Noxious Fumes","PiercingWail","Night Terror+1","Setup+1","Deadly Poison+1","Leg Sweep"],"relics":["Ring of the Snake","HornCleat","Dream Catcher","Centennial Puzzle","Coffee Dripper","InkBottle","Letter Opener","Bag of Preparation","Calling Bell","Oddly Smooth Stone","Matryoshka","Bird Faced Urn","Membership Card","Anchor","PreservedInsect","Lantern","Juzu Bracelet"],"acts_visited":["Exordium","TheCity","TheBeyond"],"potions_floor_usage":[8,8,16,20,20,24,24,24,27,27,27,29,33,33,35,36,38,38,41,44,44,47,47,48,50,50],"damage_taken":[{"damage":12.0,"enemies":"Small Slimes","floor":1.0,"turns":5.0},{"damage":0.0,"enemies":"Cultist","floor":3.0,"turns":3.0},{"damage":12.0,"enemies":"Jaw Worm","floor":4.0,"turns":4.0},{"damage":0.0,"enemies":"Blue Slaver","floor":5.0,"turns":5.0},{"damage":8.0,"enemies":"3 Louse","floor":7.0,"turns":4.0},{"damage":0,"enemies":"Gremlin Nob","floor":8,"turns":3},{"damage":1,"enemies":"Red Slaver","floor":11,"turns":3},{"damage":21,"enemies":"Lagavulin","floor":12,"turns":8},{"damage":0,"enemies":"Gremlin Gang","floor":14,"turns":6},{"damage":5,"enemies":"The Guardian","floor":16,"turns":9},{"damage":0,"enemies":"3 Byrds","floor":18,"turns":2},{"damage":4,"enemies":"Spheric Guardian","floor":20,"turns":4},{"damage":10,"enemies":"Gremlin Leader","floor":24,"turns":5},{"damage":13,"enemies":"Snake Plant","floor":25,"turns":5},{"damage":18,"enemies":"Cultist and Chosen","floor":27,"turns":6},{"damage":6,"enemies":"Centurion and Healer","floor":29,"turns":4},{"damage":29,"enemies":"Champ","floor":33,"turns":8},{"damage":6,"enemies":"3 Shapes","floor":35,"turns":6},{"damage":40,"enemies":"Orb Walker","floor":36,"turns":5},{"damage":0,"enemies":"Maw","floor":38,"turns":7},{"damage":17,"enemies":"Sphere and 2 Shapes","floor":41,"turns":4},{"damage":0,"enemies":"Giant Head","floor":44,"turns":5},{"damage":47,"enemies":"Reptomancer","floor":47,"turns":6},{"damage":5,"enemies":"4 Shapes","floor":48,"turns":3},{"damage":59,"enemies":"Awakened One","floor":50,"turns":4}],"seed_played":"-1262564375429176155","potions_obtained":[{"floor":4.0,"key":"Strength Potion"},{"floor":7.0,"key":"Poison Potion"},{"floor":8,"key":"Swift Potion"},{"floor":18,"key":"SkillPotion"},{"floor":20,"key":"GhostInAJar"},{"floor":25,"key":"Block Potion"},{"floor":35,"key":"CultistPotion"},{"floor":37,"key":"PowerPotion"},{"floor":41,"key":"SkillPotion"},{"floor":47,"key":"BlessingOfTheForge"}],"is_trial":false,"path_per_floor":["M","?","M","M","M","R","M","E","T","R","M","E","$","M","R","B",null,"M","T","M","?","$","R","E","M","T","M","R","M","R","T","R","B",null,"M","M","?","M","$","R","M","R","T","E","$","R","E","M","R","B"],"character_chosen":"THE_SILENT","items_purchased":["Noxious Fumes","Bandage Up","Cloak And Dagger","Noxious Fumes","Membership Card","PiercingWail","DuplicationPotion"],"campfire_rested":1,"item_purchase_floors":[13,13,13,22,39,39,45],"current_hp_per_floor":[53,53,53,41,41,41,33,33,33,54,53,32,32,36,36,39,64,68,68,68,47,47,47,43,36,36,39,39,39,39,39,39,22,60,70,36,36,56,56,56,57,57,57,72,72,72,35,44,44,0,0],"gold":65,"neow_bonus":"TEN_PERCENT_HP_BONUS","is_daily":false,"chose_seed":false,"campfire_upgraded":10,"win_rate":0.0,"timestamp":1612893755,"path_taken":["M","?","M","M","M","R","M","E","T","R","M","E","$","?","R","BOSS","M","?","M","?","$","R","E","M","T","M","R","M","R","?","R","BOSS","M","M","?","?","?","R","?","R","T","E","$","R","E","M","R","BOSS"],"items_purchased_type":["Card","Card","Card","Card","Relic","Card","Potion"],"build_version":"2020-12-22","purchased_purges":3,"victory":false,"max_hp_per_floor":[72,72,72,72,72,72,72,72,72,72,72,72,72,72,72,72,72,72,72,72,72,72,72,72,72,72,72,72,72,72,72,72,72,72,72,72,72,72,72,72,72,72,72,72,72,72,72,72,72,72,72],"relic_stats":{"Dream Catcher":1,"Centennial Puzzle":[39],"counters":[25,124],"Bird Faced Urn":[67],"PreservedInsect":191,"Bag of Preparation":[22],"Juzu Bracelet":0,"Letter Opener":[232],"obtain_stats":[{"Lantern":44,"Oddly Smooth Stone":34,"PreservedInsect":43,"Bag of Preparation":26,"Juzu Bracelet":47,"Letter Opener":24,"Calling Bell":34,"Dream Catcher":9,"Centennial Puzzle":12,"Anchor":43,"HornCleat":8,"Matryoshka":34,"Bird Faced Urn":34,"Coffee Dripper":17,"Membership Card":39,"InkBottle":19,"Ring of the Snake":0},{"Lantern":22,"Oddly Smooth Stone":17,"PreservedInsect":21,"Bag of Preparation":14,"Juzu Bracelet":23,"Letter Opener":13,"Calling Bell":17,"Dream Catcher":6,"Centennial Puzzle":8,"Anchor":21,"HornCleat":6,"Matryoshka":17,"Bird Faced Urn":17,"Coffee Dripper":10,"Membership Card":20,"InkBottle":11,"Ring of the Snake":0},{"Lantern":111,"Oddly Smooth Stone":84,"PreservedInsect":106,"Bag of Preparation":66,"Juzu Bracelet":117,"Letter Opener":61,"Calling Bell":84,"Dream Catcher":24,"Centennial Puzzle":35,"Anchor":106,"HornCleat":24,"Matryoshka":84,"Bird Faced Urn":84,"Coffee Dripper":50,"Membership Card":102,"InkBottle":52,"Ring of the Snake":0}],"InkBottle":[34],"Ring of the Snake":[50]},"card_choices":[{"not_picked":["Dagger Spray","Choke"],"picked":"Poisoned Stab","floor":1.0},{"not_picked":["Dodge and Roll","Poisoned Stab"],"picked":"Dagger Throw","floor":3.0},{"not_picked":["Doppelganger","Slice"],"picked":"Caltrops","floor":4.0},{"not_picked":["Acrobatics","Flying Knee"],"picked":"Bane","floor":5.0},{"not_picked":["Reflex","Accuracy"],"picked":"Burst","floor":7.0},{"not_picked":["Prepared","Endless Agony"],"picked":"Dodge and Roll","floor":8},{"not_picked":["PiercingWail","Prepared"],"picked":"Noxious Fumes","floor":10},{"not_picked":["Deflect","Prepared"],"picked":"Predator","floor":11},{"not_picked":["PiercingWail","Dash"],"picked":"Footwork","floor":12},{"not_picked":["All Out Attack","Bane"],"picked":"Venomology","floor":14},{"not_picked":["Grand Finale","Night Terror"],"picked":"Corpse Explosion","floor":16},{"not_picked":["Underhanded Strike","Slice"],"picked":"Blade Dance+1","floor":18},{"not_picked":["Prepared","Blade Dance"],"picked":"Footwork","floor":20},{"not_picked":["Cloak And Dagger","Underhanded Strike+1"],"picked":"Catalyst","floor":24},{"not_picked":["Blade Dance","Finisher"],"picked":"Calculated Gamble","floor":25},{"not_picked":["Finisher","Dash","Dagger Spray"],"picked":"SKIP","floor":27},{"not_picked":["Finisher","Dash","Dagger Spray"],"picked":"SKIP","floor":27},{"not_picked":["Dagger Throw","Bane","Blade Dance"],"picked":"SKIP","floor":29},{"not_picked":["Venomology","Burst"],"picked":"Doppelganger","floor":33},{"not_picked":["Slice","Cloak And Dagger","Riddle With Holes"],"picked":"SKIP","floor":35},{"not_picked":["Outmaneuver","Riddle With Holes","Dagger Spray"],"picked":"SKIP","floor":36},{"not_picked":["Distraction","Outmaneuver"],"picked":"Noxious Fumes","floor":38},{"not_picked":["Backflip","Tactician+1"],"picked":"Night Terror","floor":41},{"not_picked":["Flechettes","Concentrate"],"picked":"Setup+1","floor":44},{"not_picked":["Flying Knee","Tactician"],"picked":"Deadly Poison","floor":47},{"not_picked":["Bouncing Flask","Flying Knee"],"picked":"Leg Sweep","floor":48}],"player_experience":757693,"relics_obtained":[{"floor":8,"key":"HornCleat"},{"floor":9,"key":"Dream Catcher"},{"floor":12,"key":"Centennial Puzzle"},{"floor":19,"key":"InkBottle"},{"floor":24,"key":"Letter Opener"},{"floor":26,"key":"Bag of Preparation"},{"floor":34,"key":"Oddly Smooth Stone"},{"floor":34,"key":"Matryoshka"},{"floor":34,"key":"Bird Faced Urn"},{"floor":43,"key":"Anchor"},{"floor":43,"key":"PreservedInsect"},{"floor":44,"key":"Lantern"},{"floor":47,"key":"Juzu Bracelet"}],"event_choices":[{"damage_healed":0.0,"max_hp_gain":0.0,"max_hp_loss":0.0,"gold_gain":50.0,"event_name":"Golden Shrine","player_choice":"Pray","floor":2.0,"gold_loss":0.0,"damage_taken":0.0},{"damage_healed":0,"gold_gain":0,"player_choice":"Obtained Book","damage_taken":21,"max_hp_gain":0,"max_hp_loss":0,"event_name":"Cursed Tome","floor":21,"gold_loss":0},{"damage_healed":0,"gold_gain":0,"player_choice":"Bought 2 Potions","damage_taken":0,"max_hp_gain":0,"max_hp_loss":0,"event_name":"The Woman in Blue","floor":37,"gold_loss":0}],"is_beta":false,"boss_relics":[{"not_picked":["Sozu","Snecko Eye"],"picked":"Coffee Dripper"},{"not_picked":["Velvet Choker","Fusion Hammer"],"picked":"Calling Bell"}],"items_purged_floors":[13,22,39],"is_endless":false,"potions_floor_spawned":[4,7,8,18,20,25,35,41,47],"killed_by":"Awakened One","ascension_level":20}}