{"host":"7jl4uf745pjtflnx","time":1612868466,"event":{"mods":["BaseMod","BetterRewards","Hubris","Minty Spire (QoL Compilation)","Reliquary","Replay The Spire","StSLib","SuperFastMode","The Construct"],"gold_per_floor":[109,121,134,134,150,150,161,161,213,248,259,291,306,339,339,437,437,456,468,486,846,865,893,893,928,928,939,967,454,464,482,482,579,579,598,617,229,229,229,259,259,259,259,259,277,277,277,303,303,303,303,303,24,54,54],"floor_reached":56,"language":"ENG","playtime":1605,"items_purged":["Strike_B","Strike_B","Strike_B","Strike_B","Defend_B"],"score":2085,"play_id":"a53a9c13-5261-44fa-b6e0-15625446b7fb","local_time":"20210209060106","is_ascension_mode":true,"campfire_choices":[{"data":"ReplayTheSpireMod:Calculation Training","floor":6,"key":"SMITH"},{"floor":8,"key":"REST"},{"data":"hubris:PowerSurge","floor":15,"key":"SMITH"},{"data":"Electrodynamics","floor":24,"key":"SMITH"},{"data":"hubris:EnhanceAbility","floor":32,"key":"SMITH"},{"floor":42,"key":"RECALL"},{"data":"Echo Form","floor":44,"key":"SMITH"},{"data":"Defragment","floor":46,"key":"SMITH"},{"data":"Storm","floor":49,"key":"SMITH"},{"data":"Zap","floor":52,"key":"SMITH"}],"circlet_count":0,"master_deck":["Defend_B","Defend_B","Defend_B","Zap+1","Dualcast","Storm+1","hubris:PowerSurge+1","Coolheaded+1","Coolheaded+1","Cold Snap","Static Discharge","ReplayTheSpireMod:Calculation Training+1","Self Repair","Conserve Battery","Cold Snap+1","Ball Lightning+1","Electrodynamics+1","Self Repair+1","Conserve Battery","ReplayTheSpireMod:Calculation Training","Glacier","Chill+1","BootSequence+1","hubris:PowerSurge+1","hubris:EnhanceAbility+1","Storm+1","Defragment+1","Echo Form+1","Panacea+1","Turbo+1","Redo+1","Storm","Lockon"],"relics":["Cracked Core","hubris:Icosahedron","PreservedInsect","Counterbalance","reliquary:Buckler","Bottled Lightning","construct:WeddingRing","Juzu Bracelet","Replay:Bottled Snecko","reliquary:BallBearing","Bronze Scales","Coffee Dripper","Lantern","reliquary:BoilingFlask","hubris:Towel","War Paint","Thread and Needle","Whetstone","BargainBundle","Bottled Tornado"],"acts_visited":["Exordium","TheCity","TheBeyond","TheEnding"],"potions_floor_usage":[16,55,55,55],"damage_taken":[{"damage":0,"enemies":"2 Louse","floor":1,"turns":4},{"damage":0,"enemies":"Jaw Worm","floor":2,"turns":4},{"damage":0,"enemies":"Cultist","floor":3,"turns":3},{"damage":15,"enemies":"Large Slime","floor":5,"turns":8},{"damage":1,"enemies":"Red Slaver","floor":7,"turns":4},{"damage":2,"enemies":"3 Sentries","floor":10,"turns":7},{"damage":0,"enemies":"Blue Slaver","floor":11,"turns":3},{"damage":7,"enemies":"Lagavulin","floor":12,"turns":4},{"damage":1,"enemies":"Looter","floor":13,"turns":3},{"damage":6,"enemies":"Replay:BlueRogue","floor":14,"turns":4},{"damage":0,"enemies":"Slime Boss","floor":16,"turns":7},{"damage":0,"enemies":"2 Thieves","floor":18,"turns":1},{"damage":0,"enemies":"Spheric Guardian","floor":19,"turns":2},{"damage":16,"enemies":"Shelled Parasite and Fungi","floor":20,"turns":3},{"damage":17,"enemies":"Centurion and Healer","floor":22,"turns":3},{"damage":0,"enemies":"Gremlin Leader","floor":23,"turns":3},{"damage":0,"enemies":"Slavers","floor":25,"turns":1},{"damage":5,"enemies":"Snake Plant","floor":27,"turns":2},{"damage":0,"enemies":"Replay:Snechameleon","floor":28,"turns":2},{"damage":0,"enemies":"Cultist and Chosen","floor":30,"turns":2},{"damage":0,"enemies":"3 Cultists","floor":31,"turns":1},{"damage":0,"enemies":"Pondfish","floor":33,"turns":5},{"damage":0,"enemies":"3 Shapes","floor":35,"turns":1},{"damage":0,"enemies":"3 Darklings","floor":36,"turns":1},{"damage":0,"enemies":"Nemesis","floor":40,"turns":5},{"damage":0,"enemies":"Maw","floor":45,"turns":5},{"damage":0,"enemies":"Reptomancer","floor":48,"turns":3},{"damage":8,"enemies":"Replay:Hell Engine","floor":50,"turns":20},{"damage":0,"enemies":"Shield and Spear","floor":54,"turns":2},{"damage":53,"enemies":"The Heart","floor":55,"turns":6}],"seed_played":"-2683988982492811553","potions_obtained":[{"floor":1,"key":"GamblersBrew"},{"floor":5,"key":"LiquidMemories"},{"floor":7,"key":"PotionOfCapacity"},{"floor":18,"key":"EssenceOfDarkness"},{"floor":54,"key":"DistilledChaos"}],"is_trial":false,"path_per_floor":["M","M","M","?","M","R","M","R","T","E","M","E","M","E","R","B",null,"M","M","M","?","M","E","R","E","T","M","E","$","M","M","R","B",null,"M","M","$","?","?","E","?","R","T","R","M","R","?","E","R","B",null,"R","$","E","B",null],"character_chosen":"DEFECT","items_purchased":["Storm","hubris:PowerSurge","Coolheaded","FocusPotion","FearPotion","hubris:EnhanceAbility","Storm","Bronze Scales","Panacea","Lantern","BargainBundle","Storm","Lockon"],"campfire_rested":1,"item_purchase_floors":[0,0,0,0,0,29,29,29,37,37,53,53,53],"current_hp_per_floor":[47,47,47,47,32,32,31,53,53,58,65,65,71,72,72,75,75,75,75,75,39,39,56,56,56,56,51,51,51,68,68,68,75,75,75,75,75,75,75,75,75,75,75,75,75,75,75,75,75,75,75,75,75,75,29],"gold":54,"neow_bonus":"","is_daily":false,"chose_seed":false,"campfire_upgraded":8,"win_rate":0.0,"timestamp":1612868466,"path_taken":["M","M","M","?","M","R","M","R","T","E","M","E","M","E","R","BOSS","M","M","M","?","?","E","R","E","T","M","E","$","M","M","R","BOSS","M","M","$","?","?","E","?","R","T","R","M","R","?","E","R","BOSS","R","$","E","BOSS"],"items_purchased_type":["Card","Card","Card","Potion","Potion","Card","Card","Relic","Card","Relic","Relic","Card","Card"],"build_version":"2020-12-22","purchased_purges":5,"victory":true,"max_hp_per_floor":[75,75,75,75,75,75,75,75,75,75,75,75,75,75,75,75,75,75,75,75,75,75,75,75,75,75,75,75,75,75,75,75,75,75,75,75,75,75,75,75,75,75,75,75,75,75,75,75,75,75,75,75,75,75,75],"card_choices":[{"not_picked":["Panic Button","Recycle"],"picked":"Cold Snap","floor":1},{"not_picked":["Steam","Stack","Leap"],"picked":"SKIP","floor":2},{"not_picked":["Stack","Ball Lightning"],"picked":"Static Discharge","floor":3},{"not_picked":["Beam Cell","Hologram"],"picked":"ReplayTheSpireMod:Calculation Training","floor":5},{"not_picked":["Blizzard","Genetic Algorithm"],"picked":"Self Repair","floor":7},{"not_picked":["Hyperbeam","Chaos"],"picked":"Conserve Battery","floor":10},{"not_picked":["Streamline","Gash"],"picked":"Ball Lightning","floor":11},{"not_picked":["Go for the Eyes","hubris:Ukulele","BasicCrystalCard"],"picked":"SKIP","floor":12},{"not_picked":["Go for the Eyes","Panic Button"],"picked":"Cold Snap","floor":13},{"not_picked":["hubris:SpecializedCircuitry","Leap"],"picked":"Ball Lightning","floor":14},{"not_picked":["ReplayTheSpireMod:Omega Cannon","All For One"],"picked":"Electrodynamics","floor":16},{"not_picked":["Hologram","Melter"],"picked":"Self Repair+1","floor":18},{"not_picked":["Compile Driver+1","Aggregate"],"picked":"Conserve Battery","floor":19},{"not_picked":["Redo+1","ReplaySolidLightProjector"],"picked":"ReplayTheSpireMod:Calculation Training","floor":20},{"not_picked":["Skim","Panic Button+1"],"picked":"Glacier","floor":22},{"not_picked":["Rainbow","Streamline"],"picked":"Chill+1","floor":23},{"not_picked":["Meteor Strike","Storm"],"picked":"BootSequence+1","floor":25},{"not_picked":["Barrage+1","Beam Cell+1"],"picked":"hubris:PowerSurge+1","floor":27},{"not_picked":["hubris:Ukulele","BasicCrystalCard","Go for the Eyes+1"],"picked":"SKIP","floor":28},{"not_picked":["Redo+1","Rebound","Hologram"],"picked":"SKIP","floor":30},{"not_picked":["BasicCrystalCard","BootSequence"],"picked":"Defragment","floor":31},{"not_picked":["Biased Cognition","Rainbow"],"picked":"Echo Form","floor":33},{"not_picked":["Hologram+1","Ball Lightning+1","Aggregate+1"],"picked":"SKIP","floor":35},{"not_picked":["Doom and Gloom","Ball Lightning+1","Barrage+1"],"picked":"SKIP","floor":36},{"not_picked":["Recycle+1","Rainbow","Stack+1"],"picked":"SKIP","floor":40},{"not_picked":["Panic Button","Ball Lightning"],"picked":"Turbo+1","floor":45},{"not_picked":["Beam Cell+1","Conserve Battery+1"],"picked":"Redo+1","floor":48},{"not_picked":["Turbo","Cold Snap+1","ReplayTheSpireMod:Omega Cannon"],"picked":"SKIP","floor":54}],"player_experience":811906,"relics_obtained":[{"floor":9,"key":"PreservedInsect"},{"floor":10,"key":"Counterbalance"},{"floor":12,"key":"reliquary:Buckler"},{"floor":14,"key":"Bottled Lightning"},{"floor":23,"key":"Juzu Bracelet"},{"floor":25,"key":"Replay:Bottled Snecko"},{"floor":28,"key":"reliquary:BallBearing"},{"floor":38,"key":"reliquary:BoilingFlask"},{"floor":40,"key":"War Paint"},{"floor":43,"key":"Thread and Needle"},{"floor":48,"key":"Whetstone"},{"floor":54,"key":"Bottled Tornado"}],"event_choices":[{"damage_healed":0,"gold_gain":360,"player_choice":"GOLD GOLD GOLD GOLD ","damage_taken":36,"max_hp_gain":0,"max_hp_loss":0,"event_name":"Knowing Skull","floor":21,"potions_obtained":[],"gold_loss":0,"cards_obtained":[]},{"damage_healed":0,"gold_gain":0,"player_choice":"Relic","damage_taken":0,"max_hp_gain":0,"max_hp_loss":0,"event_name":"Wheel of Change","floor":38,"gold_loss":0},{"cards_removed":["Ball Lightning"],"damage_healed":0,"gold_gain":0,"player_choice":"Removed Attack","damage_taken":0,"max_hp_gain":0,"max_hp_loss":0,"event_name":"Falling","floor":41,"gold_loss":0}],"is_beta":false,"boss_relics":[{"not_picked":["hubris:Stopwatch","Runic Dome"],"picked":"construct:WeddingRing"},{"not_picked":["hubris:RunicObelisk","hubris:GrandSneckoEye"],"picked":"Coffee Dripper"}],"items_purged_floors":[0,0,29,37,53],"is_endless":false,"potions_floor_spawned":[1,5,7,11,18,25,27,28,30,35,54],"ascension_level":9}}