{"host":"sccdx89hs6cnwb1o","time":1612897719,"event":{"mods":["AchievementEnabler","BaseMod","Colored Powertips","Highlight Path","Minty Spire (QoL Compilation)"],"gold_per_floor":[116,133,65,76,90,124,124,124,151,169,169,186,186,245,245,347,347,366,244,159,179,179,179],"floor_reached":22,"language":"DEU","playtime":2506,"items_purged":[],"score":211,"play_id":"efd7b802-fc8d-4b26-98e2-f1db48d590f9","local_time":"20210209200839","is_ascension_mode":false,"campfire_choices":[{"data":"Outmaneuver","floor":7,"key":"SMITH"},{"data":"Infinite Blades","floor":11,"key":"SMITH"},{"floor":15,"key":"REST"}],"circlet_count":0,"master_deck":["Strike_G","Strike_G","Strike_G","Strike_G","Strike_G","Defend_G","Defend_G","Defend_G","Defend_G","Defend_G","Survivor","Neutralize+1","Finisher","Outmaneuver+1","Backstab","Dagger Throw","Predator","Predator+1","Neutralize+1","Infinite Blades+1","Deflect","Acrobatics","Corpse Explosion","Blade Dance+1","Bane","Endless Agony","Escape Plan"],"relics":["Ring of the Snake","Juzu Bracelet","Whetstone","Regal Pillow","Snecko Eye","Toy Ornithopter"],"acts_visited":["Exordium","TheCity"],"potions_floor_usage":[6,6,16],"damage_taken":[{"damage":4,"enemies":"Cultist","floor":1,"turns":6},{"damage":0,"enemies":"2 Louse","floor":2,"turns":2},{"damage":4,"enemies":"Jaw Worm","floor":4,"turns":5},{"damage":0,"enemies":"Red Slaver","floor":5,"turns":3},{"damage":0,"enemies":"Gremlin Nob","floor":6,"turns":1},{"damage":0,"enemies":"Exordium Wildlife","floor":10,"turns":1},{"damage":6,"enemies":"3 Louse","floor":12,"turns":3},{"damage":16,"enemies":"Lagavulin Event","floor":14,"turns":8},{"damage":54,"enemies":"Slime Boss","floor":16,"turns":15},{"damage":49,"enemies":"2 Thieves","floor":18,"turns":4},{"damage":10,"enemies":"Shell Parasite","floor":21,"turns":7},{"damage":17,"enemies":"Shelled Parasite and Fungi","floor":22,"turns":2}],"seed_played":"-6714060743293391320","potions_obtained":[{"floor":1,"key":"AttackPotion"},{"floor":2,"key":"FearPotion"},{"floor":5,"key":"GhostInAJar"},{"floor":10,"key":"DuplicationPotion"},{"floor":16,"key":"Strength Potion"}],"is_trial":false,"path_per_floor":["M","M","$","M","M","E","R","?","T","M","R","M","?","?","R","B",null,"M","$","?","M","M"],"character_chosen":"THE_SILENT","items_purchased":["Backstab","Bane","Endless Agony"],"campfire_rested":1,"item_purchase_floors":[3,19,19],"current_hp_per_floor":[66,66,66,62,62,62,62,62,62,62,62,56,49,33,69,15,70,21,21,21,11,0,0],"gold":179,"neow_bonus":"UPGRADE_CARD","is_daily":false,"chose_seed":false,"campfire_upgraded":2,"win_rate":0.0,"timestamp":1612897719,"path_taken":["M","M","$","M","M","E","R","?","T","M","R","M","?","?","R","BOSS","M","$","?","M","M"],"items_purchased_type":["Card","Card","Card"],"build_version":"2020-12-22","purchased_purges":0,"victory":false,"max_hp_per_floor":[70,70,70,70,70,70,70,70,70,70,70,70,70,70,70,70,70,70,70,70,70,70,70],"card_choices":[{"not_picked":["Sucker Punch","Flechettes"],"picked":"Finisher","floor":1},{"not_picked":["All Out Attack","Distraction"],"picked":"Outmaneuver","floor":2},{"not_picked":["Finisher","Dagger Spray"],"picked":"Dagger Throw","floor":4},{"not_picked":["Underhanded Strike","Prepared"],"picked":"Predator","floor":5},{"not_picked":["Calculated Gamble","Distraction"],"picked":"Predator","floor":6},{"not_picked":["Slice","Riddle With Holes"],"picked":"Infinite Blades","floor":10},{"not_picked":["Reflex","Outmaneuver"],"picked":"Deflect","floor":12},{"not_picked":["Outmaneuver","Finisher"],"picked":"Acrobatics","floor":14},{"not_picked":["Unload","Envenom"],"picked":"Corpse Explosion","floor":16},{"not_picked":["Finisher","Deflect"],"picked":"Blade Dance+1","floor":18},{"not_picked":["Finisher","Dodge and Roll"],"picked":"Escape Plan","floor":21}],"player_experience":37334,"relics_obtained":[{"floor":6,"key":"Juzu Bracelet"},{"floor":9,"key":"Whetstone"},{"floor":14,"key":"Regal Pillow"}],"event_choices":[{"damage_healed":0,"gold_gain":0,"player_choice":"2 cards matched","damage_taken":0,"max_hp_gain":0,"max_hp_loss":0,"event_name":"Match and Keep!","floor":8,"gold_loss":0,"cards_obtained":["Neutralize","Pain"]},{"cards_removed":["Pain"],"damage_healed":0,"gold_gain":0,"player_choice":"Card Removal","damage_taken":7,"max_hp_gain":0,"max_hp_loss":0,"event_name":"Golden Wing","floor":13,"gold_loss":0},{"damage_healed":0,"gold_gain":0,"player_choice":"Searched \u00271\u0027 times","damage_taken":0,"max_hp_gain":0,"max_hp_loss":0,"event_name":"Dead Adventurer","floor":14,"gold_loss":0},{"damage_healed":0,"gold_gain":0,"player_choice":"Obtained Relic","damage_taken":0,"relics_obtained":["Toy Ornithopter"],"max_hp_gain":0,"max_hp_loss":0,"event_name":"Addict","floor":20,"gold_loss":85}],"is_beta":false,"boss_relics":[{"not_picked":["Fusion Hammer","Sozu"],"picked":"Snecko Eye"}],"items_purged_floors":[],"is_endless":false,"potions_floor_spawned":[1,2,5,10,16],"killed_by":"Shelled Parasite and Fungi","ascension_level":0}}