{"host":"kh6fvhxn285ncg0o","time":1612844548,"event":{"mods":["Act Like it!","BaseMod","Colored Map","Friendly Minions","Keyboard Shortcuts","Minty Spire (QoL Compilation)","Quick Restart","Relic Stats","StSLib","SuperFastMode","UnlockEverythingMod"],"gold_per_floor":[110,110,123,48,48,81,99,99,99],"floor_reached":8,"language":"KOR","playtime":131,"items_purged":["Strike_R"],"score":112,"play_id":"db387477-2b04-4254-a568-120a6481bbd5","local_time":"20210209132228","is_ascension_mode":true,"campfire_choices":[],"circlet_count":0,"master_deck":["AscendersBane","Strike_R","Strike_R","Strike_R","Strike_R","Defend_R","Defend_R","Defend_R","Defend_R","Bash","Second Wind"],"relics":["Snecko Eye","Happy Flower","Anchor"],"acts_visited":["Exordium"],"potions_floor_usage":[],"damage_taken":[{"damage":7,"enemies":"Jaw Worm","floor":1,"turns":2},{"damage":0,"enemies":"Cultist","floor":3,"turns":2},{"damage":32,"enemies":"Gremlin Nob","floor":6,"turns":4},{"damage":1,"enemies":"Small Slimes","floor":7,"turns":4},{"damage":35,"enemies":"3 Sentries","floor":8,"turns":4}],"seed_played":"889034983296195761","potions_obtained":[],"is_trial":false,"path_per_floor":["M","?","M","$","T","E","M","E"],"character_chosen":"IRONCLAD","items_purchased":[],"campfire_rested":0,"item_purchase_floors":[],"current_hp_per_floor":[61,61,61,61,61,29,28,0,0],"gold":99,"neow_bonus":"BOSS_RELIC","is_daily":false,"chose_seed":false,"campfire_upgraded":0,"win_rate":0.0,"timestamp":1612844548,"path_taken":["M","?","M","$","?","E","M","E"],"items_purchased_type":[],"build_version":"2020-12-22","purchased_purges":1,"victory":false,"max_hp_per_floor":[75,75,75,75,75,75,75,75,75],"relic_stats":{"Happy Flower":[4],"counters":[5,16],"Snecko Eye":[30,17,25,25],"obtain_stats":[{"Anchor":6,"Happy Flower":2,"Snecko Eye":0,"Burning Blood":0},{"Anchor":3,"Happy Flower":1,"Snecko Eye":0,"Burning Blood":0},{"Anchor":8,"Happy Flower":2,"Snecko Eye":0,"Burning Blood":0}]},"card_choices":[{"not_picked":["Wild Strike","Headbutt"],"picked":"Clothesline","floor":1},{"not_picked":["Twin Strike","Perfected Strike"],"picked":"Second Wind","floor":3}],"player_experience":1343690,"relics_obtained":[{"floor":6,"key":"Anchor"}],"event_choices":[{"cards_removed":["Clothesline"],"damage_healed":0,"gold_gain":0,"player_choice":"Gave Card","damage_taken":0,"relics_obtained":["Happy Flower"],"max_hp_gain":0,"max_hp_loss":0,"event_name":"WeMeetAgain","floor":2,"gold_loss":0}],"is_beta":false,"boss_relics":[],"items_purged_floors":[4],"is_endless":false,"potions_floor_spawned":[],"killed_by":"3 Sentries","ascension_level":20}}