{"host":"qekv59dthhdg54sz","time":1612855301,"event":{"mods":["AchievementEnabler","BaseMod","Colored Map","DeckTracker","KOR Keyword Fix","Minty Spire (QoL Compilation)","Rare Cards Sparkle","StSLib","SuperFastMode"],"gold_per_floor":[113,133,133,144,45,45,72,72,72,90,104,116,67,67,67,67,67],"floor_reached":16,"language":"KOR","playtime":190,"items_purged":[],"score":204,"play_id":"6f88efa2-5bc2-44f9-a6e9-159e885f0c85","local_time":"20210209162141","is_ascension_mode":true,"campfire_choices":[{"data":"Choke","floor":6.0,"key":"SMITH"},{"data":"Reflex","floor":8,"key":"SMITH"},{"floor":15,"key":"REST"}],"circlet_count":0,"master_deck":["AscendersBane","Strike_G","Strike_G","Strike_G","Strike_G","Strike_G","Defend_G","Defend_G","Defend_G","Defend_G","Defend_G","Survivor","Neutralize","Backflip","Choke+1","PiercingWail","Reflex+1","Noxious Fumes","Cloak And Dagger","Bullet Time"],"relics":["Ring of the Snake","NeowsBlessing","Turnip","Bottled Lightning","StrikeDummy","CultistMask"],"acts_visited":["Exordium"],"potions_floor_usage":[10],"damage_taken":[{"damage":0.0,"enemies":"Jaw Worm","floor":1.0,"turns":1.0},{"damage":0.0,"enemies":"Cultist","floor":2.0,"turns":1.0},{"damage":0.0,"enemies":"2 Louse","floor":4.0,"turns":1.0},{"damage":34.0,"enemies":"Gremlin Nob","floor":7.0,"turns":6.0},{"damage":15,"enemies":"Lots of Slimes","floor":10,"turns":7},{"damage":14,"enemies":"Blue Slaver","floor":11,"turns":3},{"damage":6,"enemies":"3 Louse","floor":12,"turns":4},{"damage":0,"enemies":"Slime Boss","floor":16,"turns":3}],"seed_played":"4560823540057404978","potions_obtained":[{"floor":1.0,"key":"GhostInAJar"},{"floor":7,"key":"Regen Potion"}],"is_trial":false,"path_per_floor":["M","M","?","M","?","R","E","R","T","M","M","M","?","?","R","B"],"character_chosen":"THE_SILENT","items_purchased":[],"campfire_rested":1,"item_purchase_floors":[],"current_hp_per_floor":[59,59,64,64,64,64,30,30,30,30,16,10,10,10,31,31,31],"gold":67,"neow_bonus":"THREE_ENEMY_KILL","is_daily":false,"chose_seed":false,"campfire_upgraded":2,"win_rate":0.0,"timestamp":1612855301,"path_taken":["M","M","?","M","?","R","E","R","T","M","M","?","?","?","R","BOSS"],"items_purchased_type":[],"build_version":"2020-12-22","purchased_purges":0,"victory":false,"max_hp_per_floor":[66,66,71,71,71,71,71,71,71,71,71,71,71,71,71,71,71],"card_choices":[{"not_picked":["Predator","Endless Agony"],"picked":"Backflip","floor":1.0},{"not_picked":["Sucker Punch","Quick Slash"],"picked":"Choke","floor":2.0},{"not_picked":["Deflect","Prepared"],"picked":"PiercingWail","floor":4.0},{"not_picked":["Leg Sweep","Quick Slash"],"picked":"Reflex","floor":7},{"not_picked":["Underhanded Strike","Accuracy"],"picked":"Noxious Fumes","floor":10},{"not_picked":["Deadly Poison","Catalyst"],"picked":"Cloak And Dagger","floor":11},{"not_picked":["Dodge and Roll","Eviscerate"],"picked":"Bullet Time","floor":12}],"player_experience":881766,"relics_obtained":[{"floor":7,"key":"Bottled Lightning"},{"floor":9,"key":"StrikeDummy"}],"event_choices":[{"damage_healed":0.0,"max_hp_gain":5.0,"max_hp_loss":0.0,"gold_gain":0.0,"event_name":"Big Fish","player_choice":"Donut","floor":3.0,"gold_loss":0.0,"damage_taken":0.0},{"damage_healed":0.0,"max_hp_gain":0.0,"max_hp_loss":0.0,"gold_gain":0.0,"event_name":"WeMeetAgain","player_choice":"Paid Gold","floor":5.0,"gold_loss":99.0,"damage_taken":0.0,"relics_obtained":["Turnip"]},{"damage_healed":0,"gold_gain":0,"player_choice":"Left Gold","damage_taken":0,"max_hp_gain":0,"max_hp_loss":0,"event_name":"World of Goop","floor":13,"gold_loss":49},{"damage_healed":0,"gold_gain":0,"player_choice":"Trade","damage_taken":0,"relics_obtained":["CultistMask"],"max_hp_gain":0,"max_hp_loss":0,"event_name":"FaceTrader","floor":14,"gold_loss":0}],"is_beta":false,"boss_relics":[],"items_purged_floors":[],"is_endless":false,"potions_floor_spawned":[1,7],"killed_by":"Slime Boss","ascension_level":20}}