{"host":"37ccm3d17clopct7","time":1612887772,"event":{"mods":["BaseMod","GungeonMod","Hermit","Lobotomy","Minty Spire (QoL Compilation)","StSLib","The Bug Knight","The Cursed","The Hierophant","The Jungle","The Runesmith"],"gold_per_floor":[115,115,36,53,13,47,47,82,151,151,151,168,182,182,182,281,281,293,42,56,69,89,114,114,39,62,76,76,76],"floor_reached":28,"language":"KOR","playtime":1057,"items_purged":[],"score":273,"play_id":"8c05b7eb-a75f-40b5-9fb7-55811f8e3991","local_time":"20210210012252","is_ascension_mode":false,"campfire_choices":[{"floor":11,"key":"REST"},{"floor":15,"key":"REST"},{"floor":24,"key":"REST"}],"circlet_count":0,"master_deck":["Strike_G","Strike_G","Strike_G","Defend_G","Defend_G","Defend_G","Survivor","Neutralize","Footwork","Infinite Blades+1","Endless Agony","Escape Plan","Deadly Poison","Flying Knee","Bane","PiercingWail","Corpse Explosion","Distraction+1","Underhanded Strike+1","Glass Knife+1","Crippling Poison+1","Outmaneuver","Backstab+1","PiercingWail","Noxious Fumes","Deflect"],"relics":["Ring of the Snake","NeowsBlessing","White Beast Statue","Vajra","DemoMod:OrangeGuonStone","Astrolabe","DemoMod:DecoyRelic","Calipers","Dream Catcher"],"acts_visited":["Exordium","TheCity"],"potions_floor_usage":[8,23,23,28,28],"damage_taken":[{"damage":0,"enemies":"2 Louse","floor":1,"turns":1},{"damage":0,"enemies":"Cultist","floor":4,"turns":1},{"damage":0,"enemies":"3 Sentries","floor":6,"turns":1},{"damage":16,"enemies":"Gremlin Nob","floor":8,"turns":4},{"damage":0,"enemies":"Small Slimes","floor":12,"turns":3},{"damage":15,"enemies":"Gremlin Gang","floor":13,"turns":4},{"damage":51,"enemies":"The Guardian","floor":16,"turns":9},{"damage":17,"enemies":"2 Thieves","floor":18,"turns":2},{"damage":5,"enemies":"3 Byrds","floor":20,"turns":3},{"damage":10,"enemies":"Snake Plant","floor":21,"turns":5},{"damage":16,"enemies":"Sentry and Sphere","floor":22,"turns":4},{"damage":21,"enemies":"Slavers","floor":23,"turns":5},{"damage":8,"enemies":"Shelled Parasite and Fungi","floor":27,"turns":5},{"damage":14,"enemies":"Snecko","floor":28,"turns":3}],"seed_played":"-141781725589785375","potions_obtained":[{"floor":1,"key":"AttackPotion"},{"floor":8,"key":"Dexterity Potion"},{"floor":12,"key":"DemoMod:LeadSkinPotion"},{"floor":13,"key":"LiquidMemories"},{"floor":14,"key":"Block Potion"},{"floor":14,"key":"ColorlessPotion"},{"floor":23,"key":"Dexterity Potion"}],"is_trial":false,"path_per_floor":["M","?","$","M","$","E","?","E","T","?","R","M","M","?","R","B",null,"M","$","M","M","M","E","R","$","T","M","M"],"character_chosen":"THE_SILENT","items_purchased":["Infinite Blades","Escape Plan","DemoMod:DecoyRelic","Noxious Fumes"],"campfire_rested":3,"item_purchase_floors":[3,5,19,25],"current_hp_per_floor":[70,70,70,70,70,70,70,54,54,54,70,70,55,55,70,19,70,53,53,48,38,22,1,22,22,22,14,0,0],"gold":76,"neow_bonus":"THREE_ENEMY_KILL","is_daily":false,"chose_seed":false,"campfire_upgraded":0,"win_rate":0.0,"timestamp":1612887772,"path_taken":["M","?","$","M","$","E","?","E","T","?","R","?","M","?","R","BOSS","M","$","M","M","M","E","R","$","T","M","?"],"items_purchased_type":["Card","Card","Relic","Card"],"build_version":"2020-12-22","purchased_purges":0,"victory":false,"max_hp_per_floor":[70,70,70,70,70,70,70,70,70,70,70,70,70,70,70,70,70,70,70,70,70,70,70,70,70,70,70,70,70],"card_choices":[{"not_picked":["Distraction","Well Laid Plans"],"picked":"Footwork","floor":1},{"not_picked":["Backflip","Deflect"],"picked":"Endless Agony","floor":4},{"not_picked":["Prepared","Sucker Punch"],"picked":"Deadly Poison","floor":6},{"not_picked":["Predator","Dagger Throw"],"picked":"Flying Knee","floor":8},{"not_picked":["Underhanded Strike","Acrobatics"],"picked":"Bane","floor":12},{"not_picked":["Skewer","Flechettes"],"picked":"PiercingWail","floor":13},{"not_picked":["Burst","Bullet Time"],"picked":"Corpse Explosion","floor":16},{"not_picked":["Dagger Throw","Backflip"],"picked":"Crippling Poison+1","floor":18},{"not_picked":["Quick Slash+1","Dagger Throw","Bane+1"],"picked":"SKIP","floor":20},{"not_picked":["Catalyst","Crippling Poison+1"],"picked":"Outmaneuver","floor":21},{"not_picked":["Dagger Spray","Deadly Poison"],"picked":"Backstab+1","floor":22},{"not_picked":["Eviscerate","Dagger Spray"],"picked":"PiercingWail","floor":23},{"not_picked":["Sucker Punch","Heel Hook"],"picked":"Deflect","floor":27}],"player_experience":153035,"relics_obtained":[{"floor":6,"key":"White Beast Statue"},{"floor":8,"key":"Vajra"},{"floor":9,"key":"DemoMod:OrangeGuonStone"},{"floor":23,"key":"Calipers"},{"floor":26,"key":"Dream Catcher"}],"event_choices":[{"damage_healed":0,"gold_gain":0,"player_choice":"Ignored","damage_taken":0,"max_hp_gain":0,"max_hp_loss":0,"event_name":"Liars Game","floor":2,"gold_loss":0},{"cards_removed":["Defend_G"],"damage_healed":0,"gold_gain":0,"player_choice":"Forget","damage_taken":0,"max_hp_gain":0,"max_hp_loss":0,"event_name":"Living Wall","floor":7,"gold_loss":0},{"damage_healed":0,"gold_gain":0,"player_choice":"Upgraded","damage_taken":0,"max_hp_gain":0,"max_hp_loss":0,"event_name":"Upgrade Shrine","floor":10,"gold_loss":0,"cards_upgraded":["Infinite Blades"]},{"damage_healed":0,"gold_gain":0,"player_choice":"Got Potions","damage_taken":0,"max_hp_gain":0,"max_hp_loss":0,"event_name":"Lab","floor":14,"gold_loss":0}],"is_beta":false,"boss_relics":[{"not_picked":["Tiny House","Runesmith:UraniumAnvil"],"picked":"Astrolabe"}],"items_purged_floors":[],"is_endless":false,"potions_floor_spawned":[1,8,12,13,16,18,20,21,22,23,27],"killed_by":"Snecko","ascension_level":0}}