{"host":"4cz9gr89nglr7k8k","time":1612905863,"event":{"mods":["BaseMod","Minty Spire (QoL Compilation)","Relic Stats","Slay-I"],"gold_per_floor":[110,185,150,16,35,69,69,25,25,25,175,202,215,15,15,86,86,103,103,28,28,41,41,41,41,41,5,5,5,37,37,37,37,37],"floor_reached":33,"language":"DEU","playtime":782,"items_purged":["Doubt"],"score":555,"play_id":"58908629-5221-4168-a051-f18529cd6367","local_time":"20210209222423","is_ascension_mode":true,"campfire_choices":[{"floor":7,"key":"REST"},{"floor":10,"key":"REST"},{"data":"Demon Form","floor":15,"key":"SMITH"},{"floor":23,"key":"REST"},{"floor":25,"key":"REST"},{"data":"Dramatic Entrance","floor":29,"key":"SMITH"},{"floor":32,"key":"REST"}],"circlet_count":0,"master_deck":["AscendersBane","Defend_R+1","Defend_R+1","Defend_R","Defend_R","Bash","Demon Form+1","Perfected Strike","Whirlwind","Dramatic Entrance+1","Twin Strike","Thunderclap","Intimidate","Flex","Bludgeon","Trip","Dual Wield","Iron Wave","Anger+1","Writhe","Cleave","Reckless Charge","Bite","Bite","Bite","Bite","Bite","Reaper"],"relics":["Burning Blood","HornCleat","Orichalcum","Black Star","Champion Belt","Matryoshka","War Paint","Paper Frog","Question Card","Magic Flower"],"acts_visited":["Exordium","TheCity"],"potions_floor_usage":[16,33],"damage_taken":[{"damage":19,"enemies":"Small Slimes","floor":1,"turns":4},{"damage":12,"enemies":"Jaw Worm","floor":5,"turns":2},{"damage":30,"enemies":"3 Sentries","floor":6,"turns":4},{"damage":26,"enemies":"Lagavulin","floor":12,"turns":5},{"damage":0,"enemies":"Cultist","floor":13,"turns":3},{"damage":32,"enemies":"Slime Boss","floor":16,"turns":6},{"damage":25,"enemies":"Chosen","floor":18,"turns":4},{"damage":5,"enemies":"2 Thieves","floor":22,"turns":4},{"damage":27,"enemies":"Slavers","floor":30,"turns":4},{"damage":113,"enemies":"Collector","floor":33,"turns":7}],"seed_played":"2291618619370037537","potions_obtained":[{"floor":1,"key":"DistilledChaos"},{"floor":12,"key":"ColorlessPotion"},{"floor":13,"key":"SmokeBomb"},{"floor":16,"key":"Regen Potion"}],"is_trial":false,"path_per_floor":["M","?","?","$","M","E","R","$","T","R","?","E","M","$","R","B",null,"M","?","$","?","M","R","?","R","T","$","?","R","E","$","R","B"],"character_chosen":"IRONCLAD","items_purchased":["Whirlwind","Dramatic Entrance","Intimidate","Trip","Dual Wield","Iron Wave","Reckless Charge"],"campfire_rested":5,"item_purchase_floors":[4,4,8,14,14,14,27],"current_hp_per_floor":[55,44,62,62,56,32,54,54,54,75,75,55,63,63,63,39,66,49,49,49,49,52,74,53,77,77,77,77,77,62,62,80,0,0],"gold":37,"neow_bonus":"ONE_RANDOM_RARE_CARD","is_daily":false,"chose_seed":false,"campfire_upgraded":2,"win_rate":0.0,"timestamp":1612905863,"path_taken":["M","?","?","$","M","E","R","$","T","R","?","E","M","$","R","BOSS","M","?","$","?","?","R","?","R","T","$","?","R","E","$","R","BOSS"],"items_purchased_type":["Card","Card","Card","Card","Card","Card","Card"],"build_version":"2020-12-22","purchased_purges":1,"victory":false,"max_hp_per_floor":[75,75,75,75,75,75,75,75,75,75,75,75,75,75,75,75,75,75,75,75,75,75,75,80,80,80,80,80,80,80,80,80,80,80],"relic_stats":{"counters":[10,43],"Magic Flower":[11],"Black Star":1,"Champion Belt":[4],"Orichalcum":[84],"War Paint":["Defend_R","Defend_R"],"Question Card":0,"obtain_stats":[{"Blood Vial":6,"HornCleat":9,"Matryoshka":21,"Magic Flower":30,"Black Star":17,"Champion Belt":19,"Orichalcum":12,"War Paint":26,"Question Card":30,"Burning Blood":0,"Paper Frog":26},{"Blood Vial":3,"HornCleat":3,"Matryoshka":7,"Magic Flower":9,"Black Star":6,"Champion Belt":7,"Orichalcum":4,"War Paint":8,"Question Card":9,"Burning Blood":0,"Paper Frog":8},{"Blood Vial":10,"HornCleat":10,"Matryoshka":28,"Magic Flower":36,"Black Star":24,"Champion Belt":28,"Orichalcum":15,"War Paint":32,"Question Card":36,"Burning Blood":0,"Paper Frog":32}],"Burning Blood":54},"card_choices":[{"not_picked":["Hemokinesis","Body Slam"],"picked":"Perfected Strike","floor":1},{"not_picked":["Entrench","Dropkick"],"picked":"Twin Strike","floor":5},{"not_picked":["Reckless Charge","Dark Embrace"],"picked":"Thunderclap","floor":6},{"not_picked":["Havoc","Pummel"],"picked":"Flex","floor":12},{"not_picked":["Perfected Strike","Heavy Blade"],"picked":"Bludgeon","floor":13},{"not_picked":["Corruption","Barricade"],"picked":"Juggernaut","floor":16},{"not_picked":["Pommel Strike","Hemokinesis"],"picked":"Anger+1","floor":18},{"not_picked":["Sever Soul","Pommel Strike"],"picked":"Cleave","floor":22},{"not_picked":["Dual Wield","Sword Boomerang"],"picked":"Reaper","floor":30}],"player_experience":1546588,"relics_obtained":[{"floor":6,"key":"Blood Vial"},{"floor":9,"key":"HornCleat"},{"floor":12,"key":"Orichalcum"},{"floor":26,"key":"War Paint"},{"floor":26,"key":"Paper Frog"},{"floor":30,"key":"Question Card"},{"floor":30,"key":"Magic Flower"}],"event_choices":[{"damage_healed":0,"gold_gain":75,"player_choice":"Gather Gold","damage_taken":11,"max_hp_gain":0,"max_hp_loss":0,"event_name":"World of Goop","floor":2,"gold_loss":0},{"damage_healed":18,"gold_gain":0,"player_choice":"Healed","damage_taken":0,"max_hp_gain":0,"max_hp_loss":0,"event_name":"The Cleric","floor":3,"gold_loss":35},{"damage_healed":0,"gold_gain":150,"player_choice":"AGREE","damage_taken":0,"max_hp_gain":0,"max_hp_loss":0,"event_name":"Liars Game","floor":11,"gold_loss":0,"cards_obtained":["Doubt"]},{"damage_healed":0,"gold_gain":0,"player_choice":"Opened","damage_taken":0,"relics_obtained":["Champion Belt"],"max_hp_gain":0,"max_hp_loss":0,"event_name":"The Mausoleum","floor":19,"gold_loss":0,"cards_obtained":["Writhe"]},{"cards_removed":["Juggernaut"],"damage_healed":0,"gold_gain":0,"player_choice":"Gave Card","damage_taken":0,"relics_obtained":["Matryoshka"],"max_hp_gain":0,"max_hp_loss":0,"event_name":"WeMeetAgain","floor":21,"gold_loss":0},{"damage_healed":0,"gold_gain":0,"player_choice":"Shed Blood","damage_taken":26,"max_hp_gain":5,"max_hp_loss":0,"event_name":"Forgotten Altar","floor":24,"gold_loss":0},{"damage_healed":0,"gold_gain":0,"player_choice":"Became a vampire (Vial)","damage_taken":0,"max_hp_gain":0,"max_hp_loss":0,"event_name":"Vampires","floor":28,"relics_lost":["Blood Vial"],"gold_loss":0,"cards_obtained":["Bite","Bite","Bite","Bite","Bite"]}],"is_beta":false,"boss_relics":[{"not_picked":["Sozu","Fusion Hammer"],"picked":"Black Star"}],"items_purged_floors":[20],"is_endless":false,"potions_floor_spawned":[1,12,13,16,18],"killed_by":"Collector","ascension_level":20}}