{"host":"c6xy0a74zz7y4nf6","time":1612830084,"event":{"mods":["BaseMod","Colored Map","Downfall","Googly Eyes","Hermit","Minty Spire (QoL Compilation)","Replay The Spire","Spire Arcade","StSLib","The Cursed","The Death Knight","The Exalted","The Runesmith","The Servant 0.9.4","The Wild Card","TheSurvivalist"],"gold_per_floor":[113,113,131,148,73,73,103,203,230,246,292,292,71,91,91,193,193,204,56,74,74,87,117,117,130,155,155,155,185,185,200,200,300,300,317,330,399,409,409,434,450,31,31,31,50,50,0,20,20,20,20,20,3,29,29],"floor_reached":56,"language":"ENG","playtime":3746,"items_purged":["survmod:Strike","survmod:Strike","survmod:Strike","survmod:Strike"],"score":1167,"play_id":"a3a81757-bd97-4d4b-aebb-13089e084f14","local_time":"20210208182124","is_ascension_mode":false,"campfire_choices":[{"data":"survmod:VersatileOffense","floor":6,"key":"SMITH"},{"floor":12,"key":"REST"},{"floor":15,"key":"REST"},{"floor":24,"key":"REST"},{"floor":28,"key":"REST"},{"floor":32,"key":"RECALL"},{"floor":44,"key":"REST"},{"floor":49,"key":"REST"},{"data":"Apotheosis","floor":52,"key":"SMITH"}],"circlet_count":0,"master_deck":["survmod:Defend","survmod:Defend","survmod:Defend","survmod:Defend","survmod:VersatileOffense+1","survmod:Sprint","survmod:FlashbangShot+1","survmod:GoForFace","survmod:DuckAndFlare","survmod:Hawkeye","Chrysalis","Apotheosis+1","Finesse","survmod:GoForFace","survmod:MarkedForDeath","survmod:Marksmanship","survmod:MarkedShot","survmod:MarkTrap+1","Replay:Hysterical Blindness","survmod:TacticalManeuver+1","survmod:KnowThyEnemy+1","survmod:Marksmanship+1"],"relics":["survmod:InnateMutation","Nunchaku","Art of War","ReplayTheSpireMod:ShopPack","Bromod:ArcaneGrace","Nilry\u0027s Codex","Centennial Puzzle","Strawberry","Bromod:ArcaneGuardian","Letter Opener","Busted Crown","Frozen Egg 2","Bag of Marbles","Membership Card","Replay:Baseball","Bottled Tornado","Snack Pack","Iron Hammer"],"acts_visited":["Exordium","TheCity","TheBeyond","TheEnding"],"potions_floor_usage":[7,16,23,23,33,33,33,40,40,50,55],"damage_taken":[{"damage":1,"enemies":"Cultist","floor":1,"turns":5},{"damage":0,"enemies":"2 Louse","floor":3,"turns":2},{"damage":4,"enemies":"Jaw Worm","floor":4,"turns":7},{"damage":26,"enemies":"Gremlin Nob","floor":7,"turns":6},{"damage":8,"enemies":"3 Louse","floor":10,"turns":6},{"damage":3,"enemies":"2 Fungi Beasts","floor":14,"turns":6},{"damage":4,"enemies":"Fading Forest","floor":16,"turns":11},{"damage":0,"enemies":"Spheric Guardian","floor":18,"turns":4},{"damage":9,"enemies":"3 Byrds","floor":20,"turns":7},{"damage":6,"enemies":"3 Cultists","floor":22,"turns":4},{"damage":24,"enemies":"Slavers","floor":23,"turns":7},{"damage":13,"enemies":"Snake Plant","floor":25,"turns":5},{"damage":1,"enemies":"Gremlin Leader","floor":29,"turns":7},{"damage":4,"enemies":"Centurion and Healer","floor":31,"turns":8},{"damage":13,"enemies":"Pondfish","floor":33,"turns":6},{"damage":8,"enemies":"Orb Walker","floor":35,"turns":3},{"damage":20,"enemies":"3 Darklings","floor":36,"turns":6},{"damage":35,"enemies":"4 Shapes","floor":38,"turns":7},{"damage":2,"enemies":"Reptomancer","floor":40,"turns":6},{"damage":2,"enemies":"Jaw Worm Horde","floor":41,"turns":3},{"damage":0,"enemies":"Writhing Mass","floor":45,"turns":7},{"damage":3,"enemies":"3 Darklings","floor":48,"turns":4},{"damage":18,"enemies":"Donu and Deca","floor":50,"turns":12},{"damage":5,"enemies":"Shield and Spear","floor":54,"turns":6},{"damage":113,"enemies":"The Heart","floor":55,"turns":15}],"seed_played":"-8393925015294297783","potions_obtained":[{"floor":1,"key":"SpeedPotion"},{"floor":3,"key":"Fire Potion"},{"floor":14,"key":"Swift Potion"},{"floor":18,"key":"Swift Potion"},{"floor":22,"key":"Weak Potion"},{"floor":25,"key":"GamblersBrew"},{"floor":31,"key":"PowerPotion"},{"floor":33,"key":"AttackPotion"},{"floor":38,"key":"Fire Potion"},{"floor":41,"key":"Venom Potion"}],"is_trial":false,"path_per_floor":["M","?","M","M","$","R","E","?","T","M","T","R","$","M","R","B",null,"M","$","M","?","M","E","R","M","T","?","R","E","?","M","R","B",null,"M","M","T","M","?","E","M","$","T","R","M","?","$","M","R","B",null,"R","$","E","B",null],"character_chosen":"THE_SURVIVOR","items_purchased":["ReplayTheSpireMod:ShopPack","survmod:MarkedShot","Membership Card","Replay:Baseball","Bottled Tornado","Doom Potion","survmod:Marksmanship+1"],"campfire_rested":6,"item_purchase_floors":[13,19,42,42,42,47,53],"current_hp_per_floor":[54,54,54,50,50,50,24,24,24,16,16,32,32,29,45,41,55,55,55,55,39,36,23,39,29,36,36,54,53,53,53,53,46,62,55,51,51,20,20,19,17,17,17,35,35,35,35,34,52,39,62,62,62,59,60],"gold":29,"neow_bonus":"TEN_PERCENT_HP_BONUS","is_daily":false,"chose_seed":false,"campfire_upgraded":2,"win_rate":0.0,"timestamp":1612830084,"path_taken":["M","?","?","M","$","R","E","?","T","?","?","R","$","M","R","BOSS","M","$","M","?","M","E","R","M","T","?","R","E","?","?","R","BOSS","M","M","?","M","?","E","M","$","T","R","M","?","?","?","R","BOSS","R","$","E","BOSS"],"items_purchased_type":["Relic","Card","Relic","Relic","Relic","Potion","Card"],"build_version":"2020-12-22","purchased_purges":4,"victory":true,"max_hp_per_floor":[55,55,55,55,55,55,55,55,55,55,55,55,55,55,55,55,55,55,55,55,55,55,55,55,55,62,62,62,62,62,62,62,62,62,62,62,62,62,62,62,62,62,62,62,62,62,62,62,62,62,62,62,62,62,62],"card_choices":[{"not_picked":["survmod:QuickThinking","survmod:GoForFace"],"picked":"survmod:FlashbangShot","floor":1},{"not_picked":["survmod:AcidArrow","survmod:MarkTrap"],"picked":"survmod:GoForFace","floor":3},{"not_picked":["survmod:ExplosiveTrap","survmod:PinningSnipe"],"picked":"survmod:DuckAndFlare","floor":4},{"not_picked":["survmod:AcidTrap","survmod:ExplosiveTrap"],"picked":"survmod:Hawkeye","floor":7},{"not_picked":["survmod:ShrapnelTraps","survmod:BearTrap","survmod:FlashbangShot"],"picked":"SKIP","floor":10},{"not_picked":["ReplayTheSpireMod:Brewmster","ReplayUltimateDefense"],"picked":"Chrysalis","floor":13},{"not_picked":["Trip","Discovery"],"picked":"Apotheosis","floor":13},{"not_picked":["Good Instincts","Panacea"],"picked":"Finesse","floor":13},{"not_picked":["survmod:FlashbangTrap","survmod:QuickDash"],"picked":"survmod:GoForFace","floor":14},{"not_picked":["survmod:TrapTrap","survmod:MutantEnergy"],"picked":"survmod:MarkedForDeath","floor":16},{"not_picked":["survmod:SwiftKick","survmod:QuickDash"],"picked":"survmod:Marksmanship","floor":18},{"not_picked":["survmod:GoForFace","survmod:PiercingShot","survmod:HailOfArrows"],"picked":"SKIP","floor":20},{"not_picked":["survmod:FindCover+1","survmod:ShrapnelTraps","survmod:Adaptability"],"picked":"SKIP","floor":22},{"not_picked":["survmod:GoForFace+1","survmod:PenetratingShot"],"picked":"survmod:MarkTrap+1","floor":23},{"not_picked":["survmod:FenceTrap+1","survmod:DuckAndFlare+1","survmod:AimForTheLiver"],"picked":"SKIP","floor":25},{"not_picked":["survmod:AcidArrow","survmod:PerfectPosition","survmod:PinningSnipe"],"picked":"SKIP","floor":29},{"not_picked":["survmod:FindCover","survmod:PoisonTrap","survmod:PinningSnipe"],"picked":"SKIP","floor":31},{"not_picked":["survmod:PenetratingShot+1"],"picked":"SKIP","floor":35},{"not_picked":["survmod:BearTrap+1"],"picked":"SKIP","floor":36},{"not_picked":[],"picked":"survmod:TacticalManeuver+1","floor":38},{"not_picked":["survmod:WalledOffTraps+1"],"picked":"SKIP","floor":40},{"not_picked":["survmod:MarkedShot"],"picked":"SKIP","floor":41},{"not_picked":["survmod:UnfortunateEscape"],"picked":"SKIP","floor":45},{"not_picked":[],"picked":"survmod:KnowThyEnemy+1","floor":48},{"not_picked":["survmod:PenetratingShot"],"picked":"SKIP","floor":54}],"player_experience":128496,"relics_obtained":[{"floor":7,"key":"Nunchaku"},{"floor":9,"key":"Art of War"},{"floor":21,"key":"Nilry\u0027s Codex"},{"floor":23,"key":"Centennial Puzzle"},{"floor":26,"key":"Strawberry"},{"floor":29,"key":"Bromod:ArcaneGuardian"},{"floor":37,"key":"Frozen Egg 2"},{"floor":40,"key":"Bag of Marbles"},{"floor":43,"key":"Snack Pack"},{"floor":54,"key":"Iron Hammer"}],"event_choices":[{"damage_healed":0,"gold_gain":0,"player_choice":"Upgraded","damage_taken":0,"max_hp_gain":0,"max_hp_loss":0,"event_name":"Upgrade Shrine","floor":2,"gold_loss":0,"cards_upgraded":["survmod:FlashbangShot"]},{"damage_healed":0,"gold_gain":100,"player_choice":"Pray","damage_taken":0,"max_hp_gain":0,"max_hp_loss":0,"event_name":"Golden Shrine","floor":8,"gold_loss":0},{"damage_healed":0,"gold_gain":0,"player_choice":"Obtained Book","damage_taken":16,"max_hp_gain":0,"max_hp_loss":0,"event_name":"Cursed Tome","floor":21,"gold_loss":0},{"damage_healed":0,"gold_gain":0,"player_choice":"Ignored","damage_taken":0,"max_hp_gain":0,"max_hp_loss":0,"event_name":"Vampires","floor":27,"gold_loss":0},{"damage_healed":0,"gold_gain":0,"player_choice":"Ignored","damage_taken":0,"max_hp_gain":0,"max_hp_loss":0,"event_name":"Mysterious Sphere","floor":39,"gold_loss":0}],"is_beta":false,"boss_relics":[{"not_picked":["ChewingGum","Astrolabe"],"picked":"Bromod:ArcaneGrace"},{"not_picked":["Replay:Drink Me","Ring of Chaos"],"picked":"Busted Crown"}],"items_purged_floors":[5,13,19,42],"is_endless":false,"potions_floor_spawned":[1,3,14,18,22,25,31,33,38,41],"ascension_level":0}}