{"host":"7k2a2omxz3voj5ax","time":1612880889,"event":{"mods":["BaseMod","Marisa£¨ìFÓê¡¡Ä§ÀíÉ³£©","Minty Spire (QoL Compilation)","Quick Restart","Spicy Shops","StSLib","Starting Relic: Pandora\u0027s Box","Yakumo Yukari mod","¡¾ÒÅÎï¿¨ÅÆ¡¿REMEMod","óô»ðÖ¸ÄÏ"],"gold_per_floor":[114,114,114,850,869,901,901,901,913,913,684,699,729,746,696,727,727,804,804,818,853,866,965,965,1180,1215,1227,1267,1308,1368,1429,1441,1035,815,815,815],"floor_reached":35,"language":"ZHS","playtime":1390,"items_purged":["FlyingSleeves","CutThroughFate","ThirdEye"],"score":695,"play_id":"9129b7ee-6b1b-43a1-952c-23ce8759a4dc","local_time":"20210209232809","is_ascension_mode":true,"campfire_choices":[{"data":"Burst","floor":8.0,"key":"SMITH"},{"data":"Eruption","floor":17.0,"key":"SMITH"},{"data":"Vault","floor":27,"key":"SMITH"}],"circlet_count":0,"master_deck":["AscendersBane","Eruption+1","Vigilance","REME_Repentance","Protect","ClearTheMind","Burst+1","Crescendo","PathToVictory","Adaptation+1","Vault+1","Vault","Tantrum+1","LikeWater+1","MentalFortress+1"],"relics":["PureWater","REME_ComplimentaryCards","NeowsBlessing","Medical Kit","Frozen Egg 2","Damaru","Lee\u0027s Waffle","InkBottle","Ornamental Fan","Black Star","Red Mask","Old Coin","Yang","MawBank","White Beast Statue","REME_PuzzleBoxRelic","TungstenRod","HornCleat","Juzu Bracelet","Kunai","Singing Bowl","PrismaticShard"],"acts_visited":["Exordium","TheCity"],"potions_floor_usage":[30,30,35],"damage_taken":[{"damage":0.0,"enemies":"2 Louse","floor":1.0,"turns":1.0},{"damage":0.0,"enemies":"Jaw Worm","floor":5.0,"turns":1.0},{"damage":0.0,"enemies":"Gremlin Nob","floor":6.0,"turns":1.0},{"damage":0.0,"enemies":"Small Slimes","floor":9.0,"turns":5.0},{"damage":0.0,"enemies":"2 Fungi Beasts","floor":12.0,"turns":4.0},{"damage":16.0,"enemies":"Lagavulin","floor":13.0,"turns":6.0},{"damage":6.0,"enemies":"Blue Slaver","floor":14.0,"turns":3.0},{"damage":22.0,"enemies":"Gremlin Nob","floor":16.0,"turns":3.0},{"damage":0.0,"enemies":"Slime Boss","floor":18.0,"turns":5.0},{"damage":14.0,"enemies":"2 Thieves","floor":20.0,"turns":4.0},{"damage":20.0,"enemies":"Masked Bandits","floor":21.0,"turns":4.0},{"damage":0.0,"enemies":"Chosen","floor":22.0,"turns":3.0},{"damage":14.0,"enemies":"REME_1_Revenger","floor":26.0,"turns":5.0},{"damage":22,"enemies":"Gremlin Leader","floor":28,"turns":6},{"damage":0,"enemies":"Centurion and Healer","floor":29,"turns":4},{"damage":2,"enemies":"Slavers","floor":30,"turns":5},{"damage":8,"enemies":"Cultist and Chosen","floor":35,"turns":6}],"seed_played":"2848468625837269510","potions_obtained":[{"floor":9.0,"key":"DistilledChaos"},{"floor":12.0,"key":"BlessingOfTheForge"},{"floor":16.0,"key":"DistilledChaos"},{"floor":20.0,"key":"LiquidMemories"},{"floor":22.0,"key":"LiquidMemories"},{"floor":28,"key":"GamblersBrew"},{"floor":30,"key":"Swift Potion"}],"is_trial":false,"path_per_floor":["M","?","?","$","M","E","?","R","M","T","$","M","E","M","?","E","R","B",null,"M","?","M","?","?","?","E","R","E","M","E","T","T","$","R","M"],"character_chosen":"WATCHER","items_purchased":["Medical Kit","PathToVictory","Lee\u0027s Waffle","Singing Bowl","LikeWater+1","PrismaticShard","MentalFortress+1"],"campfire_rested":0,"item_purchase_floors":[4,11,11,33,33,34,34],"current_hp_per_floor":[65,58,63,63,63,63,63,63,63,63,84,84,68,62,62,40,40,40,73,59,39,39,39,39,39,25,25,3,3,1,1,1,1,1,0,0],"gold":815,"neow_bonus":"THREE_ENEMY_KILL","is_daily":false,"chose_seed":false,"campfire_upgraded":3,"win_rate":0.0,"timestamp":1612880889,"path_taken":["M","?","?","$","?","E","?","R","M","T","$","M","E","M","?","E","R","BOSS","M","?","M","?","?","?","E","R","E","M","E","T","T","$","R","M"],"items_purchased_type":["Relic","Card","Relic","Relic","Card","Relic","Card"],"build_version":"2020-12-22","purchased_purges":3,"victory":false,"max_hp_per_floor":[72,72,77,77,77,77,77,77,77,77,84,84,84,84,84,84,84,84,84,84,84,84,84,84,84,84,84,84,84,84,84,84,84,84,84,84],"card_choices":[{"not_picked":["EmptyFist","CrushJoints","Prostrate"],"picked":"SKIP","floor":1.0},{"not_picked":["Vengeance","CrushJoints"],"picked":"Crescendo","floor":5.0},{"not_picked":["Evaluate","Protect","ForeignInfluence"],"picked":"SKIP","floor":6.0},{"not_picked":["Evaluate","BattleHymn+1","ThirdEye"],"picked":"SKIP","floor":9.0},{"not_picked":["EmptyBody","FlyingSleeves","WheelKick"],"picked":"SKIP","floor":12.0},{"not_picked":["Fasting2+1","Crescendo","Collect"],"picked":"SKIP","floor":13.0},{"not_picked":["FollowUp","EmptyFist"],"picked":"Adaptation+1","floor":14.0},{"not_picked":["Collect","Study+1","PathToVictory"],"picked":"SKIP","floor":16.0},{"not_picked":["DeusExMachina","REME_WorshipGod"],"picked":"Vault","floor":18.0},{"not_picked":["CutThroughFate","LikeWater+1","Prostrate"],"picked":"SKIP","floor":20.0},{"not_picked":["Fasting2+1","Protect+1","ClearTheMind"],"picked":"SKIP","floor":22.0},{"not_picked":["FollowUp+1","WindmillStrike"],"picked":"Vault","floor":26.0},{"not_picked":["Crescendo","Study+1"],"picked":"Tantrum+1","floor":28},{"not_picked":["BowlingBash+1","FlurryOfBlows+1","Pray"],"picked":"SKIP","floor":29},{"not_picked":["CrushJoints","Study+1","SashWhip"],"picked":"SKIP","floor":30}],"player_experience":304673,"relics_obtained":[{"floor":6.0,"key":"Frozen Egg 2"},{"floor":10.0,"key":"Damaru"},{"floor":13.0,"key":"InkBottle"},{"floor":16.0,"key":"Ornamental Fan"},{"floor":21.0,"key":"Red Mask"},{"floor":26.0,"key":"Yang"},{"floor":26.0,"key":"MawBank"},{"floor":28,"key":"White Beast Statue"},{"floor":28,"key":"REME_PuzzleBoxRelic"},{"floor":30,"key":"TungstenRod"},{"floor":30,"key":"HornCleat"},{"floor":31,"key":"Juzu Bracelet"},{"floor":32,"key":"Kunai"}],"event_choices":[{"cards_removed":["Weave"],"damage_healed":0.0,"max_hp_gain":0.0,"max_hp_loss":0.0,"gold_gain":0.0,"event_name":"Golden Wing","player_choice":"Card Removal","floor":2.0,"gold_loss":0.0,"damage_taken":7.0},{"damage_healed":0.0,"max_hp_gain":5.0,"max_hp_loss":0.0,"gold_gain":0.0,"event_name":"Big Fish","player_choice":"Donut","floor":3.0,"gold_loss":0.0,"damage_taken":0.0},{"damage_healed":0.0,"max_hp_gain":0.0,"max_hp_loss":0.0,"gold_gain":0.0,"event_name":"Liars Game","player_choice":"Ignored","floor":7.0,"gold_loss":0.0,"damage_taken":0.0},{"cards_removed":["CutThroughFate"],"damage_healed":0.0,"max_hp_gain":0.0,"max_hp_loss":0.0,"gold_gain":0.0,"event_name":"The Cleric","player_choice":"Card Removal","floor":15.0,"gold_loss":50.0,"damage_taken":0.0},{"damage_healed":0.0,"max_hp_gain":0.0,"max_hp_loss":0.0,"gold_gain":0.0,"event_name":"Masked Bandits","player_choice":"Fought Bandits","floor":21.0,"gold_loss":0.0,"damage_taken":0.0},{"damage_healed":0.0,"max_hp_gain":0.0,"max_hp_loss":0.0,"gold_gain":99.0,"event_name":"Nest","player_choice":"Stole From Cult","floor":23.0,"gold_loss":0.0,"damage_taken":0.0},{"damage_healed":0.0,"max_hp_gain":0.0,"max_hp_loss":0.0,"gold_gain":0.0,"event_name":"The Mausoleum","player_choice":"Ignored","floor":24.0,"gold_loss":0.0,"damage_taken":0.0},{"damage_healed":0.0,"max_hp_gain":0.0,"max_hp_loss":0.0,"gold_gain":0.0,"event_name":"Addict","player_choice":"Obtained Relic","floor":25.0,"gold_loss":85.0,"damage_taken":0.0,"relics_obtained":["Old Coin"]}],"is_beta":false,"boss_relics":[{"not_picked":["Ectoplasm","Coffee Dripper"],"picked":"Black Star"}],"items_purged_floors":[4,11,33],"is_endless":false,"potions_floor_spawned":[9,12,14,16,20,22,28,29,30],"killed_by":"Cultist and Chosen","ascension_level":13}}