{"host":"mal0jdk4f6ubgyb8","time":1612853762,"event":{"mods":["100% Spire Juice","Act Like it!","Aspiration","BaseMod","Gensokyo","KinomotoSakuraMod(木之本樱)","Luminous","Marisa（F雨　魔理沙）","Minty Spire (QoL Compilation)","Quick Restart","Relic Stats","Reliquary","Remilia（蕾米莉亚）","Replay The Spire","StSLib","WarShipGirlsR/战舰少女R mod","Yakumo Yukari mod"],"gold_per_floor":[114,131,131,131,141,141,175,190,190,190,209,209,24,41,41,136,136,148,148,163,239,249,582,110,137,162,162,162,195,215,215,215],"floor_reached":31,"language":"ZHS","playtime":1230,"items_purged":["Injury"],"score":377,"play_id":"84aa1fc7-d23f-4c0c-b8f4-b7218ce75f04","local_time":"20210209145602","is_ascension_mode":true,"campfire_choices":[{"data":"rmod:basicallowance","floor":6,"key":"SMITH"},{"data":"rmod:luckystar","floor":10,"key":"SMITH"},{"data":"rmod:highspeedmaneuver","floor":15,"key":"SMITH"},{"floor":27,"key":"RECALL"}],"circlet_count":0,"master_deck":["rmod:strick+1","rmod:strick+1","rmod:strick+1","rmod:strick+1","rmod:defend+1","rmod:defend+2","rmod:defend+1","rmod:defend+2","rmod:basicallowance+1","rmod:maingunfire","rmod:fletcherpendant","Dagger Throw","rmod:fletcherpendant","Adrenaline","rmod:luckystar+1","Blade Dance","ReplayTheSpireMod:Brewmster+1","rmod:highspeedmaneuver+1","rmod:expeditionaryescort+1","rmod:intelligenceanalysis+1","Ghostly","Ghostly","Ghostly","Ghostly","Ghostly","rmod:firesupport+1","rmod:openingtorpedo+1","rmod:rockthrower+1","rmod:seals+1","rmod:chargemoney+1"],"relics":["rmod:firstchargereward","aspiration:Nostalgia","m_TsuchinokoRing","Frozen Egg 2","Pantograph","reliquary:WeakTea","ReplayTheSpireMod:DimensionalGlitch","Boot","aspiration:SeaSaltIceCream","Old Coin","Simple Rune","Mummified Hand","reliquary:ExpiredCoupon","Ancient Tea Set","reliquary:TatteredRug"],"acts_visited":["Exordium","TheCity"],"potions_floor_usage":[14,14,14,16,16,16,16,16,16,18,18,20,22,22,22,22,23,23,23,25,25,25,29,29,29],"damage_taken":[{"damage":0,"enemies":"Jaw Worm","floor":1,"turns":3},{"damage":0,"enemies":"2 Louse","floor":2,"turns":3},{"damage":3,"enemies":"Small Slimes","floor":5,"turns":3},{"damage":45,"enemies":"Replay:BlueRogue","floor":7,"turns":6},{"damage":1,"enemies":"Blue Slaver","floor":8,"turns":2},{"damage":0,"enemies":"Red Slaver","floor":11,"turns":1},{"damage":0,"enemies":"Large Slime","floor":14,"turns":5},{"damage":3,"enemies":"The Guardian","floor":16,"turns":8},{"damage":0,"enemies":"3 Byrds","floor":18,"turns":4},{"damage":0,"enemies":"2 Thieves","floor":20,"turns":2},{"damage":0,"enemies":"Centurion and Healer","floor":22,"turns":5},{"damage":22,"enemies":"Slavers","floor":23,"turns":6},{"damage":0,"enemies":"Book of Stabbing","floor":25,"turns":2},{"damage":21,"enemies":"Slavers","floor":29,"turns":4},{"damage":1,"enemies":"Snecko","floor":30,"turns":4}],"seed_played":"-7289622089275264812","potions_obtained":[{"floor":8,"key":"SpeedPotion"},{"floor":11,"key":"LifebloodPotion"},{"floor":16,"key":"Reflective Coating"},{"floor":20,"key":"Strength Potion"},{"floor":21,"key":"ColorlessPotion"},{"floor":25,"key":"BlessingOfTheForge"}],"is_trial":false,"path_per_floor":["M","M","?","?","M","R","E","M","T","R","M","?","$","M","R","B",null,"M","?","M","?","M","E","$","E","T","R","?","E","M","?"],"character_chosen":"PRAEFECT","items_purchased":["ReplayTheSpireMod:Brewmster+1","Simple Rune","Mummified Hand"],"campfire_rested":0,"item_purchase_floors":[13,24,24],"current_hp_per_floor":[75,75,80,80,77,77,32,31,31,31,31,24,24,24,24,61,80,80,40,40,30,30,8,8,8,8,8,8,6,5,0,0],"gold":215,"neow_bonus":"NOSTALGIA","is_daily":false,"chose_seed":false,"campfire_upgraded":3,"win_rate":0.0,"timestamp":1612853762,"path_taken":["M","M","?","?","M","R","E","M","T","R","M","?","$","?","R","BOSS","M","?","M","?","M","E","$","E","T","R","?","E","M","?"],"items_purchased_type":["Card","Relic","Relic"],"build_version":"2020-12-22","purchased_purges":1,"victory":false,"max_hp_per_floor":[75,75,80,80,80,80,80,80,80,80,80,80,80,80,80,80,80,80,40,40,40,40,40,40,40,40,40,40,40,40,40,40],"relic_stats":{"counters":[15,58],"Mummified Hand":[10],"Pantograph":25,"Boot":[3],"obtain_stats":[{"aspiration:Nostalgia":0,"reliquary:TatteredRug":29,"reliquary:WeakTea":12,"aspiration:SeaSaltIceCream":23,"Frozen Egg 2":4,"Boot":21,"Ancient Tea Set":26,"Old Coin":23,"reliquary:ExpiredCoupon":25,"m_TsuchinokoRing":0,"Mummified Hand":24,"Pantograph":7,"Simple Rune":24,"rmod:firstchargereward":0,"ReplayTheSpireMod:DimensionalGlitch":17},{"aspiration:Nostalgia":0,"reliquary:TatteredRug":14,"reliquary:WeakTea":6,"aspiration:SeaSaltIceCream":12,"Frozen Egg 2":2,"Boot":10,"Ancient Tea Set":13,"Old Coin":12,"reliquary:ExpiredCoupon":13,"m_TsuchinokoRing":0,"Mummified Hand":12,"Pantograph":4,"Simple Rune":12,"rmod:firstchargereward":0,"ReplayTheSpireMod:DimensionalGlitch":8},{"aspiration:Nostalgia":0,"reliquary:TatteredRug":54,"reliquary:WeakTea":18,"aspiration:SeaSaltIceCream":48,"Frozen Egg 2":6,"Boot":37,"Ancient Tea Set":50,"Old Coin":48,"reliquary:ExpiredCoupon":50,"m_TsuchinokoRing":0,"Mummified Hand":48,"Pantograph":15,"Simple Rune":48,"rmod:firstchargereward":0,"ReplayTheSpireMod:DimensionalGlitch":31}]},"card_choices":[{"not_picked":["rmod:highspeedshooting","Escape Plan"],"picked":"rmod:fletcherpendant","floor":1},{"not_picked":["rmod:unsinkable","rmod:goodfighter"],"picked":"Dagger Throw","floor":2},{"not_picked":["rmod:rockthrower","rmod:firesupport"],"picked":"rmod:fletcherpendant","floor":5},{"not_picked":["rmod:aluminumsupply","rmod:ring"],"picked":"Adrenaline","floor":7},{"not_picked":["rmod:aluminumsupply","Prepared"],"picked":"rmod:luckystar","floor":8},{"not_picked":["Dagger Throw","Riddle With Holes"],"picked":"Blade Dance","floor":11},{"not_picked":["Dagger Throw","rmod:maintain"],"picked":"rmod:highspeedmaneuver","floor":14},{"not_picked":["rmod:desperatesituation+1","Bullet Time"],"picked":"rmod:expeditionaryescort+1","floor":16},{"not_picked":["rmod:luckystar","rmod:victimresponsibility+1"],"picked":"rmod:intelligenceanalysis+1","floor":18},{"not_picked":["rmod:steelsupply+1","rmod:intelligenceanalysis+1"],"picked":"rmod:firesupport+1","floor":20},{"not_picked":["rmod:supportaircraftcarrier+1","rmod:ammunitionsupply"],"picked":"rmod:openingtorpedo+1","floor":22},{"not_picked":["rmod:goodfighter","rmod:launchingtorpedo+1"],"picked":"rmod:rockthrower+1","floor":23},{"not_picked":["rmod:garrisonisland+1","rmod:diamondstrike"],"picked":"rmod:seals+1","floor":25},{"not_picked":["rmod:goodfighter","rmod:highspeedshooting","rmod:openingtorpedo"],"picked":"SKIP","floor":29},{"not_picked":["rmod:shuttlebombing","rmod:diamondstrike"],"picked":"rmod:chargemoney+1","floor":30}],"player_experience":295073,"relics_obtained":[{"floor":7,"key":"Pantograph"},{"floor":21,"key":"Boot"},{"floor":23,"key":"aspiration:SeaSaltIceCream"},{"floor":25,"key":"reliquary:ExpiredCoupon"},{"floor":26,"key":"Ancient Tea Set"},{"floor":29,"key":"reliquary:TatteredRug"}],"event_choices":[{"damage_healed":0,"gold_gain":0,"player_choice":"Donut","damage_taken":0,"max_hp_gain":5,"max_hp_loss":0,"event_name":"Big Fish","floor":3,"gold_loss":0},{"damage_healed":0,"gold_gain":0,"player_choice":"Success","damage_taken":7,"relics_obtained":["reliquary:WeakTea"],"max_hp_gain":0,"max_hp_loss":0,"event_name":"Scrap Ooze","floor":12,"gold_loss":0},{"damage_healed":0,"gold_gain":0,"player_choice":"Became a Ghost","damage_taken":0,"max_hp_gain":0,"max_hp_loss":40,"event_name":"Ghosts","floor":19,"gold_loss":0,"cards_obtained":["Ghostly","Ghostly","Ghostly","Ghostly","Ghostly"]},{"damage_healed":0,"gold_gain":0,"player_choice":"Simplicity","damage_taken":0,"max_hp_gain":0,"max_hp_loss":0,"event_name":"Back to Basics","floor":28,"gold_loss":0,"cards_upgraded":["rmod:strick","rmod:strick","rmod:strick","rmod:strick","rmod:defend","rmod:defend","rmod:defend","rmod:defend"]}],"is_beta":false,"boss_relics":[{"not_picked":["Empty Cage","Fusion Hammer"],"picked":"ReplayTheSpireMod:DimensionalGlitch"}],"items_purged_floors":[24],"is_endless":false,"potions_floor_spawned":[8,11,16,20,23,25],"ascension_level":2}}