{"host":"x7btokbb0w2jhl7e","time":1612850043,"event":{"mods":["Act Like it!","BaseMod","Gensokyo","Minty Spire (QoL Compilation)","Quick Restart","StSLib","TestMod"],"gold_per_floor":[109,509,110,110,31,63,78,78,150,150,150,50,50,76,76,153,153,165,165,165,165,45,45,76,76,76,92,92,92,92,108,108,185,185,199,199,199,199,74,107,47,72,96,96,96],"floor_reached":44,"language":"ZHS","playtime":1305,"items_purged":["Quick Slash","Prepared","PiercingWail"],"score":1439,"play_id":"da13e832-7f74-4e5e-b91b-42e41363ffe1","local_time":"20210209135403","daily_mods":["SealedDeck","Vintage","Heirloom","Time Dilation","Flight","Elite Swarm"],"is_ascension_mode":true,"campfire_choices":[{"data":"Accuracy","floor":8.0,"key":"SMITH"},{"data":"Prepared","floor":15.0,"key":"SMITH"},{"data":"Reflex","floor":23.0,"key":"SMITH"},{"data":"Acrobatics","floor":28.0,"key":"SMITH"},{"floor":32.0,"key":"RECALL"}],"circlet_count":0,"master_deck":["AscendersBane","Prepared+1","PiercingWail","Acrobatics+1","Blade Dance","Tactician+1","Reflex+1","Accuracy+1","Adrenaline","Gensokyo:ManorOfTheDishes","Backflip","Adrenaline+1","Gensokyo:CustomPotion","Adrenaline"],"relics":["Ring of the Snake","testmod-GiftOfSatan","Unceasing Top","Singing Bowl","Gremlin Horn","testmod-CasingShield","testmod-Fortitude","Gensokyo:CelestialsFlawlessClothing","HornCleat","Coffee Dripper","Eternal Feather","Gensokyo:ChorusOfJoy","Gensokyo:SpiderMask","Torii","Gensokyo:ConquerorOfFear","Paper Crane","Tough Bandages","Juzu Bracelet","testmod-EnergyCheck","Bag of Marbles","Gensokyo:EmptyGrave","testmod-Alchemist","Gambling Chip","testmod-Acrobat"],"acts_visited":["Gensokyo:Gensokyo","Gensokyo:Gensokyoer","Gensokyo:Gensokyoest"],"potions_floor_usage":[],"damage_taken":[{"damage":0.0,"enemies":"Gensokyo:Python","floor":1.0,"turns":1.0},{"damage":0.0,"enemies":"Gensokyo:Cirno","floor":6.0,"turns":4.0},{"damage":0.0,"enemies":"Gensokyo:Gryphon","floor":7.0,"turns":2.0},{"damage":0.0,"enemies":"Gensokyo:Mamizou","floor":14.0,"turns":3.0},{"damage":0.0,"enemies":"Gensokyo:Yukari","floor":16.0,"turns":2.0},{"damage":0.0,"enemies":"Gensokyo:2_Gloops","floor":18.0,"turns":1.0},{"damage":0.0,"enemies":"Gensokyo:Tenshi","floor":24.0,"turns":1.0},{"damage":0.0,"enemies":"Gensokyo:3_Dogs","floor":27.0,"turns":1.0},{"damage":0.0,"enemies":"Gensokyo:3_Gloops","floor":31.0,"turns":4.0},{"damage":0.0,"enemies":"Gensokyo:Kaguya","floor":33.0,"turns":2.0},{"damage":0.0,"enemies":"Gensokyo:AncientGuardian","floor":35.0,"turns":1.0},{"damage":0,"enemies":"Gensokyo:Kasen","floor":40,"turns":1},{"damage":0,"enemies":"Gensokyo:Doremy","floor":42,"turns":1},{"damage":0,"enemies":"Gensokyo:Kasen","floor":44,"turns":1}],"seed_played":"1155058584052256601","potions_obtained":[{"floor":6.0,"key":"PowerPotion"},{"floor":7.0,"key":"Energy Potion"},{"floor":42,"key":"DuplicationPotion"}],"is_trial":true,"path_per_floor":["M","?","$","?","$","E","M","R","T","?","T","$","?","E","R","B",null,"M","?","?","?","?","R","E","?","T","M","R","$","?","M","R","B",null,"M","?","?","?","$","E","?","E","T","E"],"character_chosen":"THE_SILENT","items_purchased":["Gremlin Horn","Reflex","Accuracy"],"campfire_rested":0,"item_purchase_floors":[3,3,5],"current_hp_per_floor":[71,71,71,71,71,71,76,76,76,54,54,54,35,37,37,39,70,70,70,70,70,70,71,78,78,78,93,93,93,93,108,108,108,108,113,102,102,104,104,111,111,111,111,111,111],"gold":96,"neow_bonus":"","is_daily":false,"chose_seed":false,"campfire_upgraded":4,"win_rate":0.0,"timestamp":1612850043,"path_taken":["M","?","$","?","?","E","?","R","T","?","?","?","?","E","R","BOSS","M","?","?","?","?","R","E","?","T","?","R","?","?","?","R","BOSS","M","?","?","?","?","E","?","E","T","E"],"items_purchased_type":["Relic","Card","Card"],"build_version":"2020-12-22","purchased_purges":3,"victory":false,"max_hp_per_floor":[71,71,71,71,71,71,76,76,76,76,76,76,76,78,78,80,80,80,80,71,71,71,71,78,78,78,93,93,93,93,108,108,108,108,113,102,102,104,104,111,111,111,111,111,111],"card_choices":[{"not_picked":["Envenom","Die Die Die"],"picked":"Adrenaline","floor":6.0},{"not_picked":["Corpse Explosion","Glass Knife","Malaise"],"picked":"Singing Bowl","floor":14.0},{"not_picked":["Burst","Glass Knife","Phantasmal Killer"],"picked":"Singing Bowl","floor":16.0},{"not_picked":["Gensokyo:MissMary","Gensokyo:HAARP"],"picked":"Gensokyo:ManorOfTheDishes","floor":20.0},{"not_picked":["Glass Knife","Grand Finale","Storm of Steel"],"picked":"Singing Bowl","floor":24.0},{"not_picked":["Doppelganger","Envenom"],"picked":"Adrenaline","floor":33.0},{"not_picked":["Gensokyo:RainbowDanmaku","Gensokyo:NewMoon","Gensokyo:MorningMist"],"picked":"Singing Bowl","floor":38},{"not_picked":["Venomology","A Thousand Cuts","Wraith Form v2"],"picked":"Singing Bowl","floor":40},{"not_picked":["Burst","Corpse Explosion"],"picked":"Adrenaline","floor":42}],"player_experience":250317,"relics_obtained":[{"floor":1.0,"key":"Singing Bowl"},{"floor":6.0,"key":"testmod-CasingShield"},{"floor":7.0,"key":"testmod-Fortitude"},{"floor":9.0,"key":"Shuriken"},{"floor":18.0,"key":"Eternal Feather"},{"floor":24.0,"key":"Torii"},{"floor":26.0,"key":"Paper Crane"},{"floor":27.0,"key":"Gensokyo:ConquerorOfFear"},{"floor":27.0,"key":"Tough Bandages"},{"floor":31.0,"key":"Juzu Bracelet"},{"floor":35.0,"key":"Bag of Marbles"},{"floor":40,"key":"testmod-Alchemist"},{"floor":42,"key":"Gambling Chip"},{"floor":43,"key":"testmod-Acrobat"}],"event_choices":[{"damage_healed":0.0,"max_hp_gain":0.0,"max_hp_loss":0.0,"gold_gain":400.0,"event_name":"¶÷ÂåË¹µÄÅÌ×Ó","player_choice":"Sell","floor":2.0,"relics_lost":["testmod-TestBox"],"gold_loss":0.0,"damage_taken":0.0}],"is_beta":false,"boss_relics":[{"not_picked":["testmod-StringDisintegrator","SlaversCollar"],"picked":"Coffee Dripper"},{"not_picked":["testmod-TimeTraveler","Runic Dome"],"picked":"testmod-EnergyCheck"}],"items_purged_floors":[3,12,39],"is_endless":false,"potions_floor_spawned":[6,7,16,24,35,42],"killed_by":"Gensokyo:Kasen","ascension_level":20}}