{"host":"10hinapzqlh39548","time":1612890943,"event":{"mods":["BaseMod","Colored Powertips","Minty Spire (QoL Compilation)","MostiFishMod","Reliquary","Replay The Spire","Spire Arcade","StSLib"],"gold_per_floor":[115,127,127,146,146,171,171,196,220,220,220,220,302,320,320,421,421,435,435,435,710,710,710,743,743,743,762,775,785,795,795,795,893,893,905,905,922,922,922,948,948,968,968,997,1009,1026,1037,1053,1053,1053,1053,1053,1053,1082,1082],"floor_reached":56,"language":"ENG","playtime":6425,"items_purged":["Strike_G","Regret","Regret","Strike_G+1","Strike_G+1","Strike_G+1"],"score":1612,"play_id":"0b7f238d-501d-45c3-b50e-61070cffa4f8","local_time":"20210209181543","is_ascension_mode":true,"campfire_choices":[{"floor":7.0,"key":"REST"},{"data":"Catalyst","floor":12.0,"key":"SMITH"},{"data":"Footwork","floor":15.0,"key":"SMITH"},{"data":"1","floor":23.0,"key":"LIFT"},{"data":"2","floor":25.0,"key":"LIFT"},{"floor":32.0,"key":"RECALL"},{"data":"3","floor":41,"key":"LIFT"},{"floor":49,"key":"REST"},{"data":"MostiFishMod:Dislodge","floor":52,"key":"SMITH"}],"circlet_count":0,"master_deck":["Strike_G+1","Defend_G+1","Defend_G+1","Defend_G+1","Defend_G+1","Defend_G+1","Survivor","Neutralize","MostiFishMod:Dislodge+1","Dagger Spray","Bouncing Flask+1","Sadistic Nature","Catalyst+1","MostiFishMod:PerfectParry","Catalyst","Prepared","Caltrops","MostiFishMod:OneDayCity","Footwork+1","Prepared","Envenom","CurseOfTheBell","Bouncing Flask+1","Mayhem","Poisoned Stab","Footwork","ReplayTheSpireMod:Speed Training","Prepared+1","Footwork","MostiFishMod:Neurotoxin","Mayhem","Good Instincts","Noxious Fumes+1","Envenom+1","Catalyst+1","Bouncing Flask+1","MostiFishMod:WinterMarkForm+1"],"relics":["Ring of the Snake","DaveBox","DiscerningMonocle","SynthV:TestCard","Replay:Mystery Machine","CaptainsWheel","MealTicket","reliquary:TuningFork","reliquary:SilkGlove","ImprovedEquipment","Lantern","MetatronsCube","Replay:Kaleidoscope","ReplayTheSpireMod:TigerMarble","Calling Bell","Oddly Smooth Stone","StrikeDummy","Girya","Bag of Marbles","Mercury Hourglass","Ying","Replay:Bottled Eggs","reliquary:TatteredRug","Bottled Flame","Busted Crown","StoneCalendar","Mummified Hand","DollysMirror","ReplayFunnel","Frozen Egg 2","BirthdayGift-Tetrahedron","Ancient Tea Set","Blue Candle","reliquary:PartyBalloon","Ginger","Eternal Feather","reliquary:SharkskinSheath","Dodecahedron","Orichalcum"],"acts_visited":["Exordium","TheCity","TheBeyond","TheEnding"],"potions_floor_usage":[55,55],"damage_taken":[{"damage":21.0,"enemies":"Cultist","floor":1.0,"turns":5.0},{"damage":7.0,"enemies":"Jaw Worm","floor":2.0,"turns":7.0},{"damage":1.0,"enemies":"2 Louse","floor":4.0,"turns":3.0},{"damage":34.0,"enemies":"Lagavulin","floor":6.0,"turns":10.0},{"damage":0.0,"enemies":"2 Fungi Beasts","floor":14.0,"turns":5.0},{"damage":0.0,"enemies":"The Guardian","floor":16.0,"turns":5.0},{"damage":4.0,"enemies":"2 Thieves","floor":18.0,"turns":4.0},{"damage":21.0,"enemies":"Replay:Snechameleon","floor":24.0,"turns":5.0},{"damage":0.0,"enemies":"Chosen","floor":27.0,"turns":3.0},{"damage":0.0,"enemies":"Centurion and Healer","floor":28.0,"turns":4.0},{"damage":19.0,"enemies":"Chosen and Byrds","floor":29.0,"turns":5.0},{"damage":11.0,"enemies":"Snake Plant","floor":30.0,"turns":3.0},{"damage":10.0,"enemies":"Champ","floor":33.0,"turns":8.0},{"damage":6.0,"enemies":"Orb Walker","floor":35.0,"turns":3.0},{"damage":19,"enemies":"3 Darklings","floor":37,"turns":4},{"damage":5,"enemies":"R_Hoarder","floor":40,"turns":3},{"damage":8,"enemies":"Transient","floor":42,"turns":4},{"damage":5,"enemies":"Nemesis","floor":44,"turns":3},{"damage":2,"enemies":"Jaw Worm Horde","floor":45,"turns":2},{"damage":4,"enemies":"Writhing Mass","floor":46,"turns":3},{"damage":4,"enemies":"Spire Growth","floor":47,"turns":3},{"damage":7,"enemies":"Transient","floor":48,"turns":4},{"damage":8,"enemies":"Awakened One","floor":50,"turns":5},{"damage":2,"enemies":"Shield and Spear","floor":54,"turns":2},{"damage":7,"enemies":"The Heart","floor":55,"turns":4}],"seed_played":"-7205765566675922219","potions_obtained":[{"floor":2.0,"key":"Ancient Potion"},{"floor":6.0,"key":"GhostInAJar"},{"floor":13.0,"key":"EntropicBrew"},{"floor":28.0,"key":"Doom Potion"}],"is_trial":false,"path_per_floor":["M","M","$","M","?","E","R","T","T","$","T","R","?","M","R","B",null,"M","?","?","?","$","R","E","R","T","M","M","M","M","?","R","B",null,"M","$","M","$","?","E","R","M","T","E","M","M","M","M","R","B",null,"R","$","E","B",null],"character_chosen":"THE_SILENT","items_purchased":["Replay:Mystery Machine","CaptainsWheel","Sadistic Nature","Catalyst","MostiFishMod:PerfectParry","Block Potion","Swift Potion","ImprovedEquipment","Lantern","MetatronsCube","Prepared","Caltrops","DistilledChaos","MostiFishMod:OneDayCity","Mercury Hourglass","Ying","Mayhem","Replay:Bottled Eggs","Poisoned Stab","StoneCalendar","Mummified Hand","DollysMirror","Good Instincts","ReplayFunnel","Frozen Egg 2","BirthdayGift-Tetrahedron","Noxious Fumes+1","Eternal Feather","reliquary:SharkskinSheath","Dodecahedron","MostiFishMod:WinterMarkForm+1"],"campfire_rested":2,"item_purchase_floors":[3,3,3,3,3,3,3,10,10,10,10,10,10,10,22,22,22,22,22,36,36,36,36,38,38,38,38,53,53,53,53],"current_hp_per_floor":[49,42,42,41,41,7,28,28,28,43,43,43,15,15,15,15,70,66,66,66,66,70,70,49,49,49,49,49,30,19,19,19,9,70,64,70,51,66,66,61,61,53,53,48,46,42,38,31,52,44,70,70,70,68,61],"gold":1082,"neow_bonus":"ONE_RANDOM_RARE_CARD","is_daily":false,"chose_seed":false,"campfire_upgraded":3,"win_rate":0.0,"timestamp":1612890943,"path_taken":["M","?","$","M","?","E","R","?","T","$","?","R","?","M","R","BOSS","M","?","?","?","$","R","E","R","T","M","?","M","M","?","R","BOSS","M","$","M","$","?","E","R","M","T","E","M","M","?","M","R","BOSS","R","$","E","BOSS"],"items_purchased_type":["Relic","Relic","Card","Card","Card","Potion","Potion","Relic","Relic","Relic","Card","Card","Potion","Card","Relic","Relic","Card","Relic","Card","Relic","Relic","Relic","Card","Relic","Relic","Relic","Card","Relic","Relic","Relic","Card"],"build_version":"2020-12-22","purchased_purges":6,"victory":true,"max_hp_per_floor":[70,70,70,70,70,70,70,70,70,70,70,70,70,70,70,70,70,70,70,70,70,70,70,70,70,70,70,70,70,70,70,70,70,70,70,70,70,70,70,70,70,70,70,70,70,70,70,70,70,70,70,70,70,70,70],"card_choices":[{"not_picked":["Deflect","Caltrops"],"picked":"Dagger Spray","floor":1.0},{"not_picked":["Predator","Backflip","Well Laid Plans","Poisoned Stab"],"picked":"Bouncing Flask","floor":2.0},{"not_picked":["Toxin Wave","ReplayTheSpireMod:Exploit Weakness","Sucker Punch","Slice","Draining Mist"],"picked":"SKIP","floor":4.0},{"not_picked":["Dash","ReplayTheSpireMod:Shiv Toss","Replay:Poison Smokescreen","MostiFishMod:PerfectParry"],"picked":"Catalyst","floor":6.0},{"not_picked":["Flying Knee","Deflect","Deadly Poison","Underhanded Strike"],"picked":"Footwork","floor":13.0},{"not_picked":["Blade Dance","Masterful Stab","Sneak Up","Deflect"],"picked":"Prepared","floor":14.0},{"not_picked":["MostiFishMod:Listen","MostiFishMod:Opportunism","MostiFishMod:GrandStart","Malaise"],"picked":"Envenom","floor":16.0},{"not_picked":["Flying Knee","ReplayTheSpireMod:Shiv Toss","Dagger Throw","Crippling Poison"],"picked":"Bouncing Flask","floor":18.0},{"not_picked":["Riddle With Holes","Hidden Blade","Backstab","ReplayTheSpireMod:Tripwire"],"picked":"Footwork","floor":24.0},{"not_picked":["Dagger Throw","Deadly Poison","ReplayTheSpireMod:Scrap Shanks+1","Escape Plan"],"picked":"ReplayTheSpireMod:Speed Training","floor":27.0},{"not_picked":["Fluid Movement","Underhanded Strike","Distraction","Backflip"],"picked":"Prepared+1","floor":28.0},{"not_picked":["Backflip","Masterful Stab+1","Cloak And Dagger","Doppelganger","Acrobatics"],"picked":"SKIP","floor":29.0},{"not_picked":["Skewer","Crippling Poison","Riddle With Holes+1","Hidden Blade"],"picked":"Footwork","floor":30.0},{"not_picked":["Envenom","Bullet Time","Phantasmal Killer","ReplayTheSpireMod:Necrosis"],"picked":"MostiFishMod:Neurotoxin","floor":33.0},{"not_picked":["Deflect","Deadly Poison+1","Blade Dance"],"picked":"SKIP","floor":35.0},{"not_picked":["Dodge and Roll","Dagger Spray+1","Acrobatics+1"],"picked":"SKIP","floor":37},{"not_picked":["Sucker Punch","Slice+1","Bane+1"],"picked":"SKIP","floor":40},{"not_picked":["Cloak And Dagger+1","Dash+1","Blade Dance+1"],"picked":"SKIP","floor":42},{"not_picked":["Outmaneuver+1","MostiFishMod:PoisonShield+1","Masterful Stab"],"picked":"SKIP","floor":44},{"not_picked":["Deadly Poison","Acrobatics+1","Dash+1"],"picked":"SKIP","floor":45},{"not_picked":["Envenom+1","Underhanded Strike","Cloak And Dagger+1"],"picked":"SKIP","floor":46},{"not_picked":["Underhanded Strike","Cloak And Dagger+1"],"picked":"Envenom+1","floor":46},{"not_picked":["Bane+1","PiercingWail"],"picked":"Catalyst+1","floor":47},{"not_picked":["Backstab","PiercingWail"],"picked":"Bouncing Flask+1","floor":48},{"not_picked":["Heel Hook","Replay:Poison Smokescreen+1","Deflect"],"picked":"SKIP","floor":54}],"player_experience":1185968,"relics_obtained":[{"floor":1.0,"key":"SynthV:TestCard"},{"floor":6.0,"key":"reliquary:TuningFork"},{"floor":9.0,"key":"reliquary:SilkGlove"},{"floor":11.0,"key":"Replay:Kaleidoscope"},{"floor":13.0,"key":"ReplayTheSpireMod:TigerMarble"},{"floor":17.0,"key":"Oddly Smooth Stone"},{"floor":17.0,"key":"StrikeDummy"},{"floor":17.0,"key":"Girya"},{"floor":24.0,"key":"reliquary:TatteredRug"},{"floor":26.0,"key":"Bottled Flame"},{"floor":39,"key":"Ancient Tea Set"},{"floor":40,"key":"Blue Candle"},{"floor":43,"key":"reliquary:PartyBalloon"},{"floor":44,"key":"Ginger"},{"floor":54,"key":"Orichalcum"}],"event_choices":[{"damage_healed":0.0,"max_hp_gain":0.0,"max_hp_loss":0.0,"gold_gain":0.0,"event_name":"Big Fish","player_choice":"Box","floor":5.0,"gold_loss":0.0,"damage_taken":0.0,"relics_obtained":["MealTicket"],"cards_obtained":["Regret"]},{"damage_healed":0.0,"max_hp_gain":0.0,"max_hp_loss":0.0,"gold_gain":0.0,"event_name":"Back to Basics","player_choice":"Simplicity","floor":19.0,"gold_loss":0.0,"damage_taken":0.0,"cards_upgraded":["Strike_G","Strike_G","Strike_G","Strike_G","Defend_G","Defend_G","Defend_G","Defend_G","Defend_G"]},{"damage_healed":0.0,"max_hp_gain":0.0,"max_hp_loss":0.0,"gold_gain":275.0,"event_name":"Golden Shrine","player_choice":"Desecrate","floor":21.0,"gold_loss":0.0,"damage_taken":0.0,"cards_obtained":["Regret"]},{"damage_healed":0.0,"max_hp_gain":0.0,"max_hp_loss":0.0,"gold_gain":0.0,"event_name":"Cursed Tome","player_choice":"Ignored","floor":31.0,"gold_loss":0.0,"damage_taken":0.0},{"damage_healed":0,"gold_gain":0,"player_choice":"Relic","damage_taken":0,"max_hp_gain":0,"max_hp_loss":0,"event_name":"Wheel of Change","floor":39,"gold_loss":0}],"is_beta":false,"boss_relics":[{"not_picked":["Pandora\u0027s Box","RhineFirstAidKit"],"picked":"Calling Bell"},{"not_picked":["reliquary:Ember","ReplayTheSpireMod:DimensionalGlitch"],"picked":"Busted Crown"}],"items_purged_floors":[3,10,22,36,38,53],"is_endless":false,"potions_floor_spawned":[2,6,27,28,29,37,42,45,48],"ascension_level":1}}