{"host":"0u8wq8q0l49hd262","time":1612895982,"event":{"mods":["2.2 Compatiblity","AchievementEnabler","Act Like it!","Aspiration","BaseMod","Better Match","Better Note","Better Sensory Stone","Better Third Choice","Block Reminder","Colored Map","Colored Powertips","GifTheSpireLib","Highlight Path","Minty Spire (QoL Compilation)","Pale of the Ancients","Permanent Neow","Quick Restart","Rare Cards Sparkle","Relic Sorter","Relic Stats","StSLib","Transform Curses","egg","everything is the same but u backflip on backflip"],"gold_per_floor":[115,126,143,2,22,49,49,78,78,78,97,113,142,161,161,266,266,284,284,159,169,181,181,208,208,287,298,331,81,29,56,56,160,160,171,188,206,306,59,84,84,113,185,213,213,61,71,89,89,89],"floor_reached":51,"language":"ENG","playtime":6411,"items_purged":["Strike_G","Regret"],"score":1046,"play_id":"39a0865b-8df9-4c45-b745-f6ef8b5e43a6","local_time":"20210209193942","is_ascension_mode":true,"campfire_choices":[{"data":"Well Laid Plans","floor":7,"key":"SMITH"},{"data":"After Image","floor":10,"key":"SMITH"},{"data":"Accuracy","floor":15,"key":"SMITH"},{"data":"Cloak And Dagger","floor":23,"key":"SMITH"},{"data":"After Image","floor":25,"key":"SMITH"},{"data":"Cloak And Dagger","floor":32,"key":"SMITH"},{"floor":41,"key":"REST"}],"circlet_count":0,"master_deck":["Strike_G","Strike_G","Strike_G","Strike_G","Defend_G","Defend_G","Defend_G","Defend_G","Defend_G","Survivor","Neutralize","Poisoned Stab","Backflip","PiercingWail","Blur","Well Laid Plans+1","Blade Dance","After Image+1","Accuracy+1","Choke","Deadly Poison","After Image+1","Infinite Blades","Deadly Poison","Cloak And Dagger+1","Infinite Blades","Cloak And Dagger+1","Burst","Accuracy+1","Blade Dance","WheelKick","Decay","Cloak And Dagger+1","Choke+1","Phantasmal Killer"],"relics":["Ring of the Snake","aspiration:Nostalgia","Burning Blood","Dream Catcher","Anchor","Bottled Flame","Question Card","Cursed Key","Red Mask","Pear","WingedGreaves","Darkstone Periapt","aspiration:Lifesprig","Oddly Smooth Stone","aspiration:WatcherSkillbook","Lantern","aspiration:ArtOfWarUpgrade","Regal Pillow","Molten Egg 2","aspiration:SeaSaltIceCream","aspiration:Nostalgia","PureWater","Bag of Preparation"],"acts_visited":["Exordium","TheCity","TheBeyond"],"potions_floor_usage":[6,12,13,22,50],"damage_taken":[{"damage":1,"enemies":"Cultist","floor":1,"turns":5},{"damage":1,"enemies":"2 Louse","floor":2,"turns":3},{"damage":5,"enemies":"Small Slimes","floor":3,"turns":4},{"damage":3,"enemies":"Blue Slaver","floor":5,"turns":6},{"damage":11,"enemies":"Lagavulin","floor":6,"turns":8},{"damage":28,"enemies":"Gremlin Nob","floor":8,"turns":5},{"damage":8,"enemies":"Lots of Slimes","floor":11,"turns":6},{"damage":4,"enemies":"2 Fungi Beasts","floor":12,"turns":4},{"damage":0,"enemies":"3 Sentries","floor":13,"turns":10},{"damage":1,"enemies":"Red Slaver","floor":14,"turns":4},{"damage":17,"enemies":"Hexaghost","floor":16,"turns":11},{"damage":0,"enemies":"3 Byrds","floor":18,"turns":6},{"damage":0,"enemies":"Chosen","floor":21,"turns":4},{"damage":24,"enemies":"3 Cultists","floor":22,"turns":6},{"damage":19,"enemies":"Masked Bandits","floor":24,"turns":6},{"damage":7,"enemies":"Centurion and Healer","floor":27,"turns":6},{"damage":4,"enemies":"Gremlin Leader","floor":28,"turns":8},{"damage":5,"enemies":"Book of Stabbing","floor":31,"turns":5},{"damage":9,"enemies":"Automaton","floor":33,"turns":10},{"damage":8,"enemies":"3 Shapes","floor":35,"turns":4},{"damage":4,"enemies":"3 Darklings","floor":36,"turns":5},{"damage":19,"enemies":"Transient","floor":37,"turns":5},{"damage":14,"enemies":"Giant Head","floor":40,"turns":6},{"damage":31,"enemies":"Nemesis","floor":42,"turns":7},{"damage":0,"enemies":"Giant Head","floor":44,"turns":6},{"damage":0,"enemies":"Writhing Mass","floor":47,"turns":5},{"damage":0,"enemies":"Sphere and 2 Shapes","floor":48,"turns":3},{"damage":69,"enemies":"Time Eater","floor":50,"turns":8}],"seed_played":"-6024401611287183168","potions_obtained":[{"floor":1,"key":"BlessingOfTheForge"},{"floor":5,"key":"Explosive Potion"},{"floor":8,"key":"Fire Potion"},{"floor":13,"key":"SmokeBomb"},{"floor":16,"key":"Strength Potion"},{"floor":22,"key":"Energy Potion"},{"floor":24,"key":"LiquidBronze"},{"floor":33,"key":"Poison Potion"}],"is_trial":false,"path_per_floor":["M","M","M","$","M","E","R","E","T","R","M","M","E","M","R","B",null,"M","?","$","M","M","R","?","R","T","M","E","$","?","E","R","B",null,"M","M","M","?","$","E","R","E","T","E","R","$","M","M","R","B",null],"character_chosen":"THE_SILENT","items_purchased":["Blur","Well Laid Plans","Deadly Poison","Darkstone Periapt","Lantern","Bag of Preparation"],"campfire_rested":1,"item_purchase_floors":[4,4,20,29,39,46],"current_hp_per_floor":[70,70,70,70,70,65,65,43,43,43,41,43,49,54,54,43,63,69,56,56,62,44,44,31,31,41,40,42,42,42,43,43,40,74,72,74,61,61,61,53,78,53,59,65,65,65,71,77,77,14],"gold":89,"neow_bonus":"NOSTALGIA","is_daily":false,"chose_seed":false,"campfire_upgraded":6,"win_rate":0.0,"timestamp":1612895982,"path_taken":["M","?","M","$","M","E","R","E","T","R","M","M","E","M","R","BOSS","M","?","$","M","M","R","?","R","T","M","E","$","?","E","R","BOSS","M","M","?","?","$","E","R","E","T","E","R","$","?","M","R","BOSS"],"items_purchased_type":["Card","Card","Card","Relic","Relic","Relic"],"build_version":"2020-12-22","purchased_purges":2,"victory":true,"max_hp_per_floor":[70,70,70,70,70,70,70,70,70,70,70,70,70,70,70,70,70,70,75,75,75,75,75,75,75,85,85,85,85,85,85,85,85,85,85,85,85,85,85,85,85,85,91,91,91,91,91,91,91,91],"relic_stats":{"Darkstone Periapt":6,"Dream Catcher":1,"Regal Pillow":0,"counters":[28,166],"Bag of Preparation":[6],"Question Card":19,"Cursed Key":2,"obtain_stats":[{"Darkstone Periapt":29,"aspiration:Lifesprig":30,"Lantern":39,"Regal Pillow":42,"Pear":26,"aspiration:Nostalgia":0,"Oddly Smooth Stone":31,"Bag of Preparation":46,"aspiration:SeaSaltIceCream":44,"Question Card":13,"Cursed Key":17,"Burning Blood":0,"Dream Catcher":6,"Anchor":8,"Bottled Flame":9,"aspiration:WatcherSkillbook":34,"Molten Egg 2":43,"aspiration:ArtOfWarUpgrade":49,"WingedGreaves":28,"Red Mask":24,"Art of War":40,"PureWater":44,"Ring of the Snake":0},{"Darkstone Periapt":17,"aspiration:Lifesprig":17,"Lantern":22,"Regal Pillow":24,"Pear":15,"aspiration:Nostalgia":0,"Oddly Smooth Stone":18,"Bag of Preparation":25,"aspiration:SeaSaltIceCream":25,"Question Card":9,"Cursed Key":11,"Burning Blood":0,"Dream Catcher":5,"Anchor":6,"Bottled Flame":6,"aspiration:WatcherSkillbook":19,"Molten Egg 2":24,"aspiration:ArtOfWarUpgrade":27,"WingedGreaves":17,"Red Mask":15,"Art of War":23,"PureWater":25,"Ring of the Snake":0},{"Darkstone Periapt":102,"aspiration:Lifesprig":102,"Lantern":131,"Regal Pillow":144,"Pear":88,"aspiration:Nostalgia":0,"Oddly Smooth Stone":107,"Bag of Preparation":150,"aspiration:SeaSaltIceCream":150,"Question Card":51,"Cursed Key":66,"Burning Blood":0,"Dream Catcher":26,"Anchor":31,"Bottled Flame":31,"aspiration:WatcherSkillbook":117,"Molten Egg 2":144,"aspiration:ArtOfWarUpgrade":158,"WingedGreaves":102,"Red Mask":88,"Art of War":137,"PureWater":150,"Ring of the Snake":0}],"Burning Blood":154,"Ring of the Snake":[56]},"card_choices":[{"not_picked":["Riddle With Holes","Underhanded Strike"],"picked":"Poisoned Stab","floor":1},{"not_picked":["Sucker Punch","Escape Plan"],"picked":"Backflip","floor":2},{"not_picked":["Underhanded Strike","Slice"],"picked":"PiercingWail","floor":3},{"not_picked":["Riddle With Holes","Leg Sweep","Tactician"],"picked":"SKIP","floor":5},{"not_picked":["Storm of Steel","Acrobatics"],"picked":"Blade Dance","floor":6},{"not_picked":["Deadly Poison","Infinite Blades"],"picked":"After Image","floor":8},{"not_picked":["Dodge and Roll","Leg Sweep"],"picked":"Accuracy","floor":11},{"not_picked":["Eviscerate","Sucker Punch"],"picked":"Choke","floor":12},{"not_picked":["PiercingWail","Sucker Punch","Tactician"],"picked":"SKIP","floor":13},{"not_picked":["Slice","Outmaneuver","Sucker Punch"],"picked":"Deadly Poison","floor":14},{"not_picked":["Die Die Die","Unload","aspiration:Lunge"],"picked":"After Image","floor":16},{"not_picked":["Backflip","Expertise","Predator"],"picked":"Infinite Blades","floor":18},{"not_picked":["Outmaneuver","Deflect","Flying Knee","Bane"],"picked":"SKIP","floor":21},{"not_picked":["Slice","Concentrate","Malaise"],"picked":"Cloak And Dagger","floor":22},{"not_picked":["Sucker Punch","Backflip","Riddle With Holes","Bouncing Flask"],"picked":"SKIP","floor":27},{"not_picked":["Quick Slash+1","Underhanded Strike","Reflex"],"picked":"Infinite Blades","floor":28},{"not_picked":["Underhanded Strike","Riddle With Holes","Flying Knee"],"picked":"Cloak And Dagger","floor":31},{"not_picked":["Doppelganger","A Thousand Cuts","Die Die Die"],"picked":"Burst","floor":33},{"not_picked":["Prostrate","FollowUp+1","Slice","Dagger Throw+1","Predator+1"],"picked":"SKIP","floor":35},{"not_picked":["Infinite Blades","Quick Slash","Flying Knee","WaveOfTheHand"],"picked":"Accuracy+1","floor":36},{"not_picked":["JustLucky+1","CutThroughFate+1","Poisoned Stab","Consecrate+1"],"picked":"Blade Dance","floor":37},{"not_picked":["JustLucky","Venomology","PathToVictory","Doppelganger"],"picked":"WheelKick","floor":40},{"not_picked":["Outmaneuver","Wallop+1","JustLucky","Dodge and Roll+1","Poisoned Stab+1"],"picked":"SKIP","floor":42},{"not_picked":["Fasting2","Meditate","DeceiveReality","FlyingSleeves+1"],"picked":"Cloak And Dagger+1","floor":44},{"not_picked":["WaveOfTheHand+1","WindmillStrike+1","Dagger Throw+1","Quick Slash+1"],"picked":"Choke+1","floor":47},{"not_picked":["Masterful Stab+1","Protect+1","Riddle With Holes+1","Quick Slash+1"],"picked":"Phantasmal Killer","floor":48}],"player_experience":417379,"relics_obtained":[{"floor":6,"key":"Dream Catcher"},{"floor":8,"key":"Anchor"},{"floor":9,"key":"Bottled Flame"},{"floor":13,"key":"Question Card"},{"floor":24,"key":"Red Mask"},{"floor":26,"key":"Pear"},{"floor":28,"key":"WingedGreaves"},{"floor":31,"key":"Oddly Smooth Stone"},{"floor":40,"key":"Art of War"},{"floor":42,"key":"Regal Pillow"},{"floor":43,"key":"Molten Egg 2"},{"floor":44,"key":"aspiration:SeaSaltIceCream"}],"event_choices":[{"damage_healed":0,"gold_gain":0,"player_choice":"Shed Blood","damage_taken":18,"max_hp_gain":5,"max_hp_loss":0,"event_name":"Forgotten Altar","floor":19,"gold_loss":0},{"damage_healed":0,"gold_gain":0,"player_choice":"Fought Bandits","damage_taken":0,"max_hp_gain":0,"max_hp_loss":0,"event_name":"Masked Bandits","floor":24,"gold_loss":0},{"damage_healed":0,"gold_gain":0,"player_choice":"Paid Gold","damage_taken":0,"relics_obtained":["aspiration:Lifesprig"],"max_hp_gain":0,"max_hp_loss":0,"event_name":"WeMeetAgain","floor":30,"gold_loss":52},{"damage_healed":0,"gold_gain":100,"player_choice":"Pray","damage_taken":0,"max_hp_gain":0,"max_hp_loss":0,"event_name":"Golden Shrine","floor":38,"gold_loss":0}],"is_beta":false,"boss_relics":[{"not_picked":["aspiration:FutureDiary","Snecko Eye"],"picked":"Cursed Key"},{"not_picked":["Coffee Dripper","SlaversCollar"],"picked":"aspiration:WatcherSkillbook"}],"items_purged_floors":[20,39],"is_endless":false,"potions_floor_spawned":[1,5,8,13,16,22,24,33,35,36,42,47],"ascension_level":5}}