{"host":"vit9b6u76k1y61sh","time":1612856362,"event":{"mods":["BaseMod","Block Reminder","Colored Powertips","Highlight Path","Minty Spire (QoL Compilation)","Rare Cards Sparkle","Relic Sorter","Relic Stats","StSLib"],"gold_per_floor":[115,40,55,5,5,37,37,70,70,70,70],"floor_reached":10,"language":"ENG","playtime":391,"items_purged":["Strike_R"],"score":109,"play_id":"a0048917-16c6-4b3a-829c-bb9b8af55f62","local_time":"20210209023922","is_ascension_mode":true,"campfire_choices":[],"circlet_count":0,"master_deck":["Strike_R","Strike_R","Strike_R","Defend_R","Defend_R","Defend_R","Defend_R","Bash","Flex","Heavy Blade","Regret","Shrug It Off","Flame Barrier+1"],"relics":["Burning Blood","NeowsBlessing","Blue Candle","Anchor","Shuriken","Toxic Egg 2","Bronze Scales"],"acts_visited":["Exordium"],"potions_floor_usage":[8,10],"damage_taken":[{"damage":0,"enemies":"Small Slimes","floor":1,"turns":1},{"damage":0,"enemies":"Jaw Worm","floor":3,"turns":1},{"damage":0,"enemies":"Gremlin Nob","floor":6,"turns":1},{"damage":28,"enemies":"3 Sentries","floor":8,"turns":11},{"damage":53,"enemies":"Lagavulin","floor":10,"turns":16}],"seed_played":"-4087779312112275299","potions_obtained":[{"floor":1,"key":"Fire Potion"},{"floor":3,"key":"FearPotion"}],"is_trial":false,"path_per_floor":["M","$","M","?","?","E","T","E","T","E"],"character_chosen":"IRONCLAD","items_purchased":[],"campfire_rested":0,"item_purchase_floors":[],"current_hp_per_floor":[80,80,80,80,80,80,80,58,58,5,5],"gold":70,"neow_bonus":"THREE_ENEMY_KILL","is_daily":false,"chose_seed":false,"campfire_upgraded":0,"win_rate":0.0,"timestamp":1612856362,"path_taken":["M","$","M","?","?","E","?","E","T","E"],"items_purchased_type":[],"build_version":"2020-12-22","purchased_purges":1,"victory":false,"max_hp_per_floor":[80,80,80,80,80,80,80,80,80,80,80],"relic_stats":{"counters":[5,30],"Shuriken":[0],"Blue Candle":[2],"Bronze Scales":[27],"obtain_stats":[{"Anchor":6,"NeowsBlessing":0,"Shuriken":7,"Blue Candle":5,"Bronze Scales":9,"Toxic Egg 2":8,"Burning Blood":0},{"Anchor":3,"NeowsBlessing":0,"Shuriken":3,"Blue Candle":2,"Bronze Scales":4,"Toxic Egg 2":4,"Burning Blood":0},{"Anchor":3,"NeowsBlessing":0,"Shuriken":3,"Blue Candle":2,"Bronze Scales":14,"Toxic Egg 2":14,"Burning Blood":0}],"Burning Blood":6},"card_choices":[{"not_picked":["Evolve","Whirlwind"],"picked":"Flex","floor":1},{"not_picked":["Body Slam","Disarm"],"picked":"Heavy Blade","floor":3},{"not_picked":["Twin Strike","Impervious"],"picked":"Shrug It Off","floor":6},{"not_picked":["Wild Strike","Iron Wave"],"picked":"Flame Barrier+1","floor":8}],"player_experience":157637,"relics_obtained":[{"floor":6,"key":"Anchor"},{"floor":7,"key":"Shuriken"},{"floor":8,"key":"Toxic Egg 2"},{"floor":9,"key":"Bronze Scales"}],"event_choices":[{"cards_removed":["Strike_R"],"damage_healed":0,"gold_gain":0,"player_choice":"Card Removal","damage_taken":0,"max_hp_gain":0,"max_hp_loss":0,"event_name":"The Cleric","floor":4,"gold_loss":50},{"damage_healed":0,"gold_gain":0,"player_choice":"Box","damage_taken":0,"relics_obtained":["Blue Candle"],"max_hp_gain":0,"max_hp_loss":0,"event_name":"Big Fish","floor":5,"gold_loss":0,"cards_obtained":["Regret"]}],"is_beta":false,"boss_relics":[],"items_purged_floors":[2],"is_endless":false,"potions_floor_spawned":[1,3],"killed_by":"Lagavulin","ascension_level":2}}