{"host":"xp27heuvanyklt0b","time":1612857735,"event":{"mods":["100% Spire Juice","BaseMod","CapriCore","Koishi","Lobotomy","Minty Spire (QoL Compilation)","Prisma Mod","StSLib","The Immortal"],"gold_per_floor":[118,135,15,31,41,67,67,81,81,81,91,111,111,130,130,130,130],"floor_reached":16,"language":"KOR","playtime":907,"items_purged":[],"score":156,"play_id":"2578aecf-8763-4621-84d3-b83cde078b13","local_time":"20210209170215","is_ascension_mode":false,"campfire_choices":[{"data":"Fire Breathing","floor":7,"key":"SMITH"},{"floor":15,"key":"REST"}],"circlet_count":0,"master_deck":["Strike_R","Strike_R","Strike_R","Strike_R","Defend_R","Defend_R","Defend_R","Defend_R","OSAHOGD","Clash","HappyTeddy","Evolve","Clash","Reckless Charge","Sentinel","Anger","Fire Breathing+1","BeautyBeast","Thunderclap","VoidDream","Armaments","LittleHelper","Infernal Blade","PunishingBird","Reaper","Intimidate","MHz"],"relics":["Burning Blood","CogitoBucket","Kunai","HellTrain","Mercury Hourglass"],"acts_visited":["Exordium"],"potions_floor_usage":[],"damage_taken":[{"damage":1,"enemies":"Jaw Worm","floor":1,"turns":6},{"damage":0,"enemies":"Cultist","floor":2,"turns":2},{"damage":0,"enemies":"2 Louse","floor":4,"turns":2},{"damage":0,"enemies":"Looter","floor":5,"turns":2},{"damage":11,"enemies":"Lagavulin","floor":6,"turns":5},{"damage":33,"enemies":"Large Slime","floor":8,"turns":3},{"damage":35,"enemies":"Exordium Thugs","floor":11,"turns":3},{"damage":2,"enemies":"Looter","floor":12,"turns":4},{"damage":0,"enemies":"Exordium Wildlife","floor":14,"turns":3}],"seed_played":"-3548743564828799047","potions_obtained":[{"floor":6,"key":"GamblersBrew"},{"floor":8,"key":"SkillPotion"},{"floor":11,"key":"Strength Potion"}],"is_trial":false,"path_per_floor":["M","M","$","M","M","E","R","M","T","?","M","M","?","M","R","B"],"character_chosen":"IRONCLAD","items_purchased":["Clash","Reckless Charge"],"campfire_rested":1,"item_purchase_floors":[3,3],"current_hp_per_floor":[80,80,80,80,80,76,76,50,50,55,27,32,32,40,65,0,0],"gold":130,"neow_bonus":"","is_daily":false,"chose_seed":false,"campfire_upgraded":1,"win_rate":0.0,"timestamp":1612857735,"path_taken":["M","M","$","M","M","E","R","M","T","?","M","M","?","M","R","BOSS"],"items_purchased_type":["Card","Card"],"build_version":"2020-12-22","purchased_purges":0,"victory":false,"max_hp_per_floor":[80,80,80,80,80,80,80,80,80,85,85,85,85,85,85,85,85],"card_choices":[{"not_picked":["UniverseFragment","SpiderBud"],"picked":"OSAHOGD","floor":1},{"not_picked":["Heavy Blade","Dual Wield"],"picked":"Clash","floor":1},{"not_picked":["Variant","Mercenary"],"picked":"HappyTeddy","floor":2},{"not_picked":["Combust","Sword Boomerang"],"picked":"Evolve","floor":2},{"not_picked":["Iron Wave","Anger"],"picked":"Sentinel","floor":4},{"not_picked":["LaLuna","WallGazer"],"picked":"Scorched","floor":4},{"not_picked":["Rupture","Sword Boomerang"],"picked":"Anger","floor":5},{"not_picked":["QueenBee","CrumblingArmor"],"picked":"Funeral","floor":5},{"not_picked":["Fiend Fire","Wild Strike"],"picked":"Fire Breathing","floor":6},{"not_picked":["ShyLook","OldLady"],"picked":"BeautyBeast","floor":6},{"not_picked":["Cleave","Reckless Charge"],"picked":"Thunderclap","floor":8},{"not_picked":["OldLady","LongBird"],"picked":"VoidDream","floor":8},{"not_picked":["True Grit","Anger"],"picked":"Armaments","floor":11},{"not_picked":["Wellcheers","UniverseFragment"],"picked":"LittleHelper","floor":11},{"not_picked":["Seeing Red","Dual Wield"],"picked":"Infernal Blade","floor":12},{"not_picked":["SpiderBud","SingingMachine"],"picked":"PunishingBird","floor":12},{"not_picked":["Shrug It Off","Iron Wave"],"picked":"Intimidate","floor":14},{"not_picked":["DespairKnight","Wellcheers"],"picked":"MHz","floor":14}],"player_experience":189434,"relics_obtained":[{"floor":6,"key":"Kunai"},{"floor":9,"key":"Mercury Hourglass"}],"event_choices":[{"damage_healed":0,"gold_gain":0,"player_choice":"Donut","damage_taken":0,"max_hp_gain":5,"max_hp_loss":0,"event_name":"Big Fish","floor":10,"gold_loss":0},{"damage_healed":0,"gold_gain":0,"cards_transformed":["Funeral"],"player_choice":"Change","damage_taken":0,"max_hp_gain":0,"max_hp_loss":0,"event_name":"Living Wall","floor":13,"gold_loss":0,"cards_obtained":["Reaper"]}],"is_beta":false,"boss_relics":[],"items_purged_floors":[],"is_endless":false,"potions_floor_spawned":[6,8,11,14],"killed_by":"Slime Boss","ascension_level":0}}