{"host":"ymfuug9wltck55tm","time":1612837204,"event":{"mods":["ATMod(∞¢Ë™Mod)","Act Like it!","BaseMod","Conspire","Downfall","Gensokyo","Marisa£®ÏF”Í°°ƒß¿Ì…≥£©","Minty Spire (QoL Compilation)","Quarter Circle Forward PUNCH!","Reimu£®≤©¿ˆ¡È√Œ£©","Relic Filter Mod","Relic Stats","Remilia£®¿Ÿ√◊¿Ú—«£©","Replay The Spire","RumiaBox-¬∂√◊Ê´µƒ…Ò√ÿ∫–◊”","Shop Mod","StSLib","WarShipGirlsR/’ΩΩ¢…Ÿ≈ÆR mod","Youmu£®ªÍ∆«—˝√Œ£©","Yuyuko","noobMod","°æπ¶ƒ‹Mod°øªÏ„Á÷Æª∑–ﬁ∏¥≤π∂°"],"gold_per_floor":[111,136,154,189,213,254,279,332,359,388,388,429,470,507,507,605,605,654,686,721,749,782,825,869,889,943,995,214,258,274,274],"floor_reached":30,"language":"ZHS","playtime":4381,"items_purged":["IrresoluteSoul"],"score":1463,"play_id":"89927d9a-fa23-40af-9f7f-1f8152b9b44f","local_time":"20210209102004","daily_mods":["Vintage","Heirloom","Flight","DeadlyEvents","Elite Swarm"],"is_ascension_mode":true,"campfire_choices":[{"floor":15.0,"key":"REST"}],"circlet_count":0,"master_deck":["AscendersBane","Strike_YM","Strike_YM","Strike_YM","Strike_YM+1","Defend_YM","Defend_YM","Defend_YM+1","Defend_YM+1","SlashOfPresentWorld","WheelOfPainOfLivingAndDead","AT_OneInchPunch","HeavenSword+1","Pot Of Greed","Pot Of Greed","MatsuyoiReflectingSatelliteSlash","HumanKnowledgeSword","SwordOfBindingDesires","SpiderLilyBurial","StrangeHalfBody","SlashOfTheEternalFuture","HellRealmSword","SuddenDivineSeveringOfKarmicWind","ConstancyOfTheConventionalTruth","FantasyOfEnteringEnlightenment+1","Pot Of Greed","FourBirthsSword+1","GreatEnlightenmentAppearingAndDisappearing","IrresoluteSoul","FastingOfTheYoungPreta","SuddenPhantomFormationSlashOfKarmicWind","WickedSoul"],"relics":["HalfPhantom","replay:Trail_Library","ice","AT_ATBox","Guardian:GemstoneGun","Replay:Bandana","qcfpunch:Handcuffs","qcfpunch:Wild_Herbs_Ointment","Eternal Feather","SSSystem","Regal Pillow","Bag of Marbles","Grinning Jar","FencingExperience","AT_ArchangelStaff","AT_EbonyIvory","War Paint","Lantern","Gremlin Food","AT_TrinityForce","Omamori","Tiny Chest","ScarletDevilRocket","Replay:Bottled Steam","PureWhite:ReiMu","Guardian:PocketSentry","Vajra","Meat on the Bone","Bag of Preparation","Baka2","StrikeDummy","MerchantsRug","Blue Doll","hexamod:BolsterEngine","Chemical X","Simple Rune"],"acts_visited":["Gensokyo:Gensokyo","Gensokyo:Gensokyoer"],"potions_floor_usage":[],"damage_taken":[{"damage":1.0,"enemies":"Gensokyo:Gryphon","floor":1.0,"turns":2.0},{"damage":1.0,"enemies":"Gensokyo:Python","floor":2.0,"turns":2.0},{"damage":0.0,"enemies":"Gensokyo:2_Kodama","floor":3.0,"turns":2.0},{"damage":0.0,"enemies":"Gensokyo:LivingMonolith","floor":4.0,"turns":1.0},{"damage":4.0,"enemies":"Gensokyo:3_Kodama","floor":5.0,"turns":2.0},{"damage":80.0,"enemies":"Gensokyo:Cirno","floor":6.0,"turns":12.0},{"damage":0.0,"enemies":"Gensokyo:Gryphon_and_Rabbit","floor":7.0,"turns":1.0},{"damage":0.0,"enemies":"Gensokyo:Mamizou","floor":8.0,"turns":4.0},{"damage":0.0,"enemies":"Gensokyo:Aya","floor":10.0,"turns":1.0},{"damage":0.0,"enemies":"Gensokyo:Mamizou","floor":12.0,"turns":3.0},{"damage":13.0,"enemies":"Gensokyo:Cirno","floor":13.0,"turns":5.0},{"damage":0.0,"enemies":"Gensokyo:Aya","floor":14.0,"turns":2.0},{"damage":0.0,"enemies":"Gensokyo:Reimu","floor":16.0,"turns":3.0},{"damage":1,"enemies":"Gensokyo:3_Dogs","floor":18,"turns":3},{"damage":0,"enemies":"Gensokyo:Chomper","floor":19,"turns":2},{"damage":0,"enemies":"Gensokyo:3_Gloops","floor":20,"turns":2},{"damage":0,"enemies":"Gensokyo:Monolith_and_Dog","floor":21,"turns":1},{"damage":43,"enemies":"Gensokyo:Wraith","floor":22,"turns":6},{"damage":0,"enemies":"Gensokyo:Tenshi","floor":23,"turns":2},{"damage":0,"enemies":"Gensokyo:Koishi","floor":24,"turns":2},{"damage":0,"enemies":"Gensokyo:Slime_Group","floor":25,"turns":1},{"damage":0,"enemies":"Gensokyo:Tenshi","floor":27,"turns":3},{"damage":0,"enemies":"Gensokyo:Koishi","floor":29,"turns":3},{"damage":6,"enemies":"Gensokyo:Monolith_and_Dog","floor":30,"turns":2}],"seed_played":"-601861412372859304","potions_obtained":[{"floor":3.0,"key":"DistilledChaos"},{"floor":6.0,"key":"Explosive Potion"},{"floor":29,"key":"FearPotion"}],"is_trial":true,"path_per_floor":["M","M","M","M","M","E","M","E","T","E","?","E","E","E","R","B",null,"M","M","M","M","M","E","E","M","T","E","$","E","M"],"character_chosen":"YOUMU","items_purchased":["MerchantsRug","Blue Doll","hexamod:BolsterEngine","Chemical X","SuddenPhantomFormationSlashOfKarmicWind"],"campfire_rested":1,"item_purchase_floors":[28,28,28,28,28],"current_hp_per_floor":[92,91,91,91,87,11,11,11,11,11,11,11,84,84,98,98,98,97,97,97,97,58,58,61,61,61,61,61,5,0,0],"gold":274,"neow_bonus":"","is_daily":false,"chose_seed":false,"campfire_upgraded":0,"win_rate":0.0,"timestamp":1612837204,"path_taken":["M","M","M","M","M","E","M","E","T","E","?","E","E","E","R","BOSS","M","M","M","M","M","E","E","M","T","E","$","E","M"],"items_purchased_type":["Relic","Relic","Relic","Relic","Card"],"build_version":"2020-12-22","purchased_purges":1,"victory":false,"max_hp_per_floor":[93,93,93,93,93,97,97,97,97,97,97,97,98,98,98,98,98,98,98,98,98,102,102,105,105,105,105,105,109,109,109],"relic_stats":{"Regal Pillow":0,"counters":[24,66],"Eternal Feather":12,"Tiny Chest":0,"Bag of Preparation":[4],"Chemical X":[1],"War Paint":["Defend_YM","Defend_YM"],"obtain_stats":[{"Regal Pillow":5,"FencingExperience":8,"Lantern":13,"AT_ATBox":0,"ScarletDevilRocket":20,"SSSystem":4,"Vajra":24,"HalfPhantom":0,"Blue Doll":28,"ice":0,"Bag of Preparation":26,"AT_ArchangelStaff":9,"qcfpunch:Wild_Herbs_Ointment":2,"Frozen Eye":24,"Replay:Bandana":1,"Baka2":27,"AT_TrinityForce":17,"Tiny Chest":19,"qcfpunch:Handcuffs":2,"Chemical X":28,"replay:Trail_Library":0,"Replay:Bottled Steam":21,"Gremlin Food":14,"MerchantsRug":28,"Guardian:GemstoneGun":0,"Eternal Feather":3,"AT_EbonyIvory":10,"Baka":1,"Omamori":18,"Guardian:PocketSentry":23,"War Paint":12,"PureWhite:ReiMu":22,"Simple Rune":29,"Bag of Marbles":6,"Grinning Jar":7,"hexamod:BolsterEngine":28,"StrikeDummy":27,"Meat on the Bone":25},{"Regal Pillow":5,"FencingExperience":8,"Lantern":11,"AT_ATBox":0,"ScarletDevilRocket":16,"SSSystem":4,"Vajra":20,"HalfPhantom":0,"Blue Doll":22,"ice":0,"Bag of Preparation":21,"AT_ArchangelStaff":8,"qcfpunch:Wild_Herbs_Ointment":2,"Frozen Eye":19,"Replay:Bandana":1,"Baka2":22,"AT_TrinityForce":13,"Tiny Chest":15,"qcfpunch:Handcuffs":2,"Chemical X":22,"replay:Trail_Library":0,"Replay:Bottled Steam":17,"Gremlin Food":12,"MerchantsRug":22,"Guardian:GemstoneGun":0,"Eternal Feather":3,"AT_EbonyIvory":9,"Baka":1,"Omamori":14,"Guardian:PocketSentry":19,"War Paint":10,"PureWhite:ReiMu":18,"Simple Rune":23,"Bag of Marbles":6,"Grinning Jar":7,"hexamod:BolsterEngine":22,"StrikeDummy":22,"Meat on the Bone":21},{"Regal Pillow":9,"FencingExperience":26,"Lantern":35,"AT_ATBox":0,"ScarletDevilRocket":47,"SSSystem":7,"Vajra":58,"HalfPhantom":0,"Blue Doll":61,"ice":0,"Bag of Preparation":59,"AT_ArchangelStaff":26,"qcfpunch:Wild_Herbs_Ointment":4,"Frozen Eye":56,"Replay:Bandana":2,"Baka2":61,"AT_TrinityForce":40,"Tiny Chest":45,"qcfpunch:Handcuffs":4,"Chemical X":61,"replay:Trail_Library":0,"Replay:Bottled Steam":48,"Gremlin Food":37,"MerchantsRug":61,"Guardian:GemstoneGun":0,"Eternal Feather":6,"AT_EbonyIvory":27,"Baka":2,"Omamori":43,"Guardian:PocketSentry":56,"War Paint":30,"PureWhite:ReiMu":54,"Simple Rune":64,"Bag of Marbles":21,"Grinning Jar":22,"hexamod:BolsterEngine":61,"StrikeDummy":61,"Meat on the Bone":59}],"Meat on the Bone":0},"card_choices":[{"not_picked":["VoidnessSword","AsuraSword"],"picked":"HeavenSword","floor":6.0},{"not_picked":["ASingleThoughtAndInfiniteKalpas","WickedSoul"],"picked":"MatsuyoiReflectingSatelliteSlash","floor":8.0},{"not_picked":["HeavenGodSword","DeadlyForm"],"picked":"IrresoluteSoul","floor":10.0},{"not_picked":["LowerRealmReflectionSlash","ConstancyOfTheConventionalTruth"],"picked":"SwordOfBindingDesires","floor":11.0},{"not_picked":["ConstancyOfTheConventionalTruth","SlashOfAscensionToBuddhahood"],"picked":"SpiderLilyBurial","floor":11.0},{"not_picked":["IrresoluteSoul","FastingOfTheYoungPreta"],"picked":"StrangeHalfBody","floor":12.0},{"not_picked":["AsuraSword","StrangeHalfBody"],"picked":"SlashOfTheEternalFuture","floor":13.0},{"not_picked":["HeavenGodSword","ReincarnationSword"],"picked":"HellRealmSword","floor":14.0},{"not_picked":["HeavenGodSword","HellRealmSword"],"picked":"SuddenDivineSeveringOfKarmicWind","floor":16.0},{"not_picked":["BloodOfAsura","SlashOfMeditation"],"picked":"ConstancyOfTheConventionalTruth","floor":19},{"not_picked":["ObsessionWithThePresentWorld","SlashOfMeditation+1"],"picked":"FantasyOfEnteringEnlightenment+1","floor":19},{"not_picked":["BizarrenessOfSixRealms","TurningAngelCut"],"picked":"FourBirthsSword+1","floor":19},{"not_picked":["HellRealmSword","DeadlyForm"],"picked":"GreatEnlightenmentAppearingAndDisappearing","floor":23},{"not_picked":["SuddenDivineSeveringOfKarmicWind","AsuraSword"],"picked":"IrresoluteSoul","floor":24},{"not_picked":["ASingleThoughtAndInfiniteKalpas","GreatEnlightenmentAppearingAndDisappearing"],"picked":"FastingOfTheYoungPreta","floor":27},{"not_picked":["SuddenDivineSeveringOfKarmicWind","GreatEnlightenmentAppearingAndDisappearing"],"picked":"WickedSoul","floor":29}],"player_experience":30974,"relics_obtained":[{"floor":1.0,"key":"Replay:Bandana"},{"floor":1.0,"key":"Baka"},{"floor":2.0,"key":"qcfpunch:Handcuffs"},{"floor":2.0,"key":"qcfpunch:Wild_Herbs_Ointment"},{"floor":3.0,"key":"Eternal Feather"},{"floor":4.0,"key":"SSSystem"},{"floor":5.0,"key":"Regal Pillow"},{"floor":6.0,"key":"Bag of Marbles"},{"floor":7.0,"key":"Grinning Jar"},{"floor":8.0,"key":"FencingExperience"},{"floor":9.0,"key":"AT_ArchangelStaff"},{"floor":10.0,"key":"AT_EbonyIvory"},{"floor":12.0,"key":"War Paint"},{"floor":13.0,"key":"Lantern"},{"floor":14.0,"key":"Gremlin Food"},{"floor":18,"key":"Omamori"},{"floor":19,"key":"Tiny Chest"},{"floor":20,"key":"ScarletDevilRocket"},{"floor":21,"key":"Replay:Bottled Steam"},{"floor":22,"key":"PureWhite:ReiMu"},{"floor":23,"key":"Guardian:PocketSentry"},{"floor":24,"key":"Vajra"},{"floor":25,"key":"Meat on the Bone"},{"floor":26,"key":"Bag of Preparation"},{"floor":27,"key":"Baka2"},{"floor":27,"key":"StrikeDummy"},{"floor":29,"key":"Simple Rune"}],"event_choices":[],"is_beta":false,"boss_relics":[{"not_picked":["Calling Bell","SlaversCollar"],"picked":"AT_TrinityForce"}],"items_purged_floors":[28],"is_endless":true,"potions_floor_spawned":[3,6,7,8,10,14,16,19,23,24,27,29],"killed_by":"Gensokyo:Monolith_and_Dog","ascension_level":20}}