{"host":"zmnaju399zpax9sm","time":1612877596,"event":{"mods":["BaseMod","Hermit","Minty Spire (QoL Compilation)","StSLib","The Cursed","The Poker Player","The Runesmith"],"gold_per_floor":[113,113,113,38,38,73,93,93,93,128,128,141,151,168,168,267,267,283,283,283,283,133,165,175,208,208,208,240,258,270,290,290,392,392,410,425,180,192,208,208,240,240,240,240,240,269,269,286,286,286],"floor_reached":51,"language":"KOR","playtime":4524,"items_purged":["PokerPlayerMod:Club1","PokerPlayerMod:PoorCopy"],"score":850,"play_id":"508be883-a036-4c14-b84c-5a963f2a5971","local_time":"20210209223316","is_ascension_mode":false,"metric_token":478,"campfire_choices":[{"floor":8.0,"key":"REST"},{"data":"PokerPlayerMod:GamblerForm","floor":11.0,"key":"SMITH"},{"data":"PokerPlayerMod:TrumpStrike","floor":15.0,"key":"SMITH"},{"data":"PokerPlayerMod:CardPrinter","floor":27.0,"key":"SMITH"},{"data":"PokerPlayerMod:CardPrinter+1","floor":32.0,"key":"SMITH"},{"data":"PokerPlayerMod:CardPrinter+2","floor":40.0,"key":"SMITH"},{"data":"PokerPlayerMod:CardPrinter+3","floor":47.0,"key":"SMITH"},{"floor":49.0,"key":"REST"}],"circlet_count":0,"master_deck":["PokerPlayerMod:Diamond2","PokerPlayerMod:Diamond3","PokerPlayerMod:Diamond4","PokerPlayerMod:Diamond5","PokerPlayerMod:Spade2","PokerPlayerMod:Spade3","PokerPlayerMod:Spade4","PokerPlayerMod:TrumpStrike+1","PokerPlayerMod:BadJoker","PokerPlayerMod:Mulligan","PokerPlayerMod:HiddenCard","PokerPlayerMod:SecondChance+1","PokerPlayerMod:GamblerForm+1","PokerPlayerMod:Diamond4","PokerPlayerMod:FakeSymbols","PokerPlayerMod:CardPrinter+4","PokerPlayerMod:HotShotCut+1","PokerPlayerMod:Spade10+","PokerPlayerMod:Spade10+","PokerPlayerMod:Diamond10+","PokerPlayerMod:Club9","PokerPlayerMod:ClubShade+1","PokerPlayerMod:SecretDealer","PokerPlayerMod:Diamond10+"],"relics":["PokerPlayerMod:DeckCase","NeowsBlessing","Regal Pillow","Molten Egg 2","Odd Mushroom","PokerPlayerMod:BottledPoker","MealTicket","SlaversCollar","PreservedInsect","Bird Faced Urn","Mercury Hourglass","Oddly Smooth Stone","Sozu","Whetstone","PokerPlayerMod:Splitter","White Beast Statue","Bottled Tornado","Bronze Scales"],"acts_visited":["Exordium","TheCity","TheBeyond"],"potions_floor_usage":[50,50,50],"damage_taken":[{"damage":0.0,"enemies":"Small Slimes","floor":1.0,"turns":1.0},{"damage":0.0,"enemies":"Gremlin Nob","floor":6.0,"turns":1.0},{"damage":0.0,"enemies":"The Mushroom Lair","floor":7.0,"turns":1.0},{"damage":9.0,"enemies":"3 Sentries","floor":10.0,"turns":3.0},{"damage":1.0,"enemies":"Jaw Worm","floor":12.0,"turns":2.0},{"damage":0.0,"enemies":"2 Louse","floor":13.0,"turns":2.0},{"damage":6.0,"enemies":"Large Slime","floor":14.0,"turns":3.0},{"damage":0.0,"enemies":"Slime Boss","floor":16.0,"turns":7.0},{"damage":5.0,"enemies":"Chosen","floor":18.0,"turns":4.0},{"damage":0.0,"enemies":"2 Thieves","floor":21.0,"turns":1.0},{"damage":0.0,"enemies":"Gremlin Leader","floor":23.0,"turns":6.0},{"damage":2.0,"enemies":"Centurion and Healer","floor":24.0,"turns":5.0},{"damage":0.0,"enemies":"Slavers","floor":25.0,"turns":4.0},{"damage":18.0,"enemies":"Gremlin Leader","floor":28.0,"turns":4.0},{"damage":5.0,"enemies":"Snecko","floor":29.0,"turns":4.0},{"damage":0.0,"enemies":"Snake Plant","floor":30.0,"turns":3.0},{"damage":12.0,"enemies":"Shelled Parasite and Fungi","floor":31.0,"turns":5.0},{"damage":6.0,"enemies":"Champ","floor":33.0,"turns":9.0},{"damage":34.0,"enemies":"3 Darklings","floor":35.0,"turns":6.0},{"damage":15.0,"enemies":"Orb Walker","floor":36.0,"turns":3.0},{"damage":15.0,"enemies":"Sphere and 2 Shapes","floor":38.0,"turns":4.0},{"damage":5.0,"enemies":"Transient","floor":39.0,"turns":5.0},{"damage":13.0,"enemies":"Reptomancer","floor":41.0,"turns":6.0},{"damage":6.0,"enemies":"Nemesis","floor":46.0,"turns":5.0},{"damage":27.0,"enemies":"Writhing Mass","floor":48.0,"turns":5.0},{"damage":46,"enemies":"Awakened One","floor":50,"turns":13}],"seed_played":"-3100208052769486693","potions_obtained":[{"floor":1.0,"key":"GamblersBrew"},{"floor":6.0,"key":"SmokeBomb"},{"floor":12.0,"key":"AttackPotion"},{"floor":14.0,"key":"DuplicationPotion"},{"floor":18.0,"key":"AttackPotion"},{"floor":23.0,"key":"Explosive Potion"},{"floor":28.0,"key":"Dexterity Potion"},{"floor":31.0,"key":"Strength Potion"},{"floor":33.0,"key":"LiquidBronze"}],"is_trial":false,"path_per_floor":["M","?","?","$","?","E","?","R","T","E","R","M","M","M","R","B",null,"M","?","?","M","$","E","M","E","T","R","E","M","M","M","R","B",null,"M","M","$","M","M","R","E","?","T","?","T","E","R","M","R","B",null],"character_chosen":"THE_POKER_PLAYER","items_purchased":["PokerPlayerMod:Spade10+","Whetstone"],"campfire_rested":2,"item_purchase_floors":[22,37],"current_hp_per_floor":[52,45,45,45,33,33,35,52,52,43,43,47,47,48,48,50,52,52,52,52,52,52,52,50,50,50,50,38,37,43,37,37,39,52,26,15,30,19,20,20,15,15,15,45,45,39,39,18,45,7],"gold":286,"neow_bonus":"THREE_ENEMY_KILL","is_daily":false,"chose_seed":false,"campfire_upgraded":6,"win_rate":0.0,"timestamp":1612877596,"path_taken":["M","?","?","$","?","E","?","R","T","E","R","M","M","M","R","BOSS","M","?","?","M","$","E","?","E","T","R","E","M","M","M","R","BOSS","M","M","$","M","M","R","E","?","T","?","?","E","R","M","R","BOSS"],"items_purchased_type":["Undefined","Relic"],"build_version":"2020-12-22","purchased_purges":2,"victory":true,"max_hp_per_floor":[52,52,52,52,52,52,52,52,52,52,52,52,52,52,52,52,52,52,52,52,52,52,52,52,52,52,52,52,52,52,52,52,52,52,52,52,52,52,52,52,52,52,52,45,45,45,45,45,45,45],"card_choices":[{"not_picked":["PokerPlayerMod:FlyingCard","PokerPlayerMod:CardBurn"],"picked":"PokerPlayerMod:HiddenCard","floor":1.0},{"not_picked":["PokerPlayerMod:ClubsClub+1","PokerPlayerMod:PoorCopy","PokerPlayerMod:CardBurn"],"picked":"SKIP","floor":6.0},{"not_picked":["PokerPlayerMod:ClubsClub+1","PokerPlayerMod:Spade1"],"picked":"PokerPlayerMod:SecondChance+1","floor":7.0},{"not_picked":["PokerPlayerMod:Spade1","PokerPlayerMod:Spade2"],"picked":"PokerPlayerMod:GamblerForm","floor":10.0},{"not_picked":["PokerPlayerMod:CloakAndDiamond","PokerPlayerMod:Heart1","PokerPlayerMod:Diamond4"],"picked":"SKIP","floor":12.0},{"not_picked":["PokerPlayerMod:Diamond2","PokerPlayerMod:Diamond3"],"picked":"PokerPlayerMod:Diamond4","floor":13.0},{"not_picked":["PokerPlayerMod:DiamondStrike+1","PokerPlayerMod:Diamond4","PokerPlayerMod:Diamond3"],"picked":"SKIP","floor":14.0},{"not_picked":["PokerPlayerMod:Heart7","PokerPlayerMod:ChangeRules+1"],"picked":"PokerPlayerMod:FakeSymbols","floor":16.0},{"not_picked":["PokerPlayerMod:Fold","PokerPlayerMod:Diamond4"],"picked":"PokerPlayerMod:CardPrinter","floor":18.0},{"not_picked":["PokerPlayerMod:Diamond3","PokerPlayerMod:DiamondStrike+1","PokerPlayerMod:CardPrinter+1"],"picked":"SKIP","floor":23.0},{"not_picked":["PokerPlayerMod:ClubShade","PokerPlayerMod:RiskyBet","PokerPlayerMod:Spade2"],"picked":"SKIP","floor":24.0},{"not_picked":["PokerPlayerMod:ClubsClub+1","PokerPlayerMod:Spade4"],"picked":"PokerPlayerMod:Diamond10+","floor":25.0},{"not_picked":["PokerPlayerMod:Fold","PokerPlayerMod:Diamond3"],"picked":"PokerPlayerMod:Club9","floor":28.0},{"not_picked":["PokerPlayerMod:Spade3","PokerPlayerMod:DiamondStrike+1"],"picked":"PokerPlayerMod:ClubShade+1","floor":29.0},{"not_picked":["PokerPlayerMod:HiddenCard","PokerPlayerMod:Spade5","PokerPlayerMod:FlyingCard+1"],"picked":"SKIP","floor":30.0},{"not_picked":["PokerPlayerMod:ClubsClub+1","PokerPlayerMod:Heart4","PokerPlayerMod:Extraction+1"],"picked":"SKIP","floor":31.0},{"not_picked":["PokerPlayerMod:Club7","PokerPlayerMod:ChangeRules+1"],"picked":"PokerPlayerMod:SecretDealer","floor":33.0},{"not_picked":["PokerPlayerMod:CloakAndDiamond+1","PokerPlayerMod:Diamond9","PokerPlayerMod:Fold"],"picked":"SKIP","floor":35.0},{"not_picked":["PokerPlayerMod:Diamond3","PokerPlayerMod:Spade5","PokerPlayerMod:Diamond1"],"picked":"SKIP","floor":36.0},{"not_picked":["PokerPlayerMod:MagicTrick+1","PokerPlayerMod:Club6","PokerPlayerMod:Diamond3"],"picked":"SKIP","floor":38.0},{"not_picked":["PokerPlayerMod:Spade4","PokerPlayerMod:Heart4","PokerPlayerMod:Club1"],"picked":"SKIP","floor":39.0},{"not_picked":["PokerPlayerMod:Diamond2","PokerPlayerMod:Trickery+1","PokerPlayerMod:HeartStrike+1"],"picked":"SKIP","floor":41.0},{"not_picked":["PokerPlayerMod:Overdeal+1","PokerPlayerMod:SecretDealer"],"picked":"PokerPlayerMod:Diamond10+","floor":46.0},{"not_picked":["PokerPlayerMod:SpadeStrike+1","PokerPlayerMod:Spade3","PokerPlayerMod:Spade9"],"picked":"SKIP","floor":48.0}],"player_experience":496250,"relics_obtained":[{"floor":6.0,"key":"Molten Egg 2"},{"floor":7.0,"key":"Odd Mushroom"},{"floor":9.0,"key":"PokerPlayerMod:BottledPoker"},{"floor":10.0,"key":"MealTicket"},{"floor":23.0,"key":"PreservedInsect"},{"floor":25.0,"key":"Bird Faced Urn"},{"floor":26.0,"key":"Mercury Hourglass"},{"floor":28.0,"key":"Oddly Smooth Stone"},{"floor":41.0,"key":"PokerPlayerMod:Splitter"},{"floor":43.0,"key":"White Beast Statue"},{"floor":45.0,"key":"Bottled Tornado"},{"floor":46.0,"key":"Bronze Scales"}],"event_choices":[{"cards_removed":["PokerPlayerMod:Diamond1"],"damage_healed":0.0,"max_hp_gain":0.0,"max_hp_loss":0.0,"gold_gain":0.0,"event_name":"Golden Wing","player_choice":"Card Removal","floor":2.0,"gold_loss":0.0,"damage_taken":7.0},{"cards_removed":["PokerPlayerMod:Spade1"],"damage_healed":0.0,"max_hp_gain":0.0,"max_hp_loss":0.0,"gold_gain":0.0,"event_name":"Living Wall","player_choice":"Forget","floor":3.0,"gold_loss":0.0,"damage_taken":0.0},{"damage_healed":0.0,"max_hp_gain":0.0,"max_hp_loss":0.0,"gold_gain":0.0,"event_name":"Scrap Ooze","player_choice":"Success","floor":5.0,"gold_loss":0.0,"damage_taken":12.0,"relics_obtained":["Regal Pillow"]},{"damage_healed":0.0,"max_hp_gain":0.0,"max_hp_loss":0.0,"gold_gain":0.0,"event_name":"Mushrooms","player_choice":"Fought Mushrooms","floor":7.0,"gold_loss":0.0,"damage_taken":0.0},{"damage_healed":0.0,"max_hp_gain":0.0,"max_hp_loss":0.0,"gold_gain":0.0,"cards_transformed":["PokerPlayerMod:Club2","PokerPlayerMod:Heart2"],"event_name":"Drug Dealer","player_choice":"Became Test Subject","floor":19.0,"gold_loss":0.0,"damage_taken":0.0,"cards_obtained":["PokerPlayerMod:HotShotCut","PokerPlayerMod:PoorCopy"]},{"damage_healed":0.0,"max_hp_gain":0.0,"max_hp_loss":0.0,"gold_gain":0.0,"event_name":"The Library","player_choice":"Read","floor":20.0,"gold_loss":0.0,"damage_taken":0.0,"cards_obtained":["PokerPlayerMod:Spade10"]},{"damage_healed":0.0,"max_hp_gain":0.0,"max_hp_loss":0.0,"gold_gain":0.0,"event_name":"Tomb of Lord Red Mask","player_choice":"Ignored","floor":42.0,"gold_loss":0.0,"damage_taken":0.0},{"damage_healed":45.0,"max_hp_gain":0.0,"max_hp_loss":7.0,"gold_gain":0.0,"event_name":"The Moai Head","player_choice":"Heal","floor":44.0,"gold_loss":0.0,"damage_taken":0.0}],"is_beta":false,"boss_relics":[{"not_picked":["Runesmith:UraniumAnvil","Philosopher\u0027s Stone"],"picked":"SlaversCollar"},{"not_picked":["Tiny House","Coffee Dripper"],"picked":"Sozu"}],"items_purged_floors":[4,37],"is_endless":false,"potions_floor_spawned":[1,6,12,14,18,23,28,31,33,35,41,46,48],"ascension_level":0}}