{"host":"u7lm8z2rvb4dg2oo","time":1612851070,"event":{"mods":["AchievementEnabler","BaseMod","Bestiary","Block Reminder","Colored Map","Colored Powertips","Curses Come First","DeckTracker","Googly Eyes","Highlight Path","Minty Spire (QoL Compilation)","Quick Restart","StSLib"],"gold_per_floor":[214,214,232,247,67,67,95,95,95,95,95],"floor_reached":10,"language":"ENG","playtime":485,"items_purged":[],"score":106,"play_id":"4c052d85-eafc-49c5-8df2-4213bf0cc18c","local_time":"20210209011110","is_ascension_mode":true,"campfire_choices":[{"data":"Crippling Poison","floor":6,"key":"SMITH"}],"circlet_count":0,"master_deck":["AscendersBane","Strike_G","Strike_G","Strike_G","Strike_G","Defend_G","Defend_G+1","Defend_G","Defend_G","Defend_G","Survivor","Neutralize","Cloak And Dagger","Crippling Poison+1","Bouncing Flask+1"],"relics":["Ring of the Snake","Bronze Scales","Gremlin Horn","Vajra"],"acts_visited":["Exordium"],"potions_floor_usage":[7,7],"damage_taken":[{"damage":6,"enemies":"2 Louse","floor":1,"turns":4},{"damage":0,"enemies":"Small Slimes","floor":3,"turns":4},{"damage":6,"enemies":"Cultist","floor":4,"turns":7},{"damage":27,"enemies":"3 Sentries","floor":7,"turns":16},{"damage":19,"enemies":"Gremlin Nob","floor":10,"turns":4}],"seed_played":"5426752470304858332","potions_obtained":[{"floor":1,"key":"PowerPotion"},{"floor":3,"key":"FearPotion"}],"is_trial":false,"path_per_floor":["M","?","M","M","$","R","E","?","T","E"],"character_chosen":"THE_SILENT","items_purchased":["Bronze Scales","Crippling Poison"],"campfire_rested":0,"item_purchase_floors":[5,5],"current_hp_per_floor":[57,50,50,44,44,44,17,3,3,0,0],"gold":95,"neow_bonus":"HUNDRED_GOLD","is_daily":false,"chose_seed":false,"campfire_upgraded":1,"win_rate":0.0,"timestamp":1612851070,"path_taken":["M","?","M","M","$","R","E","?","T","E"],"items_purchased_type":["Relic","Card"],"build_version":"2020-12-22","purchased_purges":0,"victory":false,"max_hp_per_floor":[70,70,70,70,70,70,70,70,70,70,70],"card_choices":[{"not_picked":["Infinite Blades","Tactician"],"picked":"Cloak And Dagger","floor":1},{"not_picked":["Deflect","Calculated Gamble","Bane"],"picked":"SKIP","floor":3},{"not_picked":["Prepared","Underhanded Strike","Flechettes"],"picked":"SKIP","floor":4},{"not_picked":["Concentrate","Crippling Poison"],"picked":"Bouncing Flask","floor":7}],"player_experience":1066415,"relics_obtained":[{"floor":7,"key":"Gremlin Horn"},{"floor":9,"key":"Vajra"}],"event_choices":[{"cards_removed":["Strike_G"],"damage_healed":0,"gold_gain":0,"player_choice":"Card Removal","damage_taken":7,"max_hp_gain":0,"max_hp_loss":0,"event_name":"Golden Wing","floor":2,"gold_loss":0},{"damage_healed":0,"gold_gain":0,"player_choice":"Entered Light","damage_taken":14,"max_hp_gain":0,"max_hp_loss":0,"event_name":"Shining Light","floor":8,"gold_loss":0,"cards_upgraded":["Bouncing Flask","Defend_G"]}],"is_beta":false,"boss_relics":[],"items_purged_floors":[],"is_endless":false,"potions_floor_spawned":[1,3],"killed_by":"Gremlin Nob","ascension_level":12}}