{"host":"40gggw0x72bpm5se","time":1612903560,"event":{"mods":["ATMod(°¢èªMod)","Act Like it!","Aspiration","BaseMod","Better Vampires","Colored Map","Conspire","Energized Spire","Friendly Minions","Gensokyo","GungeonMod","GungeonMod Extend","HololiveMod","Infinite Spire","Koishi","Library of Ruina","Library of Ruina Extra","Lobotomy","Luminous","Minty Spire (QoL Compilation)","MostiFishMod","Quarter Circle Forward PUNCH!","Quick Restart","Relic Filter Mod","Relic Stats","Replay The Spire","RumiaBox-Â¶Ã×æ«µÄÉñÃØºÐ×Ó","Shop Mod","Spicy Shops","StSLib","TestMod","The Alterego","UnlockEverythingMod","Waifu the Spire","Youmu£¨»êÆÇÑýÃÎ£©","[LAZYMAN]RSMod","¡¾¹¦ÄÜMod¡¿»ìãçÖ®»·ÐÞ¸´²¹¶¡","¡¾ÒÅÎï¿¨ÅÆ¡¿REMEMod","Ä§½ä"],"gold_per_floor":[12,12,32,52,18,18,18],"floor_reached":6,"language":"ZHS","playtime":315,"items_purged":[],"score":96,"play_id":"bab8f22f-fb8a-4a3a-a58c-b68e0c10427e","local_time":"20210210044600","is_ascension_mode":false,"campfire_choices":[],"circlet_count":0,"master_deck":["Luminous:Light_Flash_Shower","Luminous:Light_Flash_Shower","Luminous:Light_Flash_Shower","Luminous:Dark_Abyssal_Drop","Luminous:Dark_Abyssal_Drop","Luminous:Defend_Luminous","Luminous:Defend_Luminous","Luminous:Defend_Luminous","Luminous:Switch_Luminous","Commandeering","AT_ShrugMaster","Luminous:Dark_Morning_Star","Luminous:Light_Ray_of_Redemption","Luminous:Light_Disperse","Luminous:Light_Wash_Luminous","dwlrmod:AutoProtect","Luminous:Concentrate_Luminous","Luminous:Concentrate_Luminous+1"],"relics":["Luminous:MirrorRelic","REME_ComplimentaryCards","AT_ATBox","testmod-TestBox","DaveBox","testmod-Muramasa","MetatronsCube","SynthV:TestCard","dwlrmod:ProjectRecorder","Baka"],"acts_visited":["Gensokyo:Gensokyo"],"potions_floor_usage":[],"damage_taken":[{"damage":6,"enemies":"Gensokyo:Python","floor":1,"turns":3},{"damage":0,"enemies":"Gensokyo:Gryphon","floor":3,"turns":3},{"damage":16,"enemies":"Gensokyo:2_Kodama","floor":4,"turns":2},{"damage":31,"enemies":"Gensokyo:Aya","floor":6,"turns":7}],"seed_played":"-7413834057194511432","potions_obtained":[{"floor":4,"key":"Explosive Potion"}],"is_trial":false,"path_per_floor":["M","?","M","M","$","E"],"character_chosen":"LuminousClass","items_purchased":["Luminous:Concentrate_Luminous+1"],"campfire_rested":0,"item_purchase_floors":[5],"current_hp_per_floor":[69,75,75,82,82,54,54],"gold":18,"neow_bonus":"TRANSFORM_TWO_CARDS","is_daily":false,"chose_seed":false,"campfire_upgraded":0,"win_rate":0.0,"timestamp":1612903560,"path_taken":["M","?","?","M","$","E"],"items_purchased_type":["Card"],"build_version":"2020-12-22","purchased_purges":0,"victory":false,"max_hp_per_floor":[75,75,105,105,105,105,105],"relic_stats":{"counters":[4,15],"obtain_stats":[{"testmod-Muramasa":0,"dwlrmod:ProjectRecorder":1,"AT_ATBox":0,"testmod-TestBox":0,"SynthV:TestCard":1,"DaveBox":0,"DemoMod:GlassGuonStoneRelic":3,"Luminous:MirrorRelic":0,"Baka":1,"REME_ComplimentaryCards":0,"MetatronsCube":0},{"testmod-Muramasa":0,"dwlrmod:ProjectRecorder":1,"AT_ATBox":0,"testmod-TestBox":0,"SynthV:TestCard":1,"DaveBox":0,"DemoMod:GlassGuonStoneRelic":2,"Luminous:MirrorRelic":0,"Baka":1,"REME_ComplimentaryCards":0,"MetatronsCube":0},{"testmod-Muramasa":0,"dwlrmod:ProjectRecorder":3,"AT_ATBox":0,"testmod-TestBox":0,"SynthV:TestCard":3,"DaveBox":0,"DemoMod:GlassGuonStoneRelic":6,"Luminous:MirrorRelic":0,"Baka":3,"REME_ComplimentaryCards":0,"MetatronsCube":0}]},"card_choices":[{"not_picked":["Luminous:Phantom_Treasure_Luminous","Luminous:Light_Gather"],"picked":"Luminous:Light_Disperse","floor":1},{"not_picked":["Luminous:Light_Disperse","Luminous:Armageddon_Luminous","Luminous:Shadow_Shell_Luminous","Luminous:Dark_Raid"],"picked":"Luminous:Light_Wash_Luminous","floor":3},{"not_picked":["dwlrmod:BigBadVoodoo","dwlrmod:BlackCat"],"picked":"dwlrmod:AutoProtect","floor":4},{"not_picked":["Luminous:Phantom_Treasure_Luminous","Luminous:Sympathy_Luminous","Luminous:Light_Disperse","Luminous:Magic_Accelerate_Luminous"],"picked":"Luminous:Concentrate_Luminous","floor":4}],"player_experience":105042,"relics_obtained":[{"floor":1,"key":"SynthV:TestCard"},{"floor":1,"key":"dwlrmod:ProjectRecorder"},{"floor":1,"key":"Baka"}],"event_choices":[],"is_beta":false,"boss_relics":[],"items_purged_floors":[],"is_endless":false,"potions_floor_spawned":[4,6],"killed_by":"Gensokyo:Aya","ascension_level":0}}