{"host":"wf1r1zhguvoo22rf","time":1612872494,"event":{"mods":["BaseMod","Colored Powertips","Minty Spire (QoL Compilation)","StSLib"],"gold_per_floor":[119,138,138,153,83,115,133,133,133,145,145,160,160,192,192,296,346,363,563,171,191,16,44,44,54,54,85,85,103,120,120,120,120,120],"floor_reached":33,"language":"ENG","playtime":2095,"items_purged":[],"score":352,"play_id":"da710b23-76fb-4d52-92e6-0ee7130fe9c5","local_time":"20210209140814","is_ascension_mode":true,"campfire_choices":[{"floor":8,"key":"REST"},{"floor":11,"key":"REST"},{"data":"Caltrops","floor":15,"key":"SMITH"},{"floor":24,"key":"REST"},{"floor":32,"key":"REST"}],"circlet_count":0,"master_deck":["Strike_G","Strike_G","Strike_G","Strike_G","Defend_G","Defend_G","Defend_G","Defend_G","Neutralize","Grand Finale+1","Distraction+1","Dodge and Roll+1","Poisoned Stab","Dagger Spray","Poisoned Stab+1","Caltrops+1","Flying Knee","Flying Knee","Slice","Crippling Poison","Bouncing Flask","Deflect+1","Footwork","Dagger Spray","Deadly Poison","Deadly Poison","Bouncing Flask"],"relics":["Astrolabe","Omamori","Pantograph","Singing Bowl","Tiny House","Membership Card","Bottled Tornado","Toy Ornithopter","Toolbox","Anchor","Art of War","Nunchaku","Torii","Bronze Scales","MutagenicStrength"],"acts_visited":["Exordium","TheCity"],"potions_floor_usage":[14,16,23,23],"damage_taken":[{"damage":8,"enemies":"Cultist","floor":1,"turns":6},{"damage":3,"enemies":"2 Louse","floor":2,"turns":5},{"damage":15,"enemies":"Small Slimes","floor":4,"turns":3},{"damage":16,"enemies":"3 Sentries","floor":6,"turns":7},{"damage":6,"enemies":"2 Fungi Beasts","floor":7,"turns":4},{"damage":0,"enemies":"Blue Slaver","floor":10,"turns":3},{"damage":15,"enemies":"Exordium Wildlife","floor":12,"turns":4},{"damage":28,"enemies":"Lagavulin","floor":14,"turns":6},{"damage":38,"enemies":"Hexaghost","floor":16,"turns":9},{"damage":10,"enemies":"Chosen","floor":18,"turns":4},{"damage":42,"enemies":"2 Thieves","floor":21,"turns":4},{"damage":14,"enemies":"Book of Stabbing","floor":23,"turns":5},{"damage":16,"enemies":"Shelled Parasite and Fungi","floor":25,"turns":5},{"damage":20,"enemies":"Slavers","floor":27,"turns":4},{"damage":23,"enemies":"Centurion and Healer","floor":29,"turns":3},{"damage":36,"enemies":"3 Cultists","floor":30,"turns":5},{"damage":82,"enemies":"Collector","floor":33,"turns":7}],"seed_played":"-2600136818428266451","potions_obtained":[{"floor":1,"key":"Energy Potion"},{"floor":7,"key":"Regen Potion"},{"floor":16,"key":"Strength Potion"},{"floor":17,"key":"SkillPotion"},{"floor":25,"key":"FairyPotion"},{"floor":27,"key":"FairyPotion"}],"is_trial":false,"path_per_floor":["M","M","?","M","$","E","M","R","T","M","R","M","?","E","R","B",null,"M","?","$","M","$","E","R","M","T","E","?","M","M","?","R","B"],"character_chosen":"THE_SILENT","items_purchased":["Caltrops","Membership Card","Bottled Tornado","Toy Ornithopter","Footwork","Toolbox","Anchor","Deadly Poison"],"campfire_rested":4,"item_purchase_floors":[5,20,20,20,20,22,22,22],"current_hp_per_floor":[62,59,59,44,44,28,22,43,43,43,64,49,66,40,40,44,79,69,69,69,27,27,25,49,33,33,13,13,19,13,13,38,0,0],"gold":120,"neow_bonus":"BOSS_RELIC","is_daily":false,"chose_seed":false,"campfire_upgraded":1,"win_rate":0.0,"timestamp":1612872494,"path_taken":["M","M","?","M","$","E","?","R","T","M","R","M","?","E","R","BOSS","M","?","$","M","?","E","R","M","T","E","?","M","M","?","R","BOSS"],"items_purchased_type":["Card","Relic","Relic","Relic","Card","Relic","Relic","Card"],"build_version":"2020-12-22","purchased_purges":0,"victory":false,"max_hp_per_floor":[70,70,70,70,70,70,70,70,70,70,70,70,70,72,72,74,79,79,79,79,79,79,81,81,81,81,81,81,83,85,85,85,85,85],"card_choices":[{"not_picked":["Endless Agony","Acrobatics"],"picked":"Poisoned Stab","floor":1},{"not_picked":["Footwork","Backflip"],"picked":"Dagger Spray","floor":2},{"not_picked":["Blade Dance","Setup"],"picked":"Poisoned Stab","floor":4},{"not_picked":["Prepared","Quick Slash"],"picked":"Flying Knee","floor":6},{"not_picked":["Outmaneuver","Acrobatics"],"picked":"Flying Knee","floor":7},{"not_picked":["Setup","PiercingWail"],"picked":"Slice","floor":10},{"not_picked":["Quick Slash","Poisoned Stab"],"picked":"Crippling Poison","floor":12},{"not_picked":["Dash","Escape Plan","Concentrate"],"picked":"Singing Bowl","floor":14},{"not_picked":["Grand Finale","Malaise","Night Terror"],"picked":"Singing Bowl","floor":16},{"not_picked":["Escape Plan","Blade Dance"],"picked":"Bouncing Flask","floor":17},{"not_picked":["Predator","Backflip"],"picked":"Deflect+1","floor":18},{"not_picked":["Dagger Throw","Flying Knee"],"picked":"Dagger Spray","floor":21},{"not_picked":["Leg Sweep+1","Well Laid Plans","Escape Plan"],"picked":"Singing Bowl","floor":23},{"not_picked":["Finisher+1","Footwork"],"picked":"Deadly Poison","floor":25},{"not_picked":["Deadly Poison","Backstab+1"],"picked":"Bouncing Flask","floor":27},{"not_picked":["Setup","Endless Agony","Predator"],"picked":"Singing Bowl","floor":29},{"not_picked":["Flechettes","Blur","Riddle With Holes+1"],"picked":"Singing Bowl","floor":30}],"player_experience":229912,"relics_obtained":[{"floor":6,"key":"Omamori"},{"floor":9,"key":"Pantograph"},{"floor":14,"key":"Singing Bowl"},{"floor":23,"key":"Art of War"},{"floor":26,"key":"Nunchaku"},{"floor":27,"key":"Torii"}],"event_choices":[{"damage_healed":0,"gold_gain":0,"player_choice":"Bought 0 Potions","damage_taken":0,"max_hp_gain":0,"max_hp_loss":0,"event_name":"The Woman in Blue","floor":3,"gold_loss":0},{"damage_healed":17,"gold_gain":0,"player_choice":"Healed and dodged fight","damage_taken":0,"max_hp_gain":0,"max_hp_loss":0,"event_name":"Mushrooms","floor":13,"gold_loss":0,"cards_obtained":["Parasite"]},{"damage_healed":0,"gold_gain":250,"player_choice":"Bet on Owner","damage_taken":0,"max_hp_gain":0,"max_hp_loss":0,"event_name":"The Joust","floor":19,"gold_loss":50},{"damage_healed":0,"gold_gain":0,"player_choice":"Stole Relic","damage_taken":0,"relics_obtained":["Bronze Scales"],"max_hp_gain":0,"max_hp_loss":0,"event_name":"Addict","floor":28,"gold_loss":0,"cards_obtained":["Shame"]},{"damage_healed":0,"gold_gain":0,"player_choice":"Inject Mutagens","damage_taken":0,"relics_obtained":["MutagenicStrength"],"max_hp_gain":0,"max_hp_loss":0,"event_name":"Drug Dealer","floor":31,"gold_loss":0}],"is_beta":false,"boss_relics":[{"not_picked":["Coffee Dripper","Runic Dome"],"picked":"Tiny House"}],"items_purged_floors":[],"is_endless":false,"potions_floor_spawned":[1,7,16,25,27],"killed_by":"Collector","ascension_level":2}}