{"host":"tgnam0g96qraiyqx","time":1612852515,"event":{"mods":["Always Whale","Aspiration","Bartender","BaseMod","BetterRewards","CapriCore","CatGirl Mod","Chen","Colored Map","Colored Powertips","Downfall","Ekko","Energized Spire","Glutton Mod","Hermit","HexUI Lib","Highlight Path","HornydragonMod","Hubris","Jorbs\u0027s Wanderer Trilogy","Kalas","KinomotoSakuraMod(????)","Koishi","Kratos Character Expansion","Minty Spire (QoL Compilation)","Permanent Neow","Pikachu Mod","Potionbrewer","Prisma Mod","QueenMod","Railgun Mod","Random Character Button","Reimu??????","Replay The Spire","Robot Space Explorer","SCP261 Mod","Shade Mod","Shedinja","Shop Mod","Somnambulant","StSLib","The Bladedancer","The Cursed","The Death Knight","The Druid","The Hayseed","The Immortal","The Jester","The Judge","The Jungle","The Kombatant","The Senshi","The Trickster","The Warrior","The Wild Card","TheFirefly","TheVacant","Warlord Emblem","[IsaacMod]????"],"gold_per_floor":[99,116,128,0,11,38,38,38,58,58,78,78,90,90,101,203,203,203,215,230,230,230,230,282,295,295,322,332,217,217,122,135,135,135],"floor_reached":33,"language":"FRA","playtime":2206,"items_purged":["RobotSpaceExplorer:Strike","RobotSpaceExplorer:Defend"],"score":292,"play_id":"0e6b8b24-6854-434e-a1fa-5549ce9a4d0e","local_time":"20210209073515","is_ascension_mode":false,"campfire_choices":[{"data":"RobotSpaceExplorer:Exploration","floor":1.0,"key":"SMITH"},{"data":"RobotSpaceExplorer:Comet","floor":8.0,"key":"SMITH"},{"data":"RobotSpaceExplorer:StarLightning","floor":10.0,"key":"SMITH"},{"data":"RobotSpaceExplorer:FreezingShield","floor":18.0,"key":"SMITH"},{"data":"theJungle:PetSnecko","floor":23.0,"key":"SMITH"},{"data":"RainPray2:ReiMu","floor":26.0,"key":"SMITH"}],"circlet_count":0,"master_deck":["RobotSpaceExplorer:Strike","RobotSpaceExplorer:Strike","RobotSpaceExplorer:Strike","RobotSpaceExplorer:Defend","RobotSpaceExplorer:Defend","RobotSpaceExplorer:Scan","RobotSpaceExplorer:MiniLasers","RobotSpaceExplorer:ShovelStrike","RobotSpaceExplorer:StunGrenade","RobotSpaceExplorer:Comet+1","RobotSpaceExplorer:FreezingShield+1","RobotSpaceExplorer:StarLightning+1","RobotSpaceExplorer:TurboDodge","Hallucinations","Slimebound:SplitAcid","theTrickster:Anticipation","RainPray2:ReiMu+1","Pain","theJungle:PetSnecko+1","theWildCard:Sakuya","potionbrewer:Toxicity","RobotSpaceExplorer:Fix"],"relics":["RobotSpaceExplorer:RoboCore","HushsDoor","SteamSale","aspiration:StickyExplosives_weak","Gremlin Food","PrismaticShard","Velvet Choker","WarpedTongs","Juzu Bracelet","Oddly Smooth Stone"],"acts_visited":["Exordium","theJungle:Jungle"],"potions_floor_usage":[32,33],"damage_taken":[{"damage":4.0,"enemies":"Cultist","floor":2.0,"turns":6.0},{"damage":5.0,"enemies":"Small Slimes","floor":3.0,"turns":3.0},{"damage":0.0,"enemies":"downfall:FleeingMerchant","floor":4.0,"turns":4.0},{"damage":0.0,"enemies":"Jaw Worm","floor":5.0,"turns":3.0},{"damage":18.0,"enemies":"Lagavulin","floor":6.0,"turns":7.0},{"damage":0.0,"enemies":"3 Louse","floor":9.0,"turns":2.0},{"damage":0.0,"enemies":"Exordium Wildlife","floor":11.0,"turns":3.0},{"damage":3.0,"enemies":"2 Fungi Beasts","floor":13.0,"turns":3.0},{"damage":3.0,"enemies":"Exordium Thugs","floor":15.0,"turns":3.0},{"damage":7.0,"enemies":"WA_ARCHETYPE_RETAIN","floor":16.0,"turns":6.0},{"damage":0.0,"enemies":"theJungle:Flameango_and_Byrd","floor":19.0,"turns":5.0},{"damage":9.0,"enemies":"theJungle:MUSHROOMGANG","floor":20.0,"turns":4.0},{"damage":10.0,"enemies":"theJungle:Snecko_Cultist_And_Trap","floor":25.0,"turns":5.0},{"damage":5.0,"enemies":"theJungle:2_Phrogs","floor":27.0,"turns":4.0},{"damage":3.0,"enemies":"downfall:FleeingMerchant","floor":28.0,"turns":4.0},{"damage":3,"enemies":"downfall:FleeingMerchant","floor":29,"turns":4},{"damage":9,"enemies":"downfall:FleeingMerchant","floor":31,"turns":4},{"damage":22,"enemies":"theJungle:JungleHuntersEncounter","floor":32,"turns":4},{"damage":32,"enemies":"IC_MUSHROOM_ARCHETYPE","floor":33,"turns":6}],"seed_played":"7558367745858360418","potions_obtained":[{"floor":2.0,"key":"potionbrewer:EndurancePotion"},{"floor":5.0,"key":"potionbrewer:AcidPotion"},{"floor":11.0,"key":"Venom Potion"},{"floor":15.0,"key":"SkillPotion"},{"floor":19.0,"key":"potionbrewer:HastePotion"},{"floor":20.0,"key":"ZuzhouPotion:ReiMu"},{"floor":25.0,"key":"SpeedPotion"}],"is_trial":false,"path_per_floor":["R","M","M","$","M","E","T","R","M","R","M","?","M","?","M","B",null,"R","M","M","?","?","R","T","M","R","E","$","$","?","$","M","B"],"character_chosen":"RobotSpaceExplorer","items_purchased":["RobotSpaceExplorer:FreezingShield","RobotSpaceExplorer:Fix"],"campfire_rested":0,"item_purchase_floors":[4,31],"current_hp_per_floor":[75,71,66,66,66,48,48,48,48,48,48,48,45,45,42,35,75,75,75,66,66,66,66,66,56,56,51,48,49,49,40,24,0,0],"gold":135,"neow_bonus":"ONE_RANDOM_RARE_CARD","is_daily":false,"chose_seed":false,"campfire_upgraded":6,"win_rate":0.0,"timestamp":1612852515,"path_taken":["R","M","?","$","M","E","T","R","M","R","M","?","M","?","M","BOSS","R","M","M","?","?","R","T","M","R","E","?","$","?","$","M","BOSS"],"items_purchased_type":["Card","Card"],"build_version":"2020-12-22","purchased_purges":2,"victory":false,"max_hp_per_floor":[75,75,75,75,75,75,75,75,75,75,75,75,75,75,75,75,75,75,75,75,75,75,75,75,75,75,75,75,75,75,75,75,75,75],"card_choices":[{"not_picked":["RobotSpaceExplorer:Counterblock","RobotSpaceExplorer:Ammunition"],"picked":"RobotSpaceExplorer:ShovelStrike","floor":2.0},{"not_picked":["RobotSpaceExplorer:ShovelStrike","RobotSpaceExplorer:SelfCleaning"],"picked":"RobotSpaceExplorer:StunGrenade","floor":3.0},{"not_picked":["RobotSpaceExplorer:ShockKick","RobotSpaceExplorer:SlimeMissile"],"picked":"RobotSpaceExplorer:Comet","floor":4.0},{"not_picked":["RobotSpaceExplorer:SurgingShield","RobotSpaceExplorer:Electropulse"],"picked":"RobotSpaceExplorer:StarLightning","floor":5.0},{"not_picked":["RobotSpaceExplorer:JunkDive","RobotSpaceExplorer:PlasmaMissile","RobotSpaceExplorer:ShockKick"],"picked":"SKIP","floor":6.0},{"not_picked":["RobotSpaceExplorer:MiniDrones","RobotSpaceExplorer:SlimeMissile"],"picked":"RobotSpaceExplorer:TurboDodge","floor":9.0},{"not_picked":["RobotSpaceExplorer:Electroshield","RobotSpaceExplorer:Jetpack"],"picked":"Bomb","floor":11.0},{"not_picked":["somnambulantmod: Hush","stsjorbsmod:Panic"],"picked":"Slimebound:SplitAcid","floor":13.0},{"not_picked":["theVacant:GraveWave","RobotSpaceExplorer:Smokescreen","TheKombatant:attRekindle"],"picked":"SKIP","floor":15.0},{"not_picked":["theSenshi:SilverMoonCrystalPowerKiss","Koishi:RuptureMind"],"picked":"theTrickster:Anticipation","floor":16.0},{"not_picked":["Glutton:Toxicity+1","TheSimpletonMod:SoilSample","TheWarrior:StrongAxe"],"picked":"SKIP","floor":19.0},{"not_picked":["Caltrops","Meditation:ReiMu"],"picked":"RainPray2:ReiMu","floor":20.0},{"not_picked":["Koishi:SpiritedAway","theCatGirl:LearnByMistake","Shade:BoneShards"],"picked":"SKIP","floor":25.0},{"not_picked":["theCatGirl:Misfire","ClowCardTheRain+1"],"picked":"theWildCard:Sakuya","floor":27.0},{"not_picked":["TheWarrior:SpecialClaw","hermit:BigShot+1"],"picked":"potionbrewer:Toxicity","floor":29},{"not_picked":["ClowCardTheFlower","Shade:GreyBargain","hermit:BlackWind"],"picked":"SKIP","floor":31},{"not_picked":["KratosMod:Tempor","thefirefly:SteadyAim","Shedinja:Absorb"],"picked":"SKIP","floor":32}],"player_experience":2666021,"relics_obtained":[{"floor":2.0,"key":"aspiration:StickyExplosives_weak"},{"floor":6.0,"key":"Gremlin Food"},{"floor":27.0,"key":"Juzu Bracelet"},{"floor":28,"key":"Oddly Smooth Stone"}],"event_choices":[{"cards_removed":["RobotSpaceExplorer:Defend"],"damage_healed":0.0,"max_hp_gain":0.0,"max_hp_loss":0.0,"gold_gain":0.0,"event_name":"The Cleric","player_choice":"Card Removal","floor":14.0,"gold_loss":0.0,"damage_taken":0.0},{"damage_healed":0.0,"max_hp_gain":0.0,"max_hp_loss":0.0,"gold_gain":0.0,"event_name":"Accursed Blacksmith","player_choice":"Rummage","floor":21.0,"gold_loss":0.0,"damage_taken":0.0,"relics_obtained":["WarpedTongs"],"cards_obtained":["Pain"]}],"is_beta":false,"boss_relics":[{"not_picked":["Silver_Glasses","Cursed Key"],"picked":"Velvet Choker"},{"not_picked":[]}],"items_purged_floors":[4,29],"is_endless":false,"potions_floor_spawned":[2,5,11,15,19,20,25],"killed_by":"IC_MUSHROOM_ARCHETYPE","ascension_level":0}}