{"host":"4par9lyhj7bf4dsa","time":1612915077,"event":{"mods":["AchievementEnabler","BaseMod","Colored Map","Minty Spire (QoL Compilation)","Relic Stats","StSLib"],"gold_per_floor":[115,126,126,145,145,172,172,201,501,5,45,67,94,94,94,204,204,204,204,204,174,174,174,174,174,174,174,174,74,74,74,74,74,74,74,74,74,74,74,74,74,74,74,74,74,74,74,74,74,74,74,74,74,74,74],"floor_reached":56,"language":"ENG","playtime":3358,"items_purged":["Strike_R","Writhe"],"score":1926,"play_id":"da406ef3-9454-4567-9788-727fd36deb39","local_time":"20210210105757","is_ascension_mode":true,"campfire_choices":[{"data":"Immolate","floor":7,"key":"SMITH"},{"floor":15,"key":"DIG"},{"floor":24,"key":"REST"},{"floor":27,"key":"DIG"},{"floor":30,"key":"DIG"},{"data":"Shockwave","floor":32,"key":"SMITH"},{"floor":41,"key":"DIG"},{"floor":49,"key":"RECALL"},{"floor":52,"key":"DIG"}],"circlet_count":0,"master_deck":["Strike_R","Strike_R","Strike_R","Defend_R","Defend_R","Defend_R","Defend_R","Bash","Clothesline","Iron Wave","Whirlwind","Immolate+1","Shrug It Off","Evolve","Reaper","Shockwave+1","Inflame","Offering","Spot Weakness+1","Hemokinesis+1","Necronomicurse","Dropkick+1","Pommel Strike+1","Headbutt+1","True Grit+1","Limit Break","Warcry+1","Disarm+1","Shrug It Off+1","Exhume","True Grit+1","Limit Break","Bloodletting+1","Corruption","Disarm"],"relics":["Burning Blood","Gambling Chip","Mummified Hand","Shovel","Old Coin","CeramicFish","Pen Nib","Strawberry","Molten Egg 2","Ectoplasm","Necronomicon","Oddly Smooth Stone","Bag of Marbles","Centennial Puzzle","Happy Flower","InkBottle","Boot","Darkstone Periapt","Fusion Hammer","Anchor","TungstenRod","Ancient Tea Set","Bottled Flame","Unceasing Top","HornCleat","Kunai"],"acts_visited":["Exordium","TheCity","TheBeyond","TheEnding"],"potions_floor_usage":[6,11,16,55,55],"damage_taken":[{"damage":6,"enemies":"Cultist","floor":1,"turns":3},{"damage":2,"enemies":"Jaw Worm","floor":2,"turns":4},{"damage":1,"enemies":"2 Louse","floor":4,"turns":4},{"damage":1,"enemies":"Gremlin Nob","floor":6,"turns":4},{"damage":12,"enemies":"3 Sentries","floor":8,"turns":3},{"damage":6,"enemies":"Gremlin Nob","floor":11,"turns":3},{"damage":20,"enemies":"Lots of Slimes","floor":12,"turns":3},{"damage":30,"enemies":"Lagavulin","floor":13,"turns":4},{"damage":13,"enemies":"Slime Boss","floor":16,"turns":6},{"damage":13,"enemies":"Shell Parasite","floor":18,"turns":5},{"damage":3,"enemies":"2 Thieves","floor":21,"turns":2},{"damage":18,"enemies":"Book of Stabbing","floor":23,"turns":2},{"damage":0,"enemies":"Gremlin Leader","floor":25,"turns":3},{"damage":10,"enemies":"Book of Stabbing","floor":31,"turns":2},{"damage":19,"enemies":"Collector","floor":33,"turns":3},{"damage":0,"enemies":"3 Darklings","floor":35,"turns":1},{"damage":4,"enemies":"Orb Walker","floor":36,"turns":2},{"damage":17,"enemies":"3 Darklings","floor":37,"turns":2},{"damage":2,"enemies":"4 Shapes","floor":38,"turns":5},{"damage":8,"enemies":"Spire Growth","floor":39,"turns":3},{"damage":16,"enemies":"Giant Head","floor":40,"turns":3},{"damage":1,"enemies":"Reptomancer","floor":42,"turns":2},{"damage":0,"enemies":"Transient","floor":44,"turns":5},{"damage":6,"enemies":"Nemesis","floor":45,"turns":3},{"damage":10,"enemies":"Maw","floor":46,"turns":4},{"damage":25,"enemies":"Reptomancer","floor":47,"turns":3},{"damage":30,"enemies":"Time Eater","floor":50,"turns":5},{"damage":10,"enemies":"Shield and Spear","floor":54,"turns":4},{"damage":56,"enemies":"The Heart","floor":55,"turns":6}],"seed_played":"-398098334985700124","potions_obtained":[{"floor":1,"key":"DistilledChaos"},{"floor":4,"key":"Block Potion"},{"floor":13,"key":"Weak Potion"},{"floor":21,"key":"Fire Potion"},{"floor":25,"key":"DuplicationPotion"},{"floor":35,"key":"ElixirPotion"},{"floor":37,"key":"SteroidPotion"},{"floor":40,"key":"Strength Potion"}],"is_trial":false,"path_per_floor":["M","M","?","M","?","E","R","E","T","$","E","M","E","?","R","B",null,"M","?","?","M","?","E","R","E","T","R","?","$","R","E","R","B",null,"M","M","M","M","M","E","R","E","T","M","E","M","E","?","R","B",null,"R","$","E","B",null],"character_chosen":"IRONCLAD","items_purchased":["Evolve","CeramicFish","Reaper","AttackPotion"],"campfire_rested":1,"item_purchase_floors":[10,10,10,10],"current_hp_per_floor":[72,72,72,72,72,72,72,66,66,66,70,56,39,44,44,55,77,70,70,54,57,41,29,55,85,85,85,85,85,85,81,81,68,84,89,89,89,89,87,89,89,89,89,89,89,85,89,89,89,89,89,89,89,85,35],"gold":74,"neow_bonus":"ONE_RARE_RELIC","is_daily":false,"chose_seed":false,"campfire_upgraded":2,"win_rate":0.0,"timestamp":1612915077,"path_taken":["M","?","?","M","?","E","R","E","T","$","E","?","E","?","R","BOSS","M","?","?","M","?","E","R","E","T","R","?","?","R","E","R","BOSS","M","M","M","M","M","E","R","E","T","M","E","M","E","?","R","BOSS","R","$","E","BOSS"],"items_purchased_type":["Card","Relic","Card","Potion"],"build_version":"2020-12-22","purchased_purges":2,"victory":true,"max_hp_per_floor":[72,72,72,72,72,72,72,72,72,72,72,72,79,84,84,84,84,84,84,84,84,89,89,89,89,89,89,89,89,89,89,89,89,89,89,89,89,89,89,89,89,89,89,89,89,89,89,89,89,89,89,89,89,89,89],"relic_stats":{"Darkstone Periapt":0,"Happy Flower":[17],"counters":[29,99],"CeramicFish":36,"Pen Nib":[20],"Boot":[7],"Burning Blood":130,"Centennial Puzzle":[42],"Shovel":5,"Mummified Hand":[27],"Gambling Chip":[86],"Ectoplasm":657,"Necronomicon":[43],"Kunai":[4],"obtain_stats":[{"Darkstone Periapt":31,"CeramicFish":10,"Boot":30,"Ancient Tea Set":42,"Burning Blood":0,"Old Coin":9,"Centennial Puzzle":26,"Shovel":8,"HornCleat":52,"Mummified Hand":6,"Gambling Chip":0,"Strawberry":13,"Fusion Hammer":34,"Necronomicon":20,"Kunai":54,"InkBottle":28,"Happy Flower":27,"Oddly Smooth Stone":23,"Pen Nib":11,"Anchor":40,"Bottled Flame":45,"Molten Egg 2":15,"Ectoplasm":17,"Bag of Marbles":25,"TungstenRod":41,"Unceasing Top":47},{"Darkstone Periapt":14,"CeramicFish":5,"Boot":13,"Ancient Tea Set":22,"Burning Blood":0,"Old Coin":5,"Centennial Puzzle":13,"Shovel":5,"HornCleat":27,"Mummified Hand":4,"Gambling Chip":0,"Strawberry":8,"Fusion Hammer":15,"Necronomicon":10,"Kunai":28,"InkBottle":13,"Happy Flower":13,"Oddly Smooth Stone":12,"Pen Nib":6,"Anchor":21,"Bottled Flame":24,"Molten Egg 2":8,"Ectoplasm":9,"Bag of Marbles":13,"TungstenRod":21,"Unceasing Top":26},{"Darkstone Periapt":48,"CeramicFish":18,"Boot":46,"Ancient Tea Set":69,"Burning Blood":0,"Old Coin":18,"Centennial Puzzle":46,"Shovel":18,"HornCleat":89,"Mummified Hand":15,"Gambling Chip":0,"Strawberry":28,"Fusion Hammer":51,"Necronomicon":39,"Kunai":93,"InkBottle":46,"Happy Flower":46,"Oddly Smooth Stone":43,"Pen Nib":21,"Anchor":67,"Bottled Flame":77,"Molten Egg 2":28,"Ectoplasm":34,"Bag of Marbles":46,"TungstenRod":67,"Unceasing Top":84}],"InkBottle":[26],"TungstenRod":44,"Unceasing Top":[11]},"card_choices":[{"not_picked":["Shockwave","Havoc"],"picked":"Clothesline","floor":1},{"not_picked":["Perfected Strike","Warcry"],"picked":"Iron Wave","floor":2},{"not_picked":["Infernal Blade","Flex","Sword Boomerang"],"picked":"SKIP","floor":4},{"not_picked":["Wild Strike","Disarm"],"picked":"Shrug It Off","floor":6},{"not_picked":["Pummel","Anger","Clothesline"],"picked":"SKIP","floor":8},{"not_picked":["Blood for Blood","Pommel Strike"],"picked":"Shockwave","floor":11},{"not_picked":["Twin Strike","Fiend Fire"],"picked":"Inflame","floor":12},{"not_picked":["Evolve","Clash","Sword Boomerang"],"picked":"SKIP","floor":13},{"not_picked":["Berserk","Bludgeon+1"],"picked":"Offering","floor":16},{"not_picked":["Inflame","Havoc"],"picked":"Spot Weakness+1","floor":18},{"not_picked":["Battle Trance","Wild Strike+1"],"picked":"Dropkick+1","floor":21},{"not_picked":["Warcry","Inflame"],"picked":"Pommel Strike+1","floor":23},{"not_picked":["Clothesline+1","Pommel Strike+1"],"picked":"Headbutt+1","floor":25},{"not_picked":["Seeing Red","Flame Barrier"],"picked":"True Grit+1","floor":31},{"not_picked":["Juggernaut","Berserk"],"picked":"Limit Break","floor":33},{"not_picked":["Ghostly Armor","Cleave+1"],"picked":"Warcry+1","floor":35},{"not_picked":["Hemokinesis+1","Reckless Charge+1"],"picked":"Disarm+1","floor":36},{"not_picked":["Rage+1","Metallicize"],"picked":"Shrug It Off+1","floor":37},{"not_picked":["Cleave+1","Armaments","Shockwave"],"picked":"SKIP","floor":38},{"not_picked":["True Grit","Flex","Burning Pact"],"picked":"SKIP","floor":39},{"not_picked":["Infernal Blade","Twin Strike+1"],"picked":"Exhume","floor":40},{"not_picked":["Shrug It Off","Clothesline+1","Warcry"],"picked":"SKIP","floor":42},{"not_picked":["Shrug It Off","Bloodletting"],"picked":"True Grit+1","floor":44},{"not_picked":["Hemokinesis+1","Flex+1"],"picked":"Limit Break","floor":45},{"not_picked":["Evolve+1","Infernal Blade+1"],"picked":"Bloodletting+1","floor":46},{"not_picked":["Iron Wave+1","Warcry","Barricade"],"picked":"SKIP","floor":47},{"not_picked":["Combust","Rampage+1"],"picked":"Disarm","floor":54}],"player_experience":1024911,"relics_obtained":[{"floor":6,"key":"Mummified Hand"},{"floor":8,"key":"Shovel"},{"floor":9,"key":"Old Coin"},{"floor":11,"key":"Pen Nib"},{"floor":13,"key":"Strawberry"},{"floor":15,"key":"Molten Egg 2"},{"floor":20,"key":"Necronomicon"},{"floor":23,"key":"Oddly Smooth Stone"},{"floor":25,"key":"Bag of Marbles"},{"floor":26,"key":"Centennial Puzzle"},{"floor":27,"key":"Happy Flower"},{"floor":30,"key":"Boot"},{"floor":31,"key":"Darkstone Periapt"},{"floor":40,"key":"Anchor"},{"floor":41,"key":"TungstenRod"},{"floor":42,"key":"Ancient Tea Set"},{"floor":45,"key":"Bottled Flame"},{"floor":47,"key":"Unceasing Top"},{"floor":52,"key":"HornCleat"},{"floor":54,"key":"Kunai"}],"event_choices":[{"damage_healed":0,"gold_gain":0,"player_choice":"Ignored","damage_taken":0,"max_hp_gain":0,"max_hp_loss":0,"event_name":"Liars Game","floor":3,"gold_loss":0},{"damage_healed":0,"gold_gain":0,"player_choice":"2 cards matched","damage_taken":0,"max_hp_gain":0,"max_hp_loss":0,"event_name":"Match and Keep!","floor":5,"gold_loss":0,"cards_obtained":["Whirlwind","Immolate"]},{"damage_healed":0,"gold_gain":0,"player_choice":"Donut","damage_taken":0,"max_hp_gain":5,"max_hp_loss":0,"event_name":"Big Fish","floor":14,"gold_loss":0},{"damage_healed":0,"gold_gain":0,"player_choice":"Read","damage_taken":0,"max_hp_gain":0,"max_hp_loss":0,"event_name":"The Library","floor":19,"gold_loss":0,"cards_obtained":["Hemokinesis"]},{"damage_healed":0,"gold_gain":0,"player_choice":"Obtained Book","damage_taken":16,"max_hp_gain":0,"max_hp_loss":0,"event_name":"Cursed Tome","floor":20,"gold_loss":0},{"damage_healed":0,"gold_gain":0,"player_choice":"Shed Blood","damage_taken":21,"max_hp_gain":5,"max_hp_loss":0,"event_name":"Forgotten Altar","floor":22,"gold_loss":0},{"damage_healed":0,"gold_gain":0,"player_choice":"Opened","damage_taken":0,"relics_obtained":["InkBottle"],"max_hp_gain":0,"max_hp_loss":0,"event_name":"The Mausoleum","floor":28,"gold_loss":0,"cards_obtained":["Writhe"]},{"damage_healed":0,"gold_gain":0,"cards_transformed":["Strike_R"],"player_choice":"Transformed","damage_taken":0,"max_hp_gain":0,"max_hp_loss":0,"event_name":"Transmorgrifier","floor":48,"gold_loss":0,"cards_obtained":["Corruption"]}],"is_beta":false,"boss_relics":[{"not_picked":["Calling Bell","Sozu"],"picked":"Ectoplasm"},{"not_picked":["Runic Cube","SacredBark"],"picked":"Fusion Hammer"}],"items_purged_floors":[10,29],"is_endless":false,"potions_floor_spawned":[1,4,13,21,25,33,35,37,38,40,46,47],"ascension_level":8}}