{"host":"tml1x4ylw9tadh99","time":1612876470,"event":{"mods":["AchievementEnabler","Act Like it!","BaseMod","Bestiary","Colored Map","Colored Powertips","DeckTracker","Friendly Minions","GifTheSpireLib","Minty Spire (QoL Compilation)","Quick Restart","Random Character Button","Random Character Mod","Relic Stats","StSLib","Synergy Search"],"gold_per_floor":[110,56,56,56,68,68,68,68,68,93,113,130,130,155,155,272,272,285,385,401,414,432,432,448,448,448,476,490,490,490],"floor_reached":29,"language":"ENG","playtime":2404,"items_purged":[],"score":258,"play_id":"0d30a077-f23d-42a4-9a37-ee1abe97660c","local_time":"20210209141430","is_ascension_mode":false,"campfire_choices":[{"data":"Adaptation","floor":6,"key":"SMITH"},{"data":"Crescendo","floor":8,"key":"SMITH"},{"data":"Adaptation","floor":15,"key":"SMITH"},{"data":"DevaForm","floor":23,"key":"SMITH"},{"data":"Devotion","floor":25,"key":"SMITH"}],"circlet_count":0,"master_deck":["Strike_P","Strike_P","Strike_P","Strike_P","Defend_P","Defend_P","Defend_P","Eruption+1","Vigilance","Crescendo+1","ClearTheMind","Adaptation+1","Adaptation+1","Halt+1","Tantrum","ForeignInfluence+1","DevaForm+1","FollowUp+1","Indignation+1","Consecrate","MentalFortress+1","Devotion+1"],"relics":["PureWater","Gremlin Horn","Toxic Egg 2","White Beast Statue","Odd Mushroom","Regal Pillow","Mercury Hourglass","Coffee Dripper","Pantograph","Red Mask"],"acts_visited":["Exordium","TheCity"],"potions_floor_usage":[11,11,14,14,20,20,21,21,24,28,29,29,29],"damage_taken":[{"damage":0,"enemies":"Cultist","floor":1,"turns":4},{"damage":5,"enemies":"Small Slimes","floor":5,"turns":4},{"damage":25,"enemies":"3 Sentries","floor":10,"turns":8},{"damage":8,"enemies":"The Mushroom Lair","floor":11,"turns":3},{"damage":0,"enemies":"2 Louse","floor":12,"turns":2},{"damage":0,"enemies":"Lagavulin","floor":14,"turns":6},{"damage":6,"enemies":"The Guardian","floor":16,"turns":6},{"damage":0,"enemies":"Spheric Guardian","floor":18,"turns":3},{"damage":10,"enemies":"3 Byrds","floor":20,"turns":3},{"damage":0,"enemies":"Cultist and Chosen","floor":21,"turns":3},{"damage":5,"enemies":"3 Cultists","floor":22,"turns":3},{"damage":0,"enemies":"Centurion and Healer","floor":24,"turns":3},{"damage":0,"enemies":"Masked Bandits","floor":27,"turns":2},{"damage":54,"enemies":"Sentry and Sphere","floor":28,"turns":4},{"damage":18,"enemies":"Book of Stabbing","floor":29,"turns":2}],"seed_played":"-4658490396776807634","potions_obtained":[{"floor":1,"key":"SteroidPotion"},{"floor":5,"key":"LiquidBronze"},{"floor":11,"key":"SkillPotion"},{"floor":12,"key":"Regen Potion"},{"floor":14,"key":"Fruit Juice"},{"floor":16,"key":"ColorlessPotion"},{"floor":18,"key":"DuplicationPotion"},{"floor":20,"key":"Explosive Potion"},{"floor":21,"key":"BottledMiracle"},{"floor":22,"key":"SkillPotion"},{"floor":24,"key":"FearPotion"},{"floor":27,"key":"DuplicationPotion"},{"floor":28,"key":"Dexterity Potion"}],"is_trial":false,"path_per_floor":["M","$","?","?","M","R","T","R","T","E","?","M","?","E","R","B",null,"M","?","M","M","M","R","M","R","T","?","M","E"],"character_chosen":"WATCHER","items_purchased":["ClearTheMind"],"campfire_rested":0,"item_purchase_floors":[2],"current_hp_per_floor":[72,72,72,65,60,60,60,60,60,35,27,27,24,44,44,38,77,77,77,67,67,62,62,62,62,62,62,8,0,0],"gold":490,"neow_bonus":"UPGRADE_CARD","is_daily":false,"chose_seed":false,"campfire_upgraded":5,"win_rate":0.0,"timestamp":1612876470,"path_taken":["M","?","?","?","M","R","?","R","T","E","?","?","?","E","R","BOSS","M","?","?","?","M","R","M","R","T","?","M","E"],"items_purchased_type":["Card"],"build_version":"2020-12-22","purchased_purges":0,"victory":false,"max_hp_per_floor":[72,72,72,72,72,72,72,72,72,72,72,72,72,77,77,77,77,77,77,77,77,77,77,77,77,77,77,77,77,77],"relic_stats":{"Regal Pillow":0,"Gremlin Horn":[12,12],"counters":[15,56],"Pantograph":0,"obtain_stats":[{"Regal Pillow":13,"Gremlin Horn":7,"Pantograph":26,"Coffee Dripper":17,"Red Mask":27,"PureWater":0,"Toxic Egg 2":9,"Odd Mushroom":11,"White Beast Statue":10,"Mercury Hourglass":14},{"Regal Pillow":5,"Gremlin Horn":2,"Pantograph":12,"Coffee Dripper":7,"Red Mask":13,"PureWater":0,"Toxic Egg 2":2,"Odd Mushroom":4,"White Beast Statue":3,"Mercury Hourglass":6},{"Regal Pillow":21,"Gremlin Horn":8,"Pantograph":48,"Coffee Dripper":33,"Red Mask":50,"PureWater":0,"Toxic Egg 2":8,"Odd Mushroom":19,"White Beast Statue":16,"Mercury Hourglass":27}],"Mercury Hourglass":[134]},"card_choices":[{"not_picked":["EmptyFist","FlurryOfBlows"],"picked":"Crescendo","floor":1},{"not_picked":["Halt","Evaluate"],"picked":"Adaptation","floor":5},{"not_picked":["FlurryOfBlows","ClearTheMind+1"],"picked":"Adaptation","floor":10},{"not_picked":["JustLucky","Evaluate+1"],"picked":"Halt+1","floor":11},{"not_picked":["Nirvana","Crescendo+1"],"picked":"Tantrum","floor":12},{"not_picked":["Worship+1","EmptyMind+1"],"picked":"ForeignInfluence+1","floor":14},{"not_picked":["DeusExMachina+1","Omniscience+1"],"picked":"DevaForm","floor":16},{"not_picked":["ReachHeaven+1","PathToVictory+1"],"picked":"FollowUp+1","floor":18},{"not_picked":["FlyingSleeves+1","WaveOfTheHand+1"],"picked":"Indignation+1","floor":20},{"not_picked":["SashWhip","CutThroughFate"],"picked":"Consecrate","floor":21},{"not_picked":["Adaptation+1","InnerPeace+1"],"picked":"MentalFortress+1","floor":22},{"not_picked":["Swivel+1","WreathOfFlame+1"],"picked":"Devotion","floor":24},{"not_picked":["PathToVictory+1","Protect+1","Collect+1"],"picked":"SKIP","floor":28}],"player_experience":32782,"relics_obtained":[{"floor":7,"key":"Gremlin Horn"},{"floor":9,"key":"Toxic Egg 2"},{"floor":10,"key":"White Beast Statue"},{"floor":11,"key":"Odd Mushroom"},{"floor":14,"key":"Mercury Hourglass"},{"floor":26,"key":"Pantograph"},{"floor":27,"key":"Red Mask"}],"event_choices":[{"damage_healed":0,"gold_gain":0,"player_choice":"Ignored","damage_taken":0,"max_hp_gain":0,"max_hp_loss":0,"event_name":"Liars Game","floor":3,"gold_loss":0},{"cards_removed":["Defend_P"],"damage_healed":0,"gold_gain":0,"player_choice":"Card Removal","damage_taken":7,"max_hp_gain":0,"max_hp_loss":0,"event_name":"Golden Wing","floor":4,"gold_loss":0},{"damage_healed":0,"gold_gain":0,"player_choice":"Fought Mushrooms","damage_taken":0,"max_hp_gain":0,"max_hp_loss":0,"event_name":"Mushrooms","floor":11,"gold_loss":0},{"damage_healed":0,"gold_gain":0,"player_choice":"Success","damage_taken":3,"relics_obtained":["Regal Pillow"],"max_hp_gain":0,"max_hp_loss":0,"event_name":"Scrap Ooze","floor":13,"gold_loss":0},{"damage_healed":0,"gold_gain":100,"player_choice":"Pray","damage_taken":0,"max_hp_gain":0,"max_hp_loss":0,"event_name":"Golden Shrine","floor":19,"gold_loss":0},{"damage_healed":0,"gold_gain":0,"player_choice":"Fought Bandits","damage_taken":0,"max_hp_gain":0,"max_hp_loss":0,"event_name":"Masked Bandits","floor":27,"gold_loss":0}],"is_beta":false,"boss_relics":[{"not_picked":["Velvet Choker","Empty Cage"],"picked":"Coffee Dripper"}],"items_purged_floors":[],"is_endless":false,"potions_floor_spawned":[1,5,11,12,14,16,18,20,21,22,24,27,28],"killed_by":"Book of Stabbing","ascension_level":0}}