{"host":"kqjncq1jgqa58i7s","time":1612886257,"event":{"mods":["AchievementEnabler","BaseMod","Colored Map","Minty Spire (QoL Compilation)","Relic Stats"],"gold_per_floor":[116,135,149,166,180,212,229,229,279,304,304,335,335,348,348,348,348],"floor_reached":16,"language":"ENG","playtime":813,"items_purged":[],"score":348,"play_id":"30a3a181-8988-4c2b-82ae-f2e1fb113ab2","local_time":"20210209165737","is_ascension_mode":true,"campfire_choices":[{"data":"Conclude","floor":8,"key":"SMITH"},{"data":"MentalFortress","floor":13,"key":"SMITH"},{"data":"Meditate","floor":15,"key":"SMITH"}],"circlet_count":0,"master_deck":["AscendersBane","Strike_P","Strike_P","Strike_P","Strike_P","Defend_P","Defend_P","Defend_P","Defend_P","Eruption","Vigilance","CarveReality","FlurryOfBlows","FlyingSleeves","Meditate+1","FlurryOfBlows","Conclude+1","FlurryOfBlows","MentalFortress+1"],"relics":["PureWater","NeowsBlessing","Eternal Feather","Bag of Preparation","Gremlin Horn","Sundial"],"acts_visited":["Exordium"],"potions_floor_usage":[12,16],"damage_taken":[{"damage":0,"enemies":"Jaw Worm","floor":1,"turns":1},{"damage":0,"enemies":"Cultist","floor":2,"turns":1},{"damage":0,"enemies":"2 Louse","floor":3,"turns":1},{"damage":19,"enemies":"Gremlin Gang","floor":4,"turns":5},{"damage":14,"enemies":"Looter","floor":5,"turns":3},{"damage":0,"enemies":"Gremlin Nob","floor":6,"turns":2},{"damage":8,"enemies":"Large Slime","floor":7,"turns":3},{"damage":5,"enemies":"3 Sentries","floor":10,"turns":2},{"damage":0,"enemies":"Gremlin Nob","floor":12,"turns":2},{"damage":10,"enemies":"Exordium Thugs","floor":14,"turns":3},{"damage":38,"enemies":"The Guardian","floor":16,"turns":4}],"seed_played":"-2184256963558997984","potions_obtained":[{"floor":3,"key":"ColorlessPotion"},{"floor":5,"key":"Explosive Potion"},{"floor":10,"key":"Block Potion"},{"floor":11,"key":"CultistPotion"},{"floor":12,"key":"Ancient Potion"}],"is_trial":false,"path_per_floor":["M","M","M","M","M","E","M","R","T","E","?","E","R","M","R","B"],"character_chosen":"WATCHER","items_purchased":[],"campfire_rested":0,"item_purchase_floors":[],"current_hp_per_floor":[61,61,61,42,28,28,20,29,29,24,24,24,33,23,32,0,0],"gold":348,"neow_bonus":"THREE_ENEMY_KILL","is_daily":false,"chose_seed":false,"campfire_upgraded":3,"win_rate":0.0,"timestamp":1612886257,"path_taken":["M","M","M","M","M","E","M","R","T","E","?","E","R","M","R","BOSS"],"items_purchased_type":[],"build_version":"2020-12-22","purchased_purges":0,"victory":false,"max_hp_per_floor":[68,68,68,68,68,68,68,68,68,68,68,68,68,68,68,68,68],"relic_stats":{"Gremlin Horn":[1,1],"counters":[11,27],"Sundial":[0],"Eternal Feather":27,"Bag of Preparation":[8],"obtain_stats":[{"NeowsBlessing":0,"Gremlin Horn":10,"Sundial":12,"Eternal Feather":6,"Bag of Preparation":9,"PureWater":0},{"NeowsBlessing":0,"Gremlin Horn":8,"Sundial":9,"Eternal Feather":6,"Bag of Preparation":7,"PureWater":0},{"NeowsBlessing":0,"Gremlin Horn":18,"Sundial":20,"Eternal Feather":13,"Bag of Preparation":16,"PureWater":0}]},"card_choices":[{"not_picked":["Prostrate","Protect"],"picked":"CarveReality","floor":1},{"not_picked":["Collect","Vengeance"],"picked":"FlurryOfBlows","floor":2},{"not_picked":["EmptyBody","SpiritShield"],"picked":"FlyingSleeves","floor":3},{"not_picked":["EmptyFist","Halt"],"picked":"Meditate","floor":4},{"not_picked":["EmptyFist","Halt"],"picked":"FlurryOfBlows","floor":5},{"not_picked":["EmptyFist","Alpha"],"picked":"Conclude","floor":6},{"not_picked":["CrushJoints","FearNoEvil","PathToVictory"],"picked":"SKIP","floor":7},{"not_picked":["CrushJoints","Evaluate"],"picked":"FlurryOfBlows","floor":10},{"not_picked":["WreathOfFlame","ThirdEye"],"picked":"MentalFortress","floor":12},{"not_picked":["Consecrate","BowlingBash","EmptyFist"],"picked":"SKIP","floor":14}],"player_experience":1664397,"relics_obtained":[{"floor":6,"key":"Eternal Feather"},{"floor":9,"key":"Bag of Preparation"},{"floor":10,"key":"Gremlin Horn"},{"floor":12,"key":"Sundial"}],"event_choices":[{"damage_healed":0,"gold_gain":0,"player_choice":"Got Potions","damage_taken":0,"max_hp_gain":0,"max_hp_loss":0,"event_name":"Lab","floor":11,"gold_loss":0}],"is_beta":false,"boss_relics":[],"items_purged_floors":[],"is_endless":false,"potions_floor_spawned":[3,5,10,12,14],"killed_by":"The Guardian","ascension_level":20}}