{"host":"gttgmv2wah99hzdm","time":1612837283,"event":{"mods":["AchievementEnabler","BaseMod","Bestiary","Block Reminder","Minty Spire (QoL Compilation)","Permanent Neow","Relic Stats","Weighted Paths","ojb\u0027s Info Mod"],"gold_per_floor":[119,43,43,58,58,84,84,116,141,141,141,141,141,174,174,251,251,262,37,52,14,14,14,45,45,45,45,56,56,71,71,71],"floor_reached":31,"language":"ENG","playtime":1002,"items_purged":["Pain"],"score":584,"play_id":"a7f4e998-16ce-4099-a2f6-db2257f61361","local_time":"20210208202123","is_ascension_mode":true,"campfire_choices":[{"data":"Dagger Spray","floor":7.0,"key":"SMITH"},{"floor":10.0,"key":"REST"},{"floor":13.0,"key":"REST"},{"data":"Neutralize","floor":15.0,"key":"SMITH"},{"data":"Wraith Form v2","floor":23,"key":"SMITH"},{"floor":25,"key":"REST"},{"data":"Crippling Poison","floor":27,"key":"SMITH"},{"floor":29,"key":"REST"}],"circlet_count":0,"master_deck":["AscendersBane","Strike_G","Strike_G","Strike_G","Strike_G","Strike_G","Defend_G","Defend_G","Defend_G","Defend_G","Defend_G","Survivor","Neutralize+1","Dagger Spray+1","Noxious Fumes+1","Noxious Fumes+1","Backflip","Wraith Form v2+1","Crippling Poison+1","PiercingWail","Footwork","Ghostly","Ghostly","Ghostly","PiercingWail"],"relics":["Ring of the Snake","NeowsBlessing","White Beast Statue","Juzu Bracelet","Ancient Tea Set","Bag of Marbles","WarpedTongs","Tiny Chest","Velvet Choker","Membership Card","Molten Egg 2","Gremlin Horn"],"acts_visited":["Exordium","TheCity"],"potions_floor_usage":[24,24,24,30,31],"damage_taken":[{"damage":0.0,"enemies":"Small Slimes","floor":1.0,"turns":1.0},{"damage":0.0,"enemies":"Jaw Worm","floor":4.0,"turns":1.0},{"damage":0.0,"enemies":"3 Sentries","floor":6.0,"turns":2.0},{"damage":43.0,"enemies":"Lagavulin","floor":8.0,"turns":9.0},{"damage":23.0,"enemies":"Gremlin Nob","floor":14.0,"turns":5.0},{"damage":20.0,"enemies":"The Guardian","floor":16.0,"turns":10.0},{"damage":29.0,"enemies":"Shell Parasite","floor":18.0,"turns":6.0},{"damage":0.0,"enemies":"3 Byrds","floor":20.0,"turns":4.0},{"damage":19,"enemies":"Slavers","floor":24,"turns":6},{"damage":3,"enemies":"Cultist and Chosen","floor":28,"turns":5},{"damage":1,"enemies":"Snecko","floor":30,"turns":9},{"damage":21,"enemies":"Book of Stabbing","floor":31,"turns":7}],"seed_played":"5810425719124447032","potions_obtained":[{"floor":6.0,"key":"EssenceOfSteel"},{"floor":8.0,"key":"EntropicBrew"},{"floor":14.0,"key":"BlessingOfTheForge"},{"floor":16.0,"key":"Fire Potion"},{"floor":20,"key":"EntropicBrew"},{"floor":24,"key":"LiquidMemories"},{"floor":30,"key":"Ancient Potion"}],"is_trial":false,"path_per_floor":["M","$","?","M","T","E","R","E","T","R","?","?","R","E","R","B",null,"M","$","M","$","?","R","E","R","T","R","M","R","M","E"],"character_chosen":"THE_SILENT","items_purchased":["Noxious Fumes","Membership Card","Crippling Poison","Footwork"],"campfire_rested":4,"item_purchase_floors":[2,19,19,21],"current_hp_per_floor":[59,59,59,59,59,59,59,16,16,35,35,35,54,31,31,11,52,23,23,23,23,23,23,4,13,13,13,10,19,18,0,0],"gold":71,"neow_bonus":"THREE_ENEMY_KILL","is_daily":false,"chose_seed":false,"campfire_upgraded":4,"win_rate":0.0,"timestamp":1612837283,"path_taken":["M","$","?","M","?","E","R","E","T","R","?","?","R","E","R","BOSS","M","$","M","?","?","R","E","R","T","R","M","R","M","E"],"items_purchased_type":["Card","Relic","Card","Card"],"build_version":"2020-12-22","purchased_purges":1,"victory":false,"max_hp_per_floor":[66,66,66,66,66,66,66,66,66,66,66,66,66,66,66,66,66,66,66,66,66,33,33,33,33,33,33,33,33,33,33,33],"relic_stats":{"Gremlin Horn":[1,1],"counters":[12,65],"Tiny Chest":0,"Juzu Bracelet":1,"obtain_stats":[{"NeowsBlessing":0,"Gremlin Horn":26,"Velvet Choker":17,"Tiny Chest":14,"Molten Egg 2":24,"Juzu Bracelet":6,"Bag of Marbles":9,"Membership Card":19,"Ancient Tea Set":8,"White Beast Statue":5,"Ring of the Snake":0,"WarpedTongs":11},{"NeowsBlessing":0,"Gremlin Horn":9,"Velvet Choker":6,"Tiny Chest":5,"Molten Egg 2":9,"Juzu Bracelet":3,"Bag of Marbles":4,"Membership Card":7,"Ancient Tea Set":4,"White Beast Statue":2,"Ring of the Snake":0,"WarpedTongs":4},{"NeowsBlessing":0,"Gremlin Horn":44,"Velvet Choker":28,"Tiny Chest":18,"Molten Egg 2":44,"Juzu Bracelet":4,"Bag of Marbles":13,"Membership Card":34,"Ancient Tea Set":13,"White Beast Statue":2,"Ring of the Snake":0,"WarpedTongs":13}],"Ring of the Snake":[24],"WarpedTongs":[51]},"card_choices":[{"not_picked":["Deadly Poison","Blur"],"picked":"Dagger Spray","floor":1.0},{"not_picked":["Deadly Poison","Escape Plan","Prepared"],"picked":"SKIP","floor":4.0},{"not_picked":["PiercingWail","Sucker Punch"],"picked":"Noxious Fumes","floor":6.0},{"not_picked":["Acrobatics","Doppelganger"],"picked":"Backflip","floor":8.0},{"not_picked":["Tactician","Slice","Heel Hook"],"picked":"SKIP","floor":14.0},{"not_picked":["After Image","Venomology"],"picked":"Wraith Form v2","floor":16.0},{"not_picked":["Backstab","Bouncing Flask","Flying Knee"],"picked":"SKIP","floor":18.0},{"not_picked":["Well Laid Plans","Bane"],"picked":"PiercingWail","floor":20},{"not_picked":["Cloak And Dagger","Dagger Spray+1","Heel Hook+1"],"picked":"SKIP","floor":24},{"not_picked":["Unload+1","Quick Slash+1"],"picked":"PiercingWail","floor":28},{"not_picked":["Flechettes+1","Concentrate","Deadly Poison"],"picked":"SKIP","floor":30}],"player_experience":1111478,"relics_obtained":[{"floor":5.0,"key":"White Beast Statue"},{"floor":6.0,"key":"Juzu Bracelet"},{"floor":8.0,"key":"Ancient Tea Set"},{"floor":9.0,"key":"Bag of Marbles"},{"floor":14.0,"key":"Tiny Chest"},{"floor":24,"key":"Molten Egg 2"},{"floor":26,"key":"Gremlin Horn"}],"event_choices":[{"damage_healed":0.0,"max_hp_gain":0.0,"max_hp_loss":0.0,"gold_gain":0.0,"event_name":"Living Wall","player_choice":"Grow","floor":3.0,"gold_loss":0.0,"damage_taken":0.0,"cards_upgraded":["Noxious Fumes"]},{"damage_healed":0.0,"max_hp_gain":0.0,"max_hp_loss":0.0,"gold_gain":0.0,"event_name":"Accursed Blacksmith","player_choice":"Rummage","floor":11.0,"gold_loss":0.0,"damage_taken":0.0,"relics_obtained":["WarpedTongs"],"cards_obtained":["Pain"]},{"damage_healed":0.0,"max_hp_gain":0.0,"max_hp_loss":0.0,"gold_gain":0.0,"event_name":"Upgrade Shrine","player_choice":"Upgraded","floor":12.0,"gold_loss":0.0,"damage_taken":0.0,"cards_upgraded":["Noxious Fumes"]},{"damage_healed":0,"gold_gain":0,"player_choice":"Became a Ghost","damage_taken":0,"max_hp_gain":0,"max_hp_loss":33,"event_name":"Ghosts","floor":22,"gold_loss":0,"cards_obtained":["Ghostly","Ghostly","Ghostly"]}],"is_beta":false,"boss_relics":[{"not_picked":["Tiny House","Black Star"],"picked":"Velvet Choker"}],"items_purged_floors":[19],"is_endless":false,"potions_floor_spawned":[6,8,14,16,18,20,24,28,30],"killed_by":"Book of Stabbing","ascension_level":20}}