{"host":"cvgfrai8nrtinf2y","time":1612893507,"event":{"mods":["A Magickal Journey","Act Like it!","BaseMod","Better Third Choice","Challenge The Spire","Colored Map","Downfall","Gensokyo","Googly Eyes","Hermit","Highlight Path","Hubris","Infinite Spire","Minty Spire (QoL Compilation)","Rare Cards Sparkle","Relic Sorter","Remilia??????","Spicy Shops","StSLib","The Disciple","The Hierophant","The Necromancer","The Runesmith"],"gold_per_floor":[111,286,286,286,298,309,309,334,359,434,459,459,409,424,424,519,519,532,532,632,632,632],"floor_reached":21,"language":"ENG","playtime":1192,"items_purged":[],"score":185,"play_id":"cda75d2b-d7c3-48ea-bbd2-7e679d0319cc","local_time":"20210209185827","is_ascension_mode":false,"campfire_choices":[{"data":"Finger_Of_Death","floor":7.0,"key":"SMITH"},{"floor":12.0,"key":"REST"},{"data":"Stop_Heart","floor":15.0,"key":"SMITH"}],"circlet_count":1,"master_deck":["Negative_Energy_Arrows","Bone_Wall","Bone_Spikes","Finger_Of_Death+1","Shade_Step","Spectral_Armor","Necrotic_Claws","Stop_Heart+1","Grasp_Heart","Strike_from_Beyond","Bone_Bullets","Stop_Heart","Death_March_Dance","Bones_to_Steel","Violent_Necrosis","Hellfire","Blood_Curse","Bone_Shift+1","Madness","Negative_Energy_Shield"],"relics":["Vampire_Amulet","NeowsBlessing","Smiling Mask","Circlet","Orichalcum","Pandora\u0027s Box","Dead Branch","Blue Candle"],"acts_visited":[],"potions_floor_usage":[],"damage_taken":[{"damage":0.0,"enemies":"Jaw Worm","floor":1.0,"turns":1.0},{"damage":0.0,"enemies":"2 Louse","floor":5.0,"turns":1.0},{"damage":0.0,"enemies":"Cultist","floor":6.0,"turns":1.0},{"damage":37.0,"enemies":"vexMod:Combatant","floor":8.0,"turns":8.0},{"damage":18.0,"enemies":"Lagavulin","floor":11.0,"turns":9.0},{"damage":0.0,"enemies":"Blue Slaver","floor":14.0,"turns":3.0},{"damage":8.0,"enemies":"The Guardian","floor":16.0,"turns":11.0},{"damage":2.0,"enemies":"3 Byrds","floor":18.0,"turns":5.0},{"damage":29.0,"enemies":"Colosseum Slavers","floor":20.0,"turns":6.0},{"damage":44.0,"enemies":"Colosseum Nobs","floor":20.0,"turns":5.0},{"damage":0,"enemies":"Shell Parasite","floor":21,"turns":1}],"seed_played":"4521635624212800100","potions_obtained":[{"floor":11.0,"key":"Strength Potion"},{"floor":16.0,"key":"Block Potion"},{"floor":18.0,"key":"Ancient Potion"}],"is_trial":false,"path_per_floor":["M","?","?","?","M","M","R","E","T","?","E","R","?","M","R","B",null,"M","?","?","M"],"character_chosen":"NECROMANCER","items_purchased":[],"campfire_rested":1,"item_purchase_floors":[],"current_hp_per_floor":[75,75,80,80,80,80,80,45,47,36,20,44,44,46,46,40,82,82,82,17,17,17],"gold":632,"neow_bonus":"THREE_ENEMY_KILL","is_daily":false,"chose_seed":false,"campfire_upgraded":2,"win_rate":0.0,"timestamp":1612893507,"path_taken":["M","?","?","?","?","M","R","E","T","?","E","R","?","M","R","BOSS","M","?","?","M"],"items_purchased_type":[],"build_version":"2020-12-22","purchased_purges":0,"victory":false,"max_hp_per_floor":[75,75,80,80,80,80,80,80,82,82,82,82,82,82,82,82,82,82,82,82,82,82],"card_choices":[{"not_picked":["Death_Coil","Death_March_Dance"],"picked":"Bone_Spikes","floor":1.0},{"not_picked":["Blood_Shield","Toxic_Smoke_Screen"],"picked":"Finger_Of_Death","floor":5.0},{"not_picked":["Toxic_Smoke_Screen","Consume_Illness"],"picked":"Shade_Step","floor":6.0},{"not_picked":["Consume_Illness","Summon_Death_Knight"],"picked":"Spectral_Armor","floor":8.0},{"not_picked":["Whirlwind_of_Bones","Blood_Whip"],"picked":"Necrotic_Claws","floor":11.0},{"not_picked":["Vampiric_Strike","Blood_Whip"],"picked":"Stop_Heart","floor":14.0},{"not_picked":["Negative_Energy_Bomb","Blood_Magic"],"picked":"Grasp_Heart","floor":16.0},{"not_picked":["Blood_Whip","Vampiric_Strike"],"picked":"Bone_Shift+1","floor":18.0},{"not_picked":["Unload","Expertise"],"picked":"vexMod:PrepareVictim","floor":19.0},{"not_picked":["Death_March_Dance","Pandemic"],"picked":"Negative_Energy_Shield","floor":20.0}],"player_experience":1248073,"relics_obtained":[{"floor":8.0,"key":"Smiling Mask"},{"floor":9.0,"key":"vexMod:HappyDrink"},{"floor":11.0,"key":"Orichalcum"},{"floor":20.0,"key":"Dead Branch"},{"floor":20.0,"key":"Blue Candle"}],"event_choices":[{"damage_healed":0.0,"max_hp_gain":0.0,"max_hp_loss":0.0,"gold_gain":175.0,"event_name":"Liars Game","player_choice":"AGREE","floor":2.0,"gold_loss":0.0,"damage_taken":0.0,"cards_obtained":["Doubt"]},{"damage_healed":0.0,"max_hp_gain":5.0,"max_hp_loss":0.0,"gold_gain":0.0,"event_name":"Big Fish","player_choice":"Donut","floor":3.0,"gold_loss":0.0,"damage_taken":0.0},{"cards_removed":["Doubt"],"damage_healed":0.0,"max_hp_gain":0.0,"max_hp_loss":0.0,"gold_gain":0.0,"event_name":"NoteForYourself","player_choice":"Took Card","floor":4.0,"gold_loss":0.0,"damage_taken":0.0,"cards_obtained":["Strike_G"]},{"damage_healed":0.0,"max_hp_gain":0.0,"max_hp_loss":0.0,"gold_gain":75.0,"event_name":"World of Goop","player_choice":"Gather Gold","floor":10.0,"gold_loss":0.0,"damage_taken":11.0},{"cards_removed":["Strike_G"],"damage_healed":0.0,"max_hp_gain":0.0,"max_hp_loss":0.0,"gold_gain":0.0,"event_name":"The Cleric","player_choice":"Card Removal","floor":13.0,"gold_loss":50.0,"damage_taken":0.0},{"damage_healed":0.0,"max_hp_gain":0.0,"max_hp_loss":0.0,"gold_gain":0.0,"event_name":"Colosseum","player_choice":"Fight","floor":20.0,"gold_loss":0.0,"damage_taken":0.0},{"damage_healed":0.0,"max_hp_gain":0.0,"max_hp_loss":0.0,"gold_gain":0.0,"event_name":"Colosseum","player_choice":"Fought Nobs","floor":20.0,"gold_loss":0.0,"damage_taken":0.0}],"is_beta":false,"boss_relics":[{"not_picked":["Cursed Key","Coffee Dripper"],"picked":"Pandora\u0027s Box"}],"items_purged_floors":[],"is_endless":false,"potions_floor_spawned":[11,16,18,20],"killed_by":"Shell Parasite","ascension_level":0}}