{"host":"prxrhpgaxnj4om9r","time":1612880074,"event":{"mods":["AchievementEnabler","BaseMod","DeckTracker","Keyboard Shortcuts","Minty Spire (QoL Compilation)"],"gold_per_floor":[113,113,113,113,128,155,175,175,175,185,197,262,262,278,278,380,430,445,33,48,62,161,161,161,188,240,250,74,74,12,22,22,123,123,137,13,13,33,33,33,51,0,0,0,28,28,43,53,53,53],"floor_reached":51,"language":"KOR","playtime":3573,"items_purged":[],"score":697,"play_id":"ed958cb4-3381-4b79-9f84-b71a0749e95e","local_time":"20210209231434","is_ascension_mode":false,"campfire_choices":[{"floor":8,"key":"REST"},{"data":"Biased Cognition","floor":15,"key":"SMITH"},{"data":"Defragment","floor":23,"key":"SMITH"},{"data":"Ball Lightning","floor":29,"key":"SMITH"},{"floor":32,"key":"REST"},{"data":"Capacitor","floor":40,"key":"SMITH"},{"floor":49,"key":"REST"}],"circlet_count":0,"master_deck":["Strike_B","Strike_B+1","Strike_B","Strike_B","Defend_B","Defend_B+1","Defend_B","Defend_B","Zap+1","Dualcast","Biased Cognition+1","Ball Lightning+1","Streamline","Glacier+1","FTL","Go for the Eyes","Stack+1","Seek+1","Consume+1","Core Surge+1","Ball Lightning","Defragment+1","Auto Shields+1","Capacitor+1","Gash","Consume+1","Scrape","Darkness+1","Skim+1","Rainbow+1","CurseOfTheBell","Chill+1","Compile Driver+1","Hologram+1","Electrodynamics","Mind Blast","Stack+1","Rebound+1"],"relics":["Cracked Core","Toxic Egg 2","Eternal Feather","The Courier","MealTicket","Tiny House","Dead Branch","Tiny Chest","Nilry\u0027s Codex","Singing Bowl","Art of War","DataDisk","Calling Bell","Juzu Bracelet","InkBottle","Calipers","Potion Belt","Strawberry","Red Mask","PreservedInsect","Omamori"],"acts_visited":["Exordium","TheCity","TheBeyond"],"potions_floor_usage":[11,16,18,21,21,25,25,25,50],"damage_taken":[{"damage":9,"enemies":"2 Louse","floor":1,"turns":3},{"damage":10,"enemies":"Small Slimes","floor":5,"turns":3},{"damage":21,"enemies":"Lagavulin","floor":6,"turns":4},{"damage":0,"enemies":"Cultist","floor":7,"turns":3},{"damage":8,"enemies":"3 Louse","floor":10,"turns":3},{"damage":0,"enemies":"Blue Slaver","floor":11,"turns":1},{"damage":0,"enemies":"Gremlin Nob","floor":12,"turns":3},{"damage":0,"enemies":"Large Slime","floor":14,"turns":2},{"damage":18,"enemies":"The Guardian","floor":16,"turns":9},{"damage":17,"enemies":"Shell Parasite","floor":18,"turns":4},{"damage":5,"enemies":"3 Byrds","floor":20,"turns":7},{"damage":7,"enemies":"Snake Plant","floor":21,"turns":4},{"damage":22,"enemies":"Book of Stabbing","floor":25,"turns":6},{"damage":17,"enemies":"Centurion and Healer","floor":27,"turns":8},{"damage":36,"enemies":"Shelled Parasite and Fungi","floor":31,"turns":3},{"damage":66,"enemies":"Champ","floor":33,"turns":9},{"damage":1,"enemies":"3 Shapes","floor":35,"turns":3},{"damage":28,"enemies":"3 Darklings","floor":38,"turns":7},{"damage":1,"enemies":"Jaw Worm Horde","floor":41,"turns":6},{"damage":70,"enemies":"Reptomancer","floor":45,"turns":7},{"damage":11,"enemies":"Maw","floor":47,"turns":7},{"damage":25,"enemies":"Spire Growth","floor":48,"turns":6},{"damage":15,"enemies":"Time Eater","floor":50,"turns":11}],"seed_played":"8506830332038145370","potions_obtained":[{"floor":5,"key":"Ancient Potion"},{"floor":10,"key":"LiquidMemories"},{"floor":12,"key":"FocusPotion"},{"floor":14,"key":"EntropicBrew"},{"floor":17,"key":"FocusPotion"},{"floor":18,"key":"Swift Potion"},{"floor":20,"key":"LiquidBronze"},{"floor":25,"key":"SpeedPotion"},{"floor":45,"key":"DistilledChaos"}],"is_trial":false,"path_per_floor":["M","?","?","?","M","E","M","R","T","M","M","?","T","M","R","B",null,"M","$","M","M","?","R","?","E","T","M","$","R","$","M","R","B",null,"M","$","T","M","$","R","M","?","T","$","E","?","M","M","R","B",null],"character_chosen":"DEFECT","items_purchased":["Dead Branch","Tiny Chest","Auto Shields+1","DataDisk","Scrape","Darkness+1","Potion Belt"],"campfire_rested":3,"item_purchase_floors":[19,19,19,28,28,30,36],"current_hp_per_floor":[66,51,51,51,41,20,20,42,42,34,34,34,34,34,43,25,80,63,78,73,66,66,80,64,42,42,27,42,57,72,36,75,9,82,81,82,89,61,76,89,88,88,88,89,19,19,8,19,66,51],"gold":53,"neow_bonus":"ONE_RANDOM_RARE_CARD","is_daily":false,"chose_seed":false,"campfire_upgraded":4,"win_rate":0.0,"timestamp":1612880074,"path_taken":["M","?","?","?","M","E","M","R","T","?","M","?","?","M","R","BOSS","M","$","M","M","?","R","?","E","T","M","?","R","$","M","R","BOSS","M","$","?","M","$","R","M","?","T","?","E","?","M","M","R","BOSS"],"items_purchased_type":["Relic","Relic","Card","Relic","Card","Card","Relic"],"build_version":"2020-12-22","purchased_purges":0,"victory":true,"max_hp_per_floor":[75,75,75,75,75,75,75,75,75,75,75,75,75,75,75,75,80,80,80,80,80,80,80,80,80,80,82,82,82,82,82,82,82,82,82,82,89,89,89,89,89,89,89,89,89,89,89,89,89,89],"card_choices":[{"not_picked":["Coolheaded","Turbo"],"picked":"Ball Lightning","floor":1},{"not_picked":["Ball Lightning","Turbo"],"picked":"Streamline","floor":5},{"not_picked":["All For One","Undo+1"],"picked":"Glacier+1","floor":6},{"not_picked":["Compile Driver","Storm"],"picked":"FTL","floor":7},{"not_picked":["Streamline","Redo+1"],"picked":"Go for the Eyes","floor":10},{"not_picked":["Compile Driver","Ball Lightning"],"picked":"Stack+1","floor":11},{"not_picked":["Steam+1","Hologram+1"],"picked":"Seek+1","floor":12},{"not_picked":["Beam Cell","Turbo+1"],"picked":"Consume+1","floor":14},{"not_picked":["Buffer","Thunder Strike"],"picked":"Core Surge","floor":16},{"not_picked":["FTL","Go for the Eyes"],"picked":"Ball Lightning","floor":17},{"not_picked":["Blizzard","Sweeping Beam"],"picked":"Defragment","floor":18},{"not_picked":["Aggregate+1","Leap+1"],"picked":"Capacitor","floor":20},{"not_picked":["Capacitor","Cold Snap"],"picked":"Gash","floor":21},{"not_picked":["Sweeping Beam","Stack+1"],"picked":"Consume+1","floor":25},{"not_picked":["Go for the Eyes","Ball Lightning","Redo+1"],"picked":"Singing Bowl","floor":27},{"not_picked":["Aggregate+1","Chaos+1"],"picked":"Skim+1","floor":31},{"not_picked":["Machine Learning","Biased Cognition"],"picked":"Rainbow+1","floor":33},{"not_picked":["Cold Snap","Ball Lightning+1"],"picked":"Chill+1","floor":35},{"not_picked":["Rebound","Cold Snap"],"picked":"Compile Driver+1","floor":38},{"not_picked":["Gash+1","Leap+1"],"picked":"Hologram+1","floor":41},{"not_picked":["Beam Cell","Redo+1"],"picked":"Electrodynamics","floor":45},{"not_picked":["Swift Strike","Violence+1"],"picked":"Mind Blast","floor":46},{"not_picked":["Coolheaded+1","Skim+1"],"picked":"Stack+1","floor":47},{"not_picked":["Recycle+1","Cold Snap+1"],"picked":"Rebound+1","floor":48}],"player_experience":342912,"relics_obtained":[{"floor":6,"key":"Toxic Egg 2"},{"floor":9,"key":"Eternal Feather"},{"floor":12,"key":"The Courier"},{"floor":13,"key":"MealTicket"},{"floor":24,"key":"Nilry\u0027s Codex"},{"floor":25,"key":"Singing Bowl"},{"floor":26,"key":"Art of War"},{"floor":34,"key":"Juzu Bracelet"},{"floor":34,"key":"InkBottle"},{"floor":34,"key":"Calipers"},{"floor":37,"key":"Strawberry"},{"floor":43,"key":"PreservedInsect"},{"floor":45,"key":"Omamori"}],"event_choices":[{"damage_healed":0,"gold_gain":0,"player_choice":"Entered Light","damage_taken":15,"max_hp_gain":0,"max_hp_loss":0,"event_name":"Shining Light","floor":2,"gold_loss":0,"cards_upgraded":["Strike_B","Defend_B"]},{"damage_healed":0,"gold_gain":0,"player_choice":"Leave","damage_taken":0,"max_hp_gain":0,"max_hp_loss":0,"event_name":"The Cleric","floor":3,"gold_loss":0},{"damage_healed":0,"gold_gain":0,"player_choice":"Upgraded","damage_taken":0,"max_hp_gain":0,"max_hp_loss":0,"event_name":"Upgrade Shrine","floor":4,"gold_loss":0,"cards_upgraded":["Zap"]},{"damage_healed":0,"gold_gain":0,"player_choice":"Searched \u00271\u0027 times","damage_taken":0,"max_hp_gain":0,"max_hp_loss":0,"event_name":"Dead Adventurer","floor":12,"gold_loss":0},{"damage_healed":0,"gold_gain":99,"player_choice":"Stole From Cult","damage_taken":0,"max_hp_gain":0,"max_hp_loss":0,"event_name":"Nest","floor":22,"gold_loss":0},{"damage_healed":0,"gold_gain":0,"player_choice":"Obtained Book","damage_taken":16,"max_hp_gain":0,"max_hp_loss":0,"event_name":"Cursed Tome","floor":24,"gold_loss":0},{"damage_healed":0,"gold_gain":0,"player_choice":"Paid","damage_taken":0,"relics_obtained":["Red Mask"],"max_hp_gain":0,"max_hp_loss":0,"event_name":"Tomb of Lord Red Mask","floor":42,"gold_loss":51},{"damage_healed":0,"gold_gain":0,"player_choice":"Memory 1","damage_taken":0,"max_hp_gain":0,"max_hp_loss":0,"event_name":"SensoryStone","floor":46,"gold_loss":0}],"is_beta":false,"boss_relics":[{"not_picked":["Runic Pyramid","Velvet Choker"],"picked":"Tiny House"},{"not_picked":["SacredBark","Sozu"],"picked":"Calling Bell"}],"items_purged_floors":[],"is_endless":false,"potions_floor_spawned":[5,10,12,14,18,20,25,45],"ascension_level":0}}