{"host":"kk6i5v7sjcm8i50x","time":1612861574,"event":{"mods":["BaseMod","Bestiary","Colored Map","Downfall","Minty Spire (QoL Compilation)","Reliquary","StSLib","The Saiyan"],"gold_per_floor":[96,108,121,71,91,91,126,126,126,301,301,314,314,314,314,314,314],"floor_reached":16,"language":"ENG","playtime":662,"items_purged":[],"score":100,"play_id":"636016a0-6337-4b6a-ab3a-ddd3458c13b5","local_time":"20210209040614","is_ascension_mode":false,"campfire_choices":[{"data":"Saiyan:RuthlessBlow","floor":6,"key":"SMITH"},{"data":"Saiyan:SuperSaiyanForm","floor":8,"key":"SMITH"},{"floor":13,"key":"REST"},{"floor":15,"key":"REST"}],"circlet_count":0,"master_deck":["Saiyan:SAIYA_Strike","Saiyan:SAIYA_Strike","Saiyan:SAIYA_Strike","Saiyan:SAIYA_Defend","Saiyan:SAIYA_Defend","Saiyan:SAIYA_Defend","Saiyan:SAIYA_Defend","Saiyan:EnergyBlast","Saiyan:KaioKen","Saiyan:RuthlessBlow+1","Decay","Saiyan:SaiyanHubris","Saiyan:MeteorDash","Saiyan:PowerUp","Saiyan:ExpandingShockwave","Saiyan:SuperSaiyanForm+1","Doubt","Saiyan:RemoveWeights"],"relics":["SaiyanSoul","SaiyanHeart","FossilizedHelix","Matryoshka","reliquary:Stiletto","Mercury Hourglass","Art of War"],"acts_visited":["Exordium"],"potions_floor_usage":[7],"damage_taken":[{"damage":14,"enemies":"Small Slimes","floor":1,"turns":3},{"damage":0,"enemies":"2 Louse","floor":2,"turns":3},{"damage":0,"enemies":"Jaw Worm","floor":3,"turns":4},{"damage":0,"enemies":"3 Louse","floor":5,"turns":3},{"damage":24,"enemies":"3 Sentries","floor":7,"turns":7},{"damage":0,"enemies":"Blue Slaver","floor":12,"turns":4},{"damage":53,"enemies":"Hexaghost","floor":16,"turns":12}],"seed_played":"-8564828428370710332","potions_obtained":[{"floor":1,"key":"SkillPotion"},{"floor":3,"key":"BlessingOfTheForge"}],"is_trial":false,"path_per_floor":["M","M","M","?","M","R","E","R","T","?","?","M","R","?","R","B"],"character_chosen":"SAIYAJIN","items_purchased":[],"campfire_rested":2,"item_purchase_floors":[],"current_hp_per_floor":[47,48,49,49,51,51,28,28,28,28,28,30,50,25,45,0,0],"gold":314,"neow_bonus":"ONE_RARE_RELIC","is_daily":false,"chose_seed":false,"campfire_upgraded":2,"win_rate":0.0,"timestamp":1612861574,"path_taken":["M","M","M","?","M","R","E","R","T","?","?","?","R","?","R","BOSS"],"items_purchased_type":[],"build_version":"2020-12-22","purchased_purges":0,"victory":false,"max_hp_per_floor":[61,62,63,63,65,65,66,66,66,66,66,68,68,68,68,70,70],"card_choices":[{"not_picked":["Saiyan:Overexert","Saiyan:DoubleMasenko"],"picked":"Saiyan:SaiyanHubris","floor":1},{"not_picked":["Saiyan:KiExplosion","Saiyan:BackAttack"],"picked":"Saiyan:MeteorDash","floor":2},{"not_picked":["Saiyan:SpiritSword","Saiyan:DrainingStrike"],"picked":"Saiyan:PowerUp","floor":3},{"not_picked":["Saiyan:BackAttack","Saiyan:DragonFist"],"picked":"Saiyan:ExpandingShockwave","floor":5},{"not_picked":["Saiyan:RemoveWeights","Saiyan:FingerParry"],"picked":"Saiyan:SuperSaiyanForm","floor":7},{"not_picked":["Saiyan:DragonFist","Saiyan:PowerUp"],"picked":"Saiyan:RemoveWeights","floor":12}],"player_experience":181649,"relics_obtained":[{"floor":7,"key":"Matryoshka"},{"floor":9,"key":"reliquary:Stiletto"},{"floor":9,"key":"Mercury Hourglass"}],"event_choices":[{"cards_removed":["Saiyan:SAIYA_Strike"],"damage_healed":0,"gold_gain":0,"player_choice":"Card Removal","damage_taken":0,"max_hp_gain":0,"max_hp_loss":0,"event_name":"The Cleric","floor":4,"gold_loss":50},{"damage_healed":0,"gold_gain":175,"player_choice":"AGREE","damage_taken":0,"max_hp_gain":0,"max_hp_loss":0,"event_name":"Liars Game","floor":10,"gold_loss":0,"cards_obtained":["Doubt"]},{"damage_healed":0,"gold_gain":0,"player_choice":"Ignored","damage_taken":0,"max_hp_gain":0,"max_hp_loss":0,"event_name":"Shining Light","floor":11,"gold_loss":0},{"damage_healed":0,"gold_gain":0,"player_choice":"Success","damage_taken":25,"relics_obtained":["Art of War"],"max_hp_gain":0,"max_hp_loss":0,"event_name":"Scrap Ooze","floor":14,"gold_loss":0}],"is_beta":false,"boss_relics":[],"items_purged_floors":[],"is_endless":false,"potions_floor_spawned":[1,3],"killed_by":"Hexaghost","ascension_level":0}}