{"host":"vl29iwkwnyytuw8q","time":1612886647,"event":{"mods":["BaseMod","Minty Spire (QoL Compilation)","Permanent Neow","Relic Stats","StSLib"],"gold_per_floor":[20,40,56,56,28,28,28,28,28,43,43,43,63,89,89,89,89],"floor_reached":16,"language":"ENG","playtime":330,"items_purged":[],"score":200,"play_id":"7850e11b-f884-4e8f-ba24-ceea24b784e6","local_time":"20210209170407","is_ascension_mode":true,"campfire_choices":[{"floor":6.0,"key":"REST"},{"data":"Cloak And Dagger","floor":11.0,"key":"SMITH"},{"floor":15.0,"key":"REST"}],"circlet_count":0,"master_deck":["AscendersBane","Strike_G","Strike_G","Strike_G","Strike_G","Defend_G","Defend_G","Defend_G","Defend_G+1","Defend_G","Survivor","Neutralize","Dagger Throw","Blade Dance+1","Blur","Cloak And Dagger+1","Escape Plan","Corpse Explosion","Footwork"],"relics":["Ring of the Snake","Ginger","Ancient Tea Set","Question Card","Pen Nib"],"acts_visited":["Exordium"],"potions_floor_usage":[16],"damage_taken":[{"damage":13.0,"enemies":"Cultist","floor":1.0,"turns":7.0},{"damage":0.0,"enemies":"Jaw Worm","floor":2.0,"turns":4.0},{"damage":0.0,"enemies":"2 Louse","floor":3.0,"turns":3.0},{"damage":0.0,"enemies":"Looter","floor":10.0,"turns":3.0},{"damage":0.0,"enemies":"Blue Slaver","floor":13.0,"turns":2.0},{"damage":10.0,"enemies":"Lagavulin","floor":14.0,"turns":6.0},{"damage":60,"enemies":"Slime Boss","floor":16,"turns":6}],"seed_played":"-279142946253216400","potions_obtained":[{"floor":1.0,"key":"Strength Potion"},{"floor":3.0,"key":"Block Potion"},{"floor":14.0,"key":"DuplicationPotion"}],"is_trial":false,"path_per_floor":["M","M","M","?","$","R","?","?","T","M","R","$","M","E","R","B"],"character_chosen":"THE_SILENT","items_purchased":["Cloak And Dagger"],"campfire_rested":2,"item_purchase_floors":[5],"current_hp_per_floor":[46,46,46,26,26,45,45,38,38,38,38,38,38,28,47,0,0],"gold":89,"neow_bonus":"ONE_RARE_RELIC","is_daily":false,"chose_seed":false,"campfire_upgraded":1,"win_rate":0.0,"timestamp":1612886647,"path_taken":["M","?","M","?","$","R","?","?","T","M","R","?","M","E","R","BOSS"],"items_purchased_type":["Card"],"build_version":"2020-12-22","purchased_purges":0,"victory":false,"max_hp_per_floor":[66,66,66,66,66,66,66,66,66,66,66,66,66,66,66,66,66],"relic_stats":{"counters":[7,31],"Pen Nib":[2],"Ginger":[0],"Question Card":3,"obtain_stats":[{"Pen Nib":14,"Ginger":0,"Ancient Tea Set":7,"Question Card":9,"Ring of the Snake":0},{"Pen Nib":6,"Ginger":0,"Ancient Tea Set":3,"Question Card":3,"Ring of the Snake":0},{"Pen Nib":25,"Ginger":0,"Ancient Tea Set":14,"Question Card":14,"Ring of the Snake":0}],"Ring of the Snake":[14]},"card_choices":[{"not_picked":["Eviscerate","Underhanded Strike"],"picked":"Dagger Throw","floor":1.0},{"not_picked":["Skewer","Sucker Punch"],"picked":"Blade Dance","floor":2.0},{"not_picked":["Underhanded Strike","PiercingWail"],"picked":"Blur","floor":3.0},{"not_picked":["Quick Slash","Caltrops","Underhanded Strike"],"picked":"Escape Plan","floor":10.0},{"not_picked":["Prepared","Underhanded Strike","Dodge and Roll"],"picked":"Corpse Explosion","floor":13.0},{"not_picked":["Prepared","Backflip","Underhanded Strike"],"picked":"Footwork","floor":14.0}],"player_experience":671897,"relics_obtained":[{"floor":9.0,"key":"Question Card"},{"floor":14.0,"key":"Pen Nib"}],"event_choices":[{"damage_healed":0.0,"max_hp_gain":0.0,"max_hp_loss":0.0,"gold_gain":0.0,"event_name":"Shining Light","player_choice":"Entered Light","floor":4.0,"gold_loss":0.0,"damage_taken":20.0,"cards_upgraded":["Defend_G","Blade Dance"]},{"damage_healed":0.0,"max_hp_gain":0.0,"max_hp_loss":0.0,"gold_gain":0.0,"event_name":"Dead Adventurer","player_choice":"Searched \u00271\u0027 times","floor":7.0,"gold_loss":0.0,"damage_taken":0.0,"relics_obtained":["Ancient Tea Set"]},{"cards_removed":["Strike_G"],"damage_healed":0.0,"max_hp_gain":0.0,"max_hp_loss":0.0,"gold_gain":0.0,"event_name":"Golden Wing","player_choice":"Card Removal","floor":8.0,"gold_loss":0.0,"damage_taken":7.0}],"is_beta":false,"boss_relics":[],"items_purged_floors":[],"is_endless":false,"potions_floor_spawned":[1,3,13,14],"killed_by":"Slime Boss","ascension_level":20}}