{"host":"5jzx1090woovszu4","time":1612853575,"event":{"mods":["BaseMod","Gremlin Mod","Minty Spire (QoL Compilation)","Spicy Shops","StSLib","TheSurvivalist"],"gold_per_floor":[115,290,290,390,410,410,424,437,437,437,451,478,498,532,532,631,631,649,564,564,162,162,162,190,47,47,47,60,87,106,132,132,230,230,241,56,407,407,407,407,423,454,454,17,17,17,17,36,36,36],"floor_reached":51,"language":"ENG","playtime":2357,"items_purged":["Doubt","survmod:QuickDash"],"score":884,"play_id":"64ffa5f2-c20a-412a-94ba-37dbadb9dd3a","local_time":"20210209075255","daily_mods":["SealedDeck"],"is_ascension_mode":false,"campfire_choices":[{"data":"survmod:FlareQuiver","floor":6,"key":"SMITH"},{"data":"survmod:FlareQuiver","floor":10,"key":"SMITH"},{"floor":15,"key":"REST"},{"data":"survmod:MarkedShot","floor":23,"key":"SMITH"},{"data":"survmod:MarkedShot","floor":27,"key":"SMITH"},{"data":"Writhe","floor":32,"key":"PURGE"},{"data":"survmod:DeadlyAim","floor":40,"key":"SMITH"},{"floor":46,"key":"REST"},{"floor":49,"key":"REST"}],"circlet_count":0,"master_deck":["survmod:Marksmanship+1","survmod:NockAnArrow+1","survmod:UnfortunateEscape+1","survmod:FlareQuiver+1","survmod:NockAnArrow+1","survmod:NockAnArrow+1","survmod:NockAnArrow+1","survmod:NockAnArrow+1","survmod:NockAnArrow+1","survmod:VersatileDefense+1","survmod:FlareQuiver+1","survmod:NockAnArrow+1","survmod:DeadlyAim+1","survmod:MarkedShot+1","Master of Strategy+1","survmod:MarkedShot+1","survmod:NockAnArrow+1","survmod:NockAnArrow+1","Master of Strategy+1","survmod:MarkedShot+1"],"relics":["survmod:InnateMutation","survmod:ShotGlass","Singing Bowl","Odd Mushroom","Boot","Philosopher\u0027s Stone","Peace Pipe","Smiling Mask","Ornamental Fan","Turnip","survmod:GoodBoy","Gremlin Horn","Oddly Smooth Stone","Orichalcum","Black Star","Old Coin","survmod:TrapManual","Bottled Lightning","Shuriken","DollysMirror","Regal Pillow","Juzu Bracelet","Mark of the Bloom"],"acts_visited":["Exordium","TheCity","TheBeyond"],"potions_floor_usage":[14,17,33,37,42,50,50,50],"damage_taken":[{"damage":4,"enemies":"Cultist","floor":1,"turns":3},{"damage":0,"enemies":"2 Louse","floor":5,"turns":5},{"damage":0,"enemies":"Small Slimes","floor":7,"turns":5},{"damage":4,"enemies":"Exordium Thugs","floor":8,"turns":5},{"damage":0,"enemies":"Large Slime","floor":11,"turns":3},{"damage":14,"enemies":"The Mushroom Lair","floor":12,"turns":4},{"damage":5,"enemies":"Looter","floor":13,"turns":2},{"damage":3,"enemies":"3 Sentries","floor":14,"turns":6},{"damage":7,"enemies":"Hexaghost","floor":16,"turns":5},{"damage":6,"enemies":"Spheric Guardian","floor":18,"turns":5},{"damage":7,"enemies":"Slavers","floor":24,"turns":5},{"damage":4,"enemies":"Shell Parasite","floor":28,"turns":3},{"damage":3,"enemies":"Book of Stabbing","floor":29,"turns":3},{"damage":0,"enemies":"Cultist and Chosen","floor":30,"turns":2},{"damage":1,"enemies":"Champ","floor":33,"turns":3},{"damage":0,"enemies":"3 Shapes","floor":35,"turns":3},{"damage":4,"enemies":"2 Orb Walkers","floor":37,"turns":4},{"damage":2,"enemies":"3 Darklings","floor":41,"turns":3},{"damage":0,"enemies":"Reptomancer","floor":42,"turns":3},{"damage":0,"enemies":"4 Shapes","floor":48,"turns":1},{"damage":12,"enemies":"Donu and Deca","floor":50,"turns":4}],"seed_played":"-4714745348628714943","potions_obtained":[{"floor":8,"key":"LiquidBronze"},{"floor":11,"key":"Fruit Juice"},{"floor":12,"key":"ColorlessPotion"},{"floor":24,"key":"LiquidBronze"},{"floor":28,"key":"Strength Potion"},{"floor":33,"key":"Block Potion"},{"floor":37,"key":"EssenceOfSteel"},{"floor":41,"key":"PowerPotion"},{"floor":42,"key":"Dexterity Potion"}],"is_trial":true,"path_per_floor":["M","?","?","?","M","R","M","M","T","R","M","?","M","E","R","B",null,"M","?","?","$","?","R","E","$","T","R","M","E","M","T","R","B",null,"M","$","?","?","?","R","M","E","T","$","?","R","?","M","R","B",null],"character_chosen":"THE_SURVIVOR","items_purchased":["survmod:MarkedShot","Master of Strategy","Ornamental Fan","survmod:GoodBoy","survmod:NockAnArrow","DollysMirror","Regal Pillow","Juzu Bracelet"],"campfire_rested":3,"item_purchase_floors":[21,21,21,25,36,44,44,44],"current_hp_per_floor":[46,46,39,39,39,39,39,35,35,35,35,23,20,19,35,28,61,57,57,57,57,57,57,52,52,52,52,50,49,51,51,51,52,73,73,73,71,71,71,71,71,73,73,73,73,73,63,63,63,51],"gold":36,"neow_bonus":"","is_daily":false,"chose_seed":false,"campfire_upgraded":5,"win_rate":0.0,"timestamp":1612853575,"path_taken":["M","?","?","?","M","R","M","?","T","R","M","?","M","E","R","BOSS","M","?","?","$","?","R","E","?","T","R","M","E","?","?","R","BOSS","M","?","?","?","?","R","M","E","T","$","?","R","?","M","R","BOSS"],"items_purchased_type":["Card","Card","Relic","Relic","Card","Relic","Relic","Relic"],"build_version":"2020-12-22","purchased_purges":2,"victory":true,"max_hp_per_floor":[50,50,50,50,50,50,50,50,50,50,50,52,54,56,56,56,61,63,63,63,63,63,63,65,65,65,65,67,69,71,71,71,73,73,73,73,75,75,75,75,77,79,79,79,79,79,79,79,79,79],"card_choices":[{"not_picked":["survmod:AimForTheLiver","survmod:UnfortunateEscape","survmod:LongShot"],"picked":"SKIP","floor":1},{"not_picked":["survmod:BearTrap","survmod:AcidTrap"],"picked":"survmod:QuickDash","floor":5},{"not_picked":["survmod:FlashbangShot","survmod:MarkTrap"],"picked":"survmod:FlareQuiver","floor":7},{"not_picked":["survmod:SurpriseTrap","survmod:PoisonTrap"],"picked":"survmod:NockAnArrow","floor":8},{"not_picked":["survmod:TakeAim","survmod:OverexertingShot"],"picked":"survmod:OverwhelmingAssault","floor":11},{"not_picked":["survmod:PenetratingShot","survmod:FlashbangTrap","survmod:PinningSnipe"],"picked":"Singing Bowl","floor":12},{"not_picked":["survmod:PinningSnipe","survmod:FindCover","survmod:PerfectPosition"],"picked":"Singing Bowl","floor":13},{"not_picked":["survmod:BendAndBow","survmod:QuickDash","survmod:FocusedFire"],"picked":"Singing Bowl","floor":14},{"not_picked":["survmod:VersatilePower","survmod:EmptyQuiver"],"picked":"survmod:DeadlyAim","floor":16},{"not_picked":["survmod:SwiftKick","survmod:BearTrap+1","survmod:MarkedFromAfar"],"picked":"Singing Bowl","floor":18},{"not_picked":["survmod:ShrapnelTraps","survmod:AcidTrap","survmod:FenceTrap+1"],"picked":"Singing Bowl","floor":24},{"not_picked":["survmod:SimpleMutation+1","survmod:TacticalManeuver","survmod:PenetratingShot"],"picked":"Singing Bowl","floor":28},{"not_picked":["survmod:ShrapnelTraps+1","survmod:OverwhelmingAssault+1","survmod:FlashbangTrap+1"],"picked":"Singing Bowl","floor":29},{"not_picked":["survmod:FlashbangShot","survmod:BearTrap","survmod:LongShot"],"picked":"Singing Bowl","floor":30},{"not_picked":["survmod:DesperateAmbush","survmod:UnleashTheTraps","survmod:RobFromTheRich"],"picked":"Singing Bowl","floor":33},{"not_picked":["survmod:BearTrap+1","survmod:QuickThinking"],"picked":"survmod:NockAnArrow","floor":35},{"not_picked":["survmod:MarkTrap+1","survmod:PinningSnipe+1","survmod:AcidTrap"],"picked":"Singing Bowl","floor":37},{"not_picked":["survmod:Marksmanship","survmod:Adaptability+1","survmod:BearTrap"],"picked":"Singing Bowl","floor":41},{"not_picked":["survmod:QuickDash+1","survmod:PiercingShot+1","survmod:MarkedFromAfar+1"],"picked":"Singing Bowl","floor":42},{"not_picked":["survmod:AcidTrap+1","survmod:AimForTheLiver"],"picked":"survmod:MarkedShot+1","floor":48}],"player_experience":610991,"relics_obtained":[{"floor":9,"key":"Singing Bowl"},{"floor":12,"key":"Odd Mushroom"},{"floor":14,"key":"Boot"},{"floor":24,"key":"Turnip"},{"floor":26,"key":"Gremlin Horn"},{"floor":29,"key":"Oddly Smooth Stone"},{"floor":31,"key":"Orichalcum"},{"floor":37,"key":"Old Coin"},{"floor":42,"key":"survmod:TrapManual"},{"floor":42,"key":"Bottled Lightning"},{"floor":43,"key":"Shuriken"}],"event_choices":[{"damage_healed":0,"gold_gain":175,"player_choice":"AGREE","damage_taken":0,"max_hp_gain":0,"max_hp_loss":0,"event_name":"Liars Game","floor":2,"gold_loss":0,"cards_obtained":["Doubt"]},{"damage_healed":0,"gold_gain":0,"player_choice":"Success","damage_taken":7,"relics_obtained":["survmod:ShotGlass"],"max_hp_gain":0,"max_hp_loss":0,"event_name":"Scrap Ooze","floor":3,"gold_loss":0},{"damage_healed":0,"gold_gain":100,"player_choice":"Pray","damage_taken":0,"max_hp_gain":0,"max_hp_loss":0,"event_name":"Golden Shrine","floor":4,"gold_loss":0},{"damage_healed":0,"gold_gain":0,"player_choice":"Fought Mushrooms","damage_taken":0,"max_hp_gain":0,"max_hp_loss":0,"event_name":"Mushrooms","floor":12,"gold_loss":0},{"damage_healed":0,"gold_gain":0,"player_choice":"Obtained Relic","damage_taken":0,"relics_obtained":["Peace Pipe"],"max_hp_gain":0,"max_hp_loss":0,"event_name":"Addict","floor":19,"gold_loss":85},{"damage_healed":0,"gold_gain":0,"player_choice":"Opened","damage_taken":0,"relics_obtained":["Smiling Mask"],"max_hp_gain":0,"max_hp_loss":0,"event_name":"The Mausoleum","floor":20,"gold_loss":0,"cards_obtained":["Writhe"]},{"damage_healed":0,"gold_gain":0,"player_choice":"Read","damage_taken":0,"max_hp_gain":0,"max_hp_loss":0,"event_name":"The Library","floor":22,"gold_loss":0,"cards_obtained":["survmod:MarkedShot"]},{"damage_healed":0,"gold_gain":0,"player_choice":"Fight","damage_taken":0,"max_hp_gain":0,"max_hp_loss":0,"event_name":"Mysterious Sphere","floor":37,"gold_loss":0},{"damage_healed":0,"gold_gain":0,"player_choice":"Ignored","damage_taken":0,"max_hp_gain":0,"max_hp_loss":0,"event_name":"Tomb of Lord Red Mask","floor":38,"gold_loss":0},{"cards_removed":["survmod:OverwhelmingAssault"],"damage_healed":0,"gold_gain":0,"player_choice":"Removed Power","damage_taken":0,"max_hp_gain":0,"max_hp_loss":0,"event_name":"Falling","floor":39,"gold_loss":0},{"damage_healed":0,"gold_gain":0,"player_choice":"Upgrade","damage_taken":0,"relics_obtained":["Mark of the Bloom"],"max_hp_gain":0,"max_hp_loss":0,"event_name":"MindBloom","floor":45,"gold_loss":0,"cards_upgraded":["survmod:Marksmanship","survmod:NockAnArrow","survmod:UnfortunateEscape","survmod:NockAnArrow","survmod:NockAnArrow","survmod:NockAnArrow","survmod:NockAnArrow","survmod:NockAnArrow","survmod:VersatileDefense","survmod:NockAnArrow","Master of Strategy","survmod:NockAnArrow","survmod:NockAnArrow","Master of Strategy"]},{"damage_healed":0,"gold_gain":0,"player_choice":"Memory 3","damage_taken":10,"max_hp_gain":0,"max_hp_loss":0,"event_name":"SensoryStone","floor":47,"gold_loss":0}],"is_beta":false,"boss_relics":[{"not_picked":["SacredBark","Runic Dome"],"picked":"Philosopher\u0027s Stone"},{"not_picked":["Astrolabe","Coffee Dripper"],"picked":"Black Star"}],"items_purged_floors":[21,36],"is_endless":false,"potions_floor_spawned":[8,11,12,24,28,33,37,41,42],"ascension_level":0}}