{"host":"mw3dmj42qtkbha4b","time":1612880198,"event":{"mods":["BaseMod","Colored Map","Colored Powertips","DeckTracker","Minty Spire (QoL Compilation)","StSLib","SuperFastMode"],"gold_per_floor":[109,109,123,48,62,62,96,96,142,169,169,181,207,107,107,181,181,194,194,209,484,264,293,293,303,303,313,339,350,350,350],"floor_reached":30,"language":"KOR","playtime":867,"items_purged":["Defend_P","Strike_P","Regret"],"score":776,"play_id":"0f0ba196-478c-4dfa-9598-fb05093565d6","local_time":"20210209231638","is_ascension_mode":true,"campfire_choices":[{"data":"Apotheosis","floor":6.0,"key":"SMITH"},{"data":"Eruption","floor":8.0,"key":"SMITH"},{"data":"FearNoEvil","floor":11.0,"key":"SMITH"},{"floor":15.0,"key":"RECALL"},{"floor":24.0,"key":"REST"}],"circlet_count":0,"master_deck":["AscendersBane","Strike_P+1","Strike_P+1","Strike_P","Defend_P","Defend_P+1","Defend_P+1","Eruption+1","Vigilance","Apotheosis+1","Tantrum","FearNoEvil+1","Consecrate+1","Indignation"],"relics":["HolyWater","Whetstone","Bronze Scales","War Paint","PreservedInsect","Membership Card","Darkstone Periapt","Pear","StoneCalendar"],"acts_visited":["Exordium","TheCity"],"potions_floor_usage":[],"damage_taken":[{"damage":0.0,"enemies":"Cultist","floor":1.0,"turns":3.0},{"damage":3.0,"enemies":"Jaw Worm","floor":3.0,"turns":3.0},{"damage":0.0,"enemies":"Small Slimes","floor":5.0,"turns":2.0},{"damage":0.0,"enemies":"Lagavulin","floor":7.0,"turns":5.0},{"damage":0.0,"enemies":"Gremlin Nob","floor":10.0,"turns":2.0},{"damage":0.0,"enemies":"Red Slaver","floor":12.0,"turns":2.0},{"damage":0.0,"enemies":"Lagavulin","floor":13.0,"turns":2.0},{"damage":16.0,"enemies":"The Guardian","floor":16.0,"turns":3.0},{"damage":25.0,"enemies":"3 Byrds","floor":18.0,"turns":4.0},{"damage":0.0,"enemies":"Spheric Guardian","floor":20.0,"turns":2.0},{"damage":8.0,"enemies":"Slavers","floor":23.0,"turns":2.0},{"damage":19.0,"enemies":"Snake Plant","floor":25.0,"turns":3.0},{"damage":19.0,"enemies":"Shelled Parasite and Fungi","floor":27.0,"turns":3.0},{"damage":0.0,"enemies":"Gremlin Leader","floor":28.0,"turns":3.0},{"damage":6.0,"enemies":"Cultist and Chosen","floor":29.0,"turns":5.0},{"damage":17,"enemies":"Sentry and Sphere","floor":30,"turns":2}],"seed_played":"4428674389505884725","potions_obtained":[{"floor":1.0,"key":"ColorlessPotion"},{"floor":5.0,"key":"Dexterity Potion"},{"floor":12.0,"key":"GamblersBrew"},{"floor":13.0,"key":"SteroidPotion"},{"floor":18.0,"key":"FearPotion"},{"floor":25.0,"key":"Energy Potion"},{"floor":28.0,"key":"StancePotion"}],"is_trial":false,"path_per_floor":["M","?","M","$","M","R","E","R","T","E","R","M","E","$","R","B",null,"M","?","M","?","$","E","R","M","T","M","E","M","M"],"character_chosen":"WATCHER","items_purchased":["Membership Card"],"campfire_rested":1,"item_purchase_floors":[22],"current_hp_per_floor":[43,48,45,45,45,45,45,45,45,45,45,45,45,45,45,29,62,37,37,37,37,37,29,50,31,41,22,22,16,0,0],"gold":350,"neow_bonus":"RANDOM_COLORLESS_2","is_daily":false,"chose_seed":false,"campfire_upgraded":3,"win_rate":0.0,"timestamp":1612880198,"path_taken":["M","?","M","?","M","R","E","R","T","E","R","?","E","$","R","BOSS","M","?","?","?","$","E","R","?","T","M","E","M","M"],"items_purchased_type":["Relic"],"build_version":"2020-12-22","purchased_purges":3,"victory":false,"max_hp_per_floor":[68,73,73,73,73,73,73,73,73,73,73,73,73,73,73,73,73,73,73,73,73,73,73,73,73,83,83,83,83,83,83],"card_choices":[{"not_picked":["Transmutation","Secret Technique"],"picked":"Apotheosis","floor":0.0},{"not_picked":["Evaluate","Prostrate"],"picked":"Tantrum","floor":1.0},{"not_picked":["Swivel","FlurryOfBlows","ThirdEye"],"picked":"SKIP","floor":3.0},{"not_picked":["Halt","JustLucky","Tantrum"],"picked":"SKIP","floor":5.0},{"not_picked":["TalkToTheHand","FlurryOfBlows"],"picked":"FearNoEvil","floor":7.0},{"not_picked":["Pray","Protect","PathToVictory"],"picked":"SKIP","floor":10.0},{"not_picked":["PathToVictory","EmptyBody"],"picked":"Consecrate","floor":12.0},{"not_picked":["Perseverance","Blasphemy"],"picked":"Indignation","floor":13.0},{"not_picked":["EmptyBody","EmptyFist","CutThroughFate"],"picked":"SKIP","floor":18.0},{"not_picked":["FollowUp","CutThroughFate","EmptyBody"],"picked":"SKIP","floor":20.0},{"not_picked":["Sanctity+1","Prostrate","Judgement"],"picked":"SKIP","floor":23.0},{"not_picked":["FlyingSleeves","EmptyBody","Crescendo"],"picked":"SKIP","floor":25.0},{"not_picked":["Consecrate","Sanctity+1","BowlingBash"],"picked":"SKIP","floor":27.0},{"not_picked":["DevaForm","BowlingBash","Scrawl"],"picked":"SKIP","floor":28.0},{"not_picked":["EmptyFist","Collect+1","CutThroughFate"],"picked":"SKIP","floor":29.0}],"player_experience":1807533,"relics_obtained":[{"floor":7.0,"key":"Whetstone"},{"floor":9.0,"key":"Bronze Scales"},{"floor":10.0,"key":"War Paint"},{"floor":13.0,"key":"PreservedInsect"},{"floor":23.0,"key":"Darkstone Periapt"},{"floor":26.0,"key":"Pear"},{"floor":28.0,"key":"StoneCalendar"}],"event_choices":[{"damage_healed":0.0,"max_hp_gain":5.0,"max_hp_loss":0.0,"gold_gain":0.0,"event_name":"Big Fish","player_choice":"Donut","floor":2.0,"gold_loss":0.0,"damage_taken":0.0},{"damage_healed":0.0,"max_hp_gain":0.0,"max_hp_loss":0.0,"gold_gain":0.0,"event_name":"Upgrade Shrine","player_choice":"Upgraded","floor":19.0,"gold_loss":0.0,"damage_taken":0.0,"cards_upgraded":["Consecrate"]},{"damage_healed":0.0,"max_hp_gain":0.0,"max_hp_loss":0.0,"gold_gain":275.0,"event_name":"Golden Shrine","player_choice":"Desecrate","floor":21.0,"gold_loss":0.0,"damage_taken":0.0,"cards_obtained":["Regret"]}],"is_beta":false,"boss_relics":[{"not_picked":["Coffee Dripper","Astrolabe"],"picked":"HolyWater"}],"items_purged_floors":[4,14,22],"is_endless":false,"potions_floor_spawned":[1,5,12,13,18,25,28],"killed_by":"Sentry and Sphere","ascension_level":20}}