{"host":"xp5rvh2jwe2ejyfm","time":1612893020,"event":{"mods":["2.2 Compatiblity","Aspiration","BaseMod","Better Altar","Better Match","Better Note","Better Sensory Stone","Better Skull","BetterRewards","Colored Powertips","Conspire","Downfall","GifTheSpireLib","Gremlin Mod","GungeonMod","Hermit","Hubris","Jorbs\u0027s Wanderer Trilogy","Minty Spire (QoL Compilation)","Potionbrewer","Quick Restart","Replay The Spire","Robot Space Explorer","Shade Mod","Somnambulant","StSLib","The Bug Knight","The Clintock","The Construct","The Cursed","The Disciple","The Forsaken","The Hierophant","The Necromancer","The Runesmith","The Servant 0.9.4","The Valiant","The Witch","TheFirefly","thorton"],"gold_per_floor":[111,124,45,220,220,220,249,249,296,306,333,343,359,371,371,467,467,478,162,175,194,294,294,307,342,367,367,71,71,103,136,136,238,238,252,13,29,41,53,53,65,65,89,89,103,103,122,155,155,155,155],"floor_reached":50,"language":"ENG","playtime":2169,"items_purged":[],"score":858,"play_id":"d458ae49-99bc-426d-835f-22afb9b24dfe","local_time":"20210209125020","is_ascension_mode":false,"campfire_choices":[{"data":"Shade:AnimateDead","floor":6,"key":"SMITH"},{"floor":8,"key":"REST"},{"data":"Shade:SensePrey","floor":15,"key":"SMITH"},{"floor":23,"key":"RECALL"},{"floor":27,"key":"REST"},{"data":"Shade:FreshBones","floor":32,"key":"SMITH"},{"floor":40,"key":"REST"},{"floor":46,"key":"REST"},{"floor":49,"key":"REST"}],"circlet_count":0,"master_deck":["Shade:Strike_Shade","Shade:Strike_Shade","Shade:Strike_Shade","Shade:Strike_Shade","Shade:Defend_Shade","Shade:Defend_Shade","Shade:Defend_Shade","Shade:Defend_Shade","Shade:AnimateDead+1","Shade:CarefulCut","Shade:FreshBones+1","Shade:SpectralStrikes+1","Shade:SensePrey+1","Doubt","Shade:RavenousHorde","Shade:SpectralStrikes+1","Shade:SkeletonHug","Shade:GraveStillness","Shade:Carnophage+1","Shade:FreshBones+1","Shade:LoseControl","Shade:FingerOfDeath","ReplayTheSpireMod:Brewmster+1","Shade:LichForm+1","Shade:Bonestorm+1","Shade:CommandSoldier","Shade:FreshBones+1","Shade:Putrefaction+1","Shade:PoundOfFlesh","Shade:LichForm+1","Shade:ClawBack+1","Parasite","Shade:CloudOfShrapnel+1","Shade:ClawBack","Parasite"],"relics":["Shade:YorickSkull","Frozen Egg 2","Potion Belt","Unceasing Top","Darkstone Periapt","potionbrewer:BhaskarasWheel","Cauldron","Regal Pillow","Winged Necklace","OrangePellets","Orichalcum","Busted Crown","Bottled Flame","theForsaken:Lifeblossom","ReplayTheSpireMod:Ring of Addiction","Toy Ornithopter","hubris:EmptyBottle","Kunai"],"acts_visited":["Exordium","TheCity","TheBeyond"],"potions_floor_usage":[14,16,20,20,20,21,24,25,25,25,30,31,33,35,38,38,39,47,47,48,48,48,48,50,50,50,50,50,50],"damage_taken":[{"damage":0,"enemies":"2 Louse","floor":1,"turns":3},{"damage":8,"enemies":"Small Slimes","floor":2,"turns":3},{"damage":14,"enemies":"3 Sentries","floor":7,"turns":7},{"damage":0,"enemies":"Cultist","floor":10,"turns":2},{"damage":0,"enemies":"Lagavulin","floor":11,"turns":4},{"damage":11,"enemies":"Gremlin Gang","floor":12,"turns":3},{"damage":1,"enemies":"Looter","floor":13,"turns":3},{"damage":1,"enemies":"3 Louse","floor":14,"turns":3},{"damage":0,"enemies":"Slime Boss","floor":16,"turns":8},{"damage":0,"enemies":"Spheric Guardian","floor":18,"turns":4},{"damage":0,"enemies":"Shell Parasite","floor":20,"turns":4},{"damage":9,"enemies":"Centurion and Healer","floor":21,"turns":5},{"damage":13,"enemies":"Chosen and Byrds","floor":24,"turns":3},{"damage":0,"enemies":"Snake Plant","floor":25,"turns":4},{"damage":0,"enemies":"conspire:Head Lice","floor":30,"turns":6},{"damage":2,"enemies":"Shelled Parasite and Fungi","floor":31,"turns":4},{"damage":2,"enemies":"hubris:MusketHawk","floor":33,"turns":8},{"damage":0,"enemies":"Orb Walker","floor":35,"turns":3},{"damage":11,"enemies":"3 Darklings","floor":37,"turns":4},{"damage":1,"enemies":"Writhing Mass","floor":38,"turns":4},{"damage":8,"enemies":"Jaw Worm Horde","floor":39,"turns":3},{"damage":24,"enemies":"Transient","floor":41,"turns":5},{"damage":5,"enemies":"Sphere and 2 Shapes","floor":45,"turns":4},{"damage":10,"enemies":"Writhing Mass","floor":47,"turns":5},{"damage":30,"enemies":"Nemesis","floor":48,"turns":3},{"damage":110,"enemies":"conspire:OrnateMirror","floor":50,"turns":6}],"seed_played":"-481699057421901066","potions_obtained":[{"floor":1,"key":"SpeedPotion"},{"floor":7,"key":"Block Potion"},{"floor":10,"key":"Dexterity Potion"},{"floor":14,"key":"bronze:BurnAndBuffPotion"},{"floor":18,"key":"Energy Potion"},{"floor":19,"key":"SkillPotion"},{"floor":19,"key":"DemoMod:LeadSkinPotion"},{"floor":19,"key":"DemoMod:BlankPotion"},{"floor":31,"key":"Milkshake"},{"floor":33,"key":"EssenceOfSteel"},{"floor":37,"key":"DuplicationPotion"},{"floor":41,"key":"Fire Potion"},{"floor":44,"key":"hexamod:SoulburnPotion"},{"floor":44,"key":"potionbrewer:NoxiousPotion"},{"floor":47,"key":"Strength Potion"}],"is_trial":false,"path_per_floor":["M","M","$","?","?","R","E","R","T","M","E","M","M","M","R","B",null,"M","$","M","M","?","R","M","M","T","R","$","?","E","M","R","B",null,"M","$","M","M","M","R","M","?","T","?","M","R","M","E","R","B"],"character_chosen":"SHADE","items_purchased":["Frozen Egg 2","Shade:SensePrey","Cauldron","ReplayTheSpireMod:Brewmster+1","Winged Necklace","OrangePellets","Bottled Flame"],"campfire_rested":5,"item_purchase_floors":[0,3,19,19,28,28,36],"current_hp_per_floor":[58,50,50,50,50,50,36,55,55,55,55,44,43,42,42,42,65,65,65,65,56,56,56,43,43,43,65,65,65,65,63,63,61,65,65,65,54,59,51,71,47,47,47,47,48,71,75,48,77,0,0],"gold":155,"neow_bonus":"","is_daily":false,"chose_seed":false,"campfire_upgraded":3,"win_rate":0.0,"timestamp":1612893020,"path_taken":["M","M","$","?","?","R","E","R","T","M","E","?","M","M","R","BOSS","M","$","M","?","?","R","M","M","T","R","$","?","E","M","R","BOSS","M","$","M","M","M","R","M","?","T","?","M","R","M","E","R","BOSS"],"items_purchased_type":["Relic","Card","Relic","Card","Relic","Relic","Relic"],"build_version":"2020-12-22","purchased_purges":0,"victory":false,"max_hp_per_floor":[65,65,65,65,65,65,65,65,65,65,65,65,65,65,65,65,65,65,65,65,65,65,65,65,65,65,65,65,65,65,65,65,65,65,65,65,65,71,71,71,71,71,71,71,71,71,77,77,77,77,77],"card_choices":[{"not_picked":["Shade:Asphyxiate","Shade:CoffinDance"],"picked":"Shade:FreshBones","floor":1},{"not_picked":["Shade:Haruspicy","Shade:Frenzy"],"picked":"Shade:SpectralStrikes+1","floor":2},{"not_picked":["Shade:Doomsay","Shade:Frenzy"],"picked":"Shade:RavenousHorde","floor":7},{"not_picked":["Shade:FuneraryJewels","Shade:Frenzy"],"picked":"Shade:SpectralStrikes+1","floor":10},{"not_picked":["Shade:Premonition","Shade:FingerOfDeath"],"picked":"Shade:SkeletonHug","floor":11},{"not_picked":["Shade:FingerOfDeath","Shade:FuneraryArmor"],"picked":"Shade:GraveStillness","floor":12},{"not_picked":["Shade:ExtraLimbs","Shade:Trample"],"picked":"Shade:Carnophage+1","floor":13},{"not_picked":["Shade:StitchTogether+1","Shade:PressTheAttack"],"picked":"Shade:FreshBones","floor":14},{"not_picked":["Shade:LastGasp","Shade:SelfBurial"],"picked":"Shade:LoseControl","floor":16},{"not_picked":["Shade:ClawBack","Shade:BoneShards"],"picked":"Shade:FingerOfDeath","floor":18},{"not_picked":["Shade:Frenzy","Shade:Trample+1"],"picked":"Shade:LichForm+1","floor":20},{"not_picked":["Shade:FuneraryJewels","Shade:FreshBones"],"picked":"Shade:Bonestorm+1","floor":21},{"not_picked":["Shade:RitualOffering","Shade:Frenzy"],"picked":"Shade:CommandSoldier","floor":24},{"not_picked":["Shade:PoundOfFlesh+1","Shade:RavenousHorde"],"picked":"Shade:FreshBones+1","floor":25},{"not_picked":["Shade:Bite_Shade","Shade:FleshToFlesh"],"picked":"Shade:Putrefaction+1","floor":30},{"not_picked":["Shade:CommandSoldier","Shade:ClawBack"],"picked":"Shade:PoundOfFlesh","floor":31},{"not_picked":["Shade:Putrefaction+1","Shade:GreaterAnimation+1"],"picked":"Shade:LichForm+1","floor":33},{"not_picked":[],"picked":"Shade:ClawBack+1","floor":35},{"not_picked":["Shade:FuneraryArmor"],"picked":"SKIP","floor":37},{"not_picked":["Shade:AncientSpear"],"picked":"SKIP","floor":38},{"not_picked":["Shade:Excise+1"],"picked":"SKIP","floor":39},{"not_picked":[],"picked":"Shade:CloudOfShrapnel+1","floor":41},{"not_picked":[],"picked":"Shade:ClawBack","floor":45},{"not_picked":["Shade:PotionOfRestlessness+1"],"picked":"SKIP","floor":47},{"not_picked":["Shade:AncientSpear+1"],"picked":"SKIP","floor":48}],"player_experience":475796,"relics_obtained":[{"floor":7,"key":"Unceasing Top"},{"floor":11,"key":"Darkstone Periapt"},{"floor":26,"key":"Regal Pillow"},{"floor":30,"key":"Orichalcum"},{"floor":43,"key":"theForsaken:Lifeblossom"},{"floor":44,"key":"ReplayTheSpireMod:Ring of Addiction"},{"floor":44,"key":"Toy Ornithopter"},{"floor":44,"key":"hubris:EmptyBottle"},{"floor":48,"key":"Kunai"}],"event_choices":[{"damage_healed":0,"gold_gain":175,"player_choice":"AGREE","damage_taken":0,"max_hp_gain":0,"max_hp_loss":0,"event_name":"Liars Game","floor":4,"gold_loss":0,"cards_obtained":["Doubt"]},{"damage_healed":0,"gold_gain":0,"player_choice":"Gave Potion","damage_taken":0,"relics_obtained":["Potion Belt"],"max_hp_gain":0,"max_hp_loss":0,"event_name":"WeMeetAgain","floor":5,"gold_loss":0},{"damage_healed":0,"gold_gain":100,"player_choice":"Pray","damage_taken":0,"max_hp_gain":0,"max_hp_loss":0,"event_name":"Golden Shrine","floor":22,"gold_loss":0},{"damage_healed":0,"gold_gain":0,"player_choice":"Ignored","damage_taken":0,"max_hp_gain":0,"max_hp_loss":0,"event_name":"betterNote:BetterNote","floor":29,"gold_loss":0,"cards_obtained":["Shade:FleshToFlesh"]}],"is_beta":false,"boss_relics":[{"not_picked":["conspire:RunicOctahedron","Cursed Key"],"picked":"potionbrewer:BhaskarasWheel"},{"not_picked":["aspiration:RunesmithSkillbook","Astrolabe"],"picked":"Busted Crown"}],"items_purged_floors":[],"is_endless":false,"potions_floor_spawned":[1,7,10,14,18,21,31,33,37,41,47],"killed_by":"conspire:OrnateMirror","ascension_level":0}}