{"host":"06gxn1c1bsk424jw","time":1612860477,"event":{"mods":["BaseMod","DeckTracker","Minty Spire (QoL Compilation)","SuperFastMode"],"gold_per_floor":[117,267,267,15,15,41,41,66,91,91,110,129,141,155,155,229,229,242,254,269,283,301,301,327,327,352,352,55,68,68,96,96,172,172,182,196,196,212,224,224,224],"floor_reached":40,"language":"KOR","playtime":3557,"items_purged":["Doubt"],"score":911,"play_id":"4f236d08-aebc-4428-977d-2c1814ad3839","local_time":"20210209174757","is_ascension_mode":true,"campfire_choices":[{"data":"Neutralize","floor":7,"key":"SMITH"},{"data":"After Image","floor":10,"key":"SMITH"},{"data":"Terror","floor":15,"key":"SMITH"},{"floor":23,"key":"REST"},{"floor":32,"key":"REST"}],"circlet_count":0,"master_deck":["AscendersBane","Defend_G+1","Defend_G+1","Defend_G+1","Defend_G+1","Defend_G+1","Survivor","Neutralize+1","Blade Dance","After Image+1","Adrenaline","Terror+1","PiercingWail","Crippling Poison","Deadly Poison","Die Die Die","Leg Sweep","Blur","Heel Hook","Corpse Explosion","Bite","Bite","Bite","Bite","Bite","Noxious Fumes","Backflip","Well Laid Plans","Night Terror","Outmaneuver+1","PiercingWail","Backflip+1","Crippling Poison+1"],"relics":["Ring of the Snake","NeowsBlessing","Singing Bowl","Akabeko","Snake Skull","Centennial Puzzle","Philosopher\u0027s Stone","Bottled Flame","Oddly Smooth Stone","ClockworkSouvenir","PreservedInsect","SacredBark"],"acts_visited":["Exordium","TheCity","TheBeyond"],"potions_floor_usage":[16,20,37,39,40],"damage_taken":[{"damage":0,"enemies":"Jaw Worm","floor":1,"turns":1},{"damage":0,"enemies":"Lagavulin","floor":6,"turns":1},{"damage":0,"enemies":"3 Sentries","floor":8,"turns":2},{"damage":0,"enemies":"Small Slimes","floor":11,"turns":2},{"damage":0,"enemies":"Cultist","floor":12,"turns":3},{"damage":3,"enemies":"3 Louse","floor":13,"turns":3},{"damage":0,"enemies":"Looter","floor":14,"turns":2},{"damage":48,"enemies":"Slime Boss","floor":16,"turns":13},{"damage":0,"enemies":"Shell Parasite","floor":18,"turns":4},{"damage":11,"enemies":"Spheric Guardian","floor":19,"turns":4},{"damage":13,"enemies":"Snake Plant","floor":20,"turns":4},{"damage":0,"enemies":"Centurion and Healer","floor":21,"turns":5},{"damage":3,"enemies":"Shelled Parasite and Fungi","floor":22,"turns":7},{"damage":14,"enemies":"Book of Stabbing","floor":24,"turns":6},{"damage":10,"enemies":"Sentry and Sphere","floor":29,"turns":6},{"damage":17,"enemies":"Gremlin Leader","floor":31,"turns":6},{"damage":28,"enemies":"Collector","floor":33,"turns":8},{"damage":18,"enemies":"3 Shapes","floor":35,"turns":6},{"damage":0,"enemies":"Orb Walker","floor":36,"turns":5},{"damage":0,"enemies":"Writhing Mass","floor":37,"turns":3},{"damage":6,"enemies":"Spire Growth","floor":38,"turns":7},{"damage":17,"enemies":"3 Darklings","floor":39,"turns":4},{"damage":42,"enemies":"Giant Head","floor":40,"turns":7}],"seed_played":"-2509811683221090045","potions_obtained":[{"floor":5,"key":"DistilledChaos"},{"floor":5,"key":"DuplicationPotion"},{"floor":18,"key":"Fire Potion"},{"floor":22,"key":"Ancient Potion"},{"floor":24,"key":"SmokeBomb"},{"floor":38,"key":"BlessingOfTheForge"}],"is_trial":false,"path_per_floor":["M","?","?","$","?","E","R","E","T","R","M","M","M","M","R","B",null,"M","M","M","M","M","R","E","?","T","?","$","M","?","E","R","B",null,"M","M","M","M","M","E"],"character_chosen":"THE_SILENT","items_purchased":["After Image","Noxious Fumes","ClockworkSouvenir","Backflip"],"campfire_rested":2,"item_purchase_floors":[4,28,28,28],"current_hp_per_floor":[59,59,54,54,54,56,56,56,56,56,56,56,53,53,53,5,52,54,45,32,32,29,50,36,36,36,36,36,38,25,28,45,27,50,46,52,56,52,37,0,0],"gold":224,"neow_bonus":"THREE_ENEMY_KILL","is_daily":false,"chose_seed":false,"campfire_upgraded":3,"win_rate":0.0,"timestamp":1612860477,"path_taken":["M","?","?","$","?","E","R","E","T","R","M","M","M","M","R","BOSS","M","M","M","?","M","R","E","?","T","?","$","M","?","E","R","BOSS","M","M","M","M","M","E"],"items_purchased_type":["Card","Card","Relic","Card"],"build_version":"2020-12-22","purchased_purges":1,"victory":false,"max_hp_per_floor":[66,66,66,66,66,68,68,68,68,68,68,68,68,68,68,68,68,70,72,72,72,72,72,72,72,72,50,50,52,57,57,57,57,57,57,57,57,57,57,57,57],"card_choices":[{"not_picked":["Outmaneuver","Infinite Blades"],"picked":"Blade Dance","floor":1},{"not_picked":["Expertise","Sucker Punch","Dodge and Roll"],"picked":"Singing Bowl","floor":6},{"not_picked":["Flying Knee","Riddle With Holes"],"picked":"Adrenaline","floor":8},{"not_picked":["Underhanded Strike","All Out Attack"],"picked":"Terror","floor":11},{"not_picked":["Deflect","Backflip"],"picked":"PiercingWail","floor":12},{"not_picked":["Cloak And Dagger","Deflect"],"picked":"Crippling Poison","floor":13},{"not_picked":["Blade Dance","Dodge and Roll"],"picked":"Deadly Poison","floor":14},{"not_picked":["Phantasmal Killer","Storm of Steel"],"picked":"Die Die Die","floor":16},{"not_picked":["Flying Knee","Deflect","Bane"],"picked":"Singing Bowl","floor":18},{"not_picked":["Underhanded Strike","Tactician","Bane"],"picked":"Singing Bowl","floor":19},{"not_picked":["Heel Hook","Underhanded Strike"],"picked":"Leg Sweep","floor":20},{"not_picked":["Bane","All Out Attack"],"picked":"Blur","floor":21},{"not_picked":["PiercingWail+1","Prepared"],"picked":"Heel Hook","floor":22},{"not_picked":["Cloak And Dagger","Masterful Stab"],"picked":"Corpse Explosion","floor":24},{"not_picked":["Choke","Dodge and Roll","Underhanded Strike"],"picked":"Singing Bowl","floor":29},{"not_picked":["Bullet Time","Acrobatics"],"picked":"Well Laid Plans","floor":31},{"not_picked":["Storm of Steel","Malaise"],"picked":"Night Terror","floor":33},{"not_picked":["Endless Agony","Concentrate"],"picked":"Outmaneuver+1","floor":35},{"not_picked":["Sucker Punch","Deadly Poison"],"picked":"PiercingWail","floor":36},{"not_picked":["Sucker Punch","PiercingWail"],"picked":"Backflip+1","floor":38},{"not_picked":["Flying Knee+1","Grand Finale"],"picked":"Crippling Poison+1","floor":39}],"player_experience":821336,"relics_obtained":[{"floor":6,"key":"Akabeko"},{"floor":8,"key":"Snake Skull"},{"floor":9,"key":"Centennial Puzzle"},{"floor":24,"key":"Bottled Flame"},{"floor":26,"key":"Oddly Smooth Stone"},{"floor":31,"key":"PreservedInsect"}],"event_choices":[{"damage_healed":0,"gold_gain":150,"player_choice":"AGREE","damage_taken":0,"max_hp_gain":0,"max_hp_loss":0,"event_name":"Liars Game","floor":2,"gold_loss":0,"cards_obtained":["Doubt"]},{"damage_healed":0,"gold_gain":0,"player_choice":"Success","damage_taken":5,"relics_obtained":["Singing Bowl"],"max_hp_gain":0,"max_hp_loss":0,"event_name":"Scrap Ooze","floor":3,"gold_loss":0},{"damage_healed":0,"gold_gain":0,"player_choice":"Got Potions","damage_taken":0,"max_hp_gain":0,"max_hp_loss":0,"event_name":"Lab","floor":5,"gold_loss":0},{"damage_healed":0,"gold_gain":0,"player_choice":"Simplicity","damage_taken":0,"max_hp_gain":0,"max_hp_loss":0,"event_name":"Back to Basics","floor":25,"gold_loss":0,"cards_upgraded":["Strike_G","Strike_G","Strike_G","Strike_G","Strike_G","Defend_G","Defend_G","Defend_G","Defend_G","Defend_G"]},{"damage_healed":0,"gold_gain":0,"player_choice":"Became a vampire","damage_taken":0,"max_hp_gain":0,"max_hp_loss":22,"event_name":"Vampires","floor":27,"gold_loss":0,"cards_obtained":["Bite","Bite","Bite","Bite","Bite"]},{"damage_healed":0,"gold_gain":0,"player_choice":"Shed Blood","damage_taken":18,"max_hp_gain":5,"max_hp_loss":0,"event_name":"Forgotten Altar","floor":30,"gold_loss":0}],"is_beta":false,"boss_relics":[{"not_picked":["Cursed Key","Snecko Eye"],"picked":"Philosopher\u0027s Stone"},{"not_picked":["SlaversCollar","Sozu"],"picked":"SacredBark"}],"items_purged_floors":[4],"is_endless":false,"potions_floor_spawned":[6,11,14,18,22,24,38],"killed_by":"Giant Head","ascension_level":16}}