{"host":"Doisman","time":1612838712,"event":{"mods":["AchievementEnabler","BaseMod","Better Note","Curses Come First","Minty Spire (QoL Compilation)","Permanent Neow","Relic Stats","Replay The Spire","StSLib"],"gold_per_floor":[113,149,167,178,197,197,214,214,237,251,268,268,268,303,303,400,400,430,430],"floor_reached":18,"language":"ENG","playtime":666,"items_purged":[],"score":172,"play_id":"6012941f-a505-45c3-a9e6-e5d59796138e","local_time":"20210208204512","is_ascension_mode":true,"campfire_choices":[{"data":"BowlingBash","floor":6,"key":"SMITH"},{"data":"Eruption","floor":8,"key":"SMITH"},{"data":"Wish","floor":15,"key":"SMITH"}],"circlet_count":0,"master_deck":["Strike_P","Strike_P","Strike_P","Strike_P","Defend_P","Defend_P","Defend_P","Defend_P","Eruption+1","Vigilance","AbeCurse","BowlingBash+1","EmptyFist","ClearTheMind","Halt","FlyingSleeves","BowlingBash","JustLucky","Wish+1","LessonLearned"],"relics":["Abe\u0027s Treasure","Blue Doll","Happy Flower","Simple Rune","Sozu"],"acts_visited":["Exordium","TheCity"],"potions_floor_usage":[11,16,16],"damage_taken":[{"damage":0,"enemies":"Cultist","floor":1,"turns":4},{"damage":0,"enemies":"Small Slimes","floor":3,"turns":2},{"damage":0,"enemies":"2 Louse","floor":4,"turns":1},{"damage":0,"enemies":"2 Fungi Beasts","floor":5,"turns":2},{"damage":6,"enemies":"3 Louse","floor":7,"turns":4},{"damage":19,"enemies":"Gremlin Gang","floor":10,"turns":4},{"damage":3,"enemies":"Lots of Slimes","floor":11,"turns":3},{"damage":2,"enemies":"Gremlin Nob","floor":14,"turns":3},{"damage":23,"enemies":"Hexaghost","floor":16,"turns":10},{"damage":29,"enemies":"Shell Parasite","floor":18,"turns":7}],"seed_played":"2110347203273711996","potions_obtained":[{"floor":2,"key":"LiquidBronze"},{"floor":4,"key":"Strength Potion"},{"floor":5,"key":"Dexterity Potion"},{"floor":14,"key":"Adrenaline Potion"},{"floor":16,"key":"BlessingOfTheForge"}],"is_trial":false,"path_per_floor":["M","?","M","M","M","R","M","R","T","M","M","?","?","E","R","B",null,"M"],"character_chosen":"WATCHER","items_purchased":[],"campfire_rested":0,"item_purchase_floors":[],"current_hp_per_floor":[72,54,54,54,54,54,48,48,48,29,26,26,26,24,24,1,72,43,43],"gold":430,"neow_bonus":"BOSS_RELIC","is_daily":false,"chose_seed":false,"campfire_upgraded":3,"win_rate":0.0,"timestamp":1612838712,"path_taken":["M","?","M","M","M","R","M","R","T","?","M","?","?","E","R","BOSS","M"],"items_purchased_type":[],"build_version":"2020-12-18","purchased_purges":0,"victory":false,"max_hp_per_floor":[72,72,72,72,72,72,72,72,72,72,72,72,72,72,72,72,72,72,72],"relic_stats":{"Sozu":0,"Happy Flower":[9],"counters":[10,40],"obtain_stats":[{"Sozu":17,"Happy Flower":9,"Blue Doll":2,"Simple Rune":14,"PureWater":0,"Abe\u0027s Treasure":0},{"Sozu":9,"Happy Flower":5,"Blue Doll":1,"Simple Rune":8,"PureWater":0,"Abe\u0027s Treasure":0},{"Sozu":33,"Happy Flower":13,"Blue Doll":4,"Simple Rune":23,"PureWater":0,"Abe\u0027s Treasure":0}]},"card_choices":[{"not_picked":["Replay:BluntJabs","Prostrate"],"picked":"BowlingBash","floor":1},{"not_picked":["Halt","SpiritShield"],"picked":"EmptyFist","floor":2},{"not_picked":["BattleHymn","ThirdEye"],"picked":"ClearTheMind","floor":3},{"not_picked":["EmptyBody","Pray"],"picked":"Halt","floor":4},{"not_picked":["Halt","Replay:ManipulateFuture"],"picked":"FlyingSleeves","floor":5},{"not_picked":["ForeignInfluence","ThirdEye","Replay:AtTheReady"],"picked":"SKIP","floor":7},{"not_picked":["ClearTheMind","FollowUp"],"picked":"BowlingBash","floor":10},{"not_picked":["Replay:Vibes","Pray"],"picked":"JustLucky","floor":11},{"not_picked":["Vengeance","Conclude"],"picked":"Wish","floor":14},{"not_picked":["DeusExMachina","Replay:AllIn"],"picked":"LessonLearned","floor":16}],"player_experience":1094083,"relics_obtained":[{"floor":2,"key":"Blue Doll"},{"floor":9,"key":"Happy Flower"},{"floor":14,"key":"Simple Rune"}],"event_choices":[],"is_beta":true,"boss_relics":[{"not_picked":["Replay:Bronze Core","Replay:Ancient Bell"],"picked":"Sozu"}],"items_purged_floors":[],"is_endless":false,"potions_floor_spawned":[4,5,10,14,16],"killed_by":"Shell Parasite","ascension_level":1}}