{"host":"p7cjtxxrilhp4dw7","time":1612842449,"event":{"mods":["BaseMod","Block Reminder","Colored Map","Curses Come First","Highlight Path","Minty Spire (QoL Compilation)","Replay The Spire","StSLib"],"gold_per_floor":[114,114,125,125,144,144,172,172,221,232,232,251,285,308,308,404,404,425,700,716,449,472,472,472],"floor_reached":23,"language":"ENG","playtime":1598,"items_purged":["Regret"],"score":332,"play_id":"3ed64beb-cc10-408c-a8eb-b8ec69d6039f","local_time":"20210208204729","is_ascension_mode":true,"campfire_choices":[{"data":"Neutralize","floor":6,"key":"SMITH"},{"floor":8,"key":"REST"},{"floor":15,"key":"REST"}],"circlet_count":0,"master_deck":["AscendersBane","Strike_G","Strike_G","Strike_G","Strike_G","Defend_G","Defend_G","Defend_G","Defend_G","Defend_G","Survivor","Neutralize+1","Bane","Slice","Dodge and Roll","Bouncing Flask","Pot Of Greed","Pot Of Greed","Flying Knee","Dagger Spray","Leg Sweep","Die Die Die","Poisoned Stab+1","Draining Mist","Bane+1","Pot Of Greed"],"relics":["Sizzling Blood","Grinning Jar","ReplayTheSpireMod:Lightbulb","Golden Idol","Bronze Scales","Blood Vial","Sozu","Replay:Baseball"],"acts_visited":["Exordium","TheCity"],"potions_floor_usage":[7,13,20],"damage_taken":[{"damage":1,"enemies":"Small Slimes","floor":1,"turns":5},{"damage":2,"enemies":"2 Louse","floor":3,"turns":3},{"damage":2,"enemies":"Jaw Worm","floor":5,"turns":5},{"damage":39,"enemies":"Lagavulin","floor":7,"turns":9},{"damage":8,"enemies":"Large Slime","floor":10,"turns":7},{"damage":11,"enemies":"Lots of Slimes","floor":12,"turns":3},{"damage":9,"enemies":"Replay:BlueRogue","floor":13,"turns":6},{"damage":26,"enemies":"The Guardian","floor":16,"turns":13},{"damage":11,"enemies":"Shell Parasite","floor":18,"turns":5},{"damage":4,"enemies":"3 Byrds","floor":20,"turns":3},{"damage":6,"enemies":"Snake Plant","floor":22,"turns":4},{"damage":36,"enemies":"Slavers","floor":23,"turns":4}],"seed_played":"1182917448819357995","potions_obtained":[{"floor":5,"key":"Fruit Juice"},{"floor":10,"key":"CunningPotion"},{"floor":16,"key":"Energy Potion"}],"is_trial":false,"path_per_floor":["M","?","M","$","M","R","E","R","T","M","?","M","E","T","R","B",null,"M","?","M","$","M","E"],"character_chosen":"THE_SILENT","items_purchased":["Replay:Baseball","Bane+1"],"campfire_rested":2,"item_purchase_floors":[21,21],"current_hp_per_floor":[62,66,68,68,70,70,40,63,63,59,59,52,47,47,68,48,67,62,62,64,64,64,30,30],"gold":472,"neow_bonus":"TRANSFORM_CARD","is_daily":false,"chose_seed":false,"campfire_upgraded":1,"win_rate":0.0,"timestamp":1612842449,"path_taken":["M","?","M","$","M","R","E","R","T","M","?","M","E","?","R","BOSS","M","?","?","$","M","E"],"items_purchased_type":["Relic","Card"],"build_version":"2020-12-22","purchased_purges":1,"victory":false,"max_hp_per_floor":[70,74,74,74,74,74,79,79,79,79,73,73,73,73,73,73,73,73,73,73,73,73,73,73],"card_choices":[{"not_picked":["Outmaneuver","Backflip"],"picked":"Slice","floor":1},{"not_picked":["Doppelganger","Underhanded Strike"],"picked":"Dodge and Roll","floor":3},{"not_picked":["Blade Dance","Backflip"],"picked":"Bouncing Flask","floor":5},{"not_picked":["ReplayTheSpireMod:Shiv Toss","ReplayTheSpireMod:From All Sides"],"picked":"Flying Knee","floor":7},{"not_picked":["Quick Slash","Hidden Blade"],"picked":"Dagger Spray","floor":10},{"not_picked":["Blade Dance","PiercingWail"],"picked":"Leg Sweep","floor":12},{"not_picked":["Cloak And Dagger","Slice","Backflip"],"picked":"SKIP","floor":13},{"not_picked":["After Image","Grand Finale"],"picked":"Die Die Die","floor":16},{"not_picked":["Dodge and Roll","Bane"],"picked":"Poisoned Stab+1","floor":18},{"not_picked":["Poisoned Stab","Replay:Poison Smokescreen"],"picked":"Draining Mist","floor":20},{"not_picked":["Expertise","Backflip","Finisher"],"picked":"SKIP","floor":22}],"player_experience":586203,"relics_obtained":[{"floor":7,"key":"Grinning Jar"},{"floor":9,"key":"ReplayTheSpireMod:Lightbulb"},{"floor":13,"key":"Bronze Scales"},{"floor":14,"key":"Blood Vial"}],"event_choices":[{"damage_healed":0,"gold_gain":0,"player_choice":"Lose Max HP","damage_taken":0,"relics_obtained":["Golden Idol"],"max_hp_gain":0,"max_hp_loss":6,"event_name":"Golden Idol","floor":11,"gold_loss":0},{"damage_healed":0,"gold_gain":275,"player_choice":"Desecrate","damage_taken":0,"max_hp_gain":0,"max_hp_loss":0,"event_name":"Golden Shrine","floor":19,"gold_loss":0,"cards_obtained":["Regret"]}],"is_beta":false,"boss_relics":[{"not_picked":["Runic Pyramid","Replay:Drink Me"],"picked":"Sozu"}],"items_purged_floors":[21],"is_endless":false,"potions_floor_spawned":[5,10,16,20],"killed_by":"Slavers","ascension_level":13}}