{"host":"zgbhbccg3hs73yp6","time":1612860369,"event":{"mods":["ATMod(°¢èªMod)","AchievementEnabler","BaseMod","Colored Powertips","Minty Spire (QoL Compilation)","StSLib","The Bug Knight"],"gold_per_floor":[211,211,21,36,54,83,83,96,120,153,153,118,118,151,151,254,254,265,265,265,277,293,322,322,332,356,381,396,396,414,26,26,128,128,142,156,156,83,83,83,114,125,125,125,125,125,153,172,172,172,172,172,20,52,52],"floor_reached":56,"language":"ZHS","playtime":2935,"items_purged":["Defend_R","Defend_R"],"score":1574,"play_id":"74956c37-8fe2-43e0-95f9-c732aaf09f93","local_time":"20210209164609","is_ascension_mode":true,"campfire_choices":[{"floor":7.0,"key":"RECALL"},{"data":"AT_ShrugMaster","floor":11,"key":"SMITH"},{"data":"AT_BodySlamDance","floor":13,"key":"SMITH"},{"data":"Dark Embrace","floor":15,"key":"SMITH"},{"data":"Shrug It Off","floor":24,"key":"SMITH"},{"data":"AT_BodySlamDance","floor":32,"key":"SMITH"},{"data":"AT_ManFootWork","floor":40,"key":"SMITH"},{"data":"Madness","floor":44,"key":"SMITH"},{"data":"Madness","floor":49,"key":"SMITH"},{"data":"Madness","floor":52,"key":"SMITH"}],"circlet_count":0,"master_deck":["Defend_R","Bash","AT_BodySlamDance+1","Spot Weakness","Infernal Blade+1","Sword Boomerang","Shrug It Off+1","Iron Wave","AT_ShrugMaster+1","Iron Wave","Dark Embrace+1","Double Tap+1","Flame Barrier+1","Spot Weakness","Bite","Bite","Bite","Bite","Feel No Pain","AT_ManFootWork+1","Shrug It Off+1","Body Slam+1","Intimidate+1","Flex+1","AT_BodySlamDance+1","Entrench+1","Immolate","Cleave","AT_BodySlamDance+1","Inflame","Madness+1","Madness+1","Whirlwind","Infernal Blade+1","Madness+1","Blind","Madness","Headbutt+1","Evolve+1","Bloodletting"],"relics":["Burning Blood","AT_ATBox","Medical Kit","AT_BladeRuinedKing","Happy Flower","Lantern","AT_SilvercatRing","Runic Cube","MealTicket","Torii","Matryoshka","Mark of Pain","Ice Cream","Bag of Preparation","AT_ChloranthyRing","Smiling Mask","Boot"],"acts_visited":["Exordium","TheCity","TheBeyond","TheEnding"],"potions_floor_usage":[16,16,22,23,25,41,50,50,54,55],"damage_taken":[{"damage":0.0,"enemies":"2 Louse","floor":1.0,"turns":2.0},{"damage":11.0,"enemies":"Jaw Worm","floor":4.0,"turns":3.0},{"damage":0.0,"enemies":"Cultist","floor":5.0,"turns":2.0},{"damage":52.0,"enemies":"Gremlin Nob","floor":6.0,"turns":5.0},{"damage":1,"enemies":"Exordium Thugs","floor":8,"turns":3},{"damage":6,"enemies":"3 Sentries","floor":10,"turns":6},{"damage":0,"enemies":"Gremlin Nob","floor":14,"turns":2},{"damage":0,"enemies":"Slime Boss","floor":16,"turns":2},{"damage":1,"enemies":"Shell Parasite","floor":18,"turns":2},{"damage":0,"enemies":"Chosen","floor":21,"turns":2},{"damage":43,"enemies":"Centurion and Healer","floor":22,"turns":5},{"damage":25,"enemies":"Book of Stabbing","floor":23,"turns":4},{"damage":7,"enemies":"Cultist and Chosen","floor":25,"turns":4},{"damage":23,"enemies":"Gremlin Leader","floor":27,"turns":4},{"damage":0,"enemies":"3 Cultists","floor":28,"turns":4},{"damage":0,"enemies":"Snecko","floor":30,"turns":2},{"damage":43,"enemies":"Champ","floor":33,"turns":8},{"damage":0,"enemies":"Orb Walker","floor":35,"turns":2},{"damage":23,"enemies":"3 Shapes","floor":36,"turns":2},{"damage":25,"enemies":"Nemesis","floor":41,"turns":5},{"damage":18,"enemies":"Maw","floor":42,"turns":5},{"damage":0,"enemies":"Reptomancer","floor":47,"turns":2},{"damage":11,"enemies":"Sphere and 2 Shapes","floor":48,"turns":3},{"damage":0,"enemies":"Awakened One","floor":50,"turns":6},{"damage":19,"enemies":"Shield and Spear","floor":54,"turns":4},{"damage":50,"enemies":"The Heart","floor":55,"turns":7}],"seed_played":"-1077087169623852653","potions_obtained":[{"floor":1.0,"key":"FairyPotion"},{"floor":4.0,"key":"SmokeBomb"},{"floor":10,"key":"FearPotion"},{"floor":14,"key":"SteroidPotion"},{"floor":21,"key":"BloodPotion"},{"floor":22,"key":"CultistPotion"},{"floor":23,"key":"Strength Potion"},{"floor":35,"key":"Block Potion"},{"floor":47,"key":"DistilledChaos"},{"floor":48,"key":"AttackPotion"}],"is_trial":false,"path_per_floor":["M","?","$","M","M","E","R","M","T","E","R","?","R","E","R","B",null,"M","?","?","M","M","E","R","M","T","E","M","?","M","$","R","B",null,"M","M","?","$","?","R","E","M","T","R","?","?","E","M","R","B",null,"R","$","E","B",null],"character_chosen":"IRONCLAD","items_purchased":["Medical Kit","Infernal Blade","Entrench","Matryoshka","Inflame","Dexterity Potion","BlessingOfTheForge"],"campfire_rested":0,"item_purchase_floors":[3,3,31,31,38,53,53],"current_hp_per_floor":[80,73,73,68,74,28,28,33,33,33,33,53,53,59,59,65,80,80,80,56,56,36,27,27,30,30,19,35,35,45,56,56,22,56,56,39,39,54,47,47,34,30,30,30,20,49,49,46,46,49,49,49,49,42,14],"gold":52,"neow_bonus":"HUNDRED_GOLD","is_daily":false,"chose_seed":false,"campfire_upgraded":9,"win_rate":0.0,"timestamp":1612860369,"path_taken":["M","?","$","M","M","E","R","M","T","E","R","?","R","E","R","BOSS","M","?","?","M","M","E","R","M","T","E","M","?","?","?","R","BOSS","M","M","?","$","?","R","E","M","T","R","?","?","E","M","R","BOSS","R","$","E","BOSS"],"items_purchased_type":["Relic","Card","Card","Relic","Card","Potion","Potion"],"build_version":"2020-12-22","purchased_purges":2,"victory":true,"max_hp_per_floor":[80,80,80,80,80,80,80,80,80,80,80,80,80,80,80,80,80,80,80,56,56,56,56,56,56,56,56,56,56,56,56,56,56,56,56,56,56,56,56,56,56,56,56,56,56,49,49,49,49,49,49,49,49,49,49],"card_choices":[{"not_picked":["Burning Pact","Clothesline"],"picked":"Spot Weakness","floor":1.0},{"not_picked":["Body Slam","Power Through"],"picked":"Sword Boomerang","floor":4.0},{"not_picked":["Offering","AT_IchimonjiDouble"],"picked":"Shrug It Off","floor":5.0},{"not_picked":["Rage","Sever Soul"],"picked":"Iron Wave","floor":6.0},{"not_picked":["Fire Breathing","Searing Blow"],"picked":"AT_ShrugMaster","floor":8},{"not_picked":["AT_DrawKnifeCut","Twin Strike"],"picked":"Iron Wave","floor":10},{"not_picked":["Sever Soul","Iron Wave"],"picked":"Dark Embrace","floor":14},{"not_picked":["Reaper","Offering"],"picked":"Double Tap","floor":16},{"not_picked":["Sword Boomerang+1","Dropkick"],"picked":"Flame Barrier","floor":18},{"not_picked":["True Grit","Dark Embrace"],"picked":"Feel No Pain","floor":21},{"not_picked":["Hemokinesis","AT_GerminateFire"],"picked":"AT_ManFootWork","floor":22},{"not_picked":["Rage","Body Slam"],"picked":"Shrug It Off+1","floor":23},{"not_picked":["AT_IchimonjiDouble","Shrug It Off"],"picked":"Body Slam+1","floor":25},{"not_picked":["Thunderclap","Feel No Pain"],"picked":"Intimidate+1","floor":27},{"not_picked":["AT_DiedThrough","Wild Strike"],"picked":"Flex+1","floor":28},{"not_picked":["Hemokinesis","AT_ManFootWork"],"picked":"AT_BodySlamDance","floor":30},{"not_picked":["Fiend Fire","Barricade"],"picked":"Immolate","floor":33},{"not_picked":["Twin Strike","AT_DiedThrough"],"picked":"Cleave","floor":35},{"not_picked":["AT_IchimonjiDouble","Clothesline+1"],"picked":"AT_BodySlamDance+1","floor":36},{"not_picked":["Shrug It Off","Anger"],"picked":"Whirlwind","floor":41},{"not_picked":["Pummel","Battle Trance"],"picked":"Infernal Blade+1","floor":42},{"not_picked":["Sadistic Nature","Deep Breath"],"picked":"Madness","floor":45},{"not_picked":["Impatience","Chrysalis"],"picked":"Blind","floor":45},{"not_picked":["Trip","PanicButton"],"picked":"Madness","floor":45},{"not_picked":["Cleave+1","Uppercut"],"picked":"Headbutt+1","floor":47},{"not_picked":["Pommel Strike","Body Slam"],"picked":"Evolve+1","floor":48},{"not_picked":["Twin Strike","Impervious"],"picked":"Bloodletting","floor":54}],"player_experience":62438,"relics_obtained":[{"floor":6.0,"key":"AT_BladeRuinedKing"},{"floor":9,"key":"Happy Flower"},{"floor":10,"key":"Lantern"},{"floor":14,"key":"AT_SilvercatRing"},{"floor":23,"key":"MealTicket"},{"floor":27,"key":"Torii"},{"floor":41,"key":"Ice Cream"},{"floor":43,"key":"Bag of Preparation"},{"floor":43,"key":"AT_ChloranthyRing"},{"floor":47,"key":"Smiling Mask"},{"floor":54,"key":"Boot"}],"event_choices":[{"cards_removed":["Strike_R"],"damage_healed":0.0,"max_hp_gain":0.0,"max_hp_loss":0.0,"gold_gain":0.0,"event_name":"Golden Wing","player_choice":"Card Removal","floor":2.0,"gold_loss":0.0,"damage_taken":7.0},{"damage_healed":20,"gold_gain":0,"player_choice":"Healed","damage_taken":0,"max_hp_gain":0,"max_hp_loss":0,"event_name":"The Cleric","floor":12,"gold_loss":35},{"damage_healed":0,"gold_gain":0,"player_choice":"Read","damage_taken":0,"max_hp_gain":0,"max_hp_loss":0,"event_name":"The Library","floor":19,"gold_loss":0,"cards_obtained":["Spot Weakness"]},{"damage_healed":0,"gold_gain":0,"player_choice":"Became a vampire","damage_taken":0,"max_hp_gain":0,"max_hp_loss":24,"event_name":"Vampires","floor":20,"gold_loss":0,"cards_obtained":["Bite","Bite","Bite","Bite","Bite"]},{"cards_removed":["Defend_R"],"damage_healed":0,"gold_gain":0,"player_choice":"Offered Basic","damage_taken":0,"max_hp_gain":0,"max_hp_loss":0,"event_name":"Bonfire Elementals","floor":29,"gold_loss":0},{"cards_removed":["Bite"],"damage_healed":0,"gold_gain":0,"player_choice":"Removed Attack","damage_taken":0,"max_hp_gain":0,"max_hp_loss":0,"event_name":"Falling","floor":37,"gold_loss":0},{"damage_healed":0,"gold_gain":0,"player_choice":"Embrace Madness","damage_taken":7,"max_hp_gain":0,"max_hp_loss":0,"event_name":"Winding Halls","floor":39,"gold_loss":0,"cards_obtained":["Madness","Madness"]},{"damage_healed":0,"gold_gain":0,"player_choice":"Memory 3","damage_taken":10,"max_hp_gain":0,"max_hp_loss":0,"event_name":"SensoryStone","floor":45,"gold_loss":0},{"damage_healed":49,"gold_gain":0,"player_choice":"Heal","damage_taken":0,"max_hp_gain":0,"max_hp_loss":7,"event_name":"The Moai Head","floor":46,"gold_loss":0}],"is_beta":false,"boss_relics":[{"not_picked":["SlaversCollar","Ectoplasm"],"picked":"Runic Cube"},{"not_picked":["Astrolabe","Snecko Eye"],"picked":"Mark of Pain"}],"items_purged_floors":[31,53],"is_endless":false,"potions_floor_spawned":[1,4,10,14,21,22,23,35,47,48],"ascension_level":2}}