{"host":"k85tjwrh7mjrrc9a","time":1612912861,"event":{"mods":["AchievementEnabler","BaseMod","Colored Powertips","Highlight Path","Minty Spire (QoL Compilation)","Rare Cards Sparkle","StSLib"],"gold_per_floor":[12,12,87,107,107,107,122,179,206,206,220,220,239,204,204,293,293,314,314,234,234],"floor_reached":20,"language":"ENG","playtime":724,"items_purged":[],"score":308,"play_id":"0ad4d30f-6787-45bf-bc85-ca4928c48ce6","local_time":"20210209182101","is_ascension_mode":true,"campfire_choices":[{"floor":6.0,"key":"REST"},{"data":"Armaments","floor":10.0,"key":"SMITH"},{"data":"Mayhem","floor":15,"key":"SMITH"}],"circlet_count":0,"master_deck":["AscendersBane","Strike_R","Strike_R","Strike_R","Strike_R","Defend_R","Defend_R","Defend_R","Defend_R","Bash","Mayhem+1","Heavy Blade","Injury","Armaments+1","Inflame","Shrug It Off","Barricade","CurseOfTheBell","Body Slam"],"relics":["Burning Blood","Golden Idol","Lantern","Boot","Calling Bell","Akabeko","Frozen Egg 2","Champion Belt"],"acts_visited":["Exordium","TheCity"],"potions_floor_usage":[16],"damage_taken":[{"damage":4.0,"enemies":"Jaw Worm","floor":1.0,"turns":5.0},{"damage":19.0,"enemies":"2 Louse","floor":4.0,"turns":3.0},{"damage":9.0,"enemies":"Small Slimes","floor":7.0,"turns":4.0},{"damage":19.0,"enemies":"Exordium Thugs","floor":11.0,"turns":7.0},{"damage":6,"enemies":"Blue Slaver","floor":13,"turns":4},{"damage":24,"enemies":"The Guardian","floor":16,"turns":10},{"damage":41,"enemies":"Spheric Guardian","floor":18,"turns":6},{"damage":32,"enemies":"2 Thieves","floor":20,"turns":3}],"seed_played":"-728093515858111582","potions_obtained":[{"floor":1.0,"key":"DuplicationPotion"},{"floor":7.0,"key":"SteroidPotion"},{"floor":11.0,"key":"SpeedPotion"},{"floor":18,"key":"LiquidBronze"}],"is_trial":false,"path_per_floor":["M","?","?","M","?","R","M","?","T","R","M","?","M","?","R","B",null,"M","?","M"],"character_chosen":"IRONCLAD","items_purchased":[],"campfire_rested":1,"item_purchase_floors":[],"current_hp_per_floor":[70,70,59,46,20,42,39,39,39,39,26,26,26,44,44,26,63,28,28,0,0],"gold":234,"neow_bonus":"RANDOM_COLORLESS_2","is_daily":false,"chose_seed":false,"campfire_upgraded":2,"win_rate":0.0,"timestamp":1612912861,"path_taken":["M","?","?","M","?","R","?","?","T","R","M","?","M","?","R","BOSS","M","?","M"],"items_purchased_type":[],"build_version":"2020-12-22","purchased_purges":0,"victory":false,"max_hp_per_floor":[75,75,75,75,75,75,75,75,75,75,75,75,75,75,75,75,75,75,75,75,75],"card_choices":[{"not_picked":["Sadistic Nature","Metamorphosis"],"picked":"Mayhem","floor":0.0},{"not_picked":["Shrug It Off","Thunderclap"],"picked":"Heavy Blade","floor":1.0},{"not_picked":["Anger","Body Slam"],"picked":"Armaments","floor":4.0},{"not_picked":["Reckless Charge","Second Wind","Combust"],"picked":"SKIP","floor":7.0},{"not_picked":["Reckless Charge","Second Wind","Combust"],"picked":"SKIP","floor":7.0},{"not_picked":["Twin Strike","Seeing Red"],"picked":"Inflame","floor":11.0},{"not_picked":["Clash","Entrench"],"picked":"Shrug It Off","floor":13},{"not_picked":["Exhume","Immolate"],"picked":"Barricade","floor":16},{"not_picked":["Anger","Searing Blow"],"picked":"Body Slam","floor":18}],"player_experience":255735,"relics_obtained":[{"floor":9.0,"key":"Boot"},{"floor":17,"key":"Akabeko"},{"floor":17,"key":"Frozen Egg 2"},{"floor":17,"key":"Champion Belt"}],"event_choices":[{"damage_healed":0.0,"max_hp_gain":0.0,"max_hp_loss":0.0,"gold_gain":0.0,"event_name":"Golden Idol","player_choice":"Take Wound","floor":2.0,"gold_loss":0.0,"damage_taken":0.0,"relics_obtained":["Golden Idol"],"cards_obtained":["Injury"]},{"damage_healed":0.0,"max_hp_gain":0.0,"max_hp_loss":0.0,"gold_gain":75.0,"event_name":"World of Goop","player_choice":"Gather Gold","floor":3.0,"gold_loss":0.0,"damage_taken":11.0},{"damage_healed":0.0,"max_hp_gain":0.0,"max_hp_loss":0.0,"gold_gain":0.0,"event_name":"Scrap Ooze","player_choice":"Success","floor":5.0,"gold_loss":0.0,"damage_taken":26.0,"relics_obtained":["Lantern"]},{"damage_healed":0.0,"max_hp_gain":0.0,"max_hp_loss":0.0,"gold_gain":57.0,"event_name":"Golden Wing","player_choice":"Gained Gold","floor":8.0,"gold_loss":0.0,"damage_taken":0.0},{"damage_healed":0,"gold_gain":0,"player_choice":"Searched \u00270\u0027 times","damage_taken":0,"max_hp_gain":0,"max_hp_loss":0,"event_name":"Dead Adventurer","floor":12,"gold_loss":0},{"damage_healed":18,"gold_gain":0,"player_choice":"Healed","damage_taken":0,"max_hp_gain":0,"max_hp_loss":0,"event_name":"The Cleric","floor":14,"gold_loss":35},{"cards_removed":["Strike_R"],"damage_healed":0,"gold_gain":0,"player_choice":"Purged","damage_taken":0,"max_hp_gain":0,"max_hp_loss":0,"event_name":"Purifier","floor":19,"gold_loss":0}],"is_beta":false,"boss_relics":[{"not_picked":["Astrolabe","Pandora\u0027s Box"],"picked":"Calling Bell"}],"items_purged_floors":[],"is_endless":false,"potions_floor_spawned":[1,7,11,18],"killed_by":"2 Thieves","ascension_level":18}}