{"host":"m552uo5jodlktm3e","time":1612837201,"event":{"mods":["BaseMod","Colored Powertips","Minty Spire (QoL Compilation)","Quick Restart","StSLib"],"gold_per_floor":[114,114,114,129,144,174,189,204,204,234,264,264,294,294,294,394,394,409,409,424,439,139,169,169,184,209,224,74,74,104,119,119,219,219,234,249,264,264,279,309,321,348,385,97,112,127,157,187,187,187],"floor_reached":51,"language":"ENG","playtime":5622,"items_purged":[],"score":1011,"play_id":"b5e024e3-745a-4ec0-982c-4ae5bf448630","local_time":"20210208182001","daily_mods":["Draft","Hoarder","DeadlyEvents"],"is_ascension_mode":false,"campfire_choices":[{"floor":12,"key":"REST"},{"data":"Adrenaline","floor":15,"key":"SMITH"},{"floor":24,"key":"REST"},{"floor":32,"key":"REST"},{"floor":41,"key":"REST"},{"floor":49,"key":"REST"}],"circlet_count":0,"master_deck":["Cloak And Dagger","Cloak And Dagger","Cloak And Dagger","Predator","Predator","Predator","Backflip","Backflip","Backflip","Skewer","Skewer","Skewer","Backflip","Backflip","Backflip","Bane","Bane","Bane","Skewer+1","Skewer","Skewer","PiercingWail","PiercingWail","PiercingWail","Sucker Punch","Sucker Punch","Sucker Punch","Deadly Poison","Deadly Poison","Deadly Poison","Dash","Dash","Dash","Dodge and Roll","Dodge and Roll","Dodge and Roll","Crippling Poison","Crippling Poison","Crippling Poison","Deflect","Deflect","Deflect","Poisoned Stab","Poisoned Stab","Poisoned Stab","Corpse Explosion","Corpse Explosion","Corpse Explosion","Dagger Throw","Dagger Throw","Dagger Throw","Adrenaline+1","Adrenaline","Adrenaline","Backstab","Backstab","Backstab","A Thousand Cuts","A Thousand Cuts","Escape Plan+1","Escape Plan+1","Escape Plan+1","Corpse Explosion","Corpse Explosion","Corpse Explosion","Noxious Fumes+1","Noxious Fumes+1","Noxious Fumes+1","Sucker Punch+1","Sucker Punch+1","Sucker Punch+1","After Image","After Image","After Image","Quick Slash+1","Quick Slash+1","Quick Slash+1","Burst","Burst","Burst","Bouncing Flask+1","Bouncing Flask+1","Bouncing Flask+1","Wraith Form v2","Wraith Form v2","Wraith Form v2","Riddle With Holes+1","Riddle With Holes+1","Riddle With Holes+1","Leg Sweep","Leg Sweep","Leg Sweep","Mind Blast+1","Mind Blast+1","Mind Blast+1","Skim+1","Skim+1","Skim+1","WreathOfFlame","WreathOfFlame","WreathOfFlame"],"relics":["Ring of the Snake","Blood Vial","Vajra","MealTicket","Akabeko","Fusion Hammer","Nloth\u0027s Gift","TungstenRod","Prayer Wheel","Happy Flower","TwistedFunnel","Question Card","Snecko Eye","MawBank","Strawberry","Nunchaku","PrismaticShard","Lantern","Mummified Hand"],"acts_visited":["TheCity","TheBeyond"],"potions_floor_usage":[7,10,33,39,39,40,50,50],"damage_taken":[{"damage":0,"enemies":"Small Slimes","floor":1,"turns":3},{"damage":1,"enemies":"Cultist","floor":4,"turns":3},{"damage":0,"enemies":"2 Louse","floor":5,"turns":2},{"damage":14,"enemies":"Gremlin Nob","floor":6,"turns":4},{"damage":12,"enemies":"Exordium Thugs","floor":7,"turns":3},{"damage":0,"enemies":"Looter","floor":8,"turns":3},{"damage":11,"enemies":"Lagavulin","floor":10,"turns":8},{"damage":10,"enemies":"Gremlin Nob","floor":11,"turns":4},{"damage":4,"enemies":"3 Sentries","floor":13,"turns":2},{"damage":12,"enemies":"The Guardian","floor":16,"turns":9},{"damage":0,"enemies":"Spheric Guardian","floor":18,"turns":1},{"damage":3,"enemies":"Shell Parasite","floor":20,"turns":2},{"damage":6,"enemies":"Centurion and Healer","floor":21,"turns":5},{"damage":2,"enemies":"Gremlin Leader","floor":23,"turns":4},{"damage":0,"enemies":"Snecko","floor":25,"turns":2},{"damage":0,"enemies":"3 Cultists","floor":27,"turns":2},{"damage":0,"enemies":"Slavers","floor":30,"turns":1},{"damage":2,"enemies":"Cultist and Chosen","floor":31,"turns":4},{"damage":16,"enemies":"Collector","floor":33,"turns":6},{"damage":0,"enemies":"3 Shapes","floor":35,"turns":2},{"damage":0,"enemies":"3 Darklings","floor":36,"turns":2},{"damage":12,"enemies":"Spire Growth","floor":37,"turns":4},{"damage":37,"enemies":"Writhing Mass","floor":39,"turns":3},{"damage":23,"enemies":"Giant Head","floor":40,"turns":6},{"damage":2,"enemies":"Sphere and 2 Shapes","floor":42,"turns":3},{"damage":0,"enemies":"4 Shapes","floor":45,"turns":4},{"damage":0,"enemies":"Maw","floor":46,"turns":6},{"damage":0,"enemies":"Reptomancer","floor":47,"turns":1},{"damage":0,"enemies":"Nemesis","floor":48,"turns":1},{"damage":20,"enemies":"Time Eater","floor":50,"turns":5}],"seed_played":"-878916022338446095","potions_obtained":[{"floor":1,"key":"BlessingOfTheForge"},{"floor":6,"key":"ColorlessPotion"},{"floor":11,"key":"DuplicationPotion"},{"floor":25,"key":"Regen Potion"},{"floor":27,"key":"PowerPotion"},{"floor":30,"key":"PowerPotion"},{"floor":35,"key":"AttackPotion"},{"floor":45,"key":"ColorlessPotion"},{"floor":48,"key":"Fire Potion"}],"is_trial":false,"path_per_floor":["M","?","$","M","M","E","M","M","T","E","E","R","E","?","R","B",null,"M","?","M","M","$","E","R","M","T","M","$","$","E","M","R","B",null,"M","M","M","?","M","E","R","M","T","$","M","M","E","E","R","B",null],"character_chosen":"THE_SILENT","items_purchased":["TungstenRod","TwistedFunnel","Nunchaku","PrismaticShard"],"campfire_rested":5,"item_purchase_floors":[22,28,44,44],"current_hp_per_floor":[70,70,70,69,69,55,45,47,47,38,30,51,49,49,49,39,70,70,70,67,63,70,68,70,70,70,70,70,70,70,68,70,54,70,70,70,58,58,23,2,23,23,30,45,47,49,51,53,76,57],"gold":187,"neow_bonus":"","is_daily":true,"chose_seed":false,"campfire_upgraded":1,"win_rate":0.0,"timestamp":1612837201,"path_taken":["M","?","$","?","M","E","M","M","T","E","?","R","?","?","R","BOSS","M","?","M","M","$","E","R","M","T","?","?","$","?","M","R","BOSS","M","?","M","?","M","E","R","?","T","$","M","M","E","?","R","BOSS"],"items_purchased_type":["Relic","Relic","Relic","Relic"],"build_version":"2020-12-22","purchased_purges":0,"victory":true,"max_hp_per_floor":[70,70,70,70,70,70,70,70,70,70,70,70,70,70,70,70,70,70,70,70,70,70,70,70,70,70,70,70,70,70,70,70,70,70,70,70,70,70,70,70,70,70,77,77,77,77,77,77,77,77],"card_choices":[{"not_picked":["Crippling Poison","Dodge and Roll"],"picked":"Cloak And Dagger","floor":0},{"not_picked":["Outmaneuver","Leg Sweep"],"picked":"Predator","floor":0},{"not_picked":["Flechettes","Quick Slash"],"picked":"Backflip","floor":0},{"not_picked":["Sucker Punch","Cloak And Dagger"],"picked":"Skewer","floor":0},{"not_picked":["Outmaneuver","Expertise"],"picked":"Backflip","floor":0},{"not_picked":["Acrobatics","Deadly Poison"],"picked":"Bane","floor":0},{"not_picked":["Flying Knee","Backflip"],"picked":"Skewer","floor":0},{"not_picked":["Prepared","Deflect"],"picked":"PiercingWail","floor":0},{"not_picked":["Quick Slash","PiercingWail"],"picked":"Sucker Punch","floor":0},{"not_picked":["Dodge and Roll","Cloak And Dagger"],"picked":"Deadly Poison","floor":0},{"not_picked":["Setup","Dagger Spray"],"picked":"Dash","floor":0},{"not_picked":["Acrobatics","Prepared"],"picked":"Dodge and Roll","floor":0},{"not_picked":["Cloak And Dagger","Deadly Poison"],"picked":"Crippling Poison","floor":0},{"not_picked":["Prepared","Outmaneuver"],"picked":"Deflect","floor":0},{"not_picked":["Outmaneuver","Quick Slash"],"picked":"Poisoned Stab","floor":0},{"not_picked":["Finisher","Bane","Backflip"],"picked":"SKIP","floor":1},{"not_picked":["Blade Dance","Quick Slash","Concentrate"],"picked":"SKIP","floor":4},{"not_picked":["Prepared","Dagger Throw","Flying Knee"],"picked":"SKIP","floor":5},{"not_picked":["Noxious Fumes","Deadly Poison"],"picked":"Corpse Explosion","floor":6},{"not_picked":["Dagger Spray","Deflect","Backflip"],"picked":"SKIP","floor":7},{"not_picked":["Endless Agony","Quick Slash","Sucker Punch"],"picked":"SKIP","floor":8},{"not_picked":["Deflect","Riddle With Holes"],"picked":"Dagger Throw","floor":10},{"not_picked":["Slice","Bane"],"picked":"Adrenaline","floor":11},{"not_picked":["Outmaneuver","Well Laid Plans"],"picked":"Backstab","floor":13},{"not_picked":["Doppelganger","Storm of Steel"],"picked":"A Thousand Cuts","floor":16},{"not_picked":["Eviscerate","Dodge and Roll+1","Outmaneuver"],"picked":"SKIP","floor":18},{"not_picked":["Sucker Punch","Dash"],"picked":"Escape Plan+1","floor":20},{"not_picked":["Slice","Dagger Throw+1","Poisoned Stab"],"picked":"SKIP","floor":21},{"not_picked":["Blade Dance","Caltrops"],"picked":"Corpse Explosion","floor":23},{"not_picked":["Underhanded Strike","Escape Plan"],"picked":"Noxious Fumes+1","floor":25},{"not_picked":["Calculated Gamble","Prepared","Malaise"],"picked":"SKIP","floor":25},{"not_picked":["Cloak And Dagger+1","Flying Knee"],"picked":"Sucker Punch+1","floor":27},{"not_picked":["Poisoned Stab","Deflect","Finisher"],"picked":"SKIP","floor":27},{"not_picked":["A Thousand Cuts","Venomology"],"picked":"After Image","floor":30},{"not_picked":["Backflip+1","Bane","Prepared"],"picked":"Quick Slash+1","floor":31},{"not_picked":["Escape Plan","Leg Sweep","Infinite Blades","Acrobatics"],"picked":"SKIP","floor":31},{"not_picked":["Bullet Time","Night Terror","Tools of the Trade"],"picked":"Burst","floor":33},{"not_picked":["Dodge and Roll","Well Laid Plans","Sucker Punch+1","Bane+1"],"picked":"SKIP","floor":35},{"not_picked":["Eviscerate+1","Riddle With Holes","Outmaneuver+1","Prepared"],"picked":"SKIP","floor":35},{"not_picked":["Terror","Dodge and Roll","Dagger Throw"],"picked":"Bouncing Flask+1","floor":36},{"not_picked":["Accuracy+1","Endless Agony","Quick Slash","Bane"],"picked":"SKIP","floor":36},{"not_picked":["Grand Finale","Flying Knee","Poisoned Stab+1","Slice"],"picked":"SKIP","floor":37},{"not_picked":["Escape Plan","Doppelganger","Masterful Stab+1","Dagger Throw"],"picked":"SKIP","floor":37},{"not_picked":["Dagger Throw+1","After Image","Bane","PiercingWail"],"picked":"SKIP","floor":39},{"not_picked":["PiercingWail","Backstab","Dagger Spray","Deflect"],"picked":"SKIP","floor":39},{"not_picked":["Bane","Reflex","Deadly Poison+1","Deflect"],"picked":"SKIP","floor":40},{"not_picked":["Prepared+1","Dagger Spray+1","Bouncing Flask"],"picked":"Wraith Form v2","floor":42},{"not_picked":["Cloak And Dagger+1","Prepared+1","Footwork"],"picked":"Riddle With Holes+1","floor":42},{"not_picked":["Entrench","PathToVictory","MentalFortress+1"],"picked":"Leg Sweep","floor":45},{"not_picked":["Perfected Strike","Shrug It Off","Armaments","Backflip"],"picked":"SKIP","floor":45},{"not_picked":["Reckless Charge","Blur+1","PiercingWail"],"picked":"Mind Blast+1","floor":46},{"not_picked":["CarveReality+1","Wild Strike","Meditate","Tactician"],"picked":"SKIP","floor":46},{"not_picked":["Core Surge","Limit Break","Anger+1"],"picked":"Skim+1","floor":47},{"not_picked":["Biased Cognition","Adrenaline","Armaments"],"picked":"WreathOfFlame","floor":48}],"player_experience":1017978,"relics_obtained":[{"floor":6,"key":"Blood Vial"},{"floor":9,"key":"Vajra"},{"floor":10,"key":"Mercury Hourglass"},{"floor":11,"key":"MealTicket"},{"floor":13,"key":"Akabeko"},{"floor":23,"key":"Prayer Wheel"},{"floor":26,"key":"Happy Flower"},{"floor":30,"key":"Question Card"},{"floor":40,"key":"MawBank"},{"floor":43,"key":"Strawberry"},{"floor":47,"key":"Lantern"},{"floor":48,"key":"Mummified Hand"}],"event_choices":[{"damage_healed":0,"gold_gain":0,"player_choice":"Forge","damage_taken":0,"max_hp_gain":0,"max_hp_loss":0,"event_name":"Accursed Blacksmith","floor":2,"gold_loss":0,"cards_upgraded":["Skewer"]},{"damage_healed":0,"gold_gain":0,"player_choice":"Ignored","damage_taken":0,"max_hp_gain":0,"max_hp_loss":0,"event_name":"Liars Game","floor":14,"gold_loss":0},{"damage_healed":0,"gold_gain":0,"player_choice":"Traded Relic","damage_taken":0,"relics_obtained":["Nloth\u0027s Gift"],"max_hp_gain":0,"max_hp_loss":0,"event_name":"N\u0027loth","floor":19,"relics_lost":["Mercury Hourglass"],"gold_loss":0},{"cards_removed":["A Thousand Cuts"],"damage_healed":0,"gold_gain":0,"player_choice":"Removed Power","damage_taken":0,"max_hp_gain":0,"max_hp_loss":0,"event_name":"Falling","floor":38,"gold_loss":0}],"is_beta":false,"boss_relics":[{"not_picked":["Ring of the Serpent","Sozu"],"picked":"Fusion Hammer"},{"not_picked":["Runic Pyramid","Velvet Choker"],"picked":"Snecko Eye"}],"items_purged_floors":[],"is_endless":false,"potions_floor_spawned":[1,6,11,25,27,30,31,35,36,45,48],"ascension_level":0}}