{"host":"vit9b6u76k1y61sh","time":1612903999,"event":{"mods":["BaseMod","Block Reminder","Colored Powertips","Highlight Path","Minty Spire (QoL Compilation)","Quick Restart","Rare Cards Sparkle","Relic Sorter","Relic Stats","StSLib"],"gold_per_floor":[117,136,147,97,97,140,140,140,140],"floor_reached":8,"language":"ENG","playtime":398,"items_purged":[],"score":62,"play_id":"63f64e2d-f50e-4d2b-b846-a0a895a16d8e","local_time":"20210209155319","is_ascension_mode":true,"campfire_choices":[{"floor":7,"key":"REST"}],"circlet_count":0,"master_deck":["Strike_G","Strike_G","Strike_G","Strike_G","Strike_G","Defend_G","Defend_G","Defend_G","Defend_G","Survivor","Neutralize","Dodge and Roll","Outmaneuver","Flying Knee"],"relics":["Black Star","Golden Idol","Pen Nib","Potion Belt"],"acts_visited":["Exordium"],"potions_floor_usage":[1],"damage_taken":[{"damage":2,"enemies":"Jaw Worm","floor":1,"turns":6},{"damage":5,"enemies":"Small Slimes","floor":2,"turns":4},{"damage":0,"enemies":"2 Louse","floor":3,"turns":4},{"damage":53,"enemies":"Lagavulin","floor":6,"turns":14},{"damage":27,"enemies":"Gremlin Nob","floor":8,"turns":6}],"seed_played":"-8897093176325661552","potions_obtained":[{"floor":1,"key":"Fruit Juice"}],"is_trial":false,"path_per_floor":["M","M","M","?","?","E","R","E"],"character_chosen":"THE_SILENT","items_purchased":[],"campfire_rested":1,"item_purchase_floors":[],"current_hp_per_floor":[73,68,68,68,68,15,35,8,8],"gold":140,"neow_bonus":"BOSS_RELIC","is_daily":false,"chose_seed":false,"campfire_upgraded":0,"win_rate":0.0,"timestamp":1612903999,"path_taken":["M","M","M","?","?","E","R","E"],"items_purchased_type":[],"build_version":"2020-12-22","purchased_purges":0,"victory":false,"max_hp_per_floor":[75,75,75,75,69,69,69,69,69],"relic_stats":{"counters":[5,34],"Golden Idol":9,"Pen Nib":[1],"Black Star":1,"obtain_stats":[{"Potion Belt":6,"Golden Idol":5,"Pen Nib":6,"Black Star":0,"Ring of the Snake":0},{"Potion Belt":4,"Golden Idol":3,"Pen Nib":4,"Black Star":0,"Ring of the Snake":0},{"Potion Belt":28,"Golden Idol":14,"Pen Nib":28,"Black Star":0,"Ring of the Snake":0}]},"card_choices":[{"not_picked":["Outmaneuver","Catalyst"],"picked":"Dodge and Roll","floor":1},{"not_picked":["Deflect","Dagger Spray"],"picked":"Outmaneuver","floor":2},{"not_picked":["Calculated Gamble","Expertise"],"picked":"Flying Knee","floor":3},{"not_picked":["Dagger Spray","Backflip","Tactician"],"picked":"SKIP","floor":6}],"player_experience":169934,"relics_obtained":[{"floor":6,"key":"Pen Nib"},{"floor":6,"key":"Potion Belt"}],"event_choices":[{"cards_removed":["Defend_G"],"damage_healed":0,"gold_gain":0,"player_choice":"Card Removal","damage_taken":0,"max_hp_gain":0,"max_hp_loss":0,"event_name":"The Cleric","floor":4,"gold_loss":50},{"damage_healed":0,"gold_gain":0,"player_choice":"Lose Max HP","damage_taken":0,"relics_obtained":["Golden Idol"],"max_hp_gain":0,"max_hp_loss":6,"event_name":"Golden Idol","floor":5,"gold_loss":0}],"is_beta":false,"boss_relics":[],"items_purged_floors":[],"is_endless":false,"potions_floor_spawned":[1],"killed_by":"Gremlin Nob","ascension_level":2}}