{"host":"kvq1t47bkvtg8ho9","time":1612844451,"event":{"mods":["Aspiration","Bard","BaseMod","Beaked The Cultist","Better Sensory Stone","Better Third Choice","BetterRewards","Bossed Relics","Clockwork Mod","Colored Map","Conspire","Downfall","Energized Spire","Friendly Minions","Hermit","HexUI Lib","Highlight Path","Hubris","Infinite Spire","JesterMod","Minty Spire (QoL Compilation)","READ ME - Guardian Mod","Relic Stats","Reliquary","Shade Mod","Somnambulant","Spire Arcade","StSLib","The Bladedancer","The Bug Knight","The Cursed","The Death Knight","The Disciple","The Forsaken","The Jungle","The Marked","The Necromancer","The Runesmith"],"gold_per_floor":[112,0,0,10,10,10,40,51,51,82,112,131,146,160,160,160,160],"floor_reached":16,"language":"ENG","playtime":1269,"items_purged":[],"score":151,"play_id":"0b475fd3-ffa3-4d20-a3ec-a2296f5cb6cb","local_time":"20210208232051","is_ascension_mode":true,"campfire_choices":[{"data":"Enlightenment","floor":6,"key":"SMITH"},{"floor":15,"key":"REST"}],"circlet_count":0,"master_deck":["Runesmith:Strike_RS","Runesmith:Strike_RS","Runesmith:Strike_RS","Runesmith:Strike_RS","Runesmith:Defend_RS","Runesmith:Defend_RS","Runesmith:Defend_RS","Runesmith:Defend_RS","Runesmith:CraftFirestone","Runesmith:Fortify","Runesmith:EnergizedChisel","Enlightenment+1","Runesmith:BackupBattery","Runesmith:Prism","Runesmith:ChaoticBlast","Runesmith:ChargedHammer","Runesmith:ElementalConversion","Runesmith:Permafrost","Runesmith:Supernova","Runesmith:FrozenChisel"],"relics":["Runesmith:BrokenRuby","NeowsBlessing","hubris:Towel","aspiration:HatOfInfinitePower","DeathKnight:SindragosasSkull","reliquary:TuningFork","hubris:BundleOfHerbs"],"acts_visited":["Exordium"],"potions_floor_usage":[11,14,16,16],"damage_taken":[{"damage":0,"enemies":"Jaw Worm","floor":1,"turns":1},{"damage":0,"enemies":"2 Louse","floor":4,"turns":2},{"damage":0,"enemies":"Lagavulin","floor":7,"turns":1},{"damage":8,"enemies":"Small Slimes","floor":8,"turns":5},{"damage":51,"enemies":"Gremlin Nob","floor":10,"turns":6},{"damage":10,"enemies":"conspire:MimicChest","floor":11,"turns":6},{"damage":0,"enemies":"Exordium Thugs","floor":12,"turns":4},{"damage":0,"enemies":"Blue Slaver","floor":13,"turns":4},{"damage":0,"enemies":"Gremlin Gang","floor":14,"turns":5},{"damage":46,"enemies":"Slime Boss","floor":16,"turns":9}],"seed_played":"2977080816317134225","potions_obtained":[{"floor":10,"key":"AttackPotion"},{"floor":11,"key":"GamblersBrew"},{"floor":13,"key":"ColorlessPotion"},{"floor":14,"key":"SneckoOil"}],"is_trial":false,"path_per_floor":["M","?","?","M","$","R","E","M","T","E","?","M","M","M","R","B"],"character_chosen":"RUNESMITH_CLASS","items_purchased":[],"campfire_rested":1,"item_purchase_floors":[],"current_hp_per_floor":[70,76,76,76,76,76,76,68,68,17,7,7,13,13,35,0,0],"gold":160,"neow_bonus":"THREE_ENEMY_KILL","is_daily":false,"chose_seed":false,"campfire_upgraded":1,"win_rate":0.0,"timestamp":1612844451,"path_taken":["M","?","?","M","$","R","E","M","T","E","?","M","M","M","R","BOSS"],"items_purchased_type":[],"build_version":"2020-12-22","purchased_purges":0,"victory":false,"max_hp_per_floor":[70,76,76,76,76,76,76,76,76,76,76,76,76,76,76,76,76],"relic_stats":{"counters":[10,43],"obtain_stats":[{"Runesmith:BrokenRuby":0,"NeowsBlessing":0,"hubris:BundleOfHerbs":11,"reliquary:TuningFork":10,"hubris:Towel":3,"aspiration:HatOfInfinitePower":7,"DeathKnight:SindragosasSkull":9},{"Runesmith:BrokenRuby":0,"NeowsBlessing":0,"hubris:BundleOfHerbs":6,"reliquary:TuningFork":5,"hubris:Towel":1,"aspiration:HatOfInfinitePower":3,"DeathKnight:SindragosasSkull":4},{"Runesmith:BrokenRuby":0,"NeowsBlessing":0,"hubris:BundleOfHerbs":21,"reliquary:TuningFork":15,"hubris:Towel":1,"aspiration:HatOfInfinitePower":4,"DeathKnight:SindragosasSkull":9}]},"card_choices":[{"not_picked":["Runesmith:RuneHurl","Runesmith:Electrocute"],"picked":"Runesmith:EnergizedChisel","floor":1},{"not_picked":["Runesmith:HeatedChisel","Runesmith:Retool"],"picked":"Runesmith:BackupBattery","floor":4},{"not_picked":["Runesmith:ShiftingStrike","Runesmith:NegativeSpace"],"picked":"Runesmith:Prism","floor":7},{"not_picked":["Runesmith:Grindstone","Runesmith:ChiselStab"],"picked":"Runesmith:ChaoticBlast","floor":8},{"not_picked":["Runesmith:PerfectChisel","Runesmith:Empowerment"],"picked":"Runesmith:ChargedHammer","floor":10},{"not_picked":["Runesmith:ChiselStab","Runesmith:NanitesCloud"],"picked":"Runesmith:ElementalConversion","floor":11},{"not_picked":["Runesmith:Reinforce","Runesmith:MakeshiftArmor"],"picked":"Runesmith:Permafrost","floor":12},{"not_picked":["Runesmith:ShiftingStrike","Runesmith:MakeshiftArmor"],"picked":"Runesmith:Supernova","floor":13},{"not_picked":["Runesmith:Malloc","Runesmith:NegativeSpace"],"picked":"Runesmith:FrozenChisel","floor":14}],"player_experience":832426,"relics_obtained":[{"floor":7,"key":"aspiration:HatOfInfinitePower"},{"floor":9,"key":"DeathKnight:SindragosasSkull"},{"floor":10,"key":"reliquary:TuningFork"},{"floor":11,"key":"hubris:BundleOfHerbs"}],"event_choices":[{"damage_healed":0,"gold_gain":0,"player_choice":"RENOUNCE","damage_taken":112,"max_hp_gain":0,"max_hp_loss":0,"event_name":"betterThird:BetterSerpent","floor":2,"gold_loss":112,"cards_obtained":["Enlightenment"]}],"is_beta":false,"boss_relics":[],"items_purged_floors":[],"is_endless":false,"potions_floor_spawned":[10,11,13,14],"killed_by":"Slime Boss","ascension_level":2}}