{"host":"jfbo3eu2ui08ej1u","time":1612839663,"event":{"mods":["2.2 Compatiblity","AchievementEnabler","Act Like it!","Aspiration","BaseMod","Better Altar","Better Match","Better Note","Better Sensory Stone","Better Skull","Better Third Choice","Block Reminder","Colored Map","Colored Powertips","Conspire","DeckTracker","Displayed Cursed Tome","Energized Spire","Fox Events","GifTheSpireLib","Hermit","Hubris","Infinite Spire","Marked Mod","Minty Spire (QoL Compilation)","Monster B Gone","Pale of the Ancients","Poor People Problems","Quick Restart","Relic Filter","Reliquary","Reorder Act Four","Replay The Spire","Shop Mod","Spicy Shops","Spire Arcade","StSLib","Stuff the Spire","The Blue Laboratory","The Disciple","The Forsaken","The Hierophant","The Marked","Uncapped","Unceasing Turn Reminder","Wandering Minibosses"],"gold_per_floor":[116,133,149,167,186,214,6,35,35,35,35,63,13,42,42,138,138,150,166,7,20,37,37,37],"floor_reached":23,"language":"ENG","playtime":1158,"items_purged":["hermit:Strike_Hermit"],"score":256,"play_id":"457a49ae-0b46-49d2-bf01-3ddb20396308","local_time":"20210208220103","is_ascension_mode":true,"campfire_choices":[{"data":"hermit:Vantage","floor":11,"key":"SMITH"},{"data":"hermit:Dive","floor":15,"key":"SMITH"}],"circlet_count":0,"master_deck":["hermit:Strike_Hermit","hermit:Strike_Hermit","hermit:Strike_Hermit","hermit:Defend_Hermit","hermit:Defend_Hermit","hermit:Defend_Hermit","hermit:Defend_Hermit","hermit:Snapshot","hermit:Covet","hermit:Ricochet","hermit:Vantage+1","hermit:FlashPowder","hermit:BigShot","hermit:TakeAim","hermit:Deadeye","hermit:Headshot","hermit:RoundhouseKick","hermit:Dive+1","hermit:Dive","hermit:Determination","Disarm","hermit:Dive+1","ReplayTheSpireMod:Stacked"],"relics":["hermit:Momento","hubris:TinFlute","hubris:FunFungus","Eternal Feather","conspire:Boomerang","Unceasing Top","aspiration:IroncladSkillbook","ClockworkSouvenir"],"acts_visited":["Exordium","TheCity"],"potions_floor_usage":[12,16,16,22],"damage_taken":[{"damage":4.0,"enemies":"infinitespire:Voidling","floor":1.0,"turns":3.0},{"damage":7.0,"enemies":"Small Slimes","floor":2.0,"turns":3.0},{"damage":0.0,"enemies":"2 Louse","floor":3.0,"turns":2.0},{"damage":3.0,"enemies":"Large Slime","floor":4.0,"turns":7.0},{"damage":0.0,"enemies":"Exordium Wildlife","floor":5.0,"turns":2.0},{"damage":18.0,"enemies":"Lagavulin","floor":6.0,"turns":8.0},{"damage":10.0,"enemies":"3 Sentries","floor":8.0,"turns":7.0},{"damage":10,"enemies":"Gremlin Nob","floor":12,"turns":4},{"damage":12,"enemies":"Lagavulin","floor":14,"turns":7},{"damage":29,"enemies":"The Guardian","floor":16,"turns":13},{"damage":2,"enemies":"Chosen","floor":18,"turns":5},{"damage":8,"enemies":"3 Byrds","floor":19,"turns":6},{"damage":34,"enemies":"Sentry and Sphere","floor":21,"turns":6},{"damage":21,"enemies":"Snecko","floor":22,"turns":6},{"damage":32,"enemies":"Centurion and Healer","floor":23,"turns":5}],"seed_played":"-6052715576295252492","potions_obtained":[{"floor":5.0,"key":"Energy Potion"},{"floor":6.0,"key":"Energy Potion"},{"floor":8.0,"key":"blueLaboratory:FrostheartPotion"},{"floor":14,"key":"ColorlessPotion"},{"floor":16,"key":"BlessingOfTheForge"},{"floor":18,"key":"SpeedPotion"},{"floor":21,"key":"blueLaboratory:BottleOfRum"}],"is_trial":false,"path_per_floor":["M","M","M","M","M","E","$","E","T","?","R","E","?","E","R","B",null,"M","M","$","M","M","M"],"character_chosen":"HERMIT","items_purchased":["hermit:Deadeye","hermit:Headshot","ClockworkSouvenir","Disarm"],"campfire_rested":0,"item_purchase_floors":[7,7,20,20],"current_hp_per_floor":[71,64,64,61,61,43,43,33,33,33,42,33,33,25,34,9,75,75,71,71,41,25,0,0],"gold":37,"neow_bonus":"THREE_CARDS","is_daily":false,"chose_seed":false,"campfire_upgraded":2,"win_rate":0.0,"timestamp":1612839663,"path_taken":["M","M","M","M","?","E","$","E","T","?","R","E","?","E","R","BOSS","M","M","$","M","M","M"],"items_purchased_type":["Card","Card","Relic","Card"],"build_version":"2020-12-22","purchased_purges":1,"victory":false,"max_hp_per_floor":[75,75,75,75,75,75,75,75,75,75,75,75,75,75,75,75,75,75,75,75,75,75,75,75],"card_choices":[{"not_picked":["hermit:FlashPowder","hermit:Midnight"],"picked":"hermit:Ricochet","floor":0.0},{"not_picked":["hermit:SprayPray","hermit:Desperado"],"picked":"hermit:Vantage","floor":1.0},{"not_picked":["hermit:Dive","hermit:Desperado"],"picked":"hermit:FlashPowder","floor":2.0},{"not_picked":["hermit:BodyArmor","hermit:LowProfile","hermit:Manifest"],"picked":"SKIP","floor":3.0},{"not_picked":["hermit:TrackingShot","hermit:Roulette"],"picked":"hermit:BigShot","floor":4.0},{"not_picked":["hermit:LowProfile","hermit:NoHoldsBarred"],"picked":"hermit:TakeAim","floor":5.0},{"not_picked":["hermit:FatalDesire","hermit:HighCaliber","hermit:Desperado"],"picked":"SKIP","floor":6.0},{"not_picked":["hermit:FatalDesire","hermit:Manifest"],"picked":"hermit:RoundhouseKick","floor":8.0},{"not_picked":["hermit:Feint","hermit:Ricochet","hermit:LoneWolf"],"picked":"SKIP","floor":12},{"not_picked":["hermit:ItchyTrigger","hermit:Cheat"],"picked":"hermit:Dive","floor":14},{"not_picked":["Replay:Undeath\u0027s Touch","hermit:PistolWhip+1","hermit:HoleUp"],"picked":"hermit:Dive","floor":18},{"not_picked":["Run Through","hermit:Gestalt","hermit:LowProfile"],"picked":"hermit:Determination","floor":19},{"not_picked":["Dual Wield","ReplayTheSpireMod:Strike From Hell","StuffTheSpire:Slingshot"],"picked":"hermit:Dive+1","floor":21},{"not_picked":["Body Slam","hermit:Roulette","Impervious"],"picked":"ReplayTheSpireMod:Stacked","floor":22}],"player_experience":1305261,"relics_obtained":[{"floor":6.0,"key":"hubris:TinFlute"},{"floor":8.0,"key":"hubris:FunFungus"},{"floor":9.0,"key":"Eternal Feather"},{"floor":12,"key":"conspire:Boomerang"},{"floor":14,"key":"Unceasing Top"}],"event_choices":[{"damage_healed":0.0,"max_hp_gain":0.0,"max_hp_loss":0.0,"gold_gain":1.0,"event_name":"betterStone:BetterStone","player_choice":"1","floor":10.0,"gold_loss":0.0,"damage_taken":0.0}],"is_beta":false,"boss_relics":[{"not_picked":["energizedSpire:SpiderWeb","conspire:RoyalGoblet"],"picked":"aspiration:IroncladSkillbook"}],"items_purged_floors":[7],"is_endless":false,"potions_floor_spawned":[5,6,8,14,16,18,21],"killed_by":"Centurion and Healer","ascension_level":3}}