{"host":"q7zm4xeotpldz9qq","time":1612855675,"event":{"mods":["ATMod(阿瑾Mod)","BaseMod","Colored Powertips","Downfall","Minty Spire (QoL Compilation)","Relic Filter Mod","Relic Stats","StSLib","[功能]功能增强和修复MOD"],"gold_per_floor":[99,110,110,110,130,85,85,85,55,117,447,457,457,472,483,587,587,587,597,609,609,604,639,639,655,655,655,665,682,677,696,727,824,824,824,840,840,858,858,858,858,858,890,890,890,909,909,909,923,923],"floor_reached":51,"language":"ZHS","playtime":3277,"items_purged":["Regret","Slimebound:Strike_Slimebound","Slimebound:Defend_Slimebound","Slimebound:Defend_Slimebound","Slimebound:Defend_Slimebound","Slimebound:Strike_Slimebound","Parasite","Slimebound:Strike_Slimebound","Slimebound:Defend_Slimebound","Normality","Writhe"],"score":1000,"play_id":"a552fdef-0c85-4a8d-bf93-fc48d6831622","local_time":"20210209152755","is_ascension_mode":true,"campfire_choices":[{"data":"AT_FamilyPortrait","floor":1,"key":"SMITH"},{"data":"Apotheosis","floor":18,"key":"PURGE"},{"data":"expansioncontent:StudyTheSpire","floor":35,"key":"PURGE"},{"data":"Slimebound:MassRepurpose+1","floor":45,"key":"PURGE"}],"circlet_count":0,"master_deck":["Slimebound:Tackle","Slimebound:Split","Slimebound:CorrosiveSpit+1","AT_FamilyPortrait+1","Flash of Steel","Slimebound:SlimeBrawl","Slimebound:SplitMire","Slimebound:SlimeSpikes","expansioncontent:QuickStudy+1","Slimebound:LevelUp","Slimebound:Repurpose","Slimebound:FinishingTackle","Slimebound:GoopTackle","Slimebound:Schlurp","Slimebound:Darklings+1","Slimebound:ItLooksTasty","Slimebound:RejuvenatingLick","Slimebound:SlimeSpikes","Slimebound:SlimeTap","Slimebound:LeechEnergy","expansioncontent:DashGenerateEvil","Slimebound:RollThrough","Slimebound:SplitBruiser","Slimebound:HauntingLick","Slimebound:RollThrough","Slimebound:DisruptingSlam","Slimebound:HungryTackle","expansioncontent:InvincibleStrength","Slimebound:DivideAndConquer","Slimebound:MassRepurpose","Slimebound:Repurpose","Slimebound:SamplingLick","Slimebound:SplitBruiser","Slimebound:MassRepurpose+1","Slimebound:SplitBruiser","Slimebound:PressTheAttack","Mayhem","Slimebound:RollThrough+1","Slimebound:ItLooksTasty","Dark Shackles+1","expansioncontent:QuickStudy+1","Slimebound:SplitSpecialist+1","Slimebound:SplitBruiser+1","Slimebound:FinishingTackle","Slimebound:RollThrough+1","Slimebound:SlimeSpikes+1","expansioncontent:AwakenDeath","Slimebound:OneTwoCombo","Slimebound:SplitSpecialist+1","Sadistic Nature","Slimebound:SamplingLick+1","Slimebound:ComboTackle","Slimebound:MassRepurpose+1","Slimebound:SplitSpecialist+1","Slimebound:RollThrough","Slimebound:LevelUp+1","Slimebound:SplitLeeching+1","expansioncontent:HyperBeam","expansioncontent:QuickStudy+1","Slimebound:SplitSpecialist+1","Slimebound:ComboTackle","Slimebound:SlimeTap+1","Slimebound:MegaLick+1","Slimebound:MegaLick+1","Slimebound:RollThrough","Slimebound:ProtectTheBoss+1","Slimebound:RejuvenatingLick+1"],"relics":["Slimebound:AbsorbEndCombat","AT_ATBox","Slimebound:ScrapOozeRelic","Boot","Orichalcum","bronze:DonusWashers","AT_DeathDance","Question Card","AT_BladeRuinedKing","Sling","Pen Nib","Mummified Hand","AT_RabadonDeathcap","HandDrill","Shuriken","Gremlin Horn","Lee\u0027s Waffle","bronze:MakeshiftBattery","Anchor","Strange Spoon","War Paint","Thread and Needle","Eternal Feather","AT_EbonyIvory","Toxic Egg 2","Toolbox","hexamod:CandleOfCauterizing","Frozen Eye","Happy Flower","Slimebound:SlimedTailRelic","expansioncontent:StudyCardRelic","Frozen Egg 2","Guardian:PocketSentry","champ:Barbells","Bottled Flame","Singing Bowl","bronze:BronzeIdol","Slimebound:SelfDamagePreventRelic","Bottled Lightning","Bag of Preparation","PreservedInsect","Chemical X","Lantern","ClockworkSouvenir","Slimebound:PreparedRelic"],"acts_visited":["Exordium","TheCity","TheBeyond"],"potions_floor_usage":[],"damage_taken":[{"damage":11,"enemies":"Small Slimes","floor":2,"turns":3},{"damage":18,"enemies":"Jaw Worm","floor":5,"turns":2},{"damage":6,"enemies":"downfall:FleeingMerchant","floor":6,"turns":4},{"damage":7,"enemies":"downfall:FleeingMerchant","floor":9,"turns":4},{"damage":6,"enemies":"Lagavulin Event","floor":10,"turns":3},{"damage":4,"enemies":"downfall:FleeingMerchant","floor":11,"turns":3},{"damage":3,"enemies":"2 Louse","floor":12,"turns":1},{"damage":0,"enemies":"Exordium Wildlife","floor":14,"turns":2},{"damage":4,"enemies":"Blue Slaver","floor":15,"turns":2},{"damage":2,"enemies":"SI_SHIV_ARCHETYPE","floor":16,"turns":3},{"damage":9,"enemies":"Shell Parasite","floor":19,"turns":2},{"damage":0,"enemies":"3 Cultists","floor":20,"turns":2},{"damage":0,"enemies":"Gremlin Leader","floor":23,"turns":2},{"damage":0,"enemies":"Snake Plant","floor":25,"turns":2},{"damage":0,"enemies":"Sentry and Sphere","floor":28,"turns":2},{"damage":0,"enemies":"Cultist and Chosen","floor":29,"turns":1},{"damage":0,"enemies":"Shelled Parasite and Fungi","floor":31,"turns":1},{"damage":0,"enemies":"Snake Plant","floor":32,"turns":1},{"damage":0,"enemies":"IC_MUSHROOM_ARCHETYPE","floor":33,"turns":3},{"damage":0,"enemies":"Orb Walker","floor":36,"turns":1},{"damage":0,"enemies":"3 Shapes","floor":38,"turns":1},{"damage":5,"enemies":"Nemesis","floor":43,"turns":3},{"damage":9,"enemies":"Maw","floor":46,"turns":3},{"damage":0,"enemies":"Spire Growth","floor":49,"turns":2},{"damage":0,"enemies":"WA_ARCHETYPE_DIVINITY","floor":50,"turns":5}],"seed_played":"3193244368289835233","potions_obtained":[{"floor":19,"key":"Fire Potion"},{"floor":20,"key":"Slimebound:ThreeZeroPotion"},{"floor":28,"key":"Fire Potion"}],"is_trial":false,"path_per_floor":["R","M","?","?","M","$","T","?","$","?","$","M","$","M","M","B",null,"R","M","M","?","$","E","T","M","$","?","M","M","$","M","M","B",null,"R","M","?","M","$","?","T","$","E","$","R","M","$","T","M","B",null],"character_chosen":"SLIMEBOUND","items_purchased":["Boot","Orichalcum","bronze:DonusWashers","expansioncontent:QuickStudy","Slimebound:LevelUp","Slimebound:Repurpose","Slimebound:FinishingTackle","Slimebound:GoopTackle","SneckoOil","GamblersBrew","PowerPotion","Slimebound:Schlurp","Question Card","AT_BladeRuinedKing","Sling","Apotheosis","Slimebound:ItLooksTasty","Slimebound:RejuvenatingLick","Slimebound:SlimeSpikes","Mummified Hand","AT_RabadonDeathcap","HandDrill","expansioncontent:DashGenerateEvil","Slimebound:RollThrough","Slimebound:SplitBruiser","Slimebound:HauntingLick","Shuriken","Gremlin Horn","Lee\u0027s Waffle","Slimebound:DisruptingSlam","expansioncontent:StudyTheSpire","Slimebound:HungryTackle","expansioncontent:InvincibleStrength","Anchor","Strange Spoon","War Paint","Slimebound:SplitBruiser","Slimebound:PressTheAttack","Mayhem","Fire Potion","AT_EbonyIvory","Toxic Egg 2","Toolbox","Dark Shackles+1","expansioncontent:QuickStudy+1","Slimebound:SplitSpecialist+1","Slimebound:SplitBruiser+1","Slimebound:FinishingTackle","Frozen Eye","Happy Flower","Slimebound:SlimedTailRelic","expansioncontent:AwakenDeath","Slimebound:OneTwoCombo","Slimebound:SplitSpecialist+1","Sadistic Nature","Frozen Egg 2","Guardian:PocketSentry","champ:Barbells","Slimebound:LevelUp+1","Slimebound:MassRepurpose+1","Slimebound:SplitLeeching+1","bronze:BronzeIdol","Slimebound:SelfDamagePreventRelic","expansioncontent:HyperBeam","expansioncontent:QuickStudy+1","Slimebound:SplitSpecialist+1","Bottled Lightning","PreservedInsect","Chemical X","Slimebound:SlimeTap+1","Slimebound:MegaLick+1","Lantern","ClockworkSouvenir","Slimebound:RollThrough","Slimebound:ProtectTheBoss+1"],"campfire_rested":0,"item_purchase_floors":[6,6,6,6,6,6,6,6,6,6,6,6,9,9,9,9,9,9,9,11,11,11,11,11,11,11,13,13,13,13,13,13,13,22,22,22,22,22,22,22,26,26,26,26,26,26,26,26,30,30,30,30,30,30,30,39,39,39,39,39,39,42,42,42,42,42,42,44,44,44,44,47,47,47,47],"current_hp_per_floor":[65,56,56,56,40,38,38,54,51,51,55,52,69,69,65,69,69,69,62,66,66,66,68,68,69,69,69,69,69,69,69,69,69,69,69,69,69,69,69,69,69,69,66,66,69,60,60,60,64,66],"gold":923,"neow_bonus":"RANDOM_COLORLESS","is_daily":false,"chose_seed":false,"campfire_upgraded":1,"win_rate":0.0,"timestamp":1612855675,"path_taken":["R","M","?","?","M","?","T","?","$","?","$","M","$","?","M","BOSS","R","M","M","?","$","E","T","?","$","?","M","M","$","M","M","BOSS","R","M","?","M","$","?","T","$","E","$","R","M","$","?","M","BOSS"],"items_purchased_type":["Relic","Relic","Relic","Card","Card","Card","Card","Card","Potion","Potion","Potion","Card","Relic","Relic","Relic","Card","Card","Card","Card","Relic","Relic","Relic","Card","Card","Card","Card","Relic","Relic","Relic","Card","Card","Card","Card","Relic","Relic","Relic","Card","Card","Card","Potion","Relic","Relic","Relic","Card","Card","Card","Card","Card","Relic","Relic","Relic","Card","Card","Card","Card","Relic","Relic","Relic","Card","Card","Card","Relic","Relic","Card","Card","Card","Relic","Relic","Relic","Card","Card","Relic","Relic","Card","Card"],"build_version":"2020-12-22","purchased_purges":11,"victory":true,"max_hp_per_floor":[65,65,65,65,65,65,65,65,62,62,62,62,69,69,69,69,69,69,69,69,69,69,69,69,69,69,69,69,69,69,69,69,69,69,69,69,69,69,69,69,69,69,69,69,69,69,69,69,69,69],"relic_stats":{"Lee\u0027s Waffle":17,"Gremlin Horn":[9,10],"Happy Flower":[6],"Singing Bowl":0,"counters":[25,57],"Eternal Feather":3,"Pen Nib":[9],"PreservedInsect":0,"Bag of Preparation":[6],"Orichalcum":[54],"War Paint":["Slimebound:CorrosiveSpit","Slimebound:MassRepurpose"],"Boot":[177],"Question Card":20,"Strange Spoon":[55],"Mummified Hand":[32],"Shuriken":[14],"HandDrill":[42],"Chemical X":[1],"obtain_stats":[{"Lantern":47,"AT_ATBox":0,"Slimebound:ScrapOozeRelic":4,"Gremlin Horn":13,"Singing Bowl":41,"expansioncontent:StudyCardRelic":34,"Bag of Preparation":43,"Boot":6,"Sling":9,"ClockworkSouvenir":47,"Frozen Eye":30,"Mummified Hand":11,"Toolbox":26,"HandDrill":11,"Chemical X":44,"Toxic Egg 2":26,"AT_RabadonDeathcap":11,"champ:Barbells":39,"bronze:DonusWashers":6,"Lee\u0027s Waffle":13,"hexamod:CandleOfCauterizing":27,"Slimebound:SelfDamagePreventRelic":42,"Happy Flower":30,"Thread and Needle":23,"Eternal Feather":24,"AT_BladeRuinedKing":9,"Pen Nib":10,"AT_EbonyIvory":26,"PreservedInsect":44,"Omamori":3,"Guardian:PocketSentry":39,"Orichalcum":6,"War Paint":22,"Frozen Egg 2":39,"Question Card":9,"bronze:BronzeIdol":42,"Strange Spoon":22,"Anchor":22,"Bottled Flame":40,"Shuriken":13,"Slimebound:PreparedRelic":48,"Slimebound:AbsorbEndCombat":0,"Bottled Lightning":42,"AT_DeathDance":7,"bronze:MakeshiftBattery":17,"Slimebound:SlimedTailRelic":30},{"Lantern":23,"AT_ATBox":0,"Slimebound:ScrapOozeRelic":1,"Gremlin Horn":7,"Singing Bowl":21,"expansioncontent:StudyCardRelic":19,"Bag of Preparation":22,"Boot":3,"Sling":4,"ClockworkSouvenir":23,"Frozen Eye":16,"Mummified Hand":6,"Toolbox":14,"HandDrill":6,"Chemical X":22,"Toxic Egg 2":14,"AT_RabadonDeathcap":6,"champ:Barbells":21,"bronze:DonusWashers":3,"Lee\u0027s Waffle":7,"hexamod:CandleOfCauterizing":14,"Slimebound:SelfDamagePreventRelic":21,"Happy Flower":16,"Thread and Needle":13,"Eternal Feather":13,"AT_BladeRuinedKing":4,"Pen Nib":5,"AT_EbonyIvory":14,"PreservedInsect":22,"Omamori":1,"Guardian:PocketSentry":21,"Orichalcum":3,"War Paint":12,"Frozen Egg 2":21,"Question Card":4,"bronze:BronzeIdol":21,"Strange Spoon":12,"Anchor":12,"Bottled Flame":21,"Shuriken":7,"Slimebound:PreparedRelic":23,"Slimebound:AbsorbEndCombat":0,"Bottled Lightning":21,"AT_DeathDance":3,"bronze:MakeshiftBattery":10,"Slimebound:SlimedTailRelic":16},{"Lantern":50,"AT_ATBox":0,"Slimebound:ScrapOozeRelic":3,"Gremlin Horn":20,"Singing Bowl":44,"expansioncontent:StudyCardRelic":42,"Bag of Preparation":47,"Boot":9,"Sling":13,"ClockworkSouvenir":50,"Frozen Eye":37,"Mummified Hand":19,"Toolbox":34,"HandDrill":19,"Chemical X":47,"Toxic Egg 2":34,"AT_RabadonDeathcap":19,"champ:Barbells":44,"bronze:DonusWashers":9,"Lee\u0027s Waffle":20,"hexamod:CandleOfCauterizing":34,"Slimebound:SelfDamagePreventRelic":44,"Happy Flower":37,"Thread and Needle":32,"Eternal Feather":32,"AT_BladeRuinedKing":13,"Pen Nib":16,"AT_EbonyIvory":34,"PreservedInsect":47,"Omamori":3,"Guardian:PocketSentry":44,"Orichalcum":9,"War Paint":30,"Frozen Egg 2":44,"Question Card":13,"bronze:BronzeIdol":44,"Strange Spoon":30,"Anchor":30,"Bottled Flame":44,"Shuriken":20,"Slimebound:PreparedRelic":50,"Slimebound:AbsorbEndCombat":0,"Bottled Lightning":44,"AT_DeathDance":9,"bronze:MakeshiftBattery":26,"Slimebound:SlimedTailRelic":37}]},"card_choices":[{"not_picked":["Trip","Deep Breath"],"picked":"Flash of Steel","floor":0},{"not_picked":["Slimebound:Nibble","Slimebound:GoopSpray"],"picked":"Slimebound:SlimeBrawl","floor":2},{"not_picked":["Slimebound:RollThrough","Slimebound:SamplingLick"],"picked":"Slimebound:SplitMire","floor":5},{"not_picked":["Slimebound:HungryTackle","Slimebound:FinishingTackle"],"picked":"Slimebound:SlimeSpikes","floor":6},{"not_picked":["Slimebound:SlimeSpikes","Slimebound:MassFeed"],"picked":"Slimebound:Darklings","floor":9},{"not_picked":["Slimebound:Schlurp","Slimebound:SamplingLick","Slimebound:FormOfPuddle"],"picked":"Slimebound:SlimeTap","floor":10},{"not_picked":["Slimebound:ForwardTackle","Slimebound:SplitMire","Slimebound:LeechingTouch"],"picked":"Slimebound:LeechEnergy","floor":11},{"not_picked":["Slimebound:ItLooksTasty","Slimebound:SplitLeeching","Slimebound:Nibble"],"picked":"Slimebound:RollThrough","floor":12},{"not_picked":["Slimebound:ItLooksTasty","Slimebound:FinishingTackle","Slimebound:GoopSpray"],"picked":"Slimebound:DisruptingSlam","floor":14},{"not_picked":["Slimebound:LivingWall","Slimebound:TagTeam","Slimebound:ItLooksTasty"],"picked":"Slimebound:DivideAndConquer","floor":15},{"not_picked":["Slimebound:Darklings","Slimebound:SlimeSlap","Slimebound:OozeBath"],"picked":"Slimebound:MassRepurpose","floor":16},{"not_picked":["Slimebound:Replication","Slimebound:SplitMire","Slimebound:LivingWall"],"picked":"Slimebound:Repurpose","floor":19},{"not_picked":["Slimebound:HungryTackle","Slimebound:Schlurp","Slimebound:LeechEnergy"],"picked":"Slimebound:SamplingLick","floor":20},{"not_picked":["Slimebound:HauntingLick","Slimebound:LeechingTouch","Slimebound:LivingWall"],"picked":"Slimebound:RollThrough+1","floor":23},{"not_picked":["Slimebound:Prepare","Slimebound:GrowthPunch","Slimebound:GoopSpray"],"picked":"Slimebound:ItLooksTasty","floor":25},{"not_picked":["Slimebound:ComboTackle+1","Slimebound:ItLooksTasty","Slimebound:SplitLeeching+1"],"picked":"Slimebound:RollThrough+1","floor":28},{"not_picked":["Slimebound:ProtectTheBoss+1","Slimebound:MassFeed","Slimebound:GoopTackle"],"picked":"Slimebound:SlimeSpikes+1","floor":29},{"not_picked":["Slimebound:HauntingLick+1","Slimebound:LeechingTouch+1","Slimebound:GrowthPunch+1"],"picked":"Slimebound:SamplingLick+1","floor":31},{"not_picked":["Slimebound:SplitAcid+1","Slimebound:LivingWall+1","Slimebound:GoopSpray+1"],"picked":"Slimebound:ComboTackle","floor":32},{"not_picked":["Slimebound:PrepareCrush+1","Slimebound:DouseInSlime+1","Slimebound:WasteNot+1"],"picked":"Slimebound:MassRepurpose+1","floor":33},{"not_picked":["Slimebound:ItLooksTasty+1","Slimebound:ServeAndProtect+1","Slimebound:SplitLeeching+1"],"picked":"Slimebound:SplitSpecialist+1","floor":36},{"not_picked":["Slimebound:ForwardTackle","Slimebound:HauntingLick+1","Slimebound:Recollect+1"],"picked":"Slimebound:RollThrough","floor":38},{"not_picked":["Slimebound:LeechEnergy+1","Slimebound:Schlurp+1","Slimebound:BestDefense+1"],"picked":"Slimebound:ComboTackle","floor":43},{"not_picked":["Slimebound:SplitSpecialist+1","Slimebound:Gluttony+1","Slimebound:TongueLash+1"],"picked":"Slimebound:MegaLick+1","floor":46},{"not_picked":["Slimebound:GrowthPunch","Slimebound:HungryTackle","Slimebound:Schlurp+1"],"picked":"Slimebound:RejuvenatingLick+1","floor":49}],"player_experience":85088,"relics_obtained":[{"floor":7,"key":"AT_DeathDance"},{"floor":10,"key":"Pen Nib"},{"floor":23,"key":"Thread and Needle"},{"floor":24,"key":"Eternal Feather"},{"floor":40,"key":"Bottled Flame"},{"floor":41,"key":"Singing Bowl"},{"floor":43,"key":"Bag of Preparation"},{"floor":48,"key":"Slimebound:PreparedRelic"}],"event_choices":[{"damage_healed":0,"gold_gain":0,"player_choice":"Box","damage_taken":0,"relics_obtained":["Omamori"],"max_hp_gain":0,"max_hp_loss":0,"event_name":"Big Fish","floor":3,"gold_loss":0,"cards_obtained":["Regret"]},{"damage_healed":16,"gold_gain":0,"player_choice":"Healed and dodged fight","damage_taken":0,"max_hp_gain":0,"max_hp_loss":0,"event_name":"Mushrooms","floor":8,"gold_loss":0,"cards_obtained":["Parasite"]},{"cards_removed":["Slimebound:DisruptingSlam"],"damage_healed":0,"gold_gain":0,"player_choice":"Removed Attack","damage_taken":0,"max_hp_gain":0,"max_hp_loss":0,"event_name":"Falling","floor":37,"gold_loss":0}],"is_beta":false,"boss_relics":[{"not_picked":["SlaversCollar","Slimebound:AbsorbEndCombatUpgraded"],"picked":"bronze:MakeshiftBattery"},{"not_picked":["Slimebound:TarBlob","Black Star"],"picked":"expansioncontent:StudyCardRelic"}],"items_purged_floors":[6,6,6,6,6,6,9,9,9,22,30],"is_endless":false,"potions_floor_spawned":[12,14,16,19,20,23,28,29,38],"ascension_level":1}}