{"host":"yans4pr1zf0lm9bx","time":1612900516,"event":{"mods":["AchievementEnabler","Act Like it!","BaseMod","Hallownest","Minty Spire (QoL Compilation)","Replay The Spire","StSLib","SuperFastMode","The Bug Knight"],"gold_per_floor":[112,125,137,137,149,168,195,207,233,266,282,282,282],"floor_reached":12,"language":"ENG","playtime":796,"items_purged":[],"score":97,"play_id":"50a99f75-4293-4d50-a58c-1d0620972ec7","local_time":"20210209145516","is_ascension_mode":true,"campfire_choices":[],"circlet_count":0,"master_deck":["HollowMod:NailStrikeStart","HollowMod:NailStrikeStart","HollowMod:NailStrikeStart","HollowMod:NailStrikeStart","HollowMod:QuickDashStart","HollowMod:QuickDashStart","HollowMod:QuickDashStart","HollowMod:QuickDashStart","HollowMod:FocusHealStart","HollowMod:PogoStrike","HollowMod:SoulSplash","HollowMod:SiblingsShadow","HollowMod:BlackTendrils","Voices","HollowMod:ElderbugsWisdom","HollowMod:NewJinnsSoul","HollowMod:ShadowDash","HollowMod:DescendingDark"],"relics":["HollowMod:VesselMask","ReplayTheSpireMod:Ring of Collecting","Ring of Misfortune","ReplayTheSpireMod:Ring of Exchange","Blue Doll","HollowMod:MillibellesNoteRelic","ReplayTheSpireMod:Ring of Addiction","Toy Ornithopter","Chameleon Ring","Replay:Accelerometer"],"acts_visited":["Exordium"],"potions_floor_usage":[10],"damage_taken":[{"damage":0,"enemies":"Jaw Worm","floor":1,"turns":4},{"damage":0,"enemies":"Cultist","floor":2,"turns":2},{"damage":6,"enemies":"2 Louse","floor":3,"turns":3},{"damage":19,"enemies":"Lots of Slimes","floor":5,"turns":5},{"damage":5,"enemies":"Gremlin Gang","floor":6,"turns":6},{"damage":6,"enemies":"Blue Slaver","floor":8,"turns":3},{"damage":2,"enemies":"Gremlin Nob","floor":10,"turns":3},{"damage":7,"enemies":"2 Fungi Beasts","floor":11,"turns":4},{"damage":5,"enemies":"HollowMod:MossKnight","floor":12,"turns":12}],"seed_played":"1229279625590272187","potions_obtained":[{"floor":2,"key":"FairyPotion"},{"floor":3,"key":"Milkshake"},{"floor":5,"key":"ColorlessPotion"},{"floor":9,"key":"BlessingOfTheForge"}],"is_trial":false,"path_per_floor":["M","M","M","?","M","M","T","M","T","E","M","E"],"character_chosen":"THE_BUGKNIGHT","items_purchased":[],"campfire_rested":0,"item_purchase_floors":[],"current_hp_per_floor":[82,82,82,82,63,67,67,66,66,74,75,78,78],"gold":282,"neow_bonus":"TEN_PERCENT_HP_BONUS","is_daily":false,"chose_seed":false,"campfire_upgraded":0,"win_rate":0.0,"timestamp":1612900516,"path_taken":["M","M","M","?","M","M","?","M","T","E","M","E"],"items_purchased_type":[],"build_version":"2020-12-22","purchased_purges":0,"victory":false,"max_hp_per_floor":[82,82,82,82,82,82,82,82,82,82,82,82,82],"card_choices":[{"not_picked":["HollowMod:NewLittleFool","HollowMod:SoulEater"],"picked":"HollowMod:SoulSplash","floor":1},{"not_picked":["HollowMod:SharpenedNail","HollowMod:DesolateDive"],"picked":"HollowMod:SiblingsShadow","floor":2},{"not_picked":["HollowMod:InfectedCysts","HollowMod:SoulEater"],"picked":"HollowMod:BlackTendrils","floor":3},{"not_picked":["HollowMod:CrystalDash","HollowMod:CycloneSlash"],"picked":"HollowMod:ElderbugsWisdom","floor":5},{"not_picked":["HollowMod:FallenFury","HollowMod:CoiledNail"],"picked":"HollowMod:NewJinnsSoul","floor":6},{"not_picked":["HollowMod:MonarchWings","HollowMod:ChannelNail","HollowMod:GreatSlash"],"picked":"SKIP","floor":8},{"not_picked":["HollowMod:PaleKingsBlessing","HollowMod:Grubsong"],"picked":"HollowMod:ShadowDash","floor":10},{"not_picked":["HollowMod:DashSlash","HollowMod:VengefulVoid"],"picked":"HollowMod:DescendingDark","floor":11}],"player_experience":297645,"relics_obtained":[{"floor":4,"key":"ReplayTheSpireMod:Ring of Collecting"},{"floor":4,"key":"Ring of Misfortune"},{"floor":7,"key":"ReplayTheSpireMod:Ring of Exchange"},{"floor":7,"key":"Blue Doll"},{"floor":9,"key":"HollowMod:MillibellesNoteRelic"},{"floor":9,"key":"ReplayTheSpireMod:Ring of Addiction"},{"floor":9,"key":"Toy Ornithopter"},{"floor":9,"key":"Chameleon Ring"},{"floor":10,"key":"Replay:Accelerometer"}],"event_choices":[],"is_beta":false,"boss_relics":[],"items_purged_floors":[],"is_endless":false,"potions_floor_spawned":[2,3,5],"killed_by":"HollowMod:MossKnight","ascension_level":3}}