{"host":"kx8c7tq5jzvn4xri","time":1612835295,"event":{"mods":["AchievementEnabler","Astrologer","BaseMod","BetterRewards","Colored Map","Colored Powertips","Conspire","Downfall","Gremlin Mod","Hermit","Hubris","Infinite Spire","Minty Spire (QoL Compilation)","Quick Restart","Replay The Spire","Reworked Bosses","Shop Mod","StSLib","The Hierophant"],"gold_per_floor":[114,114,289,307,320,350,350,350,350,356,356,356],"floor_reached":11,"language":"ENG","playtime":577,"items_purged":[],"score":73,"play_id":"88c0bd43-a4ed-4a6e-871c-eed51d68a4d9","local_time":"20210208204815","is_ascension_mode":false,"campfire_choices":[{"floor":7,"key":"REST"}],"circlet_count":1,"master_deck":["hierophant:Strike_Hierophant","hierophant:Strike_Hierophant","hierophant:Strike_Hierophant","hierophant:Strike_Hierophant","hierophant:Punish","hierophant:Defend_Hierophant","hierophant:Defend_Hierophant","hierophant:Defend_Hierophant","hierophant:Defend_Hierophant","hierophant:ChurchCoffers","hierophant:HolyVerse","hubris:Sloth","Doubt","hierophant:Smite","hierophant:Repentance","hierophant:PassingBell","hierophant:TollTheBells"],"relics":["hierophant:PropheticMaskRelic","Blue Candle","Circlet"],"acts_visited":["Exordium"],"potions_floor_usage":[11,11,11],"damage_taken":[{"damage":10.0,"enemies":"Small Slimes","floor":1.0,"turns":2.0},{"damage":20.0,"enemies":"Jaw Worm","floor":4.0,"turns":5.0},{"damage":6.0,"enemies":"Cultist","floor":5.0,"turns":3.0},{"damage":42,"enemies":"Lagavulin","floor":6,"turns":8},{"damage":8,"enemies":"Lots of Slimes","floor":10,"turns":2},{"damage":22,"enemies":"3 Sentries","floor":11,"turns":4}],"seed_played":"-8757729840019581551","potions_obtained":[{"floor":4.0,"key":"Explosive Potion"},{"floor":6,"key":"Reflective Coating"},{"floor":8,"key":"Fire Potion"},{"floor":8,"key":"Explosive Potion"}],"is_trial":false,"path_per_floor":["M","?","?","M","M","E","R","?","T","M","E"],"character_chosen":"HIEROPHANT","items_purchased":[],"campfire_rested":1,"item_purchase_floors":[],"current_hp_per_floor":[72,72,72,52,46,4,28,28,28,20,0,0],"gold":356,"neow_bonus":"TEN_PERCENT_HP_BONUS","is_daily":false,"chose_seed":false,"campfire_upgraded":0,"win_rate":0.0,"timestamp":1612835295,"path_taken":["M","?","?","?","M","E","R","?","T","?","E"],"items_purchased_type":[],"build_version":"2020-12-22","purchased_purges":0,"victory":false,"max_hp_per_floor":[82,82,82,82,82,82,82,82,82,82,82,82],"card_choices":[{"not_picked":["hierophant:Endure","hierophant:CoinFling"],"picked":"hierophant:HolyVerse","floor":1.0},{"not_picked":["hierophant:PassingBell","hierophant:ThreeLashes"],"picked":"hierophant:Smite","floor":4.0},{"not_picked":["hierophant:HolyVerse","hierophant:ArchangelShield"],"picked":"hierophant:Repentance","floor":5.0},{"not_picked":["hierophant:Smite","hierophant:AuricForm"],"picked":"hierophant:PassingBell","floor":6},{"not_picked":["hierophant:AuricBeam","hierophant:Rebuild"],"picked":"hierophant:TollTheBells","floor":10}],"player_experience":166079,"relics_obtained":[{"floor":6,"key":"Blue Candle"},{"floor":9,"key":"Circlet"}],"event_choices":[{"damage_healed":0.0,"max_hp_gain":0.0,"max_hp_loss":0.0,"gold_gain":175.0,"event_name":"Liars Game","player_choice":"AGREE","floor":3.0,"gold_loss":0.0,"damage_taken":0.0,"cards_obtained":["Doubt"]},{"damage_healed":0,"gold_gain":0,"player_choice":"Got Potions","damage_taken":0,"max_hp_gain":0,"max_hp_loss":0,"event_name":"Lab","floor":8,"gold_loss":0}],"is_beta":false,"boss_relics":[],"items_purged_floors":[],"is_endless":false,"potions_floor_spawned":[4,6],"killed_by":"3 Sentries","ascension_level":0}}