{"host":"suw5tyb7z6zbnnfs","time":1612892933,"event":{"mods":["AchievementEnabler","BaseMod","Colored Map","Minty Spire (QoL Compilation)"],"gold_per_floor":[113,125,144,28,28,63,63,90,90,110,127,47,47,59,59,59,59],"floor_reached":16,"language":"ENG","playtime":1431,"items_purged":["Strike_B","Defend_B"],"score":157,"play_id":"44202818-6353-4f58-a7a8-238eb885c631","local_time":"20210209124853","is_ascension_mode":true,"campfire_choices":[{"data":"Dualcast","floor":7,"key":"SMITH"},{"data":"Defragment","floor":15,"key":"SMITH"}],"circlet_count":0,"master_deck":["Strike_B","Strike_B","Strike_B","Defend_B","Defend_B","Defend_B","Zap","Dualcast+1","Defragment+1","Self Repair","Coolheaded","Go for the Eyes","Static Discharge","Conserve Battery","Loop"],"relics":["Cracked Core","Turnip","PreservedInsect","Bottled Lightning","The Courier","Anchor"],"acts_visited":["Exordium"],"potions_floor_usage":[6,6,8],"damage_taken":[{"damage":2,"enemies":"Jaw Worm","floor":1,"turns":3},{"damage":0,"enemies":"Small Slimes","floor":2,"turns":4},{"damage":1,"enemies":"Cultist","floor":3,"turns":3},{"damage":30,"enemies":"3 Sentries","floor":6,"turns":6},{"damage":13,"enemies":"Gremlin Nob","floor":8,"turns":4},{"damage":23,"enemies":"Exordium Wildlife","floor":10,"turns":9},{"damage":3,"enemies":"2 Fungi Beasts","floor":11,"turns":4},{"damage":3,"enemies":"3 Louse","floor":14,"turns":3},{"damage":43,"enemies":"Slime Boss","floor":16,"turns":8}],"seed_played":"5601508029942979076","potions_obtained":[{"floor":1,"key":"AttackPotion"},{"floor":2,"key":"FearPotion"},{"floor":3,"key":"FocusPotion"},{"floor":10,"key":"CultistPotion"}],"is_trial":false,"path_per_floor":["M","M","M","$","?","E","R","E","T","M","M","$","?","M","R","B"],"character_chosen":"DEFECT","items_purchased":["Self Repair"],"campfire_rested":0,"item_purchase_floors":[4],"current_hp_per_floor":[66,66,65,65,70,47,47,41,41,25,29,29,29,33,33,0,0],"gold":59,"neow_bonus":"ONE_RARE_RELIC","is_daily":false,"chose_seed":false,"campfire_upgraded":2,"win_rate":0.0,"timestamp":1612892933,"path_taken":["M","M","M","$","?","E","R","E","T","M","M","$","?","?","R","BOSS"],"items_purchased_type":["Card"],"build_version":"2020-12-22","purchased_purges":2,"victory":false,"max_hp_per_floor":[68,68,68,68,73,73,73,73,73,73,73,73,73,73,73,73,73],"card_choices":[{"not_picked":["Reprogram","Steam Power","Storm"],"picked":"SKIP","floor":1},{"not_picked":["Double Energy","Steam Power","Aggregate"],"picked":"SKIP","floor":2},{"not_picked":["Reprogram","Compile Driver"],"picked":"Defragment","floor":3},{"not_picked":["Steam","Sunder"],"picked":"Coolheaded","floor":6},{"not_picked":["Double Energy","Skim"],"picked":"Go for the Eyes","floor":8},{"not_picked":["Conserve Battery","Ball Lightning"],"picked":"Static Discharge","floor":10},{"not_picked":["Aggregate","Compile Driver"],"picked":"Conserve Battery","floor":11},{"not_picked":["Turbo","Rip and Tear"],"picked":"Loop","floor":14}],"player_experience":874468,"relics_obtained":[{"floor":6,"key":"PreservedInsect"},{"floor":8,"key":"Bottled Lightning"},{"floor":9,"key":"The Courier"}],"event_choices":[{"damage_healed":0,"gold_gain":0,"player_choice":"Donut","damage_taken":0,"max_hp_gain":5,"max_hp_loss":0,"event_name":"Big Fish","floor":5,"gold_loss":0},{"damage_healed":0,"gold_gain":0,"player_choice":"Gave Potion","damage_taken":0,"relics_obtained":["Anchor"],"max_hp_gain":0,"max_hp_loss":0,"event_name":"WeMeetAgain","floor":13,"gold_loss":0}],"is_beta":false,"boss_relics":[],"items_purged_floors":[4,12],"is_endless":false,"potions_floor_spawned":[1,2,3,10],"killed_by":"Slime Boss","ascension_level":8}}