{"host":"rw1trt79hfpl7pom","time":1612857610,"event":{"mods":["BaseMod","Bestiary","Colored Map","Minty Spire (QoL Compilation)","Relic Stats","StSLib","SuperFastMode"],"gold_per_floor":[99,99,99,42,42,42,42,42,42,42,42,42,42,42,42,42,42,42,42,42,22,22,22,22,22,22,22,22,22,22,22,22,22,22,22,22,22,22,22,22,22,22,22,22,22,22,22,22,22,22,22,22,22,22,22,22],"floor_reached":57,"language":"ENG","playtime":6827,"items_purged":[],"score":3243,"play_id":"c30096da-6dd6-48fd-ba8a-546d08e4e770","local_time":"20210209000010","is_ascension_mode":true,"campfire_choices":[{"floor":6.0,"key":"REST"},{"data":"LikeWater","floor":11.0,"key":"SMITH"},{"data":"Perseverance","floor":15.0,"key":"SMITH"},{"floor":25.0,"key":"REST"},{"data":"LikeWater","floor":27.0,"key":"SMITH"},{"data":"Fasting2","floor":32.0,"key":"SMITH"},{"data":"1","floor":40.0,"key":"LIFT"},{"data":"2","floor":44.0,"key":"LIFT"},{"data":"3","floor":46.0,"key":"LIFT"},{"floor":49.0,"key":"RECALL"},{"floor":53.0,"key":"REST"}],"circlet_count":0,"master_deck":["AscendersBane","Strike_P","Strike_P","Defend_P","Defend_P+1","Defend_P","Defend_P","Eruption+1","Vigilance+1","LikeWater+1","Wireheading","Tantrum+1","Weave","Perseverance+1","Scrawl","Omniscience","ThirdEye","TalkToTheHand+1","LikeWater+1","Adaptation","BattleHymn","FlyingSleeves","Sanctity","Fasting2+1","CutThroughFate","Omniscience","Collect","LikeWater","Protect+1","EmptyMind","TalkToTheHand+1","TalkToTheHand","Adaptation","ThirdEye"],"relics":["Ectoplasm","Golden Idol","Damaru","Old Coin","Blood Vial","Tiny Chest","Odd Mushroom","Akabeko","Snecko Eye","Shuriken","Whetstone","Girya","Bronze Scales","Fusion Hammer","Centennial Puzzle","Lizard Tail","Vajra","Question Card","MealTicket","White Beast Statue","Orichalcum"],"acts_visited":["Exordium","TheCity","TheBeyond","TheEnding"],"potions_floor_usage":[56],"damage_taken":[{"damage":7.0,"enemies":"Jaw Worm","floor":1.0,"turns":4.0},{"damage":0.0,"enemies":"Cultist","floor":5.0,"turns":4.0},{"damage":7.0,"enemies":"Lagavulin","floor":7.0,"turns":10.0},{"damage":0.0,"enemies":"2 Louse","floor":8.0,"turns":2.0},{"damage":4.0,"enemies":"Gremlin Nob","floor":10.0,"turns":3.0},{"damage":15.0,"enemies":"The Mushroom Lair","floor":12.0,"turns":5.0},{"damage":1.0,"enemies":"Lagavulin","floor":13.0,"turns":6.0},{"damage":0.0,"enemies":"The Guardian","floor":16.0,"turns":15.0},{"damage":0.0,"enemies":"Shell Parasite","floor":18.0,"turns":5.0},{"damage":22.0,"enemies":"2 Thieves","floor":21.0,"turns":2.0},{"damage":2.0,"enemies":"3 Cultists","floor":22.0,"turns":5.0},{"damage":21.0,"enemies":"Book of Stabbing","floor":23.0,"turns":5.0},{"damage":0.0,"enemies":"Gremlin Leader","floor":28.0,"turns":6.0},{"damage":3.0,"enemies":"Snecko","floor":30.0,"turns":5.0},{"damage":20.0,"enemies":"Slavers","floor":31.0,"turns":3.0},{"damage":0.0,"enemies":"Collector","floor":33.0,"turns":5.0},{"damage":0.0,"enemies":"3 Shapes","floor":35.0,"turns":2.0},{"damage":0.0,"enemies":"Mind Bloom Boss Battle","floor":37.0,"turns":3.0},{"damage":0.0,"enemies":"3 Darklings","floor":38.0,"turns":4.0},{"damage":12.0,"enemies":"4 Shapes","floor":39.0,"turns":10.0},{"damage":0.0,"enemies":"Giant Head","floor":41.0,"turns":4.0},{"damage":0.0,"enemies":"Maw","floor":45.0,"turns":3.0},{"damage":0.0,"enemies":"Nemesis","floor":47.0,"turns":5.0},{"damage":0.0,"enemies":"Transient","floor":48.0,"turns":6.0},{"damage":0.0,"enemies":"Donu and Deca","floor":50.0,"turns":10.0},{"damage":53.0,"enemies":"Awakened One","floor":51.0,"turns":13.0},{"damage":55.0,"enemies":"Shield and Spear","floor":55.0,"turns":7.0},{"damage":22,"enemies":"The Heart","floor":56,"turns":9}],"seed_played":"-711124331113943004","potions_obtained":[{"floor":5.0,"key":"Block Potion"},{"floor":8.0,"key":"PowerPotion"},{"floor":12.0,"key":"SteroidPotion"},{"floor":21.0,"key":"PowerPotion"},{"floor":23.0,"key":"LiquidMemories"},{"floor":41.0,"key":"FairyPotion"},{"floor":45.0,"key":"Weak Potion"},{"floor":55.0,"key":"Weak Potion"}],"is_trial":false,"path_per_floor":["M","?","?","?","M","R","E","M","T","E","R","?","E","?","R","B",null,"M","?","T","M","M","E","?","R","T","R","E","?","M","E","R","B",null,"M","T","?","M","M","R","E","T","T","R","M","R","E","M","R","B","B",null,"R","$","E","B",null],"character_chosen":"WATCHER","items_purchased":[],"campfire_rested":3,"item_purchase_floors":[],"current_hp_per_floor":[54,34,34,34,34,52,45,45,45,43,43,30,31,31,31,33,55,57,57,57,37,37,18,18,36,36,36,38,38,37,19,19,21,52,54,54,56,58,48,48,50,50,50,50,52,52,54,56,56,58,7,48,62,62,7,5],"gold":22,"neow_bonus":"BOSS_RELIC","is_daily":false,"chose_seed":false,"campfire_upgraded":4,"win_rate":0.0,"timestamp":1612857610,"path_taken":["M","?","?","?","M","R","E","?","T","E","R","?","E","?","R","BOSS","M","?","?","M","?","E","?","R","T","R","E","?","M","E","R","BOSS","M","?","?","M","M","R","E","?","T","R","?","R","E","M","R","BOSS","BOSS","R","$","E","BOSS"],"items_purchased_type":[],"build_version":"2020-12-22","purchased_purges":0,"victory":true,"max_hp_per_floor":[68,68,62,62,62,62,62,62,62,62,62,62,62,62,62,62,62,62,62,62,62,62,62,62,62,62,62,62,62,62,62,62,62,62,62,62,62,62,62,62,62,62,62,62,62,62,62,62,62,62,62,62,62,62,62,62],"relic_stats":{"counters":[28,161],"Golden Idol":215,"Whetstone":["Eruption","Tantrum"],"Orichalcum":[0],"Question Card":4,"Blood Vial":46,"Centennial Puzzle":[12],"Lizard Tail":0,"Shuriken":[48],"Bronze Scales":[297],"Snecko Eye":[217,216,197,203],"Tiny Chest":2,"MealTicket":0,"Ectoplasm":1442,"obtain_stats":[{"Girya":28,"Golden Idol":3,"Damaru":4,"Vajra":41,"Whetstone":23,"Odd Mushroom":12,"Orichalcum":55,"Question Card":42,"Akabeko":13,"White Beast Statue":47,"Old Coin":7,"Blood Vial":9,"Centennial Puzzle":36,"Lizard Tail":37,"Shuriken":20,"Bronze Scales":31,"Snecko Eye":17,"Tiny Chest":10,"MealTicket":43,"Ectoplasm":0,"Fusion Hammer":34,"PureWater":0},{"Girya":13,"Golden Idol":1,"Damaru":1,"Vajra":21,"Whetstone":12,"Odd Mushroom":6,"Orichalcum":27,"Question Card":21,"Akabeko":7,"White Beast Statue":23,"Old Coin":3,"Blood Vial":4,"Centennial Puzzle":17,"Lizard Tail":18,"Shuriken":9,"Bronze Scales":15,"Snecko Eye":8,"Tiny Chest":5,"MealTicket":21,"Ectoplasm":0,"Fusion Hammer":16,"PureWater":0},{"Girya":72,"Golden Idol":4,"Damaru":4,"Vajra":108,"Whetstone":66,"Odd Mushroom":28,"Orichalcum":152,"Question Card":108,"Akabeko":34,"White Beast Statue":116,"Old Coin":18,"Blood Vial":20,"Centennial Puzzle":87,"Lizard Tail":90,"Shuriken":54,"Bronze Scales":80,"Snecko Eye":49,"Tiny Chest":23,"MealTicket":108,"Ectoplasm":0,"Fusion Hammer":85,"PureWater":0}]},"card_choices":[{"not_picked":["EmptyFist","Protect"],"picked":"LikeWater","floor":1.0},{"not_picked":["FollowUp","Consecrate"],"picked":"Wireheading","floor":5.0},{"not_picked":["EmptyFist","CrushJoints"],"picked":"Tantrum","floor":7.0},{"not_picked":["JustLucky","Consecrate","Prostrate"],"picked":"SKIP","floor":8.0},{"not_picked":["ThirdEye","WreathOfFlame"],"picked":"Weave","floor":10.0},{"not_picked":["Consecrate","JustLucky"],"picked":"Perseverance","floor":12.0},{"not_picked":["Halt","Evaluate"],"picked":"Scrawl","floor":13.0},{"not_picked":["Blasphemy","LessonLearned"],"picked":"Omniscience","floor":16.0},{"not_picked":["Study","CrushJoints"],"picked":"ThirdEye","floor":18.0},{"not_picked":["EmptyFist","WaveOfTheHand"],"picked":"TalkToTheHand+1","floor":21.0},{"not_picked":["EmptyBody","Worship"],"picked":"LikeWater","floor":22.0},{"not_picked":["Pray","WindmillStrike","EmptyFist"],"picked":"SKIP","floor":23.0},{"not_picked":["Evaluate","Adaptation"],"picked":"BattleHymn","floor":28.0},{"not_picked":["CrushJoints","Prostrate"],"picked":"Fasting2","floor":30.0},{"not_picked":["WreathOfFlame","BattleHymn"],"picked":"CutThroughFate","floor":31.0},{"not_picked":["Judgement","ConjureBlade"],"picked":"Omniscience","floor":33.0},{"not_picked":["Halt+1","EmptyBody+1"],"picked":"Collect","floor":35.0},{"not_picked":["SandsOfTime","Evaluate"],"picked":"LikeWater","floor":37.0},{"not_picked":["Evaluate","Collect"],"picked":"Protect+1","floor":38.0},{"not_picked":["SashWhip","Weave+1"],"picked":"EmptyMind","floor":39.0},{"not_picked":["FlurryOfBlows","Halt+1","Conclude"],"picked":"SKIP","floor":41.0},{"not_picked":["EmptyBody","Evaluate+1","FollowUp"],"picked":"TalkToTheHand+1","floor":45.0},{"not_picked":["PathToVictory","FollowUp+1","FlyingSleeves+1"],"picked":"TalkToTheHand","floor":47.0},{"not_picked":["FlurryOfBlows+1","ConjureBlade","Conclude"],"picked":"Adaptation","floor":48.0},{"not_picked":["EmptyBody","Vengeance+1","FlurryOfBlows+1"],"picked":"ThirdEye","floor":55.0}],"player_experience":2649581,"relics_obtained":[{"floor":7.0,"key":"Old Coin"},{"floor":9.0,"key":"Blood Vial"},{"floor":10.0,"key":"Tiny Chest"},{"floor":12.0,"key":"Odd Mushroom"},{"floor":13.0,"key":"Akabeko"},{"floor":20.0,"key":"Shuriken"},{"floor":23.0,"key":"Whetstone"},{"floor":28.0,"key":"Girya"},{"floor":31.0,"key":"Bronze Scales"},{"floor":36.0,"key":"Centennial Puzzle"},{"floor":37.0,"key":"Lizard Tail"},{"floor":41.0,"key":"Vajra"},{"floor":42.0,"key":"Question Card"},{"floor":43.0,"key":"MealTicket"},{"floor":47.0,"key":"White Beast Statue"},{"floor":55.0,"key":"Orichalcum"}],"event_choices":[{"damage_healed":0.0,"max_hp_gain":0.0,"max_hp_loss":0.0,"gold_gain":0.0,"event_name":"Shining Light","player_choice":"Entered Light","floor":2.0,"gold_loss":0.0,"damage_taken":20.0,"cards_upgraded":["Defend_P","Vigilance"]},{"damage_healed":0.0,"max_hp_gain":0.0,"max_hp_loss":6.0,"gold_gain":0.0,"event_name":"Golden Idol","player_choice":"Lose Max HP","floor":3.0,"gold_loss":0.0,"damage_taken":0.0,"relics_obtained":["Golden Idol"]},{"damage_healed":0.0,"max_hp_gain":0.0,"max_hp_loss":0.0,"gold_gain":0.0,"event_name":"WeMeetAgain","player_choice":"Paid Gold","floor":4.0,"gold_loss":57.0,"damage_taken":0.0,"relics_obtained":["Damaru"]},{"damage_healed":0.0,"max_hp_gain":0.0,"max_hp_loss":0.0,"gold_gain":0.0,"event_name":"Mushrooms","player_choice":"Fought Mushrooms","floor":12.0,"gold_loss":0.0,"damage_taken":0.0},{"damage_healed":0.0,"max_hp_gain":0.0,"max_hp_loss":0.0,"gold_gain":0.0,"event_name":"The Cleric","player_choice":"Leave","floor":14.0,"gold_loss":0.0,"damage_taken":0.0},{"damage_healed":0.0,"max_hp_gain":0.0,"max_hp_loss":0.0,"gold_gain":200.0,"event_name":"Wheel of Change","player_choice":"Gold","floor":19.0,"gold_loss":0.0,"damage_taken":0.0},{"damage_healed":0.0,"max_hp_gain":0.0,"max_hp_loss":0.0,"gold_gain":0.0,"event_name":"The Library","player_choice":"Read","floor":24.0,"gold_loss":0.0,"damage_taken":0.0,"cards_obtained":["Adaptation"]},{"damage_healed":0.0,"max_hp_gain":0.0,"max_hp_loss":0.0,"gold_gain":0.0,"cards_transformed":["Strike_P","Strike_P"],"event_name":"Drug Dealer","player_choice":"Became Test Subject","floor":29.0,"gold_loss":0.0,"damage_taken":0.0,"cards_obtained":["FlyingSleeves","Sanctity"]},{"damage_healed":0.0,"max_hp_gain":0.0,"max_hp_loss":0.0,"gold_gain":0.0,"event_name":"MindBloom","player_choice":"Fight","floor":37.0,"gold_loss":0.0,"damage_taken":0.0}],"is_beta":false,"boss_relics":[{"not_picked":["Empty Cage","Busted Crown"],"picked":"Snecko Eye"},{"not_picked":["Philosopher\u0027s Stone","Cursed Key"],"picked":"Fusion Hammer"}],"items_purged_floors":[],"is_endless":false,"potions_floor_spawned":[5,8,12,13,21,23,31,33,35,41,45,47,48,55],"ascension_level":20}}