{"host":"36t3qd3wjvajtu1z","time":1612829084,"event":{"mods":["2.2 Compatiblity","AchievementEnabler","BaseMod","Block Reminder","Colored Powertips","Minty Spire (QoL Compilation)","Permanent Neow","Quick Restart","Random Character Button","Rare Cards Sparkle","Relic Stats","Slay-I","StSLib"],"gold_per_floor":[12,12,28,44,54,86,86,86,86],"floor_reached":8,"language":"ENG","playtime":523,"items_purged":[],"score":113,"play_id":"12445f08-a99b-4718-bf23-f2a4eda8368c","local_time":"20210208160444","is_ascension_mode":true,"campfire_choices":[{"floor":7.0,"key":"REST"}],"circlet_count":0,"master_deck":["AscendersBane","Strike_G","Strike_G+1","Strike_G","Strike_G","Strike_G","Defend_G","Defend_G","Defend_G","Defend_G","Defend_G","Survivor","Neutralize","Mayhem","Sucker Punch+1","Flying Knee","Slice","Masterful Stab"],"relics":["Ring of the Snake","Whetstone"],"acts_visited":["Exordium"],"potions_floor_usage":[8],"damage_taken":[{"damage":1.0,"enemies":"Cultist","floor":1.0,"turns":5.0},{"damage":6.0,"enemies":"2 Louse","floor":3.0,"turns":4.0},{"damage":11.0,"enemies":"Small Slimes","floor":4.0,"turns":4.0},{"damage":8.0,"enemies":"Blue Slaver","floor":5.0,"turns":4.0},{"damage":55.0,"enemies":"3 Sentries","floor":6.0,"turns":13.0},{"damage":16,"enemies":"Lagavulin","floor":8,"turns":7}],"seed_played":"7842070025037887523","potions_obtained":[{"floor":5.0,"key":"FairyPotion"},{"floor":6.0,"key":"SkillPotion"}],"is_trial":false,"path_per_floor":["M","$","M","M","M","E","R","E"],"character_chosen":"THE_SILENT","items_purchased":[],"campfire_rested":1,"item_purchase_floors":[],"current_hp_per_floor":[58,58,52,41,33,4,23,7,7],"gold":86,"neow_bonus":"RANDOM_COLORLESS_2","is_daily":false,"chose_seed":false,"campfire_upgraded":0,"win_rate":0.0,"timestamp":1612829084,"path_taken":["M","?","M","M","M","E","R","E"],"items_purchased_type":[],"build_version":"2020-12-22","purchased_purges":0,"victory":false,"max_hp_per_floor":[66,66,66,66,66,66,66,66,66],"relic_stats":{"counters":[6,37],"Whetstone":["Sucker Punch","Strike_G"],"obtain_stats":[{"Whetstone":6,"Ring of the Snake":0},{"Whetstone":5,"Ring of the Snake":0},{"Whetstone":30,"Ring of the Snake":0}],"Ring of the Snake":[12]},"card_choices":[{"not_picked":["Metamorphosis","Secret Technique"],"picked":"Mayhem","floor":0.0},{"not_picked":["Dodge and Roll","Dagger Throw"],"picked":"Sucker Punch","floor":1.0},{"not_picked":["Noxious Fumes","Bane"],"picked":"Flying Knee","floor":3.0},{"not_picked":["Outmaneuver","Backflip"],"picked":"Slice","floor":4.0},{"not_picked":["Flechettes","Tactician","Bane"],"picked":"SKIP","floor":5.0},{"not_picked":["Concentrate","Grand Finale"],"picked":"Masterful Stab","floor":6.0}],"player_experience":445055,"relics_obtained":[{"floor":6.0,"key":"Whetstone"}],"event_choices":[],"is_beta":false,"boss_relics":[],"items_purged_floors":[],"is_endless":false,"potions_floor_spawned":[5,6],"killed_by":"Lagavulin","ascension_level":19}}