{"host":"kda2p2afd6bvz6qo","time":1612906962,"event":{"mods":["BaseMod","Colored Map","Minty Spire (QoL Compilation)","Relic Stats"],"gold_per_floor":[115,132,151,151,216,216,236,14,39,89,101,151,151,163,163,163,163],"floor_reached":16,"language":"ENG","playtime":429,"items_purged":[],"score":118,"play_id":"12ab8779-2fa1-48aa-afcb-d3a9aa987881","local_time":"20210209214242","is_ascension_mode":true,"campfire_choices":[{"data":"Reinforced Body","floor":6,"key":"SMITH"},{"floor":13,"key":"REST"},{"floor":15,"key":"RECALL"}],"circlet_count":0,"master_deck":["Strike_B","Strike_B+1","Strike_B","Strike_B","Defend_B","Defend_B","Defend_B+1","Zap","Dualcast","Reinforced Body+1","Echo Form","Conserve Battery","Scrape","Hologram"],"relics":["Busted Crown","SsserpentHead","Orrery","MealTicket"],"acts_visited":["Exordium"],"potions_floor_usage":[11],"damage_taken":[{"damage":7,"enemies":"Jaw Worm","floor":1,"turns":3},{"damage":1,"enemies":"Cultist","floor":2,"turns":3},{"damage":0,"enemies":"2 Louse","floor":3,"turns":2},{"damage":16,"enemies":"2 Fungi Beasts","floor":5,"turns":3},{"damage":20,"enemies":"Lots of Slimes","floor":7,"turns":6},{"damage":10,"enemies":"Large Slime","floor":11,"turns":4},{"damage":4,"enemies":"Looter","floor":14,"turns":3},{"damage":36,"enemies":"The Guardian","floor":16,"turns":2}],"seed_played":"4205637968030439409","potions_obtained":[{"floor":1,"key":"Dexterity Potion"},{"floor":7,"key":"Fire Potion"}],"is_trial":false,"path_per_floor":["M","M","M","?","M","R","M","$","T","?","M","?","R","M","R","B"],"character_chosen":"DEFECT","items_purchased":["Orrery","Scrape"],"campfire_rested":1,"item_purchase_floors":[8,8],"current_hp_per_floor":[68,67,67,67,51,51,31,31,31,16,6,6,28,24,24,0,0],"gold":163,"neow_bonus":"BOSS_RELIC","is_daily":false,"chose_seed":false,"campfire_upgraded":1,"win_rate":0.0,"timestamp":1612906962,"path_taken":["M","M","M","?","?","R","M","$","T","?","M","?","R","M","R","BOSS"],"items_purchased_type":["Relic","Card"],"build_version":"2020-12-22","purchased_purges":0,"victory":false,"max_hp_per_floor":[75,75,75,75,75,75,75,75,75,75,75,75,75,75,75,75,75],"relic_stats":{"SsserpentHead":150,"Busted Crown":24,"counters":[8,26],"MealTicket":0,"obtain_stats":[{"SsserpentHead":4,"Busted Crown":0,"Orrery":8,"MealTicket":9,"Cracked Core":0},{"SsserpentHead":3,"Busted Crown":0,"Orrery":5,"MealTicket":5,"Cracked Core":0},{"SsserpentHead":8,"Busted Crown":0,"Orrery":17,"MealTicket":17,"Cracked Core":0}]},"card_choices":[{"not_picked":["Glacier"],"picked":"SKIP","floor":1},{"not_picked":["Coolheaded"],"picked":"SKIP","floor":2},{"not_picked":[],"picked":"Reinforced Body","floor":3},{"not_picked":["Redo"],"picked":"SKIP","floor":5},{"not_picked":["Force Field"],"picked":"SKIP","floor":7},{"not_picked":[],"picked":"Echo Form","floor":8},{"not_picked":[],"picked":"Conserve Battery","floor":8},{"not_picked":[],"picked":"Hologram","floor":11},{"not_picked":["Storm"],"picked":"SKIP","floor":14}],"player_experience":236404,"relics_obtained":[{"floor":9,"key":"MealTicket"}],"event_choices":[{"damage_healed":0,"gold_gain":0,"player_choice":"Trade","damage_taken":0,"relics_obtained":["SsserpentHead"],"max_hp_gain":0,"max_hp_loss":0,"event_name":"FaceTrader","floor":4,"gold_loss":0},{"damage_healed":0,"gold_gain":0,"player_choice":"Entered Light","damage_taken":15,"max_hp_gain":0,"max_hp_loss":0,"event_name":"Shining Light","floor":10,"gold_loss":0,"cards_upgraded":["Strike_B","Defend_B"]},{"cards_removed":["Defend_B"],"damage_healed":0,"gold_gain":0,"player_choice":"Offered Basic","damage_taken":0,"max_hp_gain":0,"max_hp_loss":0,"event_name":"Bonfire Elementals","floor":12,"gold_loss":0}],"is_beta":false,"boss_relics":[],"items_purged_floors":[],"is_endless":false,"potions_floor_spawned":[1,7],"killed_by":"The Guardian","ascension_level":5}}