{"host":"0o4jkshs65tojivq","time":1612844808,"event":{"mods":["AchievementEnabler","BaseMod","Minty Spire (QoL Compilation)","Quick Restart","Relic Stats","Slay the Relics Exporter","StSLib"],"gold_per_floor":[119,194,42,58,77,77,103,103,103,103,161,173,185,185,185,185,185],"floor_reached":16,"language":"ENG","playtime":623,"items_purged":["Defend_B"],"score":195,"play_id":"5d0aff93-2512-4737-b852-b5cf13ad332e","local_time":"20210208202648","is_ascension_mode":true,"campfire_choices":[{"data":"Barrage","floor":6,"key":"SMITH"},{"data":"Loop","floor":10,"key":"SMITH"},{"floor":15,"key":"REST"}],"circlet_count":0,"master_deck":["AscendersBane","Strike_B","Strike_B","Strike_B","Strike_B","Defend_B","Defend_B","Defend_B","Zap","Dualcast","Beam Cell","Loop+1","Barrage+1","Steam","Machine Learning+1","Steam","Barrage"],"relics":["Cracked Core","NeowsBlessing","Frozen Egg 2","Pantograph","Letter Opener","GremlinMask"],"acts_visited":["Exordium"],"potions_floor_usage":[11,13,16,16],"damage_taken":[{"damage":0,"enemies":"2 Louse","floor":1,"turns":1},{"damage":0,"enemies":"Cultist","floor":4,"turns":1},{"damage":0,"enemies":"Small Slimes","floor":5,"turns":1},{"damage":29,"enemies":"Lagavulin","floor":7,"turns":6},{"damage":28,"enemies":"Lagavulin Event","floor":11,"turns":5},{"damage":11,"enemies":"Looter","floor":12,"turns":2},{"damage":3,"enemies":"Blue Slaver","floor":13,"turns":3},{"damage":52,"enemies":"Hexaghost","floor":16,"turns":8}],"seed_played":"3407354936238076422","potions_obtained":[{"floor":5,"key":"PotionOfCapacity"},{"floor":7,"key":"BlessingOfTheForge"},{"floor":11,"key":"LiquidMemories"},{"floor":12,"key":"Fire Potion"},{"floor":13,"key":"PowerPotion"}],"is_trial":false,"path_per_floor":["M","?","$","M","M","R","E","?","T","R","?","M","M","?","R","B"],"character_chosen":"DEFECT","items_purchased":["Loop"],"campfire_rested":1,"item_purchase_floors":[3],"current_hp_per_floor":[64,53,53,53,53,53,24,47,47,47,19,8,5,5,26,0,0],"gold":185,"neow_bonus":"THREE_ENEMY_KILL","is_daily":false,"chose_seed":false,"campfire_upgraded":2,"win_rate":0.0,"timestamp":1612844808,"path_taken":["M","?","$","M","M","R","E","?","T","R","?","M","M","?","R","BOSS"],"items_purchased_type":["Card"],"build_version":"2020-12-22","purchased_purges":1,"victory":false,"max_hp_per_floor":[71,71,71,71,71,71,71,71,71,71,71,71,71,71,71,71,71],"relic_stats":{"counters":[8,27],"Pantograph":25,"Letter Opener":[15],"obtain_stats":[{"NeowsBlessing":0,"Pantograph":9,"GremlinMask":14,"Letter Opener":11,"Frozen Egg 2":7,"Cracked Core":0},{"NeowsBlessing":0,"Pantograph":4,"GremlinMask":7,"Letter Opener":5,"Frozen Egg 2":4,"Cracked Core":0},{"NeowsBlessing":0,"Pantograph":9,"GremlinMask":19,"Letter Opener":14,"Frozen Egg 2":9,"Cracked Core":0}]},"card_choices":[{"not_picked":["Turbo","Steam"],"picked":"Beam Cell","floor":1},{"not_picked":["Leap","Double Energy"],"picked":"Barrage","floor":4},{"not_picked":["Stack","Coolheaded"],"picked":"Steam","floor":5},{"not_picked":["Storm+1","Chill"],"picked":"Machine Learning+1","floor":7},{"not_picked":["Recycle","Chaos"],"picked":"Steam","floor":12},{"not_picked":["Hologram","Blizzard"],"picked":"Barrage","floor":13}],"player_experience":1087839,"relics_obtained":[{"floor":7,"key":"Frozen Egg 2"},{"floor":9,"key":"Pantograph"},{"floor":11,"key":"Letter Opener"}],"event_choices":[{"damage_healed":0,"gold_gain":75,"player_choice":"Gather Gold","damage_taken":11,"max_hp_gain":0,"max_hp_loss":0,"event_name":"World of Goop","floor":2,"gold_loss":0},{"damage_healed":23,"gold_gain":0,"player_choice":"Banana","damage_taken":0,"max_hp_gain":0,"max_hp_loss":0,"event_name":"Big Fish","floor":8,"gold_loss":0},{"damage_healed":0,"gold_gain":0,"player_choice":"Searched \u00271\u0027 times","damage_taken":0,"max_hp_gain":0,"max_hp_loss":0,"event_name":"Dead Adventurer","floor":11,"gold_loss":0},{"damage_healed":0,"gold_gain":0,"player_choice":"Trade","damage_taken":0,"relics_obtained":["GremlinMask"],"max_hp_gain":0,"max_hp_loss":0,"event_name":"FaceTrader","floor":14,"gold_loss":0}],"is_beta":false,"boss_relics":[],"items_purged_floors":[3],"is_endless":false,"potions_floor_spawned":[5,7,11,12,13],"killed_by":"Hexaghost","ascension_level":19}}