{"host":"7sni158j623xchr2","time":1612897040,"event":{"mods":["BaseMod","Colored Map","Highlight Path","Minty Spire (QoL Compilation)","Permanent Neow","Potion Indicator Mod","Rare Cards Sparkle","Relic Sorter","Relic Stats","StSLib","everything is the same but u backflip on backflip"],"gold_per_floor":[116,116,126,126,136,163,163,189,189,216,216,216,216,240,240,371,371,390,404,422,422,269,269,313,313,313,313,344,367,402,402,402,527,527,547,561,19,352,402,402,427,427,453,469,40,57,57,34,34,34,34,34,7,32,32],"floor_reached":56,"language":"ENG","playtime":1568,"items_purged":["Strike_B","Strike_B","Normality"],"score":1451,"play_id":"044cae24-9ace-47ef-bc89-c5ca10786099","local_time":"20210209125720","is_ascension_mode":true,"campfire_choices":[{"data":"Sunder","floor":7,"key":"SMITH"},{"data":"Dualcast","floor":11,"key":"SMITH"},{"data":"Cold Snap","floor":15,"key":"SMITH"},{"data":"Storm","floor":23,"key":"SMITH"},{"data":"Biased Cognition","floor":25,"key":"SMITH"},{"data":"Ball Lightning","floor":27,"key":"SMITH"},{"data":"Defragment","floor":32,"key":"SMITH"},{"floor":40,"key":"RECALL"},{"data":"Biased Cognition","floor":42,"key":"SMITH"},{"data":"Defend_B","floor":47,"key":"SMITH"},{"data":"Defend_B","floor":49,"key":"SMITH"},{"data":"Defend_B","floor":52,"key":"SMITH"}],"circlet_count":0,"master_deck":["Strike_B","Defend_B","Defend_B+1","Defend_B+1","Defend_B+1","Zap+1","Dualcast+1","Ball Lightning+1","Cold Snap+1","Storm+1","Sunder+1","Ball Lightning+1","Force Field+1","Steam+1","Biased Cognition+1","Skim+1","Force Field+1","Chill+1","Defragment+1","Biased Cognition+1","White Noise+1","Tempest+1","Capacitor+1","White Noise+1","Fission+1","Coolheaded+1","Coolheaded+1","Coolheaded+1"],"relics":["Coffee Dripper","Happy Flower","HornCleat","Bronze Scales","Toxic Egg 2","Nuclear Battery","Regal Pillow","Lantern","Mango","Cables","Unceasing Top","Cursed Key","OrangePellets","FossilizedHelix","Incense Burner","Nunchaku","Membership Card","Centennial Puzzle","White Beast Statue","Anchor"],"acts_visited":["Exordium","TheCity","TheBeyond","TheEnding"],"potions_floor_usage":[19,20,24,28,55,55],"damage_taken":[{"damage":0,"enemies":"Cultist","floor":1,"turns":4},{"damage":9,"enemies":"2 Louse","floor":3,"turns":2},{"damage":0,"enemies":"Small Slimes","floor":5,"turns":2},{"damage":22,"enemies":"3 Sentries","floor":6,"turns":7},{"damage":6,"enemies":"Lagavulin","floor":8,"turns":4},{"damage":6,"enemies":"3 Sentries","floor":10,"turns":4},{"damage":6,"enemies":"Looter","floor":14,"turns":2},{"damage":20,"enemies":"Slime Boss","floor":16,"turns":7},{"damage":7,"enemies":"Shell Parasite","floor":18,"turns":4},{"damage":2,"enemies":"Chosen","floor":19,"turns":4},{"damage":6,"enemies":"3 Cultists","floor":20,"turns":4},{"damage":15,"enemies":"Gremlin Leader","floor":24,"turns":7},{"damage":5,"enemies":"Book of Stabbing","floor":28,"turns":4},{"damage":0,"enemies":"Shelled Parasite and Fungi","floor":29,"turns":3},{"damage":1,"enemies":"Gremlin Leader","floor":30,"turns":6},{"damage":25,"enemies":"Champ","floor":33,"turns":10},{"damage":0,"enemies":"3 Shapes","floor":35,"turns":4},{"damage":0,"enemies":"3 Darklings","floor":36,"turns":3},{"damage":0,"enemies":"Mind Bloom Boss Battle","floor":39,"turns":5},{"damage":0,"enemies":"Nemesis","floor":41,"turns":3},{"damage":0,"enemies":"Jaw Worm Horde","floor":44,"turns":3},{"damage":0,"enemies":"Transient","floor":46,"turns":5},{"damage":0,"enemies":"Time Eater","floor":50,"turns":5},{"damage":0,"enemies":"Shield and Spear","floor":54,"turns":4},{"damage":5,"enemies":"The Heart","floor":55,"turns":7}],"seed_played":"8507121263217928167","potions_obtained":[{"floor":5,"key":"DuplicationPotion"},{"floor":8,"key":"Weak Potion"},{"floor":10,"key":"GamblersBrew"},{"floor":19,"key":"Weak Potion"},{"floor":28,"key":"PowerPotion"},{"floor":30,"key":"Strength Potion"},{"floor":46,"key":"GamblersBrew"}],"is_trial":false,"path_per_floor":["M","?","M","?","M","E","R","E","T","E","R","?","?","M","R","B",null,"M","M","M","?","$","R","E","R","T","R","E","M","E","?","R","B",null,"M","M","$","?","?","R","E","R","T","M","$","M","R","$","R","B",null,"R","$","E","B",null],"character_chosen":"DEFECT","items_purchased":["LiquidMemories","OrangePellets","FossilizedHelix","Membership Card","Centennial Puzzle","White Beast Statue","Fire Potion","Coolheaded+1","Coolheaded+1"],"campfire_rested":0,"item_purchase_floors":[22,37,37,45,45,45,45,48,53],"current_hp_per_floor":[75,75,66,66,66,44,44,38,38,32,32,32,32,26,26,6,69,62,60,54,54,54,54,39,39,39,39,48,48,47,47,47,22,83,83,83,83,83,83,83,83,83,83,83,83,83,83,83,83,83,83,83,83,83,78],"gold":32,"neow_bonus":"BOSS_RELIC","is_daily":false,"chose_seed":false,"campfire_upgraded":11,"win_rate":0.0,"timestamp":1612897040,"path_taken":["M","?","M","?","?","E","R","E","T","E","R","?","?","M","R","BOSS","M","?","M","?","$","R","E","R","T","R","E","?","E","?","R","BOSS","M","M","$","?","?","R","E","R","T","M","$","M","R","?","R","BOSS","R","$","E","BOSS"],"items_purchased_type":["Potion","Relic","Relic","Relic","Relic","Relic","Potion","Card","Card"],"build_version":"2020-12-22","purchased_purges":3,"victory":true,"max_hp_per_floor":[75,75,75,75,75,75,75,75,75,75,75,69,69,69,69,69,69,69,69,69,69,69,69,69,69,69,69,83,83,83,83,83,83,83,83,83,83,83,83,83,83,83,83,83,83,83,83,83,83,83,83,83,83,83,83],"relic_stats":{"OrangePellets":[14],"Regal Pillow":0,"Nunchaku":[2],"Centennial Puzzle":[3],"Happy Flower":[32],"counters":[25,113],"Bronze Scales":[288],"Cursed Key":1,"obtain_stats":[{"Regal Pillow":24,"Lantern":26,"Happy Flower":6,"Golden Idol":12,"Mango":28,"Incense Burner":39,"Cursed Key":34,"White Beast Statue":45,"Nuclear Battery":17,"Cables":30,"OrangePellets":37,"Nunchaku":41,"Centennial Puzzle":45,"Anchor":54,"HornCleat":8,"Bronze Scales":9,"Coffee Dripper":0,"Membership Card":45,"Toxic Egg 2":10,"Cracked Core":0,"Unceasing Top":31,"FossilizedHelix":37},{"Regal Pillow":12,"Lantern":12,"Happy Flower":4,"Golden Idol":6,"Mango":13,"Incense Burner":19,"Cursed Key":16,"White Beast Statue":21,"Nuclear Battery":8,"Cables":15,"OrangePellets":18,"Nunchaku":20,"Centennial Puzzle":21,"Anchor":24,"HornCleat":5,"Bronze Scales":5,"Coffee Dripper":0,"Membership Card":21,"Toxic Egg 2":6,"Cracked Core":0,"Unceasing Top":15,"FossilizedHelix":18},{"Regal Pillow":51,"Lantern":51,"Happy Flower":15,"Golden Idol":23,"Mango":55,"Incense Burner":86,"Cursed Key":74,"White Beast Statue":92,"Nuclear Battery":32,"Cables":64,"OrangePellets":81,"Nunchaku":89,"Centennial Puzzle":92,"Anchor":106,"HornCleat":19,"Bronze Scales":19,"Coffee Dripper":0,"Membership Card":92,"Toxic Egg 2":23,"Cracked Core":0,"Unceasing Top":64,"FossilizedHelix":81}],"Unceasing Top":[20],"Cables":[52,27,13,0,12]},"card_choices":[{"not_picked":["Storm","Redo"],"picked":"Ball Lightning","floor":1},{"not_picked":["Ball Lightning","Hologram"],"picked":"Cold Snap","floor":3},{"not_picked":["Steam Power","Hologram","Stack"],"picked":"SKIP","floor":5},{"not_picked":["Beam Cell","Stack"],"picked":"Sunder","floor":6},{"not_picked":["Machine Learning","Conserve Battery"],"picked":"Ball Lightning","floor":8},{"not_picked":["Auto Shields+1","Barrage"],"picked":"Force Field+1","floor":10},{"not_picked":["Stack+1","Steam Power+1"],"picked":"Steam+1","floor":14},{"not_picked":["Echo Form","All For One"],"picked":"Biased Cognition","floor":16},{"not_picked":["Tempest+1","Steam+1"],"picked":"Skim+1","floor":18},{"not_picked":["Gash","Turbo+1","Ball Lightning"],"picked":"SKIP","floor":19},{"not_picked":["Sweeping Beam","All For One"],"picked":"Force Field+1","floor":20},{"not_picked":["Barrage","Steam Power+1","Static Discharge"],"picked":"SKIP","floor":24},{"not_picked":["Turbo+1","Barrage+1"],"picked":"Chill+1","floor":28},{"not_picked":["Rip and Tear","Leap+1","Redo+1"],"picked":"SKIP","floor":29},{"not_picked":["Streamline","Barrage"],"picked":"Defragment","floor":30},{"not_picked":["Multi-Cast+1","Buffer"],"picked":"Biased Cognition","floor":33},{"not_picked":["Hologram+1","Darkness+1","Recycle+1"],"picked":"SKIP","floor":35},{"not_picked":["Static Discharge+1","Sweeping Beam+1"],"picked":"White Noise+1","floor":36},{"not_picked":["Beam Cell+1","Redo+1"],"picked":"Tempest+1","floor":39},{"not_picked":["Stack+1","Fusion+1"],"picked":"Capacitor+1","floor":41},{"not_picked":["Streamline+1","Barrage+1"],"picked":"White Noise+1","floor":44},{"not_picked":["Chaos+1","Hologram+1"],"picked":"Fission+1","floor":46},{"not_picked":["Gash","Static Discharge+1"],"picked":"Coolheaded+1","floor":54}],"player_experience":1767401,"relics_obtained":[{"floor":6,"key":"Happy Flower"},{"floor":8,"key":"HornCleat"},{"floor":9,"key":"Bronze Scales"},{"floor":10,"key":"Toxic Egg 2"},{"floor":24,"key":"Regal Pillow"},{"floor":26,"key":"Lantern"},{"floor":28,"key":"Mango"},{"floor":30,"key":"Cables"},{"floor":39,"key":"Incense Burner"},{"floor":41,"key":"Nunchaku"},{"floor":54,"key":"Anchor"}],"event_choices":[{"damage_healed":0,"gold_gain":0,"player_choice":"Grow","damage_taken":0,"max_hp_gain":0,"max_hp_loss":0,"event_name":"Living Wall","floor":2,"gold_loss":0,"cards_upgraded":["Zap"]},{"damage_healed":0,"gold_gain":0,"cards_transformed":["Strike_B"],"player_choice":"Transformed","damage_taken":0,"max_hp_gain":0,"max_hp_loss":0,"event_name":"Transmorgrifier","floor":4,"gold_loss":0,"cards_obtained":["Storm"]},{"damage_healed":0,"gold_gain":0,"player_choice":"Lose Max HP","damage_taken":0,"relics_obtained":["Golden Idol"],"max_hp_gain":0,"max_hp_loss":6,"event_name":"Golden Idol","floor":12,"gold_loss":0},{"damage_healed":0,"gold_gain":0,"player_choice":"Forge","damage_taken":0,"max_hp_gain":0,"max_hp_loss":0,"event_name":"Accursed Blacksmith","floor":13,"gold_loss":0,"cards_upgraded":["Ball Lightning"]},{"damage_healed":0,"gold_gain":0,"player_choice":"Ignored","damage_taken":0,"max_hp_gain":0,"max_hp_loss":0,"event_name":"N\u0027loth","floor":21,"gold_loss":0},{"damage_healed":0,"gold_gain":0,"player_choice":"Opened","damage_taken":0,"relics_obtained":["Unceasing Top"],"max_hp_gain":0,"max_hp_loss":0,"event_name":"The Mausoleum","floor":31,"gold_loss":0},{"damage_healed":0,"gold_gain":333,"player_choice":"Gave Idol","damage_taken":0,"max_hp_gain":0,"max_hp_loss":0,"event_name":"The Moai Head","floor":38,"relics_lost":["Golden Idol"],"gold_loss":0},{"damage_healed":0,"gold_gain":0,"player_choice":"Fight","damage_taken":0,"max_hp_gain":0,"max_hp_loss":0,"event_name":"MindBloom","floor":39,"gold_loss":0}],"is_beta":false,"boss_relics":[{"not_picked":["Tiny House","Astrolabe"],"picked":"Nuclear Battery"},{"not_picked":["Runic Dome","Inserter"],"picked":"Cursed Key"}],"items_purged_floors":[22,37,45],"is_endless":false,"potions_floor_spawned":[5,8,10,19,28,30,35,41,44,46,54],"ascension_level":2}}