{"host":"tpad8qsc9e0g0pa5","time":1612867554,"event":{"mods":["BaseMod","Minty Spire (QoL Compilation)","Quick Restart","StSLib","The Bug Knight"],"gold_per_floor":[109,60,10,10,30,30,30,56,109,125,140,152,172,172,172,275,275,287,287,298,298,298,298],"floor_reached":22,"language":"ZHS","playtime":2220,"items_purged":[],"score":242,"play_id":"1a5e23ec-300b-4f3a-9d84-acee22fd6d06","local_time":"20210209184554","is_ascension_mode":true,"campfire_choices":[{"data":"HollowMod:NewGlowingWomb","floor":6.0,"key":"SMITH"},{"floor":15,"key":"REST"}],"circlet_count":0,"master_deck":["HollowMod:NailStrikeStart","HollowMod:NailStrikeStart","HollowMod:NailStrikeStart+1","HollowMod:QuickDashStart","HollowMod:QuickDashStart","HollowMod:QuickDashStart","HollowMod:QuickDashStart","HollowMod:FocusHealStart","HollowMod:PogoStrike","HollowMod:TaintedHusks","HollowMod:NewLittleFool+1","HollowMod:NewGlowingWomb+1","HollowMod:MawleksShell","HollowMod:TaintedHusks","HollowMod:LifebloodCore","HollowMod:NewJinnsSoul"],"relics":["HollowMod:VesselMask","NeowsBlessing","WarpedTongs","Whetstone","Centennial Puzzle","Black Star","Happy Flower","Spirit Poop"],"acts_visited":["Exordium","TheCity"],"potions_floor_usage":[12,16],"damage_taken":[{"damage":0.0,"enemies":"Small Slimes","floor":1.0,"turns":1.0},{"damage":0.0,"enemies":"Jaw Worm","floor":5.0,"turns":1.0},{"damage":0.0,"enemies":"Lagavulin","floor":8.0,"turns":1.0},{"damage":1.0,"enemies":"Cultist","floor":10.0,"turns":3.0},{"damage":13.0,"enemies":"Lots of Slimes","floor":11.0,"turns":5.0},{"damage":17,"enemies":"3 Louse","floor":12,"turns":6},{"damage":36,"enemies":"Large Slime","floor":13,"turns":6},{"damage":61,"enemies":"Hexaghost","floor":16,"turns":10},{"damage":37,"enemies":"Shell Parasite","floor":18,"turns":9},{"damage":24,"enemies":"HollowMod:HuskSentry","floor":20,"turns":6},{"damage":23,"enemies":"Cultist and Chosen","floor":22,"turns":6}],"seed_played":"5178739610278802692","potions_obtained":[{"floor":5.0,"key":"FearPotion"},{"floor":11.0,"key":"EssenceOfSteel"},{"floor":13,"key":"Explosive Potion"},{"floor":18,"key":"Dexterity Potion"}],"is_trial":false,"path_per_floor":["M","$","?","?","M","R","?","E","T","M","M","M","M","?","R","B",null,"M","?","M","?","M"],"character_chosen":"THE_BUGKNIGHT","items_purchased":["HollowMod:NewLittleFool"],"campfire_rested":1,"item_purchase_floors":[2],"current_hp_per_floor":[75,75,75,75,75,75,75,75,75,74,71,60,30,30,52,3,75,44,44,26,26,9,9],"gold":298,"neow_bonus":"THREE_ENEMY_KILL","is_daily":false,"chose_seed":false,"campfire_upgraded":1,"win_rate":0.0,"timestamp":1612867554,"path_taken":["M","$","?","?","M","R","?","E","T","?","M","?","M","?","R","BOSS","M","?","M","?","?"],"items_purchased_type":["Card"],"build_version":"2020-12-22","purchased_purges":0,"victory":false,"max_hp_per_floor":[75,75,75,75,75,75,75,75,75,75,75,75,75,75,75,75,75,75,75,75,75,75,75],"card_choices":[{"not_picked":["HollowMod:HeavyBlow","HollowMod:FallenFury"],"picked":"HollowMod:TaintedHusks","floor":1.0},{"not_picked":["HollowMod:CycloneSlash","HollowMod:SoulStrike"],"picked":"HollowMod:NewGlowingWomb","floor":5.0},{"not_picked":["HollowMod:DashSlash","HollowMod:AbyssShriek","HollowMod:SoulSplash"],"picked":"SKIP","floor":8.0},{"not_picked":["HollowMod:SharpenedNail","HollowMod:DungDefenderAura"],"picked":"HollowMod:MawleksShell","floor":10.0},{"not_picked":["HollowMod:LordofShades","HollowMod:ShadowDash"],"picked":"HollowMod:TaintedHusks","floor":11.0},{"not_picked":["HollowMod:ChannelNail","HollowMod:MawleksShell","HollowMod:GoodIntentions"],"picked":"SKIP","floor":12},{"not_picked":["HollowMod:ShadowDash","HollowMod:HowlingWraiths","HollowMod:WraithStrike"],"picked":"SKIP","floor":13},{"not_picked":["HollowMod:ElderbugsWisdom","HollowMod:ZotesMagnificence"],"picked":"HollowMod:LifebloodCore","floor":16},{"not_picked":["HollowMod:SiblingsShadow+1","HollowMod:HeavyBlow","HollowMod:MonarchWings"],"picked":"SKIP","floor":18},{"not_picked":["HollowMod:ChannelNail","HollowMod:TaintedHusks+1"],"picked":"HollowMod:NewJinnsSoul","floor":20}],"player_experience":313778,"relics_obtained":[{"floor":8.0,"key":"Whetstone"},{"floor":9.0,"key":"Centennial Puzzle"}],"event_choices":[{"cards_removed":["HollowMod:NailStrikeStart"],"damage_healed":0.0,"max_hp_gain":0.0,"max_hp_loss":0.0,"gold_gain":0.0,"event_name":"The Cleric","player_choice":"Card Removal","floor":3.0,"gold_loss":50.0,"damage_taken":0.0},{"damage_healed":0.0,"max_hp_gain":0.0,"max_hp_loss":0.0,"gold_gain":0.0,"event_name":"Accursed Blacksmith","player_choice":"Rummage","floor":7.0,"gold_loss":0.0,"damage_taken":0.0,"relics_obtained":["WarpedTongs"],"cards_obtained":["Pain"]},{"damage_healed":0,"gold_gain":0,"player_choice":"Ignored","damage_taken":0,"max_hp_gain":0,"max_hp_loss":0,"event_name":"Liars Game","floor":14,"gold_loss":0},{"damage_healed":0,"gold_gain":0,"player_choice":"Opened","damage_taken":0,"relics_obtained":["Happy Flower"],"max_hp_gain":0,"max_hp_loss":0,"event_name":"The Mausoleum","floor":19,"gold_loss":0},{"cards_removed":["Pain"],"damage_healed":0,"gold_gain":0,"player_choice":"Offered Curse","damage_taken":0,"relics_obtained":["Spirit Poop"],"max_hp_gain":0,"max_hp_loss":0,"event_name":"Bonfire Elementals","floor":21,"gold_loss":0}],"is_beta":false,"boss_relics":[{"not_picked":["Pandora\u0027s Box","Fusion Hammer"],"picked":"Black Star"}],"items_purged_floors":[],"is_endless":false,"potions_floor_spawned":[5,11,13,18],"killed_by":"Cultist and Chosen","ascension_level":3}}