{"host":"hmqgkh1yopklu0aj","time":1612890472,"event":{"mods":["BaseMod","Block Reminder","Colored Map","Minty Spire (QoL Compilation)"],"gold_per_floor":[117,26,38,50,65,65,91,91,91,91,102,118,118,136,136,231,231,242,36,47,64,64,64,64,64,64,64,84,84,102,112,112,208,208,226,243,243,1242,675,675,686,717,717,735,753,767,786,786,786,786],"floor_reached":51,"language":"ENG","playtime":3801,"items_purged":["Normality"],"score":700,"play_id":"1c67d950-41bb-49a0-bd49-c4ebc3790964","local_time":"20210209180752","is_ascension_mode":false,"campfire_choices":[{"data":"Unload","floor":6,"key":"SMITH"},{"data":"Underhanded Strike","floor":8,"key":"SMITH"},{"data":"Forethought","floor":10,"key":"SMITH"},{"floor":15,"key":"REST"},{"floor":23,"key":"REST"},{"data":"Corpse Explosion","floor":25,"key":"SMITH"},{"data":"Skewer","floor":27,"key":"SMITH"},{"data":"Blade Dance","floor":29,"key":"SMITH"},{"floor":32,"key":"REST"},{"data":"After Image","floor":40,"key":"SMITH"},{"floor":49,"key":"REST"}],"circlet_count":0,"master_deck":["Strike_G+1","Strike_G+1","Strike_G+1","Strike_G+1","Strike_G+1","Defend_G+1","Defend_G+1","Defend_G+1","Defend_G+1","Defend_G+1","Survivor","Neutralize","Unload+1","Dagger Throw","Forethought+1","Underhanded Strike+1","Outmaneuver","Deflect","Corpse Explosion+1","Sucker Punch","Skewer+1","Flying Knee","Dagger Spray","Flying Knee","Bouncing Flask+1","Blade Dance+1","Deflect+1","Backflip+1","After Image+1","Poisoned Stab","Deadly Poison","Normality","Deadly Poison","Slice","Deflect","Quick Slash+1","Dodge and Roll+1","Writhe","Blade Dance","Infinite Blades+1","Parasite","Blur+1","Deadly Poison"],"relics":["Ring of the Snake","Odd Mushroom","Mercury Hourglass","Meat on the Bone","WristBlade","Snake Skull","Boot","Cursed Key","TwistedFunnel","Nunchaku","Letter Opener","Mummified Hand"],"acts_visited":["Exordium","TheCity","TheBeyond"],"potions_floor_usage":[7,7,20,28,30,35,42,42,50,50],"damage_taken":[{"damage":0,"enemies":"Cultist","floor":1,"turns":3},{"damage":0,"enemies":"Small Slimes","floor":3,"turns":3},{"damage":0,"enemies":"2 Louse","floor":4,"turns":2},{"damage":9,"enemies":"2 Fungi Beasts","floor":5,"turns":3},{"damage":17,"enemies":"The Mushroom Lair","floor":7,"turns":5},{"damage":0,"enemies":"Looter","floor":11,"turns":3},{"damage":0,"enemies":"Red Slaver","floor":12,"turns":2},{"damage":0,"enemies":"3 Louse","floor":14,"turns":2},{"damage":40,"enemies":"The Guardian","floor":16,"turns":13},{"damage":16,"enemies":"2 Thieves","floor":18,"turns":4},{"damage":6,"enemies":"3 Byrds","floor":20,"turns":2},{"damage":25,"enemies":"Shelled Parasite and Fungi","floor":21,"turns":4},{"damage":0,"enemies":"Centurion and Healer","floor":28,"turns":4},{"damage":15,"enemies":"Sentry and Sphere","floor":30,"turns":5},{"damage":10,"enemies":"Cultist and Chosen","floor":31,"turns":4},{"damage":49,"enemies":"Automaton","floor":33,"turns":9},{"damage":33,"enemies":"3 Darklings","floor":35,"turns":6},{"damage":7,"enemies":"Orb Walker","floor":36,"turns":3},{"damage":21,"enemies":"Jaw Worm Horde","floor":41,"turns":4},{"damage":33,"enemies":"Reptomancer","floor":42,"turns":5},{"damage":0,"enemies":"Spire Growth","floor":44,"turns":4},{"damage":5,"enemies":"Sphere and 2 Shapes","floor":45,"turns":4},{"damage":9,"enemies":"Writhing Mass","floor":46,"turns":5},{"damage":12,"enemies":"Spire Growth","floor":47,"turns":3},{"damage":40,"enemies":"Donu and Deca","floor":50,"turns":6}],"seed_played":"-8587912255846446248","potions_obtained":[{"floor":3,"key":"PowerPotion"},{"floor":5,"key":"Regen Potion"},{"floor":14,"key":"FairyPotion"},{"floor":16,"key":"SteroidPotion"},{"floor":18,"key":"Energy Potion"},{"floor":21,"key":"Energy Potion"},{"floor":28,"key":"Weak Potion"},{"floor":33,"key":"ColorlessPotion"},{"floor":46,"key":"SpeedPotion"},{"floor":47,"key":"Swift Potion"}],"is_trial":false,"path_per_floor":["M","$","M","M","M","R","?","R","T","R","M","M","?","M","R","B",null,"M","$","M","M","?","R","?","R","T","R","M","R","M","M","R","B",null,"M","M","?","?","$","R","M","E","T","M","M","M","M","?","R","B",null],"character_chosen":"THE_SILENT","items_purchased":["Forethought","Snake Skull","Deflect","TwistedFunnel","Nunchaku","Deadly Poison","Slice","Deflect","Poison Potion"],"campfire_rested":4,"item_purchase_floors":[2,19,19,39,39,39,39,39,39],"current_hp_per_floor":[70,70,70,70,61,61,56,56,56,56,56,56,38,38,59,31,70,54,54,48,35,35,56,80,80,80,80,80,80,65,55,79,42,80,47,52,52,52,52,52,43,22,22,34,41,44,44,44,68,40],"gold":786,"neow_bonus":"ONE_RANDOM_RARE_CARD","is_daily":false,"chose_seed":false,"campfire_upgraded":7,"win_rate":0.0,"timestamp":1612890472,"path_taken":["M","?","M","M","?","R","?","R","T","R","M","M","?","M","R","BOSS","M","$","M","M","?","R","?","R","T","R","M","R","?","M","R","BOSS","M","M","?","?","$","R","M","E","T","M","?","M","M","?","R","BOSS"],"items_purchased_type":["Card","Relic","Card","Relic","Relic","Card","Card","Card","Potion"],"build_version":"2020-12-22","purchased_purges":1,"victory":true,"max_hp_per_floor":[70,70,70,70,70,70,70,70,70,70,70,70,70,70,70,70,70,70,70,70,70,70,70,80,80,80,80,80,80,80,80,80,80,80,80,80,80,80,80,80,80,80,80,80,80,80,80,80,80,80],"card_choices":[{"not_picked":["Dodge and Roll","Poisoned Stab"],"picked":"Dagger Throw","floor":1},{"not_picked":["Infinite Blades","Skewer"],"picked":"Underhanded Strike","floor":3},{"not_picked":["Poisoned Stab","Distraction"],"picked":"Outmaneuver","floor":4},{"not_picked":["Noxious Fumes","Dodge and Roll"],"picked":"Deflect","floor":5},{"not_picked":["Quick Slash","Leg Sweep"],"picked":"Corpse Explosion","floor":7},{"not_picked":["Acrobatics","Deflect"],"picked":"Sucker Punch","floor":11},{"not_picked":["Poisoned Stab","Blur"],"picked":"Skewer","floor":12},{"not_picked":["Blur","Footwork"],"picked":"Flying Knee","floor":14},{"not_picked":["Tools of the Trade","Malaise"],"picked":"Glass Knife","floor":16},{"not_picked":["Deadly Poison","Caltrops+1"],"picked":"Dagger Spray","floor":18},{"not_picked":["Backflip","Flechettes"],"picked":"Flying Knee","floor":20},{"not_picked":["Well Laid Plans","Dagger Spray"],"picked":"Bouncing Flask+1","floor":21},{"not_picked":["Dagger Spray","Backflip"],"picked":"Blade Dance","floor":28},{"not_picked":["PiercingWail","Quick Slash"],"picked":"Deflect+1","floor":30},{"not_picked":["Calculated Gamble","Bane"],"picked":"Backflip+1","floor":31},{"not_picked":["Adrenaline","Wraith Form v2"],"picked":"After Image","floor":33},{"not_picked":["Underhanded Strike","Dagger Throw+1"],"picked":"Poisoned Stab","floor":35},{"not_picked":["Finisher","Deflect+1"],"picked":"Deadly Poison","floor":36},{"not_picked":["PiercingWail","Bullet Time"],"picked":"Quick Slash+1","floor":41},{"not_picked":["Caltrops","Sucker Punch"],"picked":"Dodge and Roll+1","floor":42},{"not_picked":["Sucker Punch+1","Reflex"],"picked":"Blade Dance","floor":44},{"not_picked":["Endless Agony+1","Dodge and Roll+1"],"picked":"Infinite Blades+1","floor":45},{"not_picked":["Bane+1","Escape Plan"],"picked":"Blur+1","floor":46},{"not_picked":["Dash","Well Laid Plans+1"],"picked":"Deadly Poison","floor":47}],"player_experience":22438,"relics_obtained":[{"floor":7,"key":"Odd Mushroom"},{"floor":9,"key":"Mercury Hourglass"},{"floor":26,"key":"Boot"},{"floor":42,"key":"Letter Opener"},{"floor":43,"key":"Mummified Hand"}],"event_choices":[{"damage_healed":0,"gold_gain":0,"player_choice":"Fought Mushrooms","damage_taken":0,"max_hp_gain":0,"max_hp_loss":0,"event_name":"Mushrooms","floor":7,"gold_loss":0},{"damage_healed":0,"gold_gain":0,"player_choice":"Success","damage_taken":18,"relics_obtained":["Meat on the Bone"],"max_hp_gain":0,"max_hp_loss":0,"event_name":"Scrap Ooze","floor":13,"gold_loss":0},{"damage_healed":0,"gold_gain":0,"player_choice":"Simplicity","damage_taken":0,"max_hp_gain":0,"max_hp_loss":0,"event_name":"Back to Basics","floor":22,"gold_loss":0,"cards_upgraded":["Strike_G","Strike_G","Strike_G","Strike_G","Strike_G","Defend_G","Defend_G","Defend_G","Defend_G","Defend_G"]},{"cards_removed":["Glass Knife"],"damage_healed":14,"gold_gain":0,"player_choice":"Offered Rare","damage_taken":0,"max_hp_gain":10,"max_hp_loss":0,"event_name":"Bonfire Elementals","floor":24,"gold_loss":0},{"cards_removed":["Deflect"],"damage_healed":0,"gold_gain":0,"player_choice":"Removed Skill","damage_taken":0,"max_hp_gain":0,"max_hp_loss":0,"event_name":"Falling","floor":37,"gold_loss":0},{"damage_healed":0,"gold_gain":999,"player_choice":"Gold","damage_taken":0,"max_hp_gain":0,"max_hp_loss":0,"event_name":"MindBloom","floor":38,"gold_loss":0,"cards_obtained":["Normality","Normality"]},{"damage_healed":0,"gold_gain":0,"player_choice":"Ignored","damage_taken":0,"max_hp_gain":0,"max_hp_loss":0,"event_name":"Tomb of Lord Red Mask","floor":48,"gold_loss":0}],"is_beta":false,"boss_relics":[{"not_picked":["Fusion Hammer","Black Star"],"picked":"WristBlade"},{"not_picked":["Empty Cage","Snecko Eye"],"picked":"Cursed Key"}],"items_purged_floors":[39],"is_endless":false,"potions_floor_spawned":[3,5,14,16,18,21,28,33,41,46,47],"ascension_level":0}}