{"host":"w05x4i13f2m9joq1","time":1612852818,"event":{"mods":["100% Spire Juice","Act Like it!","BaseMod","Better Altar","Better Match","Better Note","Better Sensory Stone","Better Skull","Better Third Choice","BetterRewards","CapriCore","Colored Map","Colored Powertips","Defective Defect","Downfall","Duelist Mod","Gensokyo","GifTheSpireLib","Googly Eyes","Infinite Spire","Ironclad Rager","Lobotomy","LobotomyExtend","Marisa????????","Melee Mod","Minty Spire (QoL Compilation)","Morshu Shopkeeper - ENHANCED","MostiFishMod","Quick Restart","Rare Cards Sparkle","Reliquary","Replay The Spire","Shop Mod","Spicy Shops","Spire Birthday Party","StSLib","The IronCluck","Uncapped","everything is the same but u backflip on backflip","slay the spire mod where everything is the same but ironclad has a cowboy hat"],"gold_per_floor":[113,113,123,225,242,242,276,276,276,97,5,5,40,75,126,226,226,242,242,256,331,36,65,90,117,191,191,223,223,223,239,239,343,343,114,124,4,52,99,125,53,53,77,77,108,108,142,159,159,159,159],"floor_reached":50,"language":"ENG","playtime":2797,"items_purged":[],"score":968,"play_id":"ad59a498-e741-4cd8-b17a-ad4b9cb3e06c","local_time":"20210209014018","daily_mods":["Draft","Flight"],"is_ascension_mode":false,"campfire_choices":[{"floor":6.0,"key":"REST"},{"data":"Moonworks:ScrambledEve","floor":8.0,"key":"SMITH"},{"floor":12.0,"key":"REST"},{"floor":27,"key":"REST"},{"floor":29,"key":"REST"},{"floor":30,"key":"REST"},{"floor":42,"key":"REST"},{"floor":44,"key":"REST"},{"data":"Moonworks:LuckyCharm","floor":46,"key":"SMITH"},{"data":"Parasite","floor":49,"key":"PURGE"}],"circlet_count":0,"master_deck":["Moonworks:NicePresent","Moonworks:EvilSpyWorkPreparation","Moonworks:EvilSpyWorkPreparation","Moonworks:MiracleRedBeanIceCream","Moonworks:NicePresent","Moonworks:EvilSpyWorkPreparation","Moonworks:JonathanRush","Moonworks:EvilSpyWorkPreparation","Moonworks:LuckyCharm+1","Moonworks:JonathanRush","Moonworks:CloudOfSeagulls","Moonworks:CloudOfSeagulls","Moonworks:CloudOfSeagulls","Moonworks:ScrambledEve+1","Moonworks:JonathanRush","Moonworks:CloudOfSeagulls","Moonworks:NicePresent","Moonworks:EvilSpyWorkPreparation","Moonworks:EvilSpyWorkPreparation","Moonworks:EvilSpyWorkPreparation","Moonworks:SakisCookie","Moonworks:JonathanRush","Moonworks:AccelHyper","Moonworks:SinkOrSwim+1","Moonworks:EvilSpyWorkPreparation","Moonworks:CloudOfSeagulls","infinitespire:TheBestDefense","Moonworks:SealedMemories","Moonworks:EvilSpyWorkPreparation","Moonworks:EvilSpyWorkPreparation","Moonworks:WindyEnchantment","Moonworks:Dash+1","Moonworks:SinkOrSwim+1","Moonworks:JonathanRush","Moonworks:LuckyCharm","Moonworks:EvilSpyWorkPreparation+1","Moonworks:CloudOfSeagulls+1","Moonworks:Dash+1","Moonworks:NicePresent+1","Moonworks:CloudOfSeagulls+1"],"relics":["Moonworks:BrokenBomb","Moonworks:Homemark","DaveBox","SentryEyes","SynthV:TestCard","LetterFromLob","Frozen Egg 2","infinitespire:Eraser","champ:DeflectingBracers","Replay:Towering Pillar of Hats","ImprovedEquipment","Replay:Ringing Soul","Sozu","Ginger","Bottled Lightning","Ancient Tea Set","reliquary:RoseTintedGlasses","champ:DuelingGlove","StrikeDummy","ReplayTheSpireMod:Lightbulb","Blue Candle","reliquary:Craggleroot","Guardian:GemstoneGun","CatCart","Orichalcum","Akabeko","sneckomod:BlankCard","DianDianMeat","reliquary:PrincelyHelmet"],"acts_visited":["Exordium","TheCity","TheBeyond"],"potions_floor_usage":[23],"damage_taken":[{"damage":2.0,"enemies":"Small Slimes","floor":1.0,"turns":2.0},{"damage":7.0,"enemies":"2 Louse","floor":3.0,"turns":2.0},{"damage":15.0,"enemies":"Jaw Worm","floor":5.0,"turns":2.0},{"damage":0.0,"enemies":"Gremlin Nob","floor":7.0,"turns":2.0},{"damage":11.0,"enemies":"3 Sentries","floor":10.0,"turns":2.0},{"damage":2.0,"enemies":"Lagavulin","floor":13.0,"turns":1.0},{"damage":5.0,"enemies":"3 Sentries","floor":14.0,"turns":2.0},{"damage":11.0,"enemies":"Fading Forest","floor":16.0,"turns":10.0},{"damage":2,"enemies":"Spheric Guardian","floor":18,"turns":2},{"damage":14,"enemies":"2 Thieves","floor":20,"turns":2},{"damage":11,"enemies":"Nightmare","floor":23,"turns":4},{"damage":21,"enemies":"Slavers","floor":24,"turns":2},{"damage":21,"enemies":"Replay:Snechameleon","floor":25,"turns":4},{"damage":13,"enemies":"theDuelist:KaibaA2","floor":28,"turns":3},{"damage":0,"enemies":"Snake Plant","floor":31,"turns":3},{"damage":5,"enemies":"Collector","floor":33,"turns":3},{"damage":15,"enemies":"Orb Walker","floor":35,"turns":3},{"damage":23,"enemies":"3 Shapes","floor":36,"turns":2},{"damage":16,"enemies":"2 Orb Walkers","floor":38,"turns":3},{"damage":10,"enemies":"Orin","floor":39,"turns":5},{"damage":3,"enemies":"Reptomancer","floor":40,"turns":3},{"damage":26,"enemies":"Nemesis","floor":45,"turns":5},{"damage":0,"enemies":"R_Hoarder","floor":47,"turns":5},{"damage":0,"enemies":"Writhing Mass","floor":48,"turns":3},{"damage":156,"enemies":"infinitespire:MassOfShapes","floor":50,"turns":5}],"seed_played":"6161957891725056682","potions_obtained":[{"floor":1.0,"key":"Slimebound:ThreeZeroPotion"},{"floor":10.0,"key":"AttackPotion"},{"floor":14.0,"key":"AttackPotion"},{"floor":16.0,"key":"infinitespire:BlackPotion"}],"is_trial":true,"path_per_floor":["M","?","M","?","M","R","E","R","T","?","$","R","E","E","R_BF","B",null,"M","AVR","M","?","$","NM","E","E","T","R","E","R","R","M","R_BF","B",null,"M","M","?","?","?","E","$","R","T","R","E","R","E","M","R_BF","B"],"character_chosen":"THE_STARBREAKER","items_purchased":["Replay:Towering Pillar of Hats","Moonworks:CloudOfSeagulls","Bottled Lightning","Akabeko"],"campfire_rested":7,"item_purchase_floors":[11,22,22,41],"current_hp_per_floor":[60,60,53,53,38,56,60,60,60,49,49,60,58,61,61,57,66,69,69,55,49,52,49,36,23,23,47,37,62,84,87,82,80,90,80,62,62,49,42,47,47,77,77,102,85,85,90,105,105,0,0],"gold":159,"neow_bonus":"","is_daily":false,"chose_seed":false,"campfire_upgraded":2,"win_rate":0.0,"timestamp":1612852818,"path_taken":["M","?","M","?","M","R","E","R","T","?","$","R","E","E","R_BF","BOSS","M","AVR","M","?","$","NM","E","E","T","R","E","R","R","?","R_BF","BOSS","M","M","?","?","?","E","$","R","T","R","E","R","E","M","R_BF","BOSS"],"items_purchased_type":["Relic","Card","Relic","Relic"],"build_version":"2020-12-22","purchased_purges":0,"victory":false,"max_hp_per_floor":[60,60,60,60,60,60,60,60,60,60,60,60,60,63,63,66,66,69,69,69,69,72,75,78,81,81,81,84,84,84,87,87,90,90,90,93,93,96,99,102,102,102,102,102,106,106,111,121,118,118,118],"card_choices":[{"not_picked":["Moonworks:Assault","Moonworks:SweetBattle"],"picked":"Moonworks:NicePresent","floor":0.0},{"not_picked":["Moonworks:SelfDestruct","Moonworks:ImOnFire"],"picked":"Moonworks:EvilSpyWorkPreparation","floor":0.0},{"not_picked":["Moonworks:IndiscriminateFireSupport","Moonworks:WindyEnchantment"],"picked":"Moonworks:EvilSpyWorkPreparation","floor":0.0},{"not_picked":["Moonworks:Assault","Moonworks:ImOnFire"],"picked":"Moonworks:MiracleRedBeanIceCream","floor":0.0},{"not_picked":["Moonworks:SakisCookie","Moonworks:IndiscriminateFireSupport"],"picked":"Moonworks:NicePresent","floor":0.0},{"not_picked":["Moonworks:ImOnFire","Moonworks:NicePresent"],"picked":"Moonworks:EvilSpyWorkPreparation","floor":0.0},{"not_picked":["Moonworks:ImOnFire","Moonworks:SakisCookie"],"picked":"Moonworks:JonathanRush","floor":0.0},{"not_picked":["Moonworks:NicePresent","Moonworks:DeployBits"],"picked":"Moonworks:EvilSpyWorkPreparation","floor":0.0},{"not_picked":["Moonworks:AngelHand","Moonworks:UnluckyCharm"],"picked":"Moonworks:LuckyCharm","floor":0.0},{"not_picked":["Moonworks:IndiscriminateFireSupport","Moonworks:DevilHand"],"picked":"Moonworks:JonathanRush","floor":0.0},{"not_picked":["Moonworks:ImOnFire","Moonworks:MiracleWalker"],"picked":"Moonworks:CloudOfSeagulls","floor":0.0},{"not_picked":["Moonworks:ImOnFire","Moonworks:NicePresent"],"picked":"Moonworks:CloudOfSeagulls","floor":0.0},{"not_picked":["Moonworks:DeployBits","Moonworks:BigMagnum"],"picked":"Moonworks:CloudOfSeagulls","floor":0.0},{"not_picked":["Moonworks:Dinner","Moonworks:Flamethrower"],"picked":"Moonworks:ScrambledEve","floor":0.0},{"not_picked":["Moonworks:BigMagnum","Moonworks:x16BigRocket"],"picked":"Moonworks:JonathanRush","floor":0.0},{"not_picked":["Moonworks:JonathanRush","Moonworks:BigMagnum"],"picked":"Moonworks:CloudOfSeagulls","floor":1.0},{"not_picked":["Moonworks:LulusLuckyEgg","Moonworks:SakisCookie","Moonworks:MiracleWalker","Moonworks:ImOnFire"],"picked":"Moonworks:NicePresent","floor":3.0},{"not_picked":["Moonworks:IntelligenceOfficer","Moonworks:SweetBattle","Moonworks:CookingTime","Moonworks:ImOnFire"],"picked":"Moonworks:EvilSpyWorkPreparation","floor":4.0},{"not_picked":["Moonworks:ImOnFire","Moonworks:SakisCookie","Moonworks:AngelHand","Moonworks:NicePresent"],"picked":"Moonworks:EvilSpyWorkPreparation","floor":4.0},{"not_picked":["Moonworks:BigBangBell","Moonworks:NicePresent","Moonworks:BigMagnum","Moonworks:Assault"],"picked":"Moonworks:EvilSpyWorkPreparation","floor":5.0},{"not_picked":["Moonworks:Assault","Moonworks:SealedMemories","Moonworks:ExtendedPhotonRifle","Moonworks:BigMagnum","Moonworks:CloudOfSeagulls"],"picked":"SKIP","floor":7.0},{"not_picked":["Moonworks:TacticalRetreat","Moonworks:AwakeningOfTalent","Moonworks:CompletionReward","Moonworks:BigMagnum"],"picked":"Moonworks:SakisCookie","floor":10.0},{"not_picked":["Moonworks:UnluckyCharm","Moonworks:RedAndBlue","Moonworks:DeployBits","Moonworks:IndiscriminateFireSupport"],"picked":"Moonworks:JonathanRush","floor":13.0},{"not_picked":["Moonworks:BigMagnum","Moonworks:Flamethrower","Moonworks:EvilMastermind","Moonworks:LulusLuckyEgg"],"picked":"Moonworks:AccelHyper","floor":14.0},{"not_picked":["Moonworks:FinalBattle+1","Moonworks:SubspaceTunnel","Moonworks:HolyNight+1","Moonworks:PlushieMaster"],"picked":"Moonworks:SinkOrSwim+1","floor":16.0},{"not_picked":["Moonworks:Assault+1","Moonworks:MiracleWalker+1","Moonworks:DeployBits","Moonworks:NicePresent"],"picked":"Moonworks:EvilSpyWorkPreparation","floor":18},{"not_picked":["Moonworks:SakisCookie","Moonworks:Dinner+1","Moonworks:ImOnFire","Moonworks:IndiscriminateFireSupport","Moonworks:LulusLuckyEgg+1"],"picked":"SKIP","floor":20},{"not_picked":["ReplayTheSpireMod:Echoes of Time","infinitespire:Oblivion"],"picked":"infinitespire:TheBestDefense","floor":23},{"not_picked":["Moonworks:StiffCrystal+1","Moonworks:Gamble","Moonworks:MiracleWalker","Moonworks:DeployBits+1"],"picked":"Moonworks:SealedMemories","floor":23},{"not_picked":["Moonworks:Assault+1","Moonworks:LulusLuckyEgg","Moonworks:MiracleRedBeanIceCream+1","Moonworks:IndiscriminateFireSupport"],"picked":"Moonworks:EvilSpyWorkPreparation","floor":24},{"not_picked":["Moonworks:UnluckyCharm+1","Moonworks:ReflectiveShell+1","Moonworks:FullSpeedAlicianrone","Moonworks:DevilHand"],"picked":"Moonworks:EvilSpyWorkPreparation","floor":25},{"not_picked":["Moonworks:PlushieMaster","Moonworks:Assault","Moonworks:JonathanRush","Moonworks:BigMagnum"],"picked":"Moonworks:WindyEnchantment","floor":28},{"not_picked":["Moonworks:DeployBits","Moonworks:ImmovableObject","Moonworks:Assault+1","Moonworks:BigBangBell"],"picked":"Moonworks:Dash+1","floor":31},{"not_picked":["Moonworks:AccelHyper","Moonworks:EvilMastermind","Moonworks:Blazing+1","Moonworks:ShieldCounter"],"picked":"Moonworks:SinkOrSwim+1","floor":33},{"not_picked":["Moonworks:DeployBits+1","Moonworks:SelfDestruct","Moonworks:Assault","Moonworks:IndiscriminateFireSupport+1","Moonworks:SakisCookie"],"picked":"SKIP","floor":35},{"not_picked":["Moonworks:Heat300Percent","Moonworks:FinalSurgery+1","Moonworks:Poppoformation+1","Moonworks:BigMagnum+1"],"picked":"Moonworks:JonathanRush","floor":36},{"not_picked":["Moonworks:BigMagnum","Moonworks:SinkOrSwim+1","Moonworks:LulusLuckyEgg+1","Moonworks:ImmovableObject"],"picked":"Moonworks:LuckyCharm","floor":38},{"not_picked":["Moonworks:Assault","Moonworks:SakisCookie","Moonworks:JonathanRush+1","Moonworks:ImOnFire"],"picked":"Moonworks:EvilSpyWorkPreparation+1","floor":39},{"not_picked":["Moonworks:SakisCookie+1","Moonworks:Flamethrower+1","Moonworks:MiracleRedBeanIceCream+1","Moonworks:Dash+1"],"picked":"Moonworks:CloudOfSeagulls+1","floor":40},{"not_picked":["Moonworks:BigMagnum","Moonworks:DevilHand+1","Moonworks:SakisCookie","Moonworks:MiracleWalker+1"],"picked":"Moonworks:Dash+1","floor":45},{"not_picked":["Moonworks:IndiscriminateFireSupport+1","Moonworks:GoAway","Moonworks:MiracleRedBeanIceCream+1","Moonworks:SakisCookie+1"],"picked":"Moonworks:NicePresent+1","floor":47},{"not_picked":["Moonworks:ImOnFire","Moonworks:Poppoformation+1","Moonworks:Assault","Moonworks:DeployBits"],"picked":"Moonworks:CloudOfSeagulls+1","floor":48}],"player_experience":183615,"relics_obtained":[{"floor":1.0,"key":"SynthV:TestCard"},{"floor":1.0,"key":"LetterFromLob"},{"floor":7.0,"key":"Frozen Egg 2"},{"floor":9.0,"key":"infinitespire:Eraser"},{"floor":10.0,"key":"champ:DeflectingBracers"},{"floor":13.0,"key":"ImprovedEquipment"},{"floor":14.0,"key":"Replay:Ringing Soul"},{"floor":23,"key":"Ancient Tea Set"},{"floor":24,"key":"reliquary:RoseTintedGlasses"},{"floor":25,"key":"champ:DuelingGlove"},{"floor":26,"key":"StrikeDummy"},{"floor":28,"key":"ReplayTheSpireMod:Lightbulb"},{"floor":38,"key":"Guardian:GemstoneGun"},{"floor":39,"key":"CatCart"},{"floor":40,"key":"Orichalcum"},{"floor":43,"key":"sneckomod:BlankCard"},{"floor":45,"key":"DianDianMeat"},{"floor":47,"key":"reliquary:PrincelyHelmet"}],"event_choices":[{"damage_healed":0.0,"max_hp_gain":0.0,"max_hp_loss":0.0,"gold_gain":0.0,"event_name":"Golden Wing","player_choice":"Ignored","floor":2.0,"gold_loss":0.0,"damage_taken":0.0},{"damage_healed":0.0,"max_hp_gain":0.0,"max_hp_loss":0.0,"gold_gain":30.0,"event_name":"Dead Adventurer","player_choice":"Searched \u00272\u0027 times","floor":10.0,"gold_loss":0.0,"damage_taken":0.0},{"damage_healed":0,"gold_gain":75,"player_choice":"Touch","damage_taken":6,"max_hp_gain":0,"max_hp_loss":0,"event_name":"FaceTrader","floor":21,"gold_loss":0},{"damage_healed":0,"gold_gain":0,"player_choice":"Fight","damage_taken":0,"max_hp_gain":0,"max_hp_loss":0,"event_name":"Mysterious Sphere","floor":38,"gold_loss":0},{"damage_healed":0,"gold_gain":0,"player_choice":"Fight","damage_taken":0,"max_hp_gain":0,"max_hp_loss":0,"event_name":"OrinTheCat","floor":39,"gold_loss":0}],"is_beta":false,"boss_relics":[{"not_picked":["OneHitWonderSystem","reliquary:Ember"],"picked":"Sozu"},{"not_picked":["GuanYuAspect","Coffee Dripper"],"picked":"reliquary:Craggleroot"}],"items_purged_floors":[],"is_endless":true,"potions_floor_spawned":[1,10,14,16,24,25,28,31,36,39,47],"killed_by":"infinitespire:MassOfShapes","ascension_level":0}}