{"host":"ffjrj7fisyni1ebk","time":1612888492,"event":{"mods":["2.2 Compatiblity","BaseMod","Bestiary","Colored Map","Colored Powertips","Curses Come First","Highlight Path","Keyboard Shortcuts","Minty Spire (QoL Compilation)","Relic Stats","Slay the Relics Exporter","StSLib","SuperFastMode"],"gold_per_floor":[113,113,130,130,130,165,181,181,181,204,3,24,199,220,220,341,341,357,370,370,46,0,0,0,0,0,20,20,20,20],"floor_reached":29,"language":"ENG","playtime":1601,"items_purged":["Doubt"],"score":223,"play_id":"ea5059ae-59bc-464d-a754-fc7470ce1833","local_time":"20210209183452","is_ascension_mode":false,"campfire_choices":[{"data":"Weave","floor":8.0,"key":"SMITH"},{"floor":15.0,"key":"REST"},{"floor":23,"key":"REST"},{"data":"Devotion","floor":25,"key":"SMITH"},{"floor":28,"key":"REST"}],"circlet_count":0,"master_deck":["Eruption","Vigilance","ReachHeaven","Weave+1","ThirdEye","Meditate","Mayhem","EmptyFist","Wireheading","PathToVictory","Devotion+1","Consecrate","TalkToTheHand","ClearTheMind","LessonLearned+1","Establishment","SandsOfTime","CutThroughFate","ThirdEye","Metamorphosis","Nirvana"],"relics":["Empty Cage","Pear","Golden Idol","Matryoshka","Ornamental Fan","Art of War","Pandora\u0027s Box","Lantern","Blood Vial"],"acts_visited":["Exordium","TheCity"],"potions_floor_usage":[],"damage_taken":[{"damage":2.0,"enemies":"Jaw Worm","floor":1.0,"turns":4.0},{"damage":2.0,"enemies":"Small Slimes","floor":3.0,"turns":3.0},{"damage":18.0,"enemies":"3 Sentries","floor":6.0,"turns":6.0},{"damage":8.0,"enemies":"2 Louse","floor":7.0,"turns":3.0},{"damage":13.0,"enemies":"Looter","floor":10.0,"turns":2.0},{"damage":25.0,"enemies":"Blue Slaver","floor":12.0,"turns":7.0},{"damage":9.0,"enemies":"3 Louse","floor":14.0,"turns":3.0},{"damage":22.0,"enemies":"Hexaghost","floor":16.0,"turns":11.0},{"damage":20.0,"enemies":"Chosen","floor":18.0,"turns":5.0},{"damage":32.0,"enemies":"2 Thieves","floor":19.0,"turns":4.0},{"damage":71,"enemies":"Cultist and Chosen","floor":27,"turns":8},{"damage":27,"enemies":"Shelled Parasite and Fungi","floor":29,"turns":2}],"seed_played":"7665100047002685587","potions_obtained":[{"floor":3.0,"key":"DistilledChaos"},{"floor":7.0,"key":"Block Potion"},{"floor":16.0,"key":"AttackPotion"}],"is_trial":false,"path_per_floor":["M","?","M","?","?","E","M","R","T","M","$","M","?","M","R","B",null,"M","M","?","$","?","R","T","R","T","M","R","M"],"character_chosen":"WATCHER","items_purchased":["Mayhem","EmptyFist","ThirdEye","Metamorphosis"],"campfire_rested":3,"item_purchase_floors":[11,11,21,21],"current_hp_per_floor":[70,70,68,75,75,57,49,49,49,36,36,11,11,2,24,2,76,56,24,49,49,49,71,71,71,71,2,24,0,0],"gold":20,"neow_bonus":"BOSS_RELIC","is_daily":false,"chose_seed":false,"campfire_upgraded":2,"win_rate":0.0,"timestamp":1612888492,"path_taken":["M","?","M","?","?","E","M","R","T","M","$","M","?","M","R","BOSS","M","M","?","$","?","R","?","R","T","M","R","M"],"items_purchased_type":["Card","Card","Card","Card"],"build_version":"2020-12-22","purchased_purges":1,"victory":false,"max_hp_per_floor":[72,72,72,82,76,76,76,76,76,76,76,76,76,76,76,76,76,76,76,76,76,76,76,76,76,76,76,76,76,76],"relic_stats":{"Blood Vial":4,"counters":[12,58],"Golden Idol":60,"Ornamental Fan":[56],"Pandora\u0027s Box":["Consecrate","TalkToTheHand","ClearTheMind","LessonLearned","Establishment","SandsOfTime"],"Art of War":[8],"obtain_stats":[{"Blood Vial":26,"Lantern":24,"Pear":4,"Matryoshka":6,"Golden Idol":5,"Ornamental Fan":9,"Pandora\u0027s Box":17,"Art of War":9,"PureWater":0,"Empty Cage":0},{"Blood Vial":10,"Lantern":10,"Pear":2,"Matryoshka":3,"Golden Idol":2,"Ornamental Fan":4,"Pandora\u0027s Box":8,"Art of War":4,"PureWater":0,"Empty Cage":0},{"Blood Vial":48,"Lantern":48,"Pear":7,"Matryoshka":13,"Golden Idol":7,"Ornamental Fan":16,"Pandora\u0027s Box":39,"Art of War":16,"PureWater":0,"Empty Cage":0}]},"card_choices":[{"not_picked":["SashWhip","Crescendo","Halt"],"picked":"SKIP","floor":1.0},{"not_picked":["Crescendo","Indignation"],"picked":"ReachHeaven","floor":3.0},{"not_picked":["SandsOfTime","Prostrate"],"picked":"Weave","floor":6.0},{"not_picked":["Crescendo","SashWhip"],"picked":"ThirdEye","floor":7.0},{"not_picked":["Wallop","WreathOfFlame"],"picked":"Meditate","floor":10.0},{"not_picked":["PathToVictory","Fasting2"],"picked":"Wireheading","floor":12.0},{"not_picked":["Fasting2","TalkToTheHand"],"picked":"PathToVictory","floor":14.0},{"not_picked":["Wish","ConjureBlade"],"picked":"Devotion","floor":16.0},{"not_picked":["ThirdEye","Crescendo+1"],"picked":"CutThroughFate","floor":18.0},{"not_picked":["SandsOfTime","Consecrate","Crescendo"],"picked":"SKIP","floor":19},{"not_picked":["EmptyBody","Prostrate"],"picked":"Nirvana","floor":27}],"player_experience":316196,"relics_obtained":[{"floor":6.0,"key":"Matryoshka"},{"floor":9.0,"key":"Ornamental Fan"},{"floor":9.0,"key":"Art of War"},{"floor":24,"key":"Lantern"},{"floor":26,"key":"Blood Vial"}],"event_choices":[{"damage_healed":0.0,"max_hp_gain":0.0,"max_hp_loss":0.0,"gold_gain":0.0,"event_name":"Shining Light","player_choice":"Ignored","floor":2.0,"gold_loss":0.0,"damage_taken":0.0},{"damage_healed":0.0,"max_hp_gain":0.0,"max_hp_loss":0.0,"gold_gain":0.0,"event_name":"Scrap Ooze","player_choice":"Success","floor":4.0,"gold_loss":0.0,"damage_taken":3.0,"relics_obtained":["Pear"]},{"damage_healed":0.0,"max_hp_gain":0.0,"max_hp_loss":6.0,"gold_gain":0.0,"event_name":"Golden Idol","player_choice":"Lose Max HP","floor":5.0,"gold_loss":0.0,"damage_taken":0.0,"relics_obtained":["Golden Idol"]},{"damage_healed":0.0,"max_hp_gain":0.0,"max_hp_loss":0.0,"gold_gain":175.0,"event_name":"Liars Game","player_choice":"AGREE","floor":13.0,"gold_loss":0.0,"damage_taken":0.0,"cards_obtained":["Doubt"]},{"damage_healed":25,"gold_gain":0,"player_choice":"Heal","damage_taken":0,"max_hp_gain":0,"max_hp_loss":0,"event_name":"The Library","floor":20,"gold_loss":0},{"damage_healed":0,"gold_gain":0,"player_choice":"Paid Fearfully","damage_taken":0,"max_hp_gain":0,"max_hp_loss":0,"event_name":"Masked Bandits","floor":22,"gold_loss":46}],"is_beta":false,"boss_relics":[{"not_picked":["Velvet Choker","Philosopher\u0027s Stone"],"picked":"Pandora\u0027s Box"}],"items_purged_floors":[21],"is_endless":false,"potions_floor_spawned":[3,7,16],"killed_by":"Shelled Parasite and Fungi","ascension_level":0}}