{"host":"adi","time":1612838061,"event":{"mods":["AchievementEnabler","BaseMod","Bestiary","Colored Powertips","Minty Spire (QoL Compilation)","StSLib"],"gold_per_floor":[110,110,110,134,134,173,173,173,173,64,83,124,137,155,155,248,248,221,245,245,12,25,25,25,61,61,61,61,61,61,86,86,181,181,197,1196,1196,748,762,762,476,494,540,600,612,645,12,30,30,30],"floor_reached":51,"language":"ENG","playtime":4340,"items_purged":["Normality","Normality","Well Laid Plans"],"score":1098,"play_id":"18bc3386-a833-49a8-b1b8-058eaeec97e9","local_time":"20210209033421","is_ascension_mode":true,"campfire_choices":[{"data":"Footwork","floor":7.0,"key":"SMITH"},{"data":"Noxious Fumes","floor":15.0,"key":"SMITH"},{"floor":30.0,"key":"REST"},{"floor":32.0,"key":"REST"},{"data":"Burst","floor":40.0,"key":"SMITH"},{"floor":45.0,"key":"REST"},{"floor":49,"key":"REST"}],"circlet_count":0,"master_deck":["AscendersBane","Strike_G","Defend_G+1","Defend_G","Defend_G+1","Defend_G","Defend_G","Survivor+1","Neutralize+1","Endless Agony","Deflect","Footwork+1","Noxious Fumes","Blur","Noxious Fumes+1","PiercingWail","Unload","Burst+1","Backflip+1","Escape Plan","Venomology","Dodge and Roll","Outmaneuver","Doppelganger","Malaise","Adrenaline","Footwork","Catalyst","Escape Plan","Jack Of All Trades","Distraction+1"],"relics":["Ring of the Snake","NeowsBlessing","Golden Idol","Blood Vial","Matryoshka","Empty Cage","Nilry\u0027s Codex","Calipers","Tiny Chest","Bronze Scales","Nloth\u0027s Gift","Runic Pyramid","Lantern","Lee\u0027s Waffle","Ancient Tea Set","War Paint","MawBank","Snake Skull","Gambling Chip"],"acts_visited":["TheCity","TheBeyond"],"potions_floor_usage":[46,48,50,50],"damage_taken":[{"damage":0.0,"enemies":"Small Slimes","floor":1.0,"turns":1.0},{"damage":0.0,"enemies":"Jaw Worm","floor":4.0,"turns":1.0},{"damage":0.0,"enemies":"Lagavulin","floor":6.0,"turns":1.0},{"damage":0.0,"enemies":"Cultist","floor":11.0,"turns":5.0},{"damage":13.0,"enemies":"3 Sentries","floor":12.0,"turns":8.0},{"damage":0.0,"enemies":"Gremlin Gang","floor":13.0,"turns":7.0},{"damage":1.0,"enemies":"Exordium Thugs","floor":14.0,"turns":5.0},{"damage":35.0,"enemies":"The Guardian","floor":16.0,"turns":12.0},{"damage":12.0,"enemies":"2 Thieves","floor":18.0,"turns":5.0},{"damage":2.0,"enemies":"Spheric Guardian","floor":19.0,"turns":5.0},{"damage":17.0,"enemies":"Shelled Parasite and Fungi","floor":22.0,"turns":9.0},{"damage":14.0,"enemies":"Book of Stabbing","floor":25.0,"turns":9.0},{"damage":0.0,"enemies":"Cultist and Chosen","floor":27.0,"turns":4.0},{"damage":0.0,"enemies":"Snecko","floor":31.0,"turns":9.0},{"damage":13.0,"enemies":"Champ","floor":33.0,"turns":20.0},{"damage":13.0,"enemies":"Orb Walker","floor":35.0,"turns":8.0},{"damage":31.0,"enemies":"3 Darklings","floor":39.0,"turns":8.0},{"damage":19.0,"enemies":"Sphere and 2 Shapes","floor":42.0,"turns":7.0},{"damage":37,"enemies":"Transient","floor":46,"turns":5},{"damage":2,"enemies":"Maw","floor":48,"turns":8},{"damage":18,"enemies":"Donu and Deca","floor":50,"turns":15}],"seed_played":"-205111325701353358","potions_obtained":[{"floor":1.0,"key":"SpeedPotion"},{"floor":11.0,"key":"SneckoOil"},{"floor":12.0,"key":"Weak Potion"},{"floor":16.0,"key":"BlessingOfTheForge"},{"floor":18.0,"key":"CultistPotion"},{"floor":25.0,"key":"Energy Potion"},{"floor":31.0,"key":"Ancient Potion"},{"floor":46,"key":"Weak Potion"}],"is_trial":false,"path_per_floor":["M","?","?","M","?","E","R","?","T","$","M","E","M","M","R","B",null,"M","M","?","$","M","$","?","E","T","M","?","$","R","M","R","B",null,"M","?","?","$","M","R","$","M","T","T","R","M","$","M","R","B",null],"character_chosen":"THE_SILENT","items_purchased":["Noxious Fumes","Blur","Venomology","Well Laid Plans","Lantern","Footwork","Lee\u0027s Waffle","Catalyst","Ancient Tea Set","LiquidMemories","Escape Plan","Gambling Chip","Jack Of All Trades"],"campfire_rested":4,"item_purchase_floors":[10,10,21,21,38,38,38,41,41,47,47,47,47],"current_hp_per_floor":[63,63,50,50,55,55,55,55,55,55,57,46,48,49,49,16,57,47,47,31,31,16,16,16,4,4,6,6,6,27,29,50,39,62,51,51,51,73,42,42,42,25,25,25,46,11,11,11,32,16],"gold":30,"neow_bonus":"THREE_ENEMY_KILL","is_daily":false,"chose_seed":false,"campfire_upgraded":3,"win_rate":0.0,"timestamp":1612838061,"path_taken":["M","?","?","M","?","E","R","?","T","$","?","E","?","M","R","BOSS","M","M","?","$","M","$","?","E","T","M","?","$","R","M","R","BOSS","M","?","?","$","M","R","$","M","T","?","R","M","$","M","R","BOSS"],"items_purchased_type":["Card","Card","Card","Card","Relic","Card","Relic","Card","Relic","Potion","Card","Relic","Card"],"build_version":"2020-12-18","purchased_purges":3,"victory":true,"max_hp_per_floor":[70,65,65,65,70,70,70,70,70,70,70,70,70,70,70,70,70,70,70,70,70,70,70,70,70,70,70,70,70,70,70,70,70,70,70,70,66,73,73,73,73,73,73,73,73,73,73,73,73,73],"card_choices":[{"not_picked":["Concentrate","Dagger Throw"],"picked":"Endless Agony","floor":1.0},{"not_picked":["Dagger Throw","Bane"],"picked":"Deflect","floor":4.0},{"not_picked":["Backflip","Slice"],"picked":"Footwork","floor":6.0},{"not_picked":["Eviscerate","Reflex"],"picked":"Noxious Fumes","floor":11.0},{"not_picked":["Acrobatics","Flechettes","Eviscerate"],"picked":"SKIP","floor":12.0},{"not_picked":["Deflect","Deadly Poison"],"picked":"PiercingWail","floor":13.0},{"not_picked":["Slice","Setup"],"picked":"Unload","floor":14.0},{"not_picked":["Venomology","Envenom"],"picked":"Burst","floor":16.0},{"not_picked":["Quick Slash","Sucker Punch+1"],"picked":"Backflip","floor":18.0},{"not_picked":["Masterful Stab","Dagger Spray"],"picked":"Escape Plan","floor":19.0},{"not_picked":["Choke","Dagger Throw+1"],"picked":"Dodge and Roll","floor":22.0},{"not_picked":["PiercingWail+1","Finisher+1","Dash"],"picked":"SKIP","floor":25.0},{"not_picked":["Dagger Spray","Cloak And Dagger+1"],"picked":"Malaise","floor":31.0},{"not_picked":["Bullet Time","Envenom"],"picked":"Adrenaline","floor":33.0},{"not_picked":["Underhanded Strike","Flying Knee","Tactician"],"picked":"SKIP","floor":35.0},{"not_picked":["Slice","Dash","Tactician+1"],"picked":"SKIP","floor":39.0},{"not_picked":["Cloak And Dagger","Bane+1","Backflip"],"picked":"SKIP","floor":42.0},{"not_picked":["Backstab","Deflect","Prepared"],"picked":"SKIP","floor":46},{"not_picked":["Dodge and Roll","Prepared"],"picked":"Distraction+1","floor":48}],"player_experience":351970,"relics_obtained":[{"floor":6.0,"key":"Blood Vial"},{"floor":9.0,"key":"Matryoshka"},{"floor":12.0,"key":"Bag of Marbles"},{"floor":20.0,"key":"Nilry\u0027s Codex"},{"floor":25.0,"key":"Calipers"},{"floor":26.0,"key":"Tiny Chest"},{"floor":26.0,"key":"Bronze Scales"},{"floor":43.0,"key":"War Paint"},{"floor":43.0,"key":"MawBank"},{"floor":44.0,"key":"Snake Skull"}],"event_choices":[{"damage_healed":0.0,"max_hp_gain":0.0,"max_hp_loss":5.0,"gold_gain":0.0,"event_name":"Golden Idol","player_choice":"Lose Max HP","floor":2.0,"gold_loss":0.0,"damage_taken":0.0,"relics_obtained":["Golden Idol"]},{"damage_healed":0.0,"max_hp_gain":0.0,"max_hp_loss":0.0,"gold_gain":0.0,"event_name":"Shining Light","player_choice":"Entered Light","floor":3.0,"gold_loss":0.0,"damage_taken":13.0,"cards_upgraded":["Defend_G","Defend_G"]},{"damage_healed":0.0,"max_hp_gain":5.0,"max_hp_loss":0.0,"gold_gain":0.0,"event_name":"Big Fish","player_choice":"Donut","floor":5.0,"gold_loss":0.0,"damage_taken":0.0},{"damage_healed":0.0,"max_hp_gain":0.0,"max_hp_loss":0.0,"gold_gain":0.0,"event_name":"Upgrade Shrine","player_choice":"Upgraded","floor":8.0,"gold_loss":0.0,"damage_taken":0.0,"cards_upgraded":["Neutralize"]},{"damage_healed":0.0,"max_hp_gain":0.0,"max_hp_loss":0.0,"gold_gain":0.0,"event_name":"Cursed Tome","player_choice":"Obtained Book","floor":20.0,"gold_loss":0.0,"damage_taken":16.0},{"damage_healed":0.0,"max_hp_gain":0.0,"max_hp_loss":0.0,"gold_gain":0.0,"cards_transformed":["Strike_G","Strike_G"],"event_name":"Drug Dealer","player_choice":"Became Test Subject","floor":24.0,"gold_loss":0.0,"damage_taken":0.0,"cards_obtained":["Outmaneuver","Doppelganger"]},{"damage_healed":0.0,"max_hp_gain":0.0,"max_hp_loss":0.0,"gold_gain":0.0,"event_name":"N\u0027loth","player_choice":"Traded Relic","floor":28.0,"relics_lost":["Bag of Marbles"],"gold_loss":0.0,"damage_taken":0.0,"relics_obtained":["Nloth\u0027s Gift"]},{"damage_healed":0.0,"max_hp_gain":0.0,"max_hp_loss":0.0,"gold_gain":999.0,"event_name":"MindBloom","player_choice":"Gold","floor":36.0,"gold_loss":0.0,"damage_taken":0.0,"cards_obtained":["Normality","Normality"]},{"damage_healed":0.0,"max_hp_gain":0.0,"max_hp_loss":4.0,"gold_gain":0.0,"event_name":"Winding Halls","player_choice":"Max HP","floor":37.0,"gold_loss":0.0,"damage_taken":0.0}],"is_beta":true,"boss_relics":[{"not_picked":["WristBlade","HoveringKite"],"picked":"Empty Cage"},{"not_picked":["Snecko Eye","Ring of the Serpent"],"picked":"Runic Pyramid"}],"items_purged_floors":[38,41,47],"is_endless":false,"potions_floor_spawned":[1,11,12,16,18,25,27,31,33,35,39,46],"ascension_level":13}}