{"host":"aqym1xxr3lb31d9m","time":1612885325,"event":{"mods":["BaseMod","Block Reminder","Colored Map","Colored Powertips","DeckTracker","Highlight Path","Minty Spire (QoL Compilation)","Quick Restart","Random Character Button","StSLib","SuperFastMode","UnlockEverythingMod"],"gold_per_floor":[119,133,25,25,25,25,59,134,134,99,99,123,167,182,182,280,280,305,305,265,215,233,271,271,284,284,284,284,284,284,299,299,299,299],"floor_reached":33,"language":"JPN","playtime":1012,"items_purged":[],"score":582,"play_id":"bb4efefb-d318-4405-af35-ac667d70c013","local_time":"20210210004205","is_ascension_mode":true,"campfire_choices":[{"data":"Wild Strike","floor":6.0,"key":"SMITH"},{"data":"Fire Breathing","floor":11.0,"key":"SMITH"},{"data":"Bash","floor":15.0,"key":"SMITH"},{"data":"Fiend Fire","floor":24,"key":"SMITH"},{"data":"True Grit","floor":28,"key":"SMITH"},{"floor":30,"key":"REST"},{"data":"Metallicize","floor":32,"key":"SMITH"}],"circlet_count":0,"master_deck":["AscendersBane","Strike_R","Strike_R","Strike_R","Strike_R","Strike_R","Defend_R","Defend_R","Defend_R","Defend_R","Bash+1","Wild Strike","Thunderclap","Wild Strike+1","Fire Breathing+1","Injury","Shrug It Off","Metallicize+1","Second Wind","Fiend Fire+1","Feel No Pain","Power Through","Disarm","True Grit+1","Shockwave","Injury","True Grit"],"relics":["Burning Blood","Golden Idol","Lizard Tail","Bottled Tornado","Shuriken","Cursed Key","Singing Bowl","Darkstone Periapt"],"acts_visited":["Exordium","TheCity"],"potions_floor_usage":[23,27,27,27,27,33,33],"damage_taken":[{"damage":7.0,"enemies":"Cultist","floor":1.0,"turns":4.0},{"damage":5.0,"enemies":"Small Slimes","floor":2.0,"turns":4.0},{"damage":40.0,"enemies":"Lagavulin","floor":7.0,"turns":6.0},{"damage":4.0,"enemies":"Jaw Worm","floor":12.0,"turns":3.0},{"damage":3.0,"enemies":"Gremlin Nob","floor":13.0,"turns":3.0},{"damage":0.0,"enemies":"Large Slime","floor":14.0,"turns":4.0},{"damage":35.0,"enemies":"Slime Boss","floor":16.0,"turns":6.0},{"damage":27.0,"enemies":"3 Byrds","floor":18.0,"turns":4.0},{"damage":15.0,"enemies":"2 Thieves","floor":22.0,"turns":4.0},{"damage":25,"enemies":"Book of Stabbing","floor":23,"turns":6},{"damage":19,"enemies":"Snecko","floor":25,"turns":7},{"damage":5,"enemies":"Gremlin Leader","floor":27,"turns":2},{"damage":20,"enemies":"Snake Plant","floor":31,"turns":6},{"damage":77,"enemies":"Collector","floor":33,"turns":11}],"seed_played":"-5700739936485359630","potions_obtained":[{"floor":2.0,"key":"SkillPotion"},{"floor":12.0,"key":"ColorlessPotion"},{"floor":16.0,"key":"PowerPotion"},{"floor":22.0,"key":"ElixirPotion"},{"floor":23,"key":"EntropicBrew"},{"floor":29,"key":"SteroidPotion"},{"floor":29,"key":"Block Potion"}],"is_trial":false,"path_per_floor":["M","M","$","$","?","R","E","?","T","?","R","M","E","M","R","B",null,"M","?","$","?","M","E","R","M","T","E","R","?","R","M","R","B"],"character_chosen":"IRONCLAD","items_purchased":["Wild Strike","Fire Breathing","Disarm"],"campfire_rested":1,"item_purchase_floors":[3,3,20],"current_hp_per_floor":[63,64,64,64,64,64,30,19,19,41,41,43,46,52,52,23,73,52,52,52,52,43,24,24,13,13,14,14,14,41,27,27,0,0],"gold":299,"neow_bonus":"TWENTY_PERCENT_HP_BONUS","is_daily":false,"chose_seed":false,"campfire_upgraded":6,"win_rate":0.0,"timestamp":1612885325,"path_taken":["M","M","?","$","?","R","E","?","T","?","R","?","E","M","R","BOSS","M","?","$","?","?","E","R","M","T","E","R","?","R","M","R","BOSS"],"items_purchased_type":["Card","Card","Card"],"build_version":"2020-12-22","purchased_purges":0,"victory":false,"max_hp_per_floor":[89,89,89,89,89,89,89,89,89,89,89,89,89,89,89,89,89,89,89,89,89,89,89,89,91,91,91,91,91,91,91,91,91,91],"card_choices":[{"not_picked":["Iron Wave","Heavy Blade"],"picked":"Wild Strike","floor":1.0},{"not_picked":["Armaments","Anger"],"picked":"Thunderclap","floor":2.0},{"not_picked":["Searing Blow","Dropkick","Body Slam"],"picked":"SKIP","floor":7.0},{"not_picked":["Demon Form","Flex"],"picked":"Shrug It Off","floor":12.0},{"not_picked":["Warcry","Hemokinesis"],"picked":"Metallicize","floor":13.0},{"not_picked":["Anger","Uppercut"],"picked":"Second Wind","floor":14.0},{"not_picked":["Barricade","Juggernaut"],"picked":"Fiend Fire","floor":16.0},{"not_picked":["Pommel Strike","Warcry"],"picked":"Feel No Pain","floor":18.0},{"not_picked":["Thunderclap","Seeing Red"],"picked":"True Grit","floor":22.0},{"not_picked":["Immolate","Havoc"],"picked":"Shockwave","floor":23},{"not_picked":["Flex","Thunderclap","Dropkick"],"picked":"Singing Bowl","floor":25},{"not_picked":["Anger","Headbutt+1"],"picked":"True Grit","floor":31}],"player_experience":4190137,"relics_obtained":[{"floor":7.0,"key":"Lizard Tail"},{"floor":9.0,"key":"Bottled Tornado"},{"floor":13.0,"key":"Shuriken"},{"floor":23,"key":"Singing Bowl"},{"floor":26,"key":"Darkstone Periapt"}],"event_choices":[{"damage_healed":0.0,"max_hp_gain":0.0,"max_hp_loss":0.0,"gold_gain":0.0,"event_name":"Golden Idol","player_choice":"Take Wound","floor":5.0,"gold_loss":0.0,"damage_taken":0.0,"relics_obtained":["Golden Idol"],"cards_obtained":["Injury"]},{"damage_healed":0.0,"max_hp_gain":0.0,"max_hp_loss":0.0,"gold_gain":75.0,"event_name":"World of Goop","player_choice":"Gather Gold","floor":8.0,"gold_loss":0.0,"damage_taken":11.0},{"damage_healed":22.0,"max_hp_gain":0.0,"max_hp_loss":0.0,"gold_gain":0.0,"event_name":"The Cleric","player_choice":"Healed","floor":10.0,"gold_loss":35.0,"damage_taken":0.0},{"damage_healed":0.0,"max_hp_gain":0.0,"max_hp_loss":0.0,"gold_gain":0.0,"event_name":"The Library","player_choice":"Read","floor":19.0,"gold_loss":0.0,"damage_taken":0.0,"cards_obtained":["Power Through"]},{"damage_healed":0.0,"max_hp_gain":0.0,"max_hp_loss":0.0,"gold_gain":0.0,"event_name":"The Joust","player_choice":"Bet on Murderer","floor":21.0,"gold_loss":50.0,"damage_taken":0.0},{"damage_healed":0,"gold_gain":0,"player_choice":"Got Potions","damage_taken":0,"max_hp_gain":0,"max_hp_loss":0,"event_name":"Lab","floor":29,"gold_loss":0}],"is_beta":false,"boss_relics":[{"not_picked":["Sozu","Coffee Dripper"],"picked":"Cursed Key"}],"items_purged_floors":[],"is_endless":false,"potions_floor_spawned":[2,12,16,22,23,27],"killed_by":"Collector","ascension_level":20}}