{"host":"0wmeqr6jlf4kz37n","time":1612855468,"event":{"mods":["Act Like it!","BaseMod","Downfall","Gensokyo","Minty Spire (QoL Compilation)","Quick Restart","StSLib","TestMod"],"gold_per_floor":[99,113,127,140,156,174,174,208,8,8,8,23,54,54,354,456,456,456,468,482,432,53,53,76,21,54,54,54,88,88,107,126,230,230,130,147,158,74,86,486,486,481,481,500,500,527,17,29,44,244,244,278,81,81,81,81],"floor_reached":57,"language":"ZHS","playtime":3128,"items_purged":["bronze:Strike","bronze:Strike"],"score":1609,"play_id":"3d113e28-f360-409d-bafc-c774514f8162","local_time":"20210209152428","is_ascension_mode":false,"campfire_choices":[{"floor":1.0,"key":"RECALL"},{"data":"bronze:ChosenStrike","floor":9.0,"key":"SMITH"},{"data":"bronze:SpaghettiCode","floor":18.0,"key":"SMITH"},{"data":"bronze:Repulsor","floor":30.0,"key":"SMITH"},{"data":"bronze:Optimize","floor":35.0,"key":"SMITH"},{"data":"bronze:Goto","floor":45.0,"key":"SMITH"},{"data":"expansioncontent:StudyTheSpire","floor":54,"key":"SMITH"}],"circlet_count":0,"master_deck":["bronze:Strike","bronze:Strike","bronze:Defend","bronze:Defend","bronze:Defend","bronze:Defend","bronze:Replicate","bronze:Goto+1","bronze:WhirlingStrike","bronze:Iterate","bronze:ChosenStrike+1","bronze:Optimize+1","Clumsy","bronze:Constructor","bronze:SpaghettiCode+1","bronze:FineTuning+1","Gensokyo:LockedMedkit","bronze:BronzeOrb","bronze:Repulsor+1","bronze:Format","expansioncontent:LastStand","expansioncontent:StudyTheSpire+1"],"relics":["bronze:BronzeCore","testmod-TestBox","testmod-Mahjong","testmod-LifeArmor","Akabeko","downfall:HeartBlessingGreen","downfall:HeartBlessingRed","Gensokyo:OccultBall","Oddly Smooth Stone","Gensokyo:NagashiBinaDoll","testmod-EnergyCheck","ClockworkSouvenir","Anchor","testmod-BlackFramedGlasses","Blue Candle","Eternal Feather","Juzu Bracelet","testmod-Nyarlathotep","testmod-SaigiyounoYou","downfall:HeartBlessingBlue","testmod-Register","Gensokyo:DualWield","testmod-Muramasa","Medical Kit","Toolbox","PreservedInsect","Mummified Hand","Mango","Bag of Preparation"],"acts_visited":["Gensokyo:Gensokyo","Gensokyo:Gensokyoer","Gensokyo:Gensokyoest","TheEnding"],"potions_floor_usage":[56,56],"damage_taken":[{"damage":0.0,"enemies":"Gensokyo:Gryphon","floor":2.0,"turns":1.0},{"damage":0.0,"enemies":"Gensokyo:Python","floor":3.0,"turns":1.0},{"damage":0.0,"enemies":"Gensokyo:3_Fairies","floor":4.0,"turns":1.0},{"damage":10.0,"enemies":"Gensokyo:Gryphon_and_Rabbit","floor":5.0,"turns":6.0},{"damage":0.0,"enemies":"Gensokyo:5_Fairies","floor":6.0,"turns":2.0},{"damage":1.0,"enemies":"Gensokyo:Cirno","floor":8.0,"turns":4.0},{"damage":0.0,"enemies":"Gensokyo:VengefulSpirit","floor":12.0,"turns":1.0},{"damage":0.0,"enemies":"Gensokyo:Mamizou","floor":13.0,"turns":5.0},{"damage":29.0,"enemies":"Gensokyo:LivingMonolith","floor":15.0,"turns":1.0},{"damage":14.0,"enemies":"IC_STATUS_ARCHETYPE","floor":16.0,"turns":9.0},{"damage":0.0,"enemies":"Gensokyo:CosmicMonolith","floor":19.0,"turns":3.0},{"damage":2.0,"enemies":"Gensokyo:3_Dogs","floor":20.0,"turns":4.0},{"damage":5.0,"enemies":"downfall:FleeingMerchant","floor":25.0,"turns":4.0},{"damage":0.0,"enemies":"Gensokyo:Tenshi","floor":26.0,"turns":7.0},{"damage":5.0,"enemies":"Gensokyo:Reisen","floor":29.0,"turns":5.0},{"damage":0.0,"enemies":"Gensokyo:Wraith","floor":31.0,"turns":5.0},{"damage":1.0,"enemies":"Gensokyo:Swordslinger","floor":32.0,"turns":4.0},{"damage":0.0,"enemies":"WA_ARCHETYPE_CALM","floor":33.0,"turns":9.0},{"damage":10.0,"enemies":"Gensokyo:AncientGuardian","floor":36.0,"turns":7.0},{"damage":0.0,"enemies":"Gensokyo:3_Boulders","floor":37.0,"turns":3.0},{"damage":3.0,"enemies":"downfall:FleeingMerchant","floor":38.0,"turns":4.0},{"damage":0.0,"enemies":"Gensokyo:SeedOfUnknown","floor":39.0,"turns":3.0},{"damage":0.0,"enemies":"downfall:FleeingMerchant","floor":42.0,"turns":1.0},{"damage":0.0,"enemies":"Gensokyo:AtlasGolem","floor":44.0,"turns":6.0},{"damage":12,"enemies":"Gensokyo:Marisa","floor":46,"turns":5},{"damage":3,"enemies":"Gensokyo:Sharpion","floor":48,"turns":5},{"damage":4,"enemies":"Gensokyo:Rafflesia","floor":49,"turns":4},{"damage":23,"enemies":"DF_ARCHETYPE_ORBS","floor":50,"turns":5},{"damage":0,"enemies":"downfall:CharBossMerchant","floor":52,"turns":3},{"damage":4,"enemies":"downfall:NeowBoss","floor":55,"turns":8},{"damage":4,"enemies":"downfall:NeowBossFinal","floor":56,"turns":4}],"seed_played":"-7641400884544415420","potions_obtained":[{"floor":2.0,"key":"Energy Potion"},{"floor":4.0,"key":"ColorlessPotion"},{"floor":5.0,"key":"PowerPotion"},{"floor":12.0,"key":"bronze:BuildAFunctionPotion"},{"floor":15.0,"key":"champ:CounterPotion"},{"floor":32.0,"key":"PowerPotion"},{"floor":36.0,"key":"FearPotion"}],"is_trial":false,"path_per_floor":["R","M","M","M","M","M","T","E","R","COS","?","M","E","?","M","B",null,"R","M","M","?","COS","?","T","$","E","?","?","E","R","M","M","B",null,"R","M","M","$","M","?","T","$","?","M","R","E","COS","M","M","B",null,"E","$","R","B","B",null],"character_chosen":"THE_AUTOMATON","items_purchased":["bronze:BronzeOrb","testmod-Register","expansioncontent:LastStand","expansioncontent:StudyTheSpire"],"campfire_rested":0,"item_purchase_floors":[25,42,42,53],"current_hp_per_floor":[70,70,70,70,60,60,60,59,59,59,59,59,59,59,30,16,70,70,70,68,75,75,152,152,147,147,147,142,142,154,154,154,154,154,164,164,164,164,164,164,164,164,164,164,164,159,159,164,164,164,164,178,178,178,178,178],"gold":81,"neow_bonus":"THREE_ENEMY_KILL","is_daily":false,"chose_seed":false,"campfire_upgraded":6,"win_rate":0.0,"timestamp":1612855468,"path_taken":["R","M","M","M","M","M","T","E","R","COS","?","M","E","?","M","BOSS","R","M","M","?","COS","?","T","?","E","?","?","E","R","M","M","BOSS","R","M","M","$","M","?","T","$","?","M","R","E","COS","M","M","BOSS","E","$","R","BOSS","BOSS"],"items_purchased_type":["Card","Relic","Card","Card"],"build_version":"2020-12-22","purchased_purges":2,"victory":true,"max_hp_per_floor":[70,70,70,70,70,70,70,70,70,70,70,70,70,70,70,70,70,70,70,70,77,77,154,154,154,154,154,154,154,154,154,154,154,154,164,164,164,164,164,164,164,164,164,164,164,164,164,164,164,164,164,178,178,178,178,178],"card_choices":[{"not_picked":["bronze:Overload","bronze:Frontload","bronze:Refactor"],"picked":"SKIP","floor":2.0},{"not_picked":["bronze:BugBarrage","bronze:NullPointer","bronze:Allocate"],"picked":"SKIP","floor":3.0},{"not_picked":["bronze:BugBarrage","bronze:CutThrough"],"picked":"bronze:WhirlingStrike","floor":4.0},{"not_picked":["bronze:Turbo","bronze:Allocate"],"picked":"bronze:Iterate","floor":5.0},{"not_picked":["bronze:Deprecate","bronze:MaxOutput"],"picked":"bronze:DigitalCarnage","floor":6.0},{"not_picked":["bronze:GetLatest","bronze:DelayedGuard"],"picked":"bronze:ChosenStrike","floor":8.0},{"not_picked":["bronze:WildBeam","bronze:WhirlingStrike","bronze:Overload"],"picked":"SKIP","floor":12.0},{"not_picked":["bronze:HardenedForm","bronze:Repair"],"picked":"bronze:Optimize","floor":13.0},{"not_picked":["bronze:Deprecate","bronze:CutThrough"],"picked":"bronze:Constructor","floor":15.0},{"not_picked":["bronze:RecursiveStrike","bronze:AlphaBuild"],"picked":"bronze:SpaghettiCode","floor":16.0},{"not_picked":["bronze:OilSpill","bronze:CloningBeam","bronze:Deprecate"],"picked":"SKIP","floor":19.0},{"not_picked":["bronze:Shield","bronze:Safeguard+1"],"picked":"bronze:FineTuning+1","floor":20.0},{"not_picked":["bronze:Deprecate","bronze:WhirlingStrike","bronze:ThunderWave"],"picked":"SKIP","floor":25.0},{"not_picked":["bronze:NullPointer","bronze:WhirlingStrike","bronze:Terminator"],"picked":"SKIP","floor":26.0},{"not_picked":["bronze:Frontload","bronze:Constructor","bronze:Separator"],"picked":"SKIP","floor":29.0},{"not_picked":["bronze:Terminator+1","bronze:DelayedSlice","bronze:Turbo+1"],"picked":"SKIP","floor":31.0},{"not_picked":["bronze:FineTuning","bronze:Allocate","bronze:Overheat+1"],"picked":"SKIP","floor":32.0},{"not_picked":["bronze:ShipIt","bronze:SpaghettiCode"],"picked":"bronze:Format","floor":33.0},{"not_picked":["bronze:Overheat","bronze:BugBarrage","bronze:FollowUp"],"picked":"SKIP","floor":36.0},{"not_picked":["bronze:Backtrace+1","bronze:BronzeOrb","bronze:WildBeam+1"],"picked":"SKIP","floor":37.0},{"not_picked":["bronze:CleanCode","bronze:WhirlingStrike","bronze:FollowUp"],"picked":"SKIP","floor":38.0},{"not_picked":["bronze:Safeguard+1","bronze:Backtrace","bronze:Invalidate"],"picked":"SKIP","floor":39.0},{"not_picked":["bronze:Constructor","bronze:DelayedSlice","bronze:BurnOut"],"picked":"SKIP","floor":42.0},{"not_picked":["bronze:Boost","bronze:CloningBeam","bronze:Allocate+1"],"picked":"SKIP","floor":44.0},{"not_picked":["bronze:WildBeam+1","bronze:ChildClass+1","bronze:Return"],"picked":"SKIP","floor":46},{"not_picked":["bronze:ClassDefault","bronze:FollowUp","bronze:Deprecate+1"],"picked":"SKIP","floor":48},{"not_picked":["bronze:BitShift+1","bronze:GetLatest+1","bronze:Separator"],"picked":"SKIP","floor":49},{"not_picked":["bronze:GetLatest+1","bronze:BuggyMess","bronze:Invalidate+1"],"picked":"SKIP","floor":52}],"player_experience":318203,"relics_obtained":[{"floor":7.0,"key":"testmod-LifeArmor"},{"floor":8.0,"key":"Akabeko"},{"floor":13.0,"key":"Oddly Smooth Stone"},{"floor":16.0,"key":"Gensokyo:OccultBall"},{"floor":26.0,"key":"testmod-BlackFramedGlasses"},{"floor":29.0,"key":"Juzu Bracelet"},{"floor":33.0,"key":"Gensokyo:OccultBall"},{"floor":42.0,"key":"Gensokyo:OccultBall"},{"floor":46,"key":"testmod-Muramasa"},{"floor":52,"key":"Bag of Preparation"}],"event_choices":[{"damage_healed":0.0,"max_hp_gain":0.0,"max_hp_loss":0.0,"gold_gain":0.0,"event_name":"给自己的盒子","player_choice":"Swap Relic","floor":23.0,"relics_lost":["testmod-HarvestTotem"],"gold_loss":0.0,"damage_taken":0.0,"relics_obtained":["testmod-HarvestTotem"]},{"damage_healed":0.0,"max_hp_gain":0.0,"max_hp_loss":0.0,"gold_gain":400.0,"event_name":"恩洛斯的盘子","player_choice":"Sell","floor":40.0,"relics_lost":["NeowsBlessing"],"gold_loss":0.0,"damage_taken":0.0}],"is_beta":false,"boss_relics":[{"not_picked":["testmod-KeyOfTheVoid","Runic Pyramid"],"picked":"testmod-EnergyCheck"},{"not_picked":["Empty Cage","Runic Dome"],"picked":"testmod-SaigiyounoYou"}],"items_purged_floors":[38,42],"is_endless":false,"potions_floor_spawned":[2,4,5,12,15,29,32,36,37,44],"ascension_level":0}}