{"host":"5n1fl7z5i1vf7jan","time":1612841740,"event":{"mods":["BaseMod","Minty Spire (QoL Compilation)","Quick Restart","Relic Stats"],"gold_per_floor":[360,370,89,89,103,136,136,167,167,194,207,218,236,255,255,330,330,348,348,324,324,33,33,53,64,64,64,80,115,132,30,30,101,101,114,114,0,20,39,39,67,77,77,91,121,121,146,146,146,146],"floor_reached":51,"language":"ENG","playtime":2787,"items_purged":["Pain"],"score":1866,"play_id":"86311a15-a064-4f4d-a3fc-edddce463226","local_time":"20210208193540","is_ascension_mode":true,"campfire_choices":[{"data":"Corruption","floor":15.0,"key":"SMITH"},{"data":"Uppercut","floor":23,"key":"SMITH"},{"floor":27,"key":"REST"},{"floor":32,"key":"DIG"},{"data":"Rupture","floor":40,"key":"SMITH"},{"data":"Limit Break","floor":46,"key":"SMITH"},{"floor":49,"key":"REST"}],"circlet_count":0,"master_deck":["AscendersBane","Defend_R+1","Defend_R+1","Defend_R","Defend_R","Bash","Pummel","Wild Strike","Hemokinesis","Feel No Pain","Corruption+1","Pommel Strike","True Grit","Exhume","Rage+1","Dark Embrace+1","Iron Wave+1","Second Wind","Rage","Spot Weakness","Uppercut+1","Shrug It Off","Clash+1","Rupture+1","True Grit","Cleave","Carnage","Pommel Strike+1","Body Slam+1","Flame Barrier+1","Battle Trance","Limit Break+1","Sword Boomerang","Master of Strategy","Master of Strategy"],"relics":["Burning Blood","Sling","Potion Belt","Shovel","War Paint","Mercury Hourglass","Bottled Tornado","Astrolabe","WarpedTongs","PreservedInsect","HornCleat","Oddly Smooth Stone","Self Forming Clay","Empty Cage","Red Mask","Nunchaku","Kunai","CaptainsWheel","Akabeko"],"acts_visited":["TheCity","TheBeyond"],"potions_floor_usage":[20,33,33,33,33,45,45,47,50,50],"damage_taken":[{"damage":6.0,"enemies":"2 Louse","floor":1.0,"turns":3.0},{"damage":11.0,"enemies":"Small Slimes","floor":2.0,"turns":5.0},{"damage":0.0,"enemies":"Cultist","floor":5.0,"turns":2.0},{"damage":10.0,"enemies":"Gremlin Nob","floor":6.0,"turns":3.0},{"damage":17.0,"enemies":"3 Sentries","floor":8.0,"turns":5.0},{"damage":0.0,"enemies":"Gremlin Nob","floor":10.0,"turns":2.0},{"damage":12.0,"enemies":"Large Slime","floor":11.0,"turns":4.0},{"damage":2.0,"enemies":"3 Louse","floor":12.0,"turns":3.0},{"damage":5.0,"enemies":"Blue Slaver","floor":13.0,"turns":2.0},{"damage":4.0,"enemies":"2 Fungi Beasts","floor":14.0,"turns":3.0},{"damage":52.0,"enemies":"Slime Boss","floor":16.0,"turns":9.0},{"damage":12.0,"enemies":"Spheric Guardian","floor":18.0,"turns":6.0},{"damage":19,"enemies":"2 Thieves","floor":20,"turns":4},{"damage":7,"enemies":"Cultist and Chosen","floor":24,"turns":6},{"damage":11,"enemies":"Centurion and Healer","floor":25,"turns":5},{"damage":0,"enemies":"Snecko","floor":28,"turns":4},{"damage":1,"enemies":"Book of Stabbing","floor":29,"turns":4},{"damage":0,"enemies":"Chosen and Byrds","floor":30,"turns":6},{"damage":59,"enemies":"Collector","floor":33,"turns":14},{"damage":10,"enemies":"3 Darklings","floor":35,"turns":4},{"damage":2,"enemies":"Orb Walker","floor":38,"turns":4},{"damage":2,"enemies":"3 Darklings","floor":39,"turns":4},{"damage":5,"enemies":"Nemesis","floor":41,"turns":5},{"damage":7,"enemies":"Transient","floor":42,"turns":6},{"damage":29,"enemies":"Spire Growth","floor":44,"turns":6},{"damage":6,"enemies":"Reptomancer","floor":45,"turns":5},{"damage":43,"enemies":"Nemesis","floor":47,"turns":7},{"damage":35,"enemies":"Awakened One","floor":50,"turns":9}],"seed_played":"8220027622735529160","potions_obtained":[{"floor":2.0,"key":"Regen Potion"},{"floor":8.0,"key":"PowerPotion"},{"floor":11.0,"key":"Fruit Juice"},{"floor":12.0,"key":"SkillPotion"},{"floor":13.0,"key":"ElixirPotion"},{"floor":16.0,"key":"SpeedPotion"},{"floor":20,"key":"Energy Potion"},{"floor":25,"key":"Weak Potion"},{"floor":28,"key":"FearPotion"},{"floor":30,"key":"Swift Potion"},{"floor":38,"key":"BloodPotion"},{"floor":41,"key":"PowerPotion"},{"floor":42,"key":"BloodPotion"},{"floor":44,"key":"BloodPotion"},{"floor":47,"key":"Dexterity Potion"}],"is_trial":false,"path_per_floor":["M","M","$","?","M","E","?","E","T","E","M","M","M","M","R","B",null,"M","?","M","?","$","R","M","M","T","R","M","E","M","$","R","B",null,"M","?","?","M","M","R","E","M","T","M","E","R","E","?","R","B",null],"character_chosen":"IRONCLAD","items_purchased":["Sling","Explosive Potion","Wild Strike","Uppercut","PreservedInsect","Cleave","Carnage"],"campfire_rested":2,"item_purchase_floors":[3,3,3,22,22,31,31],"current_hp_per_floor":[68,63,63,63,68,64,38,41,41,47,41,45,46,48,48,7,57,51,51,38,38,38,38,37,32,32,53,59,64,70,70,70,17,59,55,55,55,59,63,63,64,63,63,40,53,53,29,24,44,28],"gold":146,"neow_bonus":"TWO_FIFTY_GOLD","is_daily":false,"chose_seed":false,"campfire_upgraded":4,"win_rate":0.0,"timestamp":1612841740,"path_taken":["M","M","$","?","M","E","?","E","T","E","M","M","M","M","R","BOSS","M","?","M","?","$","R","M","?","T","R","M","E","M","$","R","BOSS","M","?","?","M","M","R","E","M","T","M","E","R","E","?","R","BOSS"],"items_purchased_type":["Relic","Potion","Card","Card","Relic","Card","Card"],"build_version":"2020-12-22","purchased_purges":1,"victory":true,"max_hp_per_floor":[68,68,68,68,68,68,68,68,68,68,68,68,68,68,68,73,73,73,73,73,73,73,73,73,73,73,73,73,73,73,73,73,73,73,73,69,69,69,69,69,69,69,69,69,69,69,69,69,69,69],"relic_stats":{"Nunchaku":[6],"Shovel":1,"counters":[28,137],"Self Forming Clay":[96],"Astrolabe":["Rage","Heavy Blade","Dark Embrace"],"PreservedInsect":206,"Kunai":[6],"War Paint":["Defend_R","Defend_R"],"obtain_stats":[{"Potion Belt":6,"Self Forming Clay":32,"Astrolabe":17,"Oddly Smooth Stone":29,"PreservedInsect":22,"War Paint":8,"Bottled Tornado":10,"Sling":3,"Empty Cage":34,"Burning Blood":0,"Akabeko":47,"Mercury Hourglass":9,"WarpedTongs":21,"Nunchaku":41,"CaptainsWheel":45,"Shovel":7,"HornCleat":26,"Red Mask":37,"Kunai":43},{"Potion Belt":4,"Self Forming Clay":18,"Astrolabe":11,"Oddly Smooth Stone":17,"PreservedInsect":13,"War Paint":5,"Bottled Tornado":6,"Sling":2,"Empty Cage":19,"Burning Blood":0,"Akabeko":27,"Mercury Hourglass":5,"WarpedTongs":13,"Nunchaku":23,"CaptainsWheel":26,"Shovel":4,"HornCleat":15,"Red Mask":20,"Kunai":24},{"Potion Belt":13,"Self Forming Clay":74,"Astrolabe":40,"Oddly Smooth Stone":68,"PreservedInsect":50,"War Paint":18,"Bottled Tornado":20,"Sling":8,"Empty Cage":88,"Burning Blood":0,"Akabeko":128,"Mercury Hourglass":18,"WarpedTongs":50,"Nunchaku":105,"CaptainsWheel":121,"Shovel":13,"HornCleat":60,"Red Mask":92,"Kunai":111}],"Burning Blood":167,"Mercury Hourglass":[502],"WarpedTongs":[84]},"card_choices":[{"not_picked":["Clash","Wild Strike"],"picked":"Perfected Strike","floor":1.0},{"not_picked":["Flex","Seeing Red"],"picked":"Pummel","floor":2.0},{"not_picked":["Heavy Blade","Thunderclap"],"picked":"Hemokinesis","floor":5.0},{"not_picked":["Anger","Whirlwind"],"picked":"Feel No Pain","floor":6.0},{"not_picked":["Body Slam","Anger"],"picked":"Corruption","floor":8.0},{"not_picked":["Clothesline","Sever Soul","Twin Strike"],"picked":"SKIP","floor":10.0},{"not_picked":["Clothesline","Sever Soul"],"picked":"Pommel Strike","floor":11.0},{"not_picked":["Shockwave","Infernal Blade"],"picked":"True Grit","floor":12.0},{"not_picked":["Clothesline","Havoc","Carnage"],"picked":"SKIP","floor":13.0},{"not_picked":["Power Through","Pommel Strike","Dual Wield"],"picked":"SKIP","floor":14.0},{"not_picked":["Offering","Corruption"],"picked":"Exhume","floor":16.0},{"not_picked":["Pommel Strike","Warcry+1"],"picked":"Iron Wave+1","floor":18.0},{"not_picked":["Iron Wave","Sever Soul"],"picked":"Spot Weakness","floor":20},{"not_picked":["Infernal Blade","Iron Wave+1","Twin Strike"],"picked":"SKIP","floor":24},{"not_picked":["Pommel Strike","Wild Strike"],"picked":"Shrug It Off","floor":25},{"not_picked":["Armaments","Seeing Red"],"picked":"Clash+1","floor":28},{"not_picked":["Sentinel","Bloodletting"],"picked":"Rupture","floor":29},{"not_picked":["Clothesline","Warcry"],"picked":"True Grit","floor":30},{"not_picked":["Carnage","Pommel Strike","Twin Strike"],"picked":"SKIP","floor":35},{"not_picked":["Rampage+1","Flex"],"picked":"Pommel Strike+1","floor":38},{"not_picked":["Cleave","Infernal Blade+1"],"picked":"Body Slam+1","floor":39},{"not_picked":["Uppercut","Fire Breathing+1","Thunderclap"],"picked":"SKIP","floor":41},{"not_picked":["Spot Weakness","Clothesline"],"picked":"Flame Barrier+1","floor":42},{"not_picked":["Clothesline","Armaments+1"],"picked":"Battle Trance","floor":44},{"not_picked":["Flex","Brutality"],"picked":"Limit Break","floor":45},{"not_picked":["Warcry+1","Infernal Blade"],"picked":"Sword Boomerang","floor":47},{"not_picked":["Transmutation","Purity"],"picked":"Master of Strategy","floor":48},{"not_picked":["Impatience","Forethought"],"picked":"Master of Strategy","floor":48}],"player_experience":333680,"relics_obtained":[{"floor":6.0,"key":"Potion Belt"},{"floor":8.0,"key":"War Paint"},{"floor":9.0,"key":"Mercury Hourglass"},{"floor":10.0,"key":"Bottled Tornado"},{"floor":26,"key":"HornCleat"},{"floor":29,"key":"Oddly Smooth Stone"},{"floor":32,"key":"Self Forming Clay"},{"floor":41,"key":"Nunchaku"},{"floor":43,"key":"Kunai"},{"floor":45,"key":"CaptainsWheel"},{"floor":47,"key":"Akabeko"}],"event_choices":[{"damage_healed":0.0,"max_hp_gain":0.0,"max_hp_loss":0.0,"gold_gain":0.0,"event_name":"Living Wall","player_choice":"Grow","floor":4.0,"gold_loss":0.0,"damage_taken":0.0,"cards_upgraded":["Perfected Strike"]},{"damage_healed":0.0,"max_hp_gain":0.0,"max_hp_loss":0.0,"gold_gain":0.0,"event_name":"Scrap Ooze","player_choice":"Success","floor":7.0,"gold_loss":0.0,"damage_taken":26.0,"relics_obtained":["Shovel"]},{"damage_healed":0.0,"max_hp_gain":0.0,"max_hp_loss":0.0,"gold_gain":0.0,"cards_transformed":["Heavy Blade","Perfected Strike"],"event_name":"Drug Dealer","player_choice":"Became Test Subject","floor":19.0,"gold_loss":0.0,"damage_taken":0.0,"cards_obtained":["Second Wind","Rage"]},{"damage_healed":0,"gold_gain":0,"player_choice":"Rummage","damage_taken":0,"relics_obtained":["WarpedTongs"],"max_hp_gain":0,"max_hp_loss":0,"event_name":"Accursed Blacksmith","floor":21,"gold_loss":0,"cards_obtained":["Pain"]},{"damage_healed":0,"gold_gain":0,"player_choice":"Max HP","damage_taken":0,"max_hp_gain":0,"max_hp_loss":4,"event_name":"Winding Halls","floor":36,"gold_loss":0},{"damage_healed":0,"gold_gain":0,"player_choice":"Paid","damage_taken":0,"relics_obtained":["Red Mask"],"max_hp_gain":0,"max_hp_loss":0,"event_name":"Tomb of Lord Red Mask","floor":37,"gold_loss":114},{"damage_healed":0,"gold_gain":0,"player_choice":"Memory 2","damage_taken":5,"max_hp_gain":0,"max_hp_loss":0,"event_name":"SensoryStone","floor":48,"gold_loss":0}],"is_beta":false,"boss_relics":[{"not_picked":["Runic Pyramid","SacredBark"],"picked":"Astrolabe"},{"not_picked":["Tiny House","Runic Cube"],"picked":"Empty Cage"}],"items_purged_floors":[22],"is_endless":false,"potions_floor_spawned":[2,5,8,11,12,13,16,20,25,28,30,38,41,42,44,47],"ascension_level":18}}