{"host":"kk6i5v7sjcm8i50x","time":1612834701,"event":{"mods":["BaseMod","Bestiary","Colored Map","Downfall","Minty Spire (QoL Compilation)","StSLib","The Saiyan"],"gold_per_floor":[110,126,126,126,126,167,167,192,266,305,305,330,371,396,396,519,519,544,459,478,478,35,75,75,75,143,177,204,25,41,62,62,62,62],"floor_reached":33,"language":"ENG","playtime":1367,"items_purged":["Defend_G","Defend_G"],"score":328,"play_id":"8efdcbe6-5a07-483b-bb74-b3654420cedb","local_time":"20210208203821","is_ascension_mode":false,"campfire_choices":[{"data":"Neutralize","floor":7,"key":"SMITH"},{"data":"Noxious Fumes","floor":11,"key":"SMITH"},{"floor":15,"key":"REST"},{"data":"Mayhem","floor":24,"key":"SMITH"},{"floor":32,"key":"REST"}],"circlet_count":0,"master_deck":["Strike_G","Strike_G+1","Strike_G","Strike_G","Strike_G","Defend_G","Defend_G","Survivor","Neutralize+1","Acrobatics","Backstab","Deadly Poison","Noxious Fumes+1","Backstab+1","Heel Hook","Dagger Spray","Bouncing Flask","downfall:Bewildered","Mayhem+1","Quick Slash","Burst","Deadly Poison","Infinite Blades","Heel Hook","Poisoned Stab+1"],"relics":["Ring of the Snake","NeowsBlessing","Golden Idol","MealTicket","Blue Candle","White Beast Statue","Nunchaku","Happy Flower","Black Star","Strawberry","sneckomod:BabySnecko","Boot","Whetstone","Lantern","Bottled Tornado","Pen Nib","FossilizedHelix","Regal Pillow"],"acts_visited":["Exordium","TheCity"],"potions_floor_usage":[10,13,16,16,23,23,23,27,30,33,33],"damage_taken":[{"damage":0,"enemies":"Jaw Worm","floor":1,"turns":1},{"damage":0,"enemies":"2 Louse","floor":2,"turns":1},{"damage":0,"enemies":"3 Sentries","floor":6,"turns":1},{"damage":0,"enemies":"Small Slimes","floor":8,"turns":2},{"damage":13,"enemies":"Lagavulin","floor":10,"turns":5},{"damage":7,"enemies":"Blue Slaver","floor":12,"turns":4},{"damage":23,"enemies":"Gremlin Nob","floor":13,"turns":4},{"damage":0,"enemies":"Lots of Slimes","floor":14,"turns":3},{"damage":25,"enemies":"Slime Boss","floor":16,"turns":8},{"damage":3,"enemies":"3 Byrds","floor":18,"turns":4},{"damage":7,"enemies":"Chosen","floor":20,"turns":4},{"damage":41,"enemies":"Gremlin Leader","floor":23,"turns":7},{"damage":34,"enemies":"Slavers","floor":27,"turns":4},{"damage":12,"enemies":"3 Cultists","floor":30,"turns":3},{"damage":7,"enemies":"Centurion and Healer","floor":31,"turns":4},{"damage":47,"enemies":"Collector","floor":33,"turns":6}],"seed_played":"-2387059970762977455","potions_obtained":[{"floor":1,"key":"LiquidBronze"},{"floor":2,"key":"LiquidBronze"},{"floor":6,"key":"Fire Potion"},{"floor":8,"key":"Poison Potion"},{"floor":10,"key":"ColorlessPotion"},{"floor":13,"key":"GamblersBrew"},{"floor":16,"key":"champ:CounterPotion"},{"floor":18,"key":"Block Potion"},{"floor":23,"key":"PowerPotion"},{"floor":27,"key":"Explosive Potion"},{"floor":30,"key":"Guardian:BlockOnCardUsePotion"},{"floor":31,"key":"PowerPotion"}],"is_trial":false,"path_per_floor":["M","M","?","?","?","E","R","M","T","E","R","M","E","M","R","B",null,"M","?","M","?","$","E","R","$","T","E","T","$","M","M","R","B"],"character_chosen":"THE_SILENT","items_purchased":["Boot","Mayhem","Quick Slash","Infinite Blades"],"campfire_rested":2,"item_purchase_floors":[22,22,22,29],"current_hp_per_floor":[70,70,65,62,55,55,55,55,55,42,42,35,12,12,31,6,65,62,69,62,62,72,31,31,46,46,12,12,27,15,8,44,0,0],"gold":62,"neow_bonus":"THREE_ENEMY_KILL","is_daily":false,"chose_seed":false,"campfire_upgraded":3,"win_rate":0.0,"timestamp":1612834701,"path_taken":["M","M","?","?","?","E","R","M","T","E","R","M","E","M","R","BOSS","M","?","M","?","$","E","R","$","T","E","?","?","M","?","R","BOSS"],"items_purchased_type":["Relic","Card","Card","Card"],"build_version":"2020-12-22","purchased_purges":2,"victory":false,"max_hp_per_floor":[70,70,65,65,65,65,65,65,65,65,65,65,65,65,65,65,65,65,72,72,72,72,72,72,72,72,72,72,72,72,72,72,72,72],"card_choices":[{"not_picked":["Riddle With Holes","Dagger Spray"],"picked":"Acrobatics","floor":1},{"not_picked":["Distraction","Reflex","Bane"],"picked":"SKIP","floor":2},{"not_picked":["Quick Slash","Sucker Punch"],"picked":"Backstab","floor":6},{"not_picked":["Dodge and Roll","Prepared"],"picked":"Deadly Poison","floor":8},{"not_picked":["Prepared","Distraction"],"picked":"Noxious Fumes","floor":10},{"not_picked":["Skewer","Slice"],"picked":"Backstab","floor":12},{"not_picked":["After Image","Dodge and Roll"],"picked":"Heel Hook","floor":13},{"not_picked":["Caltrops","Dagger Throw"],"picked":"Dagger Spray","floor":14},{"not_picked":["PiercingWail","Dash","Flechettes"],"picked":"SKIP","floor":18},{"not_picked":["Underhanded Strike","Quick Slash"],"picked":"Bouncing Flask","floor":20},{"not_picked":["Dagger Spray","Blur+1"],"picked":"Burst","floor":23},{"not_picked":["Acrobatics","Bane"],"picked":"Deadly Poison","floor":27},{"not_picked":["Cloak And Dagger","Bane"],"picked":"Heel Hook","floor":30},{"not_picked":["Setup","Deflect"],"picked":"Poisoned Stab+1","floor":31}],"player_experience":170146,"relics_obtained":[{"floor":6,"key":"Blue Candle"},{"floor":9,"key":"White Beast Statue"},{"floor":10,"key":"Nunchaku"},{"floor":13,"key":"Happy Flower"},{"floor":23,"key":"Whetstone"},{"floor":23,"key":"Lantern"},{"floor":26,"key":"Bottled Tornado"},{"floor":27,"key":"Pen Nib"},{"floor":27,"key":"FossilizedHelix"},{"floor":28,"key":"Regal Pillow"}],"event_choices":[{"damage_healed":0,"gold_gain":0,"player_choice":"Lose Max HP","damage_taken":0,"relics_obtained":["Golden Idol"],"max_hp_gain":0,"max_hp_loss":5,"event_name":"Golden Idol","floor":3,"gold_loss":0},{"damage_healed":0,"gold_gain":0,"player_choice":"Success","damage_taken":3,"relics_obtained":["MealTicket"],"max_hp_gain":0,"max_hp_loss":0,"event_name":"Scrap Ooze","floor":4,"gold_loss":0},{"cards_removed":["Defend_G"],"damage_healed":0,"gold_gain":0,"player_choice":"Card Removal","damage_taken":7,"max_hp_gain":0,"max_hp_loss":0,"event_name":"Golden Wing","floor":5,"gold_loss":0},{"damage_healed":0,"gold_gain":0,"player_choice":"Obtained Relic","damage_taken":0,"relics_obtained":["Strawberry"],"max_hp_gain":0,"max_hp_loss":0,"event_name":"Addict","floor":19,"gold_loss":85}],"is_beta":false,"boss_relics":[{"not_picked":["SacredBark","Cursed Key"],"picked":"Black Star"}],"items_purged_floors":[22,29],"is_endless":false,"potions_floor_spawned":[1,2,6,8,10,12,13,14,16,18,20,23,27,30,31],"killed_by":"Collector","ascension_level":0}}