{"host":"hnfelxnirsihwvcb","time":1612909460,"event":{"mods":["BaseMod","Colored Map","DeckTracker","Highlight Path","Minty Spire (QoL Compilation)","Quick Restart","Relic Sorter","Relic Stats","Shop Mod","StSLib","SuperFastMode"],"gold_per_floor":[115,115,131,145,145,145,158,186,186,186,199,212,229,239,239,335,335,348,362,380,203,302,302,334,349,349,349,359,359,379,66,66,168,168,185,30,47,59,75,75,93,93,171,187,187,238,238,264,264,264],"floor_reached":51,"language":"ENG","playtime":1554,"items_purged":["Defragment","Gash","BootSequence"],"score":1155,"play_id":"42669c5f-da0a-4ef2-a1c9-b2d14fa5cc6a","local_time":"20210209232420","daily_mods":["SealedDeck","Vintage","Lethality","Binary"],"is_ascension_mode":false,"campfire_choices":[{"data":"FTL","floor":6,"key":"SMITH"},{"data":"Go for the Eyes","floor":10,"key":"SMITH"},{"data":"Go for the Eyes","floor":15,"key":"SMITH"},{"data":"Go for the Eyes","floor":23,"key":"SMITH"},{"floor":27,"key":"DIG"},{"floor":32,"key":"DIG"},{"floor":40,"key":"DIG"},{"floor":42,"key":"DIG"},{"floor":49,"key":"DIG"}],"circlet_count":0,"master_deck":["Redo+1","Go for the Eyes+1","Gash+1","Gash+1","FTL+1","Go for the Eyes+1","Go for the Eyes+1","Loop+1"],"relics":["Unceasing Top","Busted Crown","TungstenRod","Pantograph","Symbiotic Virus","Strawberry","Anchor","Pocketwatch","The Courier","Bronze Scales","Ornamental Fan","Singing Bowl","Centennial Puzzle","Kunai","InkBottle","Juzu Bracelet","Shovel","Mango","Mercury Hourglass","Du-Vu Doll","Lizard Tail","Prayer Wheel","Tiny Chest","Sling","Boot","Vajra","Frozen Egg 2","Matryoshka","Smiling Mask","Pear","PreservedInsect","Pen Nib","Happy Flower","Question Card","Meat on the Bone","Mark of the Bloom","Ginger","Bag of Marbles","Oddly Smooth Stone"],"acts_visited":["Exordium","TheCity","TheBeyond"],"potions_floor_usage":[],"damage_taken":[{"damage":0,"enemies":"Jaw Worm","floor":1,"turns":1},{"damage":0,"enemies":"Cultist","floor":3,"turns":1},{"damage":0,"enemies":"Small Slimes","floor":4,"turns":1},{"damage":0,"enemies":"2 Fungi Beasts","floor":7,"turns":1},{"damage":0,"enemies":"Gremlin Nob","floor":8,"turns":1},{"damage":0,"enemies":"Exordium Wildlife","floor":11,"turns":1},{"damage":0,"enemies":"Exordium Thugs","floor":12,"turns":1},{"damage":0,"enemies":"Blue Slaver","floor":13,"turns":1},{"damage":0,"enemies":"Gremlin Gang","floor":14,"turns":1},{"damage":0,"enemies":"Slime Boss","floor":16,"turns":1},{"damage":0,"enemies":"Chosen","floor":18,"turns":1},{"damage":0,"enemies":"3 Byrds","floor":19,"turns":1},{"damage":0,"enemies":"Centurion and Healer","floor":20,"turns":1},{"damage":0,"enemies":"Book of Stabbing","floor":24,"turns":1},{"damage":0,"enemies":"Chosen and Byrds","floor":25,"turns":1},{"damage":0,"enemies":"Sentry and Sphere","floor":28,"turns":1},{"damage":0,"enemies":"Snecko","floor":30,"turns":1},{"damage":0,"enemies":"Champ","floor":33,"turns":1},{"damage":0,"enemies":"Orb Walker","floor":35,"turns":1},{"damage":0,"enemies":"3 Darklings","floor":37,"turns":1},{"damage":0,"enemies":"Spire Growth","floor":38,"turns":1},{"damage":0,"enemies":"Maw","floor":39,"turns":1},{"damage":0,"enemies":"3 Darklings","floor":41,"turns":1},{"damage":0,"enemies":"Spire Growth","floor":44,"turns":1},{"damage":0,"enemies":"2 Orb Walkers","floor":46,"turns":1},{"damage":0,"enemies":"Giant Head","floor":48,"turns":1},{"damage":0,"enemies":"Awakened One","floor":50,"turns":2}],"seed_played":"-1553457015073735397","potions_obtained":[{"floor":3,"key":"DistilledChaos"},{"floor":8,"key":"Strength Potion"},{"floor":11,"key":"Explosive Potion"},{"floor":18,"key":"Block Potion"}],"is_trial":true,"path_per_floor":["M","?","M","M","?","R","M","E","T","R","M","M","M","M","R","B",null,"M","M","M","$","?","R","E","M","T","R","M","?","M","$","R","B",null,"M","$","M","M","M","R","M","R","T","M","?","?","?","E","R","B",null],"character_chosen":"DEFECT","items_purchased":["Juzu Bracelet","Tiny Chest","Sling","Loop"],"campfire_rested":0,"item_purchase_floors":[21,31,31,36],"current_hp_per_floor":[75,75,75,75,75,75,82,82,82,82,82,82,82,82,82,82,82,82,82,82,82,82,82,82,96,96,96,96,96,96,96,96,96,96,96,96,96,96,96,106,106,106,106,106,106,106,106,106,106,106],"gold":264,"neow_bonus":"","is_daily":false,"chose_seed":false,"campfire_upgraded":4,"win_rate":0.0,"timestamp":1612909460,"path_taken":["M","?","?","M","?","R","M","E","T","R","M","?","M","M","R","BOSS","M","M","M","$","?","R","E","M","T","R","M","?","M","$","R","BOSS","M","$","M","M","M","R","M","R","T","M","?","?","?","E","R","BOSS"],"items_purchased_type":["Relic","Relic","Relic","Card"],"build_version":"2020-12-22","purchased_purges":3,"victory":true,"max_hp_per_floor":[75,75,75,75,75,75,82,82,82,82,82,82,82,82,82,82,82,82,82,82,82,82,82,82,96,96,96,96,96,96,96,96,96,96,96,96,96,96,96,106,106,106,106,106,106,108,108,110,110,110],"relic_stats":{"Mark of the Bloom":29,"Singing Bowl":4,"Juzu Bracelet":0,"Ginger":[0],"Boot":[0],"Smiling Mask":0,"Centennial Puzzle":[0],"Lizard Tail":0,"Shovel":5,"Pantograph":0,"Prayer Wheel":0,"Tiny Chest":0,"Kunai":[82],"InkBottle":[29],"Happy Flower":[1],"counters":[27,28],"PreservedInsect":125,"Pen Nib":[8],"Question Card":2,"Mercury Hourglass":[60],"Busted Crown":12,"Ornamental Fan":[388],"Bronze Scales":[0],"obtain_stats":[{"Mark of the Bloom":45,"Singing Bowl":14,"Vajra":35,"Mango":25,"Juzu Bracelet":21,"Ginger":46,"Sling":31,"Boot":32,"Smiling Mask":39,"Centennial Puzzle":18,"Lizard Tail":28,"Shovel":24,"Matryoshka":38,"Pantograph":3,"Strawberry":7,"Prayer Wheel":30,"Tiny Chest":31,"Kunai":19,"InkBottle":20,"Pear":40,"Happy Flower":43,"Oddly Smooth Stone":49,"The Courier":11,"PreservedInsect":41,"Pen Nib":42,"Frozen Egg 2":37,"Question Card":43,"Mercury Hourglass":26,"Du-Vu Doll":27,"Anchor":8,"Busted Crown":0,"Ornamental Fan":13,"Bronze Scales":12,"Bag of Marbles":48,"Symbiotic Virus":4,"Unceasing Top":0,"TungstenRod":1,"Pocketwatch":9,"Meat on the Bone":44},{"Mark of the Bloom":24,"Singing Bowl":9,"Vajra":19,"Mango":15,"Juzu Bracelet":13,"Ginger":25,"Sling":17,"Boot":17,"Smiling Mask":22,"Centennial Puzzle":11,"Lizard Tail":16,"Shovel":14,"Matryoshka":21,"Pantograph":2,"Strawberry":4,"Prayer Wheel":17,"Tiny Chest":17,"Kunai":12,"InkBottle":13,"Pear":22,"Happy Flower":23,"Oddly Smooth Stone":26,"The Courier":6,"PreservedInsect":23,"Pen Nib":23,"Frozen Egg 2":20,"Question Card":23,"Mercury Hourglass":15,"Du-Vu Doll":15,"Anchor":5,"Busted Crown":0,"Ornamental Fan":8,"Bronze Scales":7,"Bag of Marbles":26,"Symbiotic Virus":3,"Unceasing Top":0,"TungstenRod":1,"Pocketwatch":5,"Meat on the Bone":24},{"Mark of the Bloom":24,"Singing Bowl":9,"Vajra":19,"Mango":15,"Juzu Bracelet":13,"Ginger":25,"Sling":17,"Boot":17,"Smiling Mask":22,"Centennial Puzzle":11,"Lizard Tail":16,"Shovel":14,"Matryoshka":21,"Pantograph":2,"Strawberry":4,"Prayer Wheel":17,"Tiny Chest":17,"Kunai":12,"InkBottle":13,"Pear":22,"Happy Flower":23,"Oddly Smooth Stone":26,"The Courier":6,"PreservedInsect":23,"Pen Nib":23,"Frozen Egg 2":20,"Question Card":23,"Mercury Hourglass":15,"Du-Vu Doll":15,"Anchor":5,"Busted Crown":0,"Ornamental Fan":8,"Bronze Scales":7,"Bag of Marbles":26,"Symbiotic Virus":3,"Unceasing Top":0,"TungstenRod":1,"Pocketwatch":5,"Meat on the Bone":24}],"Unceasing Top":[290],"TungstenRod":0,"Pocketwatch":[0],"Meat on the Bone":0},"card_choices":[{"not_picked":["Aggregate+1"],"picked":"Singing Bowl","floor":46},{"not_picked":["Sweeping Beam+1"],"picked":"Singing Bowl","floor":48}],"player_experience":858214,"relics_obtained":[{"floor":1,"key":"TungstenRod"},{"floor":3,"key":"Pantograph"},{"floor":4,"key":"Symbiotic Virus"},{"floor":7,"key":"Strawberry"},{"floor":8,"key":"Anchor"},{"floor":9,"key":"Pocketwatch"},{"floor":11,"key":"The Courier"},{"floor":12,"key":"Bronze Scales"},{"floor":13,"key":"Ornamental Fan"},{"floor":14,"key":"Singing Bowl"},{"floor":18,"key":"Centennial Puzzle"},{"floor":19,"key":"Kunai"},{"floor":20,"key":"InkBottle"},{"floor":24,"key":"Shovel"},{"floor":25,"key":"Mango"},{"floor":26,"key":"Mercury Hourglass"},{"floor":27,"key":"Du-Vu Doll"},{"floor":28,"key":"Lizard Tail"},{"floor":30,"key":"Prayer Wheel"},{"floor":32,"key":"Boot"},{"floor":35,"key":"Vajra"},{"floor":37,"key":"Frozen Egg 2"},{"floor":38,"key":"Matryoshka"},{"floor":39,"key":"Smiling Mask"},{"floor":40,"key":"Pear"},{"floor":41,"key":"PreservedInsect"},{"floor":42,"key":"Pen Nib"},{"floor":43,"key":"Happy Flower"},{"floor":43,"key":"Question Card"},{"floor":44,"key":"Meat on the Bone"},{"floor":46,"key":"Ginger"},{"floor":48,"key":"Bag of Marbles"},{"floor":49,"key":"Oddly Smooth Stone"}],"event_choices":[{"damage_healed":0,"gold_gain":0,"player_choice":"Bought 0 Potions","damage_taken":0,"max_hp_gain":0,"max_hp_loss":0,"event_name":"The Woman in Blue","floor":2,"gold_loss":0},{"damage_healed":0,"gold_gain":0,"player_choice":"Forge","damage_taken":0,"max_hp_gain":0,"max_hp_loss":0,"event_name":"Accursed Blacksmith","floor":5,"gold_loss":0,"cards_upgraded":["Redo"]},{"damage_healed":0,"gold_gain":99,"player_choice":"Stole From Cult","damage_taken":0,"max_hp_gain":0,"max_hp_loss":0,"event_name":"Nest","floor":22,"gold_loss":0},{"damage_healed":0,"gold_gain":0,"player_choice":"Ignored","damage_taken":0,"max_hp_gain":0,"max_hp_loss":0,"event_name":"Vampires","floor":29,"gold_loss":0},{"damage_healed":0,"gold_gain":0,"player_choice":"Upgrade","damage_taken":0,"relics_obtained":["Mark of the Bloom"],"max_hp_gain":0,"max_hp_loss":0,"event_name":"MindBloom","floor":45,"gold_loss":0,"cards_upgraded":["Gash","Gash","Loop"]},{"damage_healed":0,"gold_gain":0,"player_choice":"Fight","damage_taken":0,"max_hp_gain":0,"max_hp_loss":0,"event_name":"Mysterious Sphere","floor":46,"gold_loss":0},{"damage_healed":0,"gold_gain":0,"player_choice":"Ignored","damage_taken":0,"max_hp_gain":0,"max_hp_loss":0,"event_name":"Upgrade Shrine","floor":47,"gold_loss":0}],"is_beta":false,"boss_relics":[{"not_picked":["Sozu","Cursed Key","Runic Pyramid"]},{"not_picked":["Snecko Eye","Astrolabe","Philosopher\u0027s Stone"]}],"items_purged_floors":[21,31,36],"is_endless":false,"potions_floor_spawned":[3,8,11,18,24,33,37,41,44,46],"ascension_level":0}}