{"host":"rjbqai8ni6dsiu37","time":1612901833,"event":{"mods":["100% Spire Juice","BaseMod","CapriCore","GungeonMod","Marisa£¨Ùöéë¡¡Øª×âÞÞ£©","Minty Spire (QoL Compilation)","Replay The Spire","Shop Mod","StSLib","Td1madao Mod","The Cursed","The Jungle","The Poker Player","WarShipGirlsR/??á´Ò³R mod"],"gold_per_floor":[99,174,174,59,74,74,102,102,102,113,113,113,6,106,106,207,87,100,27,43,57,57,86,86,117,117,117,117],"floor_reached":27,"language":"KOR","playtime":834,"items_purged":["Moonworks:Strike"],"score":349,"play_id":"5db39873-739a-406e-ac40-6460aa20c737","local_time":"20210210051713","is_ascension_mode":true,"campfire_choices":[{"data":"Moonworks:Ambush","floor":6,"key":"SMITH"},{"data":"Moonworks:EvilSpyWorkPreparation","floor":12,"key":"SMITH"},{"data":"Moonworks:LongDistanceShot","floor":15,"key":"SMITH"},{"data":"Moonworks:LeapThroughSpace","floor":24,"key":"SMITH"}],"circlet_count":0,"master_deck":["Moonworks:Strike","Moonworks:Strike","Moonworks:Strike","Moonworks:Defend","Moonworks:Defend","Moonworks:Defend","Moonworks:Defend","Moonworks:Ambush+1","Moonworks:LongDistanceShot+1","Moonworks:EvilSpyWorkPreparation+1","Moonworks:LeapThroughSpace+1","Moonworks:FullSpeedAlicianrone","Moonworks:ShieldCounter","Moonworks:NicePresent","Moonworks:NicePresent","Moonworks:LuckyCharm","Moonworks:NicePresent"],"relics":["Moonworks:BrokenBomb","Moonworks:Homemark","Omamori","Kunai","Replay:WaspNest","Honey Jar","ReplayTheSpireMod:CursedCoin","Mercury Hourglass","DemoMod:GlassGuonStoneRelic","Blue Doll"],"acts_visited":["Exordium","TheCity","TheCity"],"potions_floor_usage":[7,25,25],"damage_taken":[{"damage":0,"enemies":"Jaw Worm","floor":1,"turns":4},{"damage":0,"enemies":"2 Louse","floor":5,"turns":2},{"damage":14,"enemies":"Lagavulin","floor":7,"turns":5},{"damage":0,"enemies":"Cultist","floor":10,"turns":3},{"damage":0,"enemies":"2 Fungi Beasts","floor":13,"turns":2},{"damage":10,"enemies":"Hexaghost","floor":16,"turns":8},{"damage":19,"enemies":"2 Thieves","floor":18,"turns":3},{"damage":5,"enemies":"Chosen","floor":20,"turns":4},{"damage":8,"enemies":"Centurion and Healer","floor":21,"turns":4},{"damage":19,"enemies":"Gremlin Leader","floor":23,"turns":7},{"damage":15,"enemies":"Book of Stabbing","floor":25,"turns":4}],"seed_played":"7078939089846383213","potions_obtained":[{"floor":1,"key":"Regen Potion"},{"floor":7,"key":"SpeedPotion"},{"floor":18,"key":"DemoMod:LeadSkinPotion"},{"floor":21,"key":"SkillPotion"}],"is_trial":false,"path_per_floor":["M","?","?","$","M","R","E","?","T","M","?","R","M","?","R","B",null,"M","$","M","M","$","E","R","E","T","R"],"character_chosen":"THE_STARBREAKER","items_purchased":["DemoMod:GnawedKey","ReplayTheSpireMod:CursedCoin","Moonworks:ShieldCounter"],"campfire_rested":0,"item_purchase_floors":[4,19,19],"current_hp_per_floor":[54,43,36,36,36,36,37,37,37,37,37,37,37,37,37,27,52,44,44,39,31,31,27,27,25,51,51,51],"gold":117,"neow_bonus":"HUNDRED_GOLD","is_daily":false,"chose_seed":false,"campfire_upgraded":4,"win_rate":0.0,"timestamp":1612901833,"path_taken":["M","?","?","$","M","R","E","?","T","?","?","R","M","?","R","BOSS","M","$","?","M","$","E","R","E","T","R"],"items_purchased_type":["Relic","Relic","Card"],"build_version":"2020-12-22","purchased_purges":1,"victory":false,"max_hp_per_floor":[60,60,60,60,60,60,60,60,60,60,60,60,60,60,60,60,60,60,60,60,60,60,60,60,60,60,60,60],"card_choices":[{"not_picked":["Moonworks:CastOff","Moonworks:IndiscriminateFireSupport"],"picked":"Moonworks:EvilSpyWorkPreparation","floor":1},{"not_picked":["Moonworks:CloudOfSeagulls","Moonworks:FinalSurgery","Moonworks:ImOnFire"],"picked":"SKIP","floor":5},{"not_picked":["Moonworks:DeployBits","Moonworks:BigMagnum","Moonworks:OutOfAmmo"],"picked":"SKIP","floor":7},{"not_picked":["Moonworks:Flamethrower","Moonworks:DeployBits","Moonworks:BigMagnum"],"picked":"SKIP","floor":10},{"not_picked":["Moonworks:IndiscriminateFireSupport","Moonworks:BigMagnum","Moonworks:Flamethrower"],"picked":"SKIP","floor":13},{"not_picked":["Moonworks:RocketCannon","Moonworks:OutOfAmmo"],"picked":"Moonworks:LeapThroughSpace","floor":16},{"not_picked":["Moonworks:BigMagnum+1","Moonworks:EvilSpyWorkPreparation","Moonworks:LulusLuckyEgg"],"picked":"Moonworks:FullSpeedAlicianrone","floor":18},{"not_picked":["Moonworks:ImOnFire","Moonworks:RocketCannon","Moonworks:DeployBits"],"picked":"Moonworks:NicePresent","floor":20},{"not_picked":["Moonworks:IndiscriminateFireSupport","Moonworks:SakisCookie","Moonworks:Assault+1"],"picked":"Moonworks:NicePresent","floor":21},{"not_picked":["Moonworks:IndiscriminateFireSupport","Moonworks:ImOnFire","Moonworks:Assault"],"picked":"Moonworks:LuckyCharm","floor":23},{"not_picked":["Moonworks:SakisCookie+1","Moonworks:Heat300Percent","Moonworks:SinkOrSwim"],"picked":"Moonworks:NicePresent","floor":25}],"player_experience":241832,"relics_obtained":[{"floor":7,"key":"Kunai"},{"floor":9,"key":"Replay:WaspNest"},{"floor":23,"key":"Mercury Hourglass"},{"floor":25,"key":"Blue Doll"}],"event_choices":[{"damage_healed":0,"gold_gain":75,"player_choice":"Gather Gold","damage_taken":11,"max_hp_gain":0,"max_hp_loss":0,"event_name":"World of Goop","floor":2,"gold_loss":0},{"damage_healed":0,"gold_gain":0,"player_choice":"Success","damage_taken":7,"relics_obtained":["Omamori"],"max_hp_gain":0,"max_hp_loss":0,"event_name":"Scrap Ooze","floor":3,"gold_loss":0},{"damage_healed":0,"gold_gain":0,"player_choice":"0 cards matched","damage_taken":0,"max_hp_gain":0,"max_hp_loss":0,"event_name":"Match and Keep!","floor":8,"gold_loss":0,"cards_obtained":[]},{"damage_healed":0,"gold_gain":0,"player_choice":"Leave","damage_taken":0,"max_hp_gain":0,"max_hp_loss":0,"event_name":"The Cleric","floor":11,"gold_loss":0},{"damage_healed":0,"gold_gain":100,"player_choice":"Pray","damage_taken":0,"max_hp_gain":0,"max_hp_loss":0,"event_name":"Golden Shrine","floor":14,"gold_loss":0}],"is_beta":false,"boss_relics":[{"not_picked":["Replay:Ancient Bell","Replay:Wanted Poster"],"picked":"Honey Jar"}],"items_purged_floors":[19],"is_endless":false,"potions_floor_spawned":[1,7,18,21],"ascension_level":8}}