{"host":"dmtlrev5pkc1867p","time":1612843000,"event":{"mods":["A Magickal Journey","BaseMod","Colored Map","Colored Powertips","Downfall","Hermit","Highlight Path","Infinite Spire","Marisa¡]Ãú«B¡@Å]²z¨F¡^","Minty Spire (QoL Compilation)","Permanent Neow","Quick Restart","Rare Cards Sparkle","Relic Stats","Replay The Spire","StSLib","SuperFastMode","The Construct","The Cursed","The Disciple","The Hierophant","The Necromancer","The Runesmith","The Servant 0.9.4"],"gold_per_floor":[112,125,125,40,70,88,136,166,190,90,111,146,199,238,138,262,262,294,341,383,399,399],"floor_reached":21,"language":"ZHS","playtime":831,"items_purged":[],"score":305,"play_id":"203d939a-f555-448e-92f1-c175f2e532fe","local_time":"20210209115640","daily_mods":["DeadlyEvents","Elite Swarm","Lethality"],"is_ascension_mode":true,"campfire_choices":[{"floor":10,"key":"RECALL"},{"floor":15,"key":"REST"}],"circlet_count":0,"master_deck":["Strike_W","Strike_W","Strike_W","Strike_W","Defend_W","Defend_W","Defend_W","Defend_W","Negative_Energy_Arrows","Bone_Wall","Vampiric_Strike","Summon_Undead","TheCursedMod:DemonicPact","Summon_Undead_Army","TheCursedMod:CircleOfCorruption","TheCursedMod:VoidForm","Blood_Curse","TheCursedMod:OutForBlood","TheCursedMod:CollectTribute","TheCursedMod:WearCloak","TheCursedMod:ManaCirculation","TheCursedMod:CursedBoomerang","TheCursedMod:TroublousMinions","TheCursedMod:CircleOfFlame+1"],"relics":["Vampire_Amulet","HornCleat","Replay:Bandana","Replay:Mystery Machine","downfall:HeartBlessingBlue","Mirror","CeramicFish","downfall:HeartBlessingRed","Philosopher\u0027s Stone"],"acts_visited":["TheCity"],"potions_floor_usage":[8,16,16,18],"damage_taken":[{"damage":0.0,"enemies":"Cultist","floor":1.0,"turns":3.0},{"damage":0.0,"enemies":"2 Louse","floor":2.0,"turns":1.0},{"damage":1.0,"enemies":"downfall:FleeingMerchant","floor":4.0,"turns":4.0},{"damage":3,"enemies":"Small Slimes","floor":6,"turns":2},{"damage":12,"enemies":"Gremlin Nob","floor":8,"turns":4},{"damage":10,"enemies":"Exordium Wildlife","floor":11,"turns":2},{"damage":14,"enemies":"Lagavulin","floor":12,"turns":5},{"damage":0,"enemies":"Gremlin Nob","floor":13,"turns":3},{"damage":10,"enemies":"3 Louse","floor":14,"turns":3},{"damage":47,"enemies":"DF_ARCHETYPE_STREAMLINE","floor":16,"turns":8},{"damage":4,"enemies":"Chosen","floor":18,"turns":4},{"damage":0,"enemies":"Spheric Guardian","floor":19,"turns":3},{"damage":34,"enemies":"Centurion and Healer","floor":20,"turns":6},{"damage":45,"enemies":"3 Cultists","floor":21,"turns":4}],"seed_played":"-8958747998436551286","potions_obtained":[{"floor":2.0,"key":"Swift Potion"},{"floor":6,"key":"LifebloodPotion"},{"floor":12,"key":"Weak Potion"},{"floor":14,"key":"Weak Potion"}],"is_trial":true,"path_per_floor":["M","M","?","$","?","M","T","E","T","R","M","E","E","M","R","B",null,"M","M","M","M"],"character_chosen":"NECROMANCER","items_purchased":["Summon_Undead_Army"],"campfire_rested":1,"item_purchase_floors":[4],"current_hp_per_floor":[70,75,75,75,75,74,74,65,65,75,72,60,62,58,83,40,74,75,77,47,7,7],"gold":399,"neow_bonus":"","is_daily":false,"chose_seed":false,"campfire_upgraded":0,"win_rate":0.0,"timestamp":1612843000,"path_taken":["M","M","?","$","?","M","T","E","?","R","?","E","?","M","R","BOSS","M","M","M","M"],"items_purchased_type":["Card"],"build_version":"2020-12-22","purchased_purges":0,"victory":false,"max_hp_per_floor":[75,75,75,75,75,75,75,75,75,85,85,85,85,85,85,85,85,85,85,85,85,85],"relic_stats":{"counters":[14,52],"CeramicFish":54,"obtain_stats":[{"Replay:Bandana":8,"HornCleat":3,"downfall:HeartBlessingRed":15,"downfall:HeartBlessingBlue":10,"CeramicFish":13,"Philosopher\u0027s Stone":17,"Vampire_Amulet":0,"Replay:Mystery Machine":9,"Mirror":12},{"Replay:Bandana":5,"HornCleat":2,"downfall:HeartBlessingRed":9,"downfall:HeartBlessingBlue":5,"CeramicFish":8,"Philosopher\u0027s Stone":10,"Vampire_Amulet":0,"Replay:Mystery Machine":5,"Mirror":7},{"Replay:Bandana":14,"HornCleat":4,"downfall:HeartBlessingRed":27,"downfall:HeartBlessingBlue":14,"CeramicFish":24,"Philosopher\u0027s Stone":35,"Vampire_Amulet":0,"Replay:Mystery Machine":14,"Mirror":21}]},"card_choices":[{"not_picked":["TheCursedMod:StingEye","Chill_Blood"],"picked":"Vampiric_Strike","floor":1.0},{"not_picked":["Epidemic","Death_Coil"],"picked":"Summon_Undead","floor":2.0},{"not_picked":["Bone_Armor","Finger_Of_Death"],"picked":"TheCursedMod:DemonicPact","floor":4.0},{"not_picked":["Bone_Bullets","Shade_Step"],"picked":"TheCursedMod:CircleOfCorruption","floor":6},{"not_picked":["TheCursedMod:ParallelWorld","TheCursedMod:UltimatePain"],"picked":"TheCursedMod:VoidForm","floor":8},{"not_picked":["Chill_Blood","Scare"],"picked":"Blood_Curse","floor":11},{"not_picked":["Grasp_Heart","TheCursedMod:ShockAndAwe"],"picked":"TheCursedMod:OutForBlood","floor":12},{"not_picked":["TheCursedMod:AntiAging","Summon_Death_Knight"],"picked":"TheCursedMod:CollectTribute","floor":13},{"not_picked":["TheCursedMod:CursedShiv","Bone_Bullets"],"picked":"TheCursedMod:WearCloak","floor":14},{"not_picked":["TheCursedMod:ForbiddenAlchemy","TheCursedMod:Neurasthenia"],"picked":"TheCursedMod:ManaCirculation","floor":16},{"not_picked":["Consume_Illness","TheCursedMod:FuryStrike+1"],"picked":"TheCursedMod:CursedBoomerang","floor":18},{"not_picked":["Death_March_Dance+1","TheCursedMod:WearCloak"],"picked":"TheCursedMod:TroublousMinions","floor":19},{"not_picked":["TheCursedMod:CircleOfAmplification","Life_Tap+1"],"picked":"TheCursedMod:CircleOfFlame+1","floor":20}],"player_experience":654696,"relics_obtained":[{"floor":3.0,"key":"HornCleat"},{"floor":8,"key":"Replay:Bandana"},{"floor":9,"key":"Replay:Mystery Machine"},{"floor":12,"key":"Mirror"},{"floor":13,"key":"CeramicFish"}],"event_choices":[],"is_beta":false,"boss_relics":[{"not_picked":["Velvet Choker","Ring of Chaos"],"picked":"Philosopher\u0027s Stone"}],"items_purged_floors":[],"is_endless":false,"potions_floor_spawned":[2,6,12,14],"killed_by":"3 Cultists","ascension_level":7}}