{"host":"tq99ucv8ezzqzioe","time":1612847887,"event":{"mods":["BaseMod","Colored Map","Downfall","Highlight Path","Minty Spire (QoL Compilation)","StSLib"],"gold_per_floor":[116,133,143,143,143,143,178,178,203,1,26,26,42,67,67,191,191,212,226,239,239,253,294,294,294,320,339,339,339],"floor_reached":28,"language":"ENG","playtime":6925,"items_purged":[],"score":339,"play_id":"6ba5557e-37a5-499d-af9c-3127e9773ee2","local_time":"20210209001807","is_ascension_mode":true,"campfire_choices":[{"data":"Zap","floor":6,"key":"SMITH"},{"floor":8,"key":"REST"},{"data":"Capacitor","floor":15,"key":"SMITH"},{"floor":24,"key":"RECALL"}],"circlet_count":0,"master_deck":["Defend_B","Defend_B","Defend_B","Defend_B","Zap+1","Dualcast","Panacea","FTL","Leap","BootSequence","Chill+1","Conserve Battery","Cold Snap","Cold Snap","Capacitor+1","Biased Cognition","Turbo+1","Go for the Eyes+1","Meteor Strike+1","Leap+1","Ball Lightning","Fusion+1","Leap","Glacier","Blizzard"],"relics":["Cracked Core","Golden Idol","Vajra","Orichalcum","Astrolabe","Bag of Preparation","Smiling Mask"],"acts_visited":["Exordium","TheCity"],"potions_floor_usage":[16,16,16,20,23],"damage_taken":[{"damage":1,"enemies":"Cultist","floor":1,"turns":4},{"damage":0,"enemies":"Small Slimes","floor":2,"turns":2},{"damage":0,"enemies":"2 Louse","floor":3,"turns":3},{"damage":26,"enemies":"3 Sentries","floor":7,"turns":9},{"damage":0,"enemies":"Gremlin Gang","floor":11,"turns":7},{"damage":0,"enemies":"2 Fungi Beasts","floor":13,"turns":3},{"damage":4,"enemies":"Blue Slaver","floor":14,"turns":3},{"damage":31,"enemies":"Hexaghost","floor":16,"turns":15},{"damage":0,"enemies":"Chosen","floor":18,"turns":7},{"damage":0,"enemies":"3 Byrds","floor":19,"turns":8},{"damage":25,"enemies":"3 Cultists","floor":20,"turns":8},{"damage":0,"enemies":"Shelled Parasite and Fungi","floor":22,"turns":8},{"damage":3,"enemies":"Book of Stabbing","floor":23,"turns":10},{"damage":9,"enemies":"Sentry and Sphere","floor":27,"turns":9},{"damage":23,"enemies":"3 Cultists","floor":28,"turns":6}],"seed_played":"-902995753501943378","potions_obtained":[{"floor":1,"key":"Block Potion"},{"floor":3,"key":"LiquidBronze"},{"floor":7,"key":"PowerPotion"},{"floor":18,"key":"EssenceOfSteel"},{"floor":19,"key":"SpeedPotion"},{"floor":27,"key":"Weak Potion"}],"is_trial":false,"path_per_floor":["M","M","M","?","?","R","E","R","T","$","M","?","M","M","R","B",null,"M","M","M","?","M","E","R","?","T","M","M"],"character_chosen":"DEFECT","items_purchased":["Orichalcum","Conserve Battery"],"campfire_rested":1,"item_purchase_floors":[10,10],"current_hp_per_floor":[67,67,67,49,49,49,23,45,45,45,45,45,45,41,41,10,59,59,59,34,34,34,31,31,31,31,22,0,0],"gold":339,"neow_bonus":"RANDOM_COLORLESS","is_daily":false,"chose_seed":false,"campfire_upgraded":2,"win_rate":0.0,"timestamp":1612847887,"path_taken":["M","M","?","?","?","R","E","R","T","$","?","?","M","M","R","BOSS","M","M","?","?","M","E","R","?","T","M","M"],"items_purchased_type":["Relic","Card"],"build_version":"2020-12-22","purchased_purges":0,"victory":false,"max_hp_per_floor":[75,75,75,75,75,75,75,75,75,75,75,75,75,75,75,75,75,75,75,75,75,75,75,75,75,75,75,75,75],"card_choices":[{"not_picked":["Purity","Good Instincts"],"picked":"Panacea","floor":0},{"not_picked":["Gash","Redo"],"picked":"FTL","floor":1},{"not_picked":["Barrage","Turbo"],"picked":"Leap","floor":2},{"not_picked":["Undo","Barrage"],"picked":"BootSequence","floor":3},{"not_picked":["Storm","Go for the Eyes"],"picked":"Chill","floor":7},{"not_picked":["Reboot","Gash"],"picked":"Cold Snap","floor":11},{"not_picked":["Stack","Ball Lightning"],"picked":"Cold Snap","floor":13},{"not_picked":["Leap","Beam Cell"],"picked":"Capacitor","floor":14},{"not_picked":["Machine Learning","Electrodynamics"],"picked":"Biased Cognition","floor":16},{"not_picked":["Rebound","Compile Driver"],"picked":"Leap+1","floor":18},{"not_picked":["Barrage","Turbo"],"picked":"Ball Lightning","floor":19},{"not_picked":["Gash+1","Undo"],"picked":"Fusion+1","floor":20},{"not_picked":["Hologram+1","Beam Cell"],"picked":"Leap","floor":22},{"not_picked":["Leap","Heatsinks"],"picked":"Glacier","floor":23},{"not_picked":["Creative AI","Hologram"],"picked":"Blizzard","floor":27}],"player_experience":936142,"relics_obtained":[{"floor":7,"key":"Vajra"},{"floor":23,"key":"Bag of Preparation"},{"floor":26,"key":"Smiling Mask"}],"event_choices":[{"damage_healed":0,"gold_gain":0,"player_choice":"Take Damage","damage_taken":18,"relics_obtained":["Golden Idol"],"max_hp_gain":0,"max_hp_loss":0,"event_name":"Golden Idol","floor":4,"gold_loss":0},{"cards_removed":["Strike_B"],"damage_healed":0,"gold_gain":0,"player_choice":"Purged","damage_taken":0,"max_hp_gain":0,"max_hp_loss":0,"event_name":"Purifier","floor":5,"gold_loss":0},{"damage_healed":0,"gold_gain":0,"player_choice":"Upgraded","damage_taken":0,"max_hp_gain":0,"max_hp_loss":0,"event_name":"Upgrade Shrine","floor":12,"gold_loss":0,"cards_upgraded":["Chill"]},{"damage_healed":0,"gold_gain":0,"player_choice":"Ignored","damage_taken":0,"max_hp_gain":0,"max_hp_loss":0,"event_name":"Cursed Tome","floor":21,"gold_loss":0}],"is_beta":false,"boss_relics":[{"not_picked":["SacredBark","Busted Crown"],"picked":"Astrolabe"}],"items_purged_floors":[],"is_endless":false,"potions_floor_spawned":[1,3,7,13,18,19,27],"killed_by":"3 Cultists","ascension_level":8}}