{"host":"fff5e1uasnm04x18","time":1612837174,"event":{"mods":["BaseMod","Highlight Path","Minty Spire (QoL Compilation)","StSLib"],"gold_per_floor":[117,134,134,147,167,193,204,204,204,234,253,270,220,220,220,316,316,328,328,328],"floor_reached":19,"language":"ENG","playtime":1075,"items_purged":[],"score":199,"play_id":"0584a2c5-8f51-4d89-8e18-e2aa1599cd73","local_time":"20210208211934","is_ascension_mode":true,"campfire_choices":[{"floor":8,"key":"REST"},{"floor":15,"key":"REST"}],"circlet_count":0,"master_deck":["Strike_G","Strike_G","Defend_G","Defend_G","Defend_G","Defend_G","Defend_G","Survivor","Neutralize","Night Terror","Skewer+1","Terror","Envenom","Deadly Poison+1"],"relics":["Ring of the Snake","Molten Egg 2","StoneCalendar","WingedGreaves","Black Star"],"acts_visited":["Exordium","TheCity"],"potions_floor_usage":[6,16,18],"damage_taken":[{"damage":0,"enemies":"Cultist","floor":1,"turns":4},{"damage":6,"enemies":"Jaw Worm","floor":2,"turns":6},{"damage":1,"enemies":"Small Slimes","floor":4,"turns":4},{"damage":11,"enemies":"3 Louse","floor":5,"turns":7},{"damage":27,"enemies":"Lagavulin","floor":6,"turns":10},{"damage":0,"enemies":"Exordium Wildlife","floor":7,"turns":4},{"damage":24,"enemies":"Gremlin Nob","floor":10,"turns":5},{"damage":0,"enemies":"Large Slime","floor":11,"turns":5},{"damage":11,"enemies":"Looter","floor":12,"turns":3},{"damage":37,"enemies":"The Guardian","floor":16,"turns":10},{"damage":41,"enemies":"2 Thieves","floor":18,"turns":4},{"damage":43,"enemies":"Masked Bandits","floor":19,"turns":3}],"seed_played":"-6842166174968478809","potions_obtained":[{"floor":5,"key":"AttackPotion"},{"floor":10,"key":"Fire Potion"},{"floor":11,"key":"SpeedPotion"},{"floor":12,"key":"Dexterity Potion"},{"floor":16,"key":"Swift Potion"}],"is_trial":false,"path_per_floor":["M","M","?","M","M","E","M","R","T","E","M","M","?","?","R","B",null,"M","?"],"character_chosen":"THE_SILENT","items_purchased":[],"campfire_rested":2,"item_purchase_floors":[],"current_hp_per_floor":[77,71,71,70,59,32,32,55,55,31,31,20,20,20,43,6,77,36,0,0],"gold":328,"neow_bonus":"TEN_PERCENT_HP_BONUS","is_daily":false,"chose_seed":false,"campfire_upgraded":0,"win_rate":0.0,"timestamp":1612837174,"path_taken":["M","?","?","M","M","E","M","R","T","E","M","?","?","?","R","BOSS","M","?"],"items_purchased_type":[],"build_version":"2020-12-22","purchased_purges":0,"victory":false,"max_hp_per_floor":[77,77,77,77,77,77,77,77,77,77,77,77,77,77,77,77,77,77,77,77],"card_choices":[{"not_picked":["Flying Knee","Outmaneuver","Calculated Gamble"],"picked":"SKIP","floor":1},{"not_picked":["Deadly Poison","PiercingWail","Eviscerate"],"picked":"SKIP","floor":2},{"not_picked":["Outmaneuver","Heel Hook"],"picked":"Night Terror","floor":4},{"not_picked":["Flying Knee","Dagger Spray","Bane"],"picked":"SKIP","floor":5},{"not_picked":["Tactician","Eviscerate+1"],"picked":"Skewer+1","floor":6},{"not_picked":["Deflect","Distraction","Dagger Throw+1"],"picked":"SKIP","floor":7},{"not_picked":["Unload+1","Dagger Throw+1","Infinite Blades"],"picked":"SKIP","floor":10},{"not_picked":["Bane+1","Flechettes+1","Accuracy"],"picked":"SKIP","floor":11},{"not_picked":["Blade Dance","Slice+1"],"picked":"Terror","floor":12},{"not_picked":["Doppelganger","Storm of Steel"],"picked":"Envenom","floor":16},{"not_picked":["PiercingWail","Deflect"],"picked":"Deadly Poison+1","floor":18}],"player_experience":533351,"relics_obtained":[{"floor":6,"key":"Molten Egg 2"},{"floor":9,"key":"StoneCalendar"},{"floor":10,"key":"WingedGreaves"}],"event_choices":[{"cards_removed":["Strike_G"],"damage_healed":0,"gold_gain":0,"player_choice":"Offered Basic","damage_taken":0,"max_hp_gain":0,"max_hp_loss":0,"event_name":"Bonfire Elementals","floor":3,"gold_loss":0},{"cards_removed":["Strike_G"],"damage_healed":0,"gold_gain":0,"player_choice":"Card Removal","damage_taken":0,"max_hp_gain":0,"max_hp_loss":0,"event_name":"The Cleric","floor":13,"gold_loss":50},{"cards_removed":["Strike_G"],"damage_healed":0,"gold_gain":0,"player_choice":"Forget","damage_taken":0,"max_hp_gain":0,"max_hp_loss":0,"event_name":"Living Wall","floor":14,"gold_loss":0},{"damage_healed":0,"gold_gain":0,"player_choice":"Fought Bandits","damage_taken":0,"max_hp_gain":0,"max_hp_loss":0,"event_name":"Masked Bandits","floor":19,"gold_loss":0}],"is_beta":false,"boss_relics":[{"not_picked":["Busted Crown","Pandora\u0027s Box"],"picked":"Black Star"}],"items_purged_floors":[],"is_endless":false,"potions_floor_spawned":[5,10,11,12,16],"killed_by":"Masked Bandits","ascension_level":2}}