{"host":"2lo6hma6kymb0g9i","time":1612859836,"event":{"mods":["BaseMod","Colored Map","DeckTracker","Minty Spire (QoL Compilation)"],"gold_per_floor":[111,123,137,152,170,202,202,202,202],"floor_reached":8,"language":"JPN","playtime":1351,"items_purged":[],"score":120,"play_id":"e1a121e0-ef08-4c01-8c50-291fb062c5fa","local_time":"20210209173716","is_ascension_mode":true,"campfire_choices":[{"data":"Corruption","floor":7,"key":"SMITH"}],"circlet_count":0,"master_deck":["AscendersBane","Strike_R","Strike_R","Strike_R","Defend_R","Defend_R","Defend_R","Defend_R","Bash","Dropkick","Barricade","Burning Pact","Pommel Strike","Dropkick","Battle Trance","Corruption+1"],"relics":["Burning Blood","Smiling Mask"],"acts_visited":["Exordium"],"potions_floor_usage":[4,6,8,8],"damage_taken":[{"damage":16,"enemies":"Jaw Worm","floor":1,"turns":5},{"damage":2,"enemies":"Cultist","floor":2,"turns":4},{"damage":8,"enemies":"2 Louse","floor":3,"turns":3},{"damage":4,"enemies":"Large Slime","floor":4,"turns":6},{"damage":11,"enemies":"Looter","floor":5,"turns":2},{"damage":57,"enemies":"Lagavulin","floor":6,"turns":8},{"damage":25,"enemies":"3 Sentries","floor":8,"turns":6}],"seed_played":"-2256815876181260618","potions_obtained":[{"floor":1,"key":"Dexterity Potion"},{"floor":3,"key":"Block Potion"},{"floor":4,"key":"Regen Potion"},{"floor":6,"key":"AttackPotion"}],"is_trial":false,"path_per_floor":["M","M","M","M","M","E","R","E"],"character_chosen":"IRONCLAD","items_purchased":[],"campfire_rested":0,"item_purchase_floors":[],"current_hp_per_floor":[58,62,60,62,57,18,18,0,0],"gold":202,"neow_bonus":"TRANSFORM_TWO_CARDS","is_daily":false,"chose_seed":false,"campfire_upgraded":1,"win_rate":0.0,"timestamp":1612859836,"path_taken":["M","M","M","M","M","E","R","E"],"items_purchased_type":[],"build_version":"2020-12-22","purchased_purges":0,"victory":false,"max_hp_per_floor":[68,68,68,68,68,68,68,68,68],"card_choices":[{"not_picked":["Body Slam","Sentinel"],"picked":"Burning Pact","floor":1},{"not_picked":["Clothesline","Body Slam"],"picked":"Pommel Strike","floor":2},{"not_picked":["Searing Blow","Flex"],"picked":"Dropkick","floor":3},{"not_picked":["Intimidate","Whirlwind"],"picked":"Battle Trance","floor":4},{"not_picked":["Sever Soul","Pommel Strike","Thunderclap"],"picked":"SKIP","floor":5},{"not_picked":["Sever Soul","Pommel Strike","Thunderclap"],"picked":"SKIP","floor":5},{"not_picked":["Pummel","Inflame"],"picked":"Corruption","floor":6}],"player_experience":1158092,"relics_obtained":[{"floor":6,"key":"Smiling Mask"}],"event_choices":[],"is_beta":false,"boss_relics":[],"items_purged_floors":[],"is_endless":false,"potions_floor_spawned":[1,3,4,6],"killed_by":"3 Sentries","ascension_level":20}}