{"host":"2q4w55ev63ot6isg","time":1612858996,"event":{"mods":["Aspiration","BaseMod","Downfall","Hubris","Marisa????????","Minty Spire (QoL Compilation)","Replay The Spire","StSLib","The Cursed","The Jungle","The Servant 0.9.4"],"gold_per_floor":[0,16,29,46,146,56,56,70,89,122,122,151,151,163,174,271,271,271,290,290,307,322,322,322,378,378,419,419,163,195,13,29,185,185,460,478,34,34,72,72,72,152,189,224,124,156,156,230,297,297],"floor_reached":51,"language":"ENG","playtime":2427,"items_purged":["bronze:Strike","Pain","Regret"],"score":1020,"play_id":"9ad450c7-bb65-4ec4-b50c-4f7ada7e15fe","local_time":"20210209002316","is_ascension_mode":true,"campfire_choices":[{"data":"bronze:Goto","floor":1,"key":"SMITH"},{"data":"bronze:GetLatest","floor":11,"key":"SMITH"},{"floor":13,"key":"REST"},{"data":"bronze:AlphaBuild","floor":18,"key":"SMITH"},{"data":"WitchOfGreed","floor":23,"key":"SMITH"},{"data":"bronze:DelayedSlice","floor":28,"key":"SMITH"},{"data":"BigCrunch","floor":45,"key":"SMITH"},{"data":"expansioncontent:DashGenerateEvil","floor":47,"key":"SMITH"}],"circlet_count":0,"master_deck":["bronze:Defend","bronze:Defend","bronze:Defend","bronze:Replicate","bronze:Goto+1","bronze:DelayedSlice+1","bronze:ChosenStrike","bronze:DelayedSlice","bronze:Iterate","bronze:GetLatest","bronze:GetLatest+1","bronze:InfiniteLoop","bronze:Return","bronze:FollowUp","bronze:AlphaBuild+1","GalacticHalo","WitchOfGreed+1","OortCloud","bronze:Repair","bronze:TinkerersToolbox","WitchOfGreed","Acceleration","DarkMatter","Dark Shackles","bronze:Frontload+1","WitchOfGreed","bronze:DelayedGuard","BigCrunch+1","DragonMeteor+1","bronze:Deprecate+1","bronze:Turbo+1","expansioncontent:DashGenerateEvil+1","bronze:ItsAFeature","EscapeVelocity","hubris:DuctTapeCard","MeteoricShower+1","WitchLeyline+1","DragonMeteor"],"relics":["bronze:BronzeCore","hubris:64BitClover","Happy Flower","Guardian:GemstoneGun","Snack Pack","aspiration:AnachronicSnailShell","aspiration:MarisaSkillbook","hubris:Icosahedron","aspiration:Lifesprig","Red Mask","Vajra","BargainBundle","Medical Kit","Guardian:PocketSentry","Orichalcum","Lantern","Astrolabe","Bag of Marbles","Ring of Fury","Gremlin Horn","hubris:DuctTape","CaptainsWheel","downfall:HeartBlessingGreen","Durian"],"acts_visited":["Exordium","TheCity","TheBeyond"],"potions_floor_usage":[10,16,25,29,29,30,31,31,33,36,42,44,46,49,49,49,49,50,50],"damage_taken":[{"damage":0,"enemies":"Small Slimes","floor":2,"turns":4},{"damage":1,"enemies":"Cultist","floor":3,"turns":3},{"damage":0,"enemies":"2 Louse","floor":4,"turns":2},{"damage":0,"enemies":"downfall:FleeingMerchant","floor":6,"turns":4},{"damage":8,"enemies":"Gremlin Gang","floor":8,"turns":3},{"damage":1,"enemies":"2 Fungi Beasts","floor":9,"turns":2},{"damage":13,"enemies":"Gremlin Nob","floor":10,"turns":3},{"damage":0,"enemies":"Replay:BlueRogue","floor":12,"turns":3},{"damage":0,"enemies":"3 Louse","floor":14,"turns":1},{"damage":5,"enemies":"Exordium Thugs","floor":15,"turns":2},{"damage":8,"enemies":"SI_SHIV_ARCHETYPE","floor":16,"turns":4},{"damage":0,"enemies":"Shell Parasite","floor":19,"turns":2},{"damage":3,"enemies":"Chosen","floor":21,"turns":2},{"damage":11,"enemies":"3 Cultists","floor":22,"turns":4},{"damage":3,"enemies":"Masked Bandits","floor":25,"turns":4},{"damage":4,"enemies":"Snecko","floor":27,"turns":2},{"damage":0,"enemies":"downfall:FleeingMerchant","floor":29,"turns":4},{"damage":0,"enemies":"Chosen and Byrds","floor":30,"turns":4},{"damage":0,"enemies":"downfall:FleeingMerchant","floor":31,"turns":2},{"damage":4,"enemies":"Snake Plant","floor":32,"turns":2},{"damage":23,"enemies":"DF_ARCHETYPE_CLAW","floor":33,"turns":7},{"damage":8,"enemies":"3 Darklings","floor":36,"turns":3},{"damage":0,"enemies":"Orb Walker","floor":39,"turns":1},{"damage":8,"enemies":"Giant Head","floor":42,"turns":8},{"damage":0,"enemies":"3 Darklings","floor":43,"turns":2},{"damage":10,"enemies":"R_Hoarder","floor":44,"turns":2},{"damage":0,"enemies":"Nemesis","floor":46,"turns":1},{"damage":9,"enemies":"Transient","floor":48,"turns":5},{"damage":0,"enemies":"Writhing Mass","floor":49,"turns":1},{"damage":0,"enemies":"WA_ARCHETYPE_DIVINITY","floor":50,"turns":3}],"seed_played":"7168723019627022734","potions_obtained":[{"floor":8,"key":"BlessingOfTheForge"},{"floor":9,"key":"Guardian:BlockOnCardUsePotion"},{"floor":12,"key":"Milkshake"},{"floor":16,"key":"Elixir"},{"floor":21,"key":"EssenceOfSteel"},{"floor":25,"key":"bronze:BurnAndBuffPotion"},{"floor":29,"key":"Ancient Potion"},{"floor":30,"key":"PowerPotion"},{"floor":30,"key":"BlessingOfTheForge"},{"floor":33,"key":"Fire Potion"},{"floor":33,"key":"Toxic Potion"},{"floor":33,"key":"BlessingOfTheForge"},{"floor":39,"key":"SpeedPotion"},{"floor":42,"key":"bronze:BuildAFunctionPotion"},{"floor":42,"key":"Elixir"},{"floor":43,"key":"bronze:FreeFunctionsPotion"},{"floor":43,"key":"EntropicBrew"},{"floor":44,"key":"AttackPotion"},{"floor":48,"key":"EntropicBrew"},{"floor":49,"key":"PowerPotion"},{"floor":49,"key":"ColorlessPotion"},{"floor":49,"key":"FearPotion"}],"is_trial":false,"path_per_floor":["R","M","M","M","?","$","T","M","M","E","R","E","R","M","M","B",null,"R","M","?","M","M","R","T","?","?","M","R","$","M","$","M","B",null,"R","M","$","?","M","?","T","E","M","E","R","E","R","M","M","B",null],"character_chosen":"THE_AUTOMATON","items_purchased":["BargainBundle","WitchOfGreed","Acceleration","DarkMatter","Dark Shackles","Master of Strategy","Energy Potion","Medical Kit","Guardian:PocketSentry","Orichalcum","WitchOfGreed","expansioncontent:DashGenerateEvil","Bag of Marbles"],"campfire_rested":1,"item_purchase_floors":[29,29,29,29,29,29,29,31,31,31,31,37,37],"current_hp_per_floor":[70,70,69,69,69,69,69,61,60,47,47,47,68,70,67,66,70,70,70,70,67,61,61,61,60,60,60,60,70,70,70,66,49,70,70,66,66,66,70,70,70,62,64,60,60,67,67,75,80,80],"gold":297,"neow_bonus":"ONE_RARE_RELIC","is_daily":false,"chose_seed":false,"campfire_upgraded":7,"win_rate":0.0,"timestamp":1612858996,"path_taken":["R","M","M","M","?","?","T","M","?","E","R","E","R","M","M","BOSS","R","M","?","M","M","R","T","?","?","M","R","$","M","$","M","BOSS","R","M","$","?","M","?","T","E","M","E","R","E","R","?","M","BOSS"],"items_purchased_type":["Relic","Card","Card","Card","Card","Card","Potion","Relic","Relic","Relic","Card","Card","Relic"],"build_version":"2020-12-22","purchased_purges":3,"victory":true,"max_hp_per_floor":[70,70,70,70,70,70,70,70,70,70,70,70,70,70,70,70,70,70,70,70,70,70,70,70,70,70,70,70,70,70,70,70,70,70,70,70,70,70,70,70,70,70,70,70,70,75,75,75,80,80],"card_choices":[{"not_picked":["bronze:Overheat","bronze:WhirlingStrike"],"picked":"bronze:DelayedSlice","floor":2},{"not_picked":["bronze:Overload","bronze:Shield"],"picked":"bronze:ChosenStrike","floor":3},{"not_picked":["bronze:WhirlingStrike","bronze:BuggyMess","bronze:Shield"],"picked":"SKIP","floor":4},{"not_picked":["bronze:CutThrough","bronze:MaxOutput"],"picked":"bronze:DelayedSlice","floor":6},{"not_picked":["bronze:Overheat","bronze:BuggyMess"],"picked":"bronze:Iterate","floor":8},{"not_picked":["bronze:BitShift","bronze:Deprecate"],"picked":"bronze:GetLatest","floor":9},{"not_picked":["bronze:Shield","bronze:FineTuning"],"picked":"bronze:GetLatest","floor":10},{"not_picked":["bronze:BuggyMess","bronze:Terminator"],"picked":"bronze:InfiniteLoop","floor":12},{"not_picked":["bronze:Deprecate","bronze:Backtrace"],"picked":"bronze:Return","floor":14},{"not_picked":["bronze:Iterate","bronze:CutThrough"],"picked":"bronze:FollowUp","floor":15},{"not_picked":["bronze:SpaghettiCode","bronze:FindAndReplace"],"picked":"bronze:AlphaBuild","floor":16},{"not_picked":["EarthLightRay","WitchLeyline","LuminesStrike+1"],"picked":"GalacticHalo","floor":19},{"not_picked":["bronze:Deprecate","bronze:CloningBeam","MilkyWay+1"],"picked":"WitchOfGreed","floor":21},{"not_picked":["SporeBomb","bronze:Frontload","LuminesStrike"],"picked":"OortCloud","floor":22},{"not_picked":["bronze:WhirlingStrike+1","DC+1","bronze:OilSpill"],"picked":"bronze:Repair","floor":25},{"not_picked":["bronze:Repulsor","NonDirectionalLaser","bronze:Allocate","6A"],"picked":"SKIP","floor":27},{"not_picked":["bronze:BuggyMess+1","bronze:DelayedSlice","IllusionStar+1"],"picked":"bronze:TinkerersToolbox","floor":29},{"not_picked":["bronze:Shield","EnergyFlow+1","ShootingEcho"],"picked":"bronze:Frontload+1","floor":30},{"not_picked":["Robbery","bronze:DelayedSlice","bronze:Branch","GrandCross"],"picked":"SKIP","floor":31},{"not_picked":["StarBarrage","bronze:WildBeam","BlazeAway"],"picked":"bronze:DelayedGuard","floor":32},{"not_picked":["bronze:ThunderWave","TreasureHunter","ManaRampage"],"picked":"BigCrunch","floor":33},{"not_picked":["bronze:FollowUp+1","bronze:Iterate","RefractionSpark+1"],"picked":"bronze:Turbo+1","floor":36},{"not_picked":["ShootTheMoon+1","bronze:DigitalCarnage+1","DoubleSpark+1"],"picked":"bronze:ItsAFeature","floor":39},{"not_picked":["bronze:Repair","6A","UnstableBomb","ManaConvection"],"picked":"SKIP","floor":42},{"not_picked":["bronze:Frontload+1","AsteroidBelt+1","bronze:WildBeam"],"picked":"MeteoricShower+1","floor":43},{"not_picked":["bronze:CloningBeam+1","bronze:Return","BlazingStar","PowerUp"],"picked":"SKIP","floor":44},{"not_picked":["bronze:ChosenStrike","bronze:Deprecate+1","bronze:Virus"],"picked":"WitchLeyline+1","floor":46},{"not_picked":["Robbery","bronze:FollowUp","AsteroidBelt+1"],"picked":"DragonMeteor","floor":48},{"not_picked":["bronze:Separator+1","bronze:DelayedGuard","GrandCross+1","bronze:CleanCode"],"picked":"SKIP","floor":49}],"player_experience":239448,"relics_obtained":[{"floor":7,"key":"Happy Flower"},{"floor":10,"key":"Guardian:GemstoneGun"},{"floor":12,"key":"Snack Pack"},{"floor":15,"key":"aspiration:AnachronicSnailShell"},{"floor":24,"key":"aspiration:Lifesprig"},{"floor":25,"key":"Red Mask"},{"floor":32,"key":"Lantern"},{"floor":38,"key":"Ring of Fury"},{"floor":41,"key":"Gremlin Horn"},{"floor":42,"key":"hubris:DuctTape"},{"floor":44,"key":"CaptainsWheel"},{"floor":46,"key":"Durian"}],"event_choices":[{"damage_healed":0,"gold_gain":0,"player_choice":"Fought Bandits","damage_taken":0,"max_hp_gain":0,"max_hp_loss":0,"event_name":"Masked Bandits","floor":25,"gold_loss":0}],"is_beta":false,"boss_relics":[{"not_picked":["Runic Pyramid","hubris:ScarierMask"],"picked":"aspiration:MarisaSkillbook"},{"not_picked":["Painkiller Herb","hubris:VirtuousBlindfold"],"picked":"Astrolabe"}],"items_purged_floors":[6,29,37],"is_endless":false,"potions_floor_spawned":[8,9,12,16,21,27,30,33,39,43,44,49],"ascension_level":1}}