{"host":"oehe2dxjvdgux73m","time":1612883407,"event":{"mods":["AchievementEnabler","BaseMod","Colored Map","Colored Powertips","DeckTracker","Keyboard Shortcuts","Minty Spire (QoL Compilation)","Permanent Neow","Quick Restart","StSLib","SuperFastMode"],"gold_per_floor":[118,132,143,143,153,153,167,198,248,323,338,357,327,341,341,439,439,456,45,45,20,119,119,129,129,129,129,129,158,1,20,20,117,117,132,145,162,179,37,70,70,97,142,173,185,210,222,234,246,258],"floor_reached":51,"language":"KOR","playtime":1864,"items_purged":["Strike_B"],"score":913,"play_id":"b5f93ad8-9b1d-4fe7-a5d9-73e016a1b604","local_time":"20210210001007","is_ascension_mode":true,"campfire_choices":[{"data":"Genetic Algorithm","floor":6.0,"key":"SMITH"},{"data":"Loop","floor":15.0,"key":"SMITH"},{"data":"Defragment","floor":23.0,"key":"SMITH"},{"data":"Turbo","floor":25.0,"key":"SMITH"},{"data":"Dualcast","floor":27.0,"key":"SMITH"},{"data":"Heatsinks","floor":32.0,"key":"SMITH"},{"floor":41.0,"key":"REST"},{"floor":47,"key":"REST"},{"floor":49,"key":"REST"}],"circlet_count":0,"master_deck":["Defend_B+1","Defend_B","Defend_B","Zap","Dualcast+1","Reboot","Conserve Battery","Compile Driver","Genetic Algorithm+1","Skim","Rebound","FTL","Streamline","Darkness","Loop+1","Reboot","Force Field","Defragment+1","Turbo+1","Doom and Gloom","Coolheaded","Hello World+1","Defragment","Double Energy","Core Surge","Heatsinks+1","Echo Form","Storm+1","Steam Power+1","Reinforced Body","Glacier+1","Capacitor","Thunder Strike","Redo+1","Reboot","Reinforced Body+1","Conserve Battery+1","White Noise+1","Hologram+1"],"relics":["Cracked Core","Dream Catcher","Akabeko","Sozu","MealTicket","The Courier","Matryoshka","Fusion Hammer","Toy Ornithopter","War Paint","MawBank","Nunchaku"],"acts_visited":["Exordium","TheCity","TheBeyond"],"potions_floor_usage":[],"damage_taken":[{"damage":8.0,"enemies":"2 Louse","floor":1.0,"turns":4.0},{"damage":3.0,"enemies":"Jaw Worm","floor":2.0,"turns":6.0},{"damage":0.0,"enemies":"Cultist","floor":3.0,"turns":3.0},{"damage":2.0,"enemies":"2 Fungi Beasts","floor":5.0,"turns":3.0},{"damage":0.0,"enemies":"Large Slime","floor":7.0,"turns":4.0},{"damage":26.0,"enemies":"Lagavulin","floor":8.0,"turns":7.0},{"damage":3.0,"enemies":"Blue Slaver","floor":11.0,"turns":3.0},{"damage":0.0,"enemies":"Looter","floor":12.0,"turns":3.0},{"damage":0.0,"enemies":"Large Slime","floor":14.0,"turns":4.0},{"damage":18.0,"enemies":"The Guardian","floor":16.0,"turns":9.0},{"damage":2.0,"enemies":"Chosen","floor":18.0,"turns":4.0},{"damage":0.0,"enemies":"3 Byrds","floor":24.0,"turns":4.0},{"damage":0.0,"enemies":"Gremlin Leader","floor":29.0,"turns":5.0},{"damage":3.0,"enemies":"3 Cultists","floor":31.0,"turns":4.0},{"damage":21.0,"enemies":"Automaton","floor":33.0,"turns":7.0},{"damage":9.0,"enemies":"Orb Walker","floor":35.0,"turns":4.0},{"damage":8.0,"enemies":"3 Shapes","floor":36.0,"turns":3.0},{"damage":23.0,"enemies":"Maw","floor":37.0,"turns":6.0},{"damage":3.0,"enemies":"4 Shapes","floor":38.0,"turns":4.0},{"damage":13.0,"enemies":"Reptomancer","floor":40.0,"turns":5.0},{"damage":32.0,"enemies":"Nemesis","floor":42.0,"turns":7.0},{"damage":18,"enemies":"Transient","floor":44,"turns":5},{"damage":5,"enemies":"Maw","floor":46,"turns":7},{"damage":26,"enemies":"Awakened One","floor":50,"turns":15}],"seed_played":"3631143879762010913","potions_obtained":[{"floor":1.0,"key":"FairyPotion"},{"floor":2.0,"key":"DistilledChaos"},{"floor":5.0,"key":"Regen Potion"},{"floor":13.0,"key":"Swift Potion"},{"floor":13.0,"key":"BlessingOfTheForge"}],"is_trial":false,"path_per_floor":["M","M","M","?","M","R","M","E","T","?","M","M","?","M","R","B",null,"M","$","?","$","?","R","M","R","T","R","?","E","$","M","R","B",null,"M","M","M","M","$","E","R","E","T","M","?","M","R","?","R","B",null],"character_chosen":"DEFECT","items_purchased":["Defragment","Turbo","Doom and Gloom","MealTicket","Coolheaded","Double Energy","Core Surge","Capacitor","Thunder Strike"],"campfire_rested":3,"item_purchase_floors":[19,19,19,19,21,30,30,39,39],"current_hp_per_floor":[67,64,64,57,55,55,55,44,44,33,30,30,30,30,30,12,75,73,73,73,75,75,75,75,75,75,75,75,75,75,72,72,51,75,66,58,35,32,47,34,56,24,24,6,6,1,22,22,43,17],"gold":270,"neow_bonus":"TRANSFORM_CARD","is_daily":false,"chose_seed":false,"campfire_upgraded":6,"win_rate":0.0,"timestamp":1612883407,"path_taken":["M","M","M","?","M","R","M","E","T","?","M","M","?","?","R","BOSS","M","$","?","$","?","R","M","R","T","R","?","E","$","M","R","BOSS","M","M","M","M","$","E","R","E","T","M","?","M","R","?","R","BOSS"],"items_purchased_type":["Card","Card","Card","Relic","Card","Card","Card","Card","Card"],"build_version":"2020-12-22","purchased_purges":1,"victory":true,"max_hp_per_floor":[75,75,75,75,75,75,75,75,75,75,75,75,75,75,75,75,75,75,75,75,75,75,75,75,75,75,75,75,75,75,75,75,75,75,75,75,75,75,75,75,75,75,75,75,71,71,71,71,71,71],"card_choices":[{"not_picked":["Recycle","Coolheaded"],"picked":"Conserve Battery","floor":1.0},{"not_picked":["Conserve Battery","Stack"],"picked":"Compile Driver","floor":2.0},{"not_picked":["Sweeping Beam","Conserve Battery"],"picked":"Genetic Algorithm","floor":3.0},{"not_picked":["Stack","Hyperbeam"],"picked":"Skim","floor":5.0},{"not_picked":["Steam","Go for the Eyes"],"picked":"Rebound","floor":7.0},{"not_picked":["Steam Power","Redo"],"picked":"FTL","floor":8.0},{"not_picked":["Leap","Hello World"],"picked":"Streamline","floor":11.0},{"not_picked":["Storm","Leap"],"picked":"Darkness","floor":12.0},{"not_picked":["FTL","Sweeping Beam"],"picked":"Loop","floor":14.0},{"not_picked":["Hyperbeam","All For One"],"picked":"Reboot","floor":16.0},{"not_picked":["Compile Driver+1","Steam"],"picked":"Force Field","floor":18.0},{"not_picked":["Redo+1","Coolheaded"],"picked":"Hello World+1","floor":24.0},{"not_picked":["Hello World","White Noise"],"picked":"Defragment","floor":29.0},{"not_picked":["Leap+1","Loop"],"picked":"Heatsinks","floor":31.0},{"not_picked":["Rainbow","Hyperbeam"],"picked":"Echo Form","floor":33.0},{"not_picked":["Go for the Eyes","Fusion+1"],"picked":"Storm+1","floor":35.0},{"not_picked":["Ball Lightning","Recycle+1"],"picked":"Steam Power+1","floor":36.0},{"not_picked":["Cold Snap","Ball Lightning+1"],"picked":"Reinforced Body","floor":37.0},{"not_picked":["Leap","Sweeping Beam+1"],"picked":"Glacier+1","floor":38.0},{"not_picked":["Melter+1","Gash+1"],"picked":"Redo+1","floor":40.0},{"not_picked":["Cold Snap+1","Beam Cell"],"picked":"Reboot","floor":41.0},{"not_picked":["Undo","Hyperbeam"],"picked":"Reinforced Body","floor":42},{"not_picked":["Self Repair+1","Storm+1","Steam+1"],"picked":"SKIP","floor":44},{"not_picked":["Rebound","Chill"],"picked":"Conserve Battery+1","floor":46},{"not_picked":["Beam Cell+1","Hologram"],"picked":"White Noise+1","floor":47},{"not_picked":["Rip and Tear+1","Steam"],"picked":"Hologram+1","floor":49}],"player_experience":438458,"relics_obtained":[{"floor":8.0,"key":"Dream Catcher"},{"floor":9.0,"key":"Akabeko"},{"floor":26.0,"key":"The Courier"},{"floor":29.0,"key":"Matryoshka"},{"floor":40.0,"key":"Toy Ornithopter"},{"floor":42,"key":"War Paint"},{"floor":43,"key":"MawBank"},{"floor":43,"key":"Nunchaku"}],"event_choices":[{"cards_removed":["Strike_B"],"damage_healed":0.0,"max_hp_gain":0.0,"max_hp_loss":0.0,"gold_gain":0.0,"event_name":"Golden Wing","player_choice":"Card Removal","floor":4.0,"gold_loss":0.0,"damage_taken":7.0},{"damage_healed":0.0,"max_hp_gain":0.0,"max_hp_loss":0.0,"gold_gain":75.0,"event_name":"World of Goop","player_choice":"Gather Gold","floor":10.0,"gold_loss":0.0,"damage_taken":11.0},{"damage_healed":0.0,"max_hp_gain":0.0,"max_hp_loss":0.0,"gold_gain":0.0,"event_name":"The Woman in Blue","player_choice":"Bought 2 Potions","floor":13.0,"gold_loss":0.0,"damage_taken":0.0},{"damage_healed":0.0,"max_hp_gain":0.0,"max_hp_loss":0.0,"gold_gain":0.0,"event_name":"The Mausoleum","player_choice":"Ignored","floor":20.0,"gold_loss":0.0,"damage_taken":0.0},{"damage_healed":0.0,"max_hp_gain":0.0,"max_hp_loss":0.0,"gold_gain":99.0,"event_name":"Nest","player_choice":"Stole From Cult","floor":22.0,"gold_loss":0.0,"damage_taken":0.0},{"cards_removed":["Strike_B"],"damage_healed":0.0,"max_hp_gain":0.0,"max_hp_loss":0.0,"gold_gain":0.0,"event_name":"Back to Basics","player_choice":"Elegance","floor":28.0,"gold_loss":0.0,"damage_taken":0.0},{"damage_healed":0,"gold_gain":0,"player_choice":"Max HP","damage_taken":0,"max_hp_gain":0,"max_hp_loss":4,"event_name":"Winding Halls","floor":45,"gold_loss":0},{"cards_removed":["Defend_B"],"damage_healed":0,"gold_gain":0,"player_choice":"Removed Skill","damage_taken":0,"max_hp_gain":0,"max_hp_loss":0,"event_name":"Falling","floor":48,"gold_loss":0}],"is_beta":false,"boss_relics":[{"not_picked":["Velvet Choker","Black Star"],"picked":"Sozu"},{"not_picked":["Coffee Dripper","Calling Bell"],"picked":"Fusion Hammer"}],"items_purged_floors":[19],"is_endless":false,"potions_floor_spawned":[1,2,5,29,31,35,36,46],"ascension_level":3}}