{"host":"ib4947y98yjgoq3r","time":1612905811,"event":{"mods":["BaseMod","Duelist Mod","Friendly Minions","Hubris","Infinite Spire","Kiyohime????","Marisa????????","Minty Spire (QoL Compilation)","Rare Cards Sparkle","Replay The Spire","StSLib","The Animator","The Bladedancer","The Bug Knight","The Cursed","The Exalted","Wandering Minibosses"],"gold_per_floor":[114,131,231,247,258,284,175,175,222,257,352,352,270,288,288,385,385,398,418,418,435,435,460,460,473,523,223,252,269,280,195,195,299,299,310,310,310],"floor_reached":38,"language":"ENG","playtime":2931,"items_purged":["HollowMod:NailStrikeStart","HollowMod:QuickDashStart"],"score":474,"play_id":"5966ff34-ae74-48d8-8e97-48935b434c63","local_time":"20210209222331","is_ascension_mode":false,"campfire_choices":[{"data":"HollowMod:PogoStrike","floor":8,"key":"SMITH"},{"floor":12,"key":"REST"},{"floor":15,"key":"REST"},{"data":"HollowMod:SoulMaster","floor":24,"key":"SMITH"},{"floor":32,"key":"REST"}],"circlet_count":0,"master_deck":["HollowMod:NailStrikeStart","HollowMod:NailStrikeStart","HollowMod:NailStrikeStart","HollowMod:QuickDashStart","HollowMod:QuickDashStart","HollowMod:QuickDashStart","HollowMod:FocusHealStart","HollowMod:HowlingWraiths","HollowMod:DashSlash+1","HollowMod:DashSlash+1","HollowMod:ZotesMagnificence+1","hubris:DuctTapeCard+2","HollowMod:CrystalDash","HollowMod:SoulMaster+1","AbeCurse","HollowMod:CornifersMapStart+1","HollowMod:CornifersMapStart","HollowMod:PureNailStrike+1","HollowMod:SoulVessel","HollowMod:SoulSplash","HollowMod:ShapeofUnn+1","HollowMod:SoulMaster+1"],"relics":["HollowMod:VesselMask","NeowsBlessing","Molten Egg 2","Strawberry","hubris:DuctTape","HollowMod:PaleOreRelic","Abe\u0027s Treasure","hubris:VirtuousBlindfold","Lizard Tail","Pet Ghost","Toy Ornithopter","Replay:Rubber Ducky","Frozen Egg 2","Replay:Bottled Snecko","Fusion Hammer"],"acts_visited":["Exordium","TheCity","TheBeyond"],"potions_floor_usage":[33,37,37],"damage_taken":[{"damage":0,"enemies":"Jaw Worm","floor":1,"turns":1},{"damage":0,"enemies":"infinitespire:Voidling","floor":2,"turns":1},{"damage":0,"enemies":"Cultist","floor":4,"turns":1},{"damage":5,"enemies":"Looter","floor":5,"turns":3},{"damage":18,"enemies":"Replay:BlueRogue","floor":6,"turns":8},{"damage":27,"enemies":"Lagavulin","floor":10,"turns":6},{"damage":0,"enemies":"2 Fungi Beasts","floor":14,"turns":2},{"damage":22,"enemies":"HollowMod:FalseKnight","floor":16,"turns":9},{"damage":0,"enemies":"Chosen","floor":18,"turns":4},{"damage":10,"enemies":"3 Byrds","floor":19,"turns":5},{"damage":0,"enemies":"3 Cultists","floor":21,"turns":4},{"damage":3,"enemies":"Gremlin Leader","floor":23,"turns":5},{"damage":15,"enemies":"Sentry and Sphere","floor":25,"turns":4},{"damage":0,"enemies":"theDuelist:KaibaA2","floor":28,"turns":2},{"damage":9,"enemies":"Chosen and Byrds","floor":29,"turns":3},{"damage":3,"enemies":"Centurion and Healer","floor":30,"turns":3},{"damage":30,"enemies":"HollowMod:NKGrimm","floor":33,"turns":6},{"damage":18,"enemies":"3 Shapes","floor":35,"turns":3},{"damage":88,"enemies":"Replay:Hell Engine","floor":37,"turns":13}],"seed_played":"7649267638682970521","potions_obtained":[{"floor":1,"key":"Reflective Coating"},{"floor":6,"key":"Energy Potion"},{"floor":16,"key":"Energy Potion"},{"floor":25,"key":"infinitespire:BlackPotion"}],"is_trial":false,"path_per_floor":["M","M","?","M","M","E","$","R","T","E","?","R","$","M","R","B",null,"M","M","AVR","M","?","E","R","M","T","$","E","M","M","?","R","B",null,"M","?","B",null],"character_chosen":"THE_BUGKNIGHT","items_purchased":["HollowMod:DashSlash+1","HollowMod:CrystalDash","HollowMod:SoulSplash","Replay:Rubber Ducky"],"campfire_rested":3,"item_purchase_floors":[7,13,27,27],"current_hp_per_floor":[75,75,75,75,70,62,62,62,69,52,32,56,56,56,80,64,82,82,72,72,72,72,69,69,60,60,60,60,51,48,48,72,53,82,64,64,41],"gold":310,"neow_bonus":"THREE_ENEMY_KILL","is_daily":false,"chose_seed":false,"campfire_upgraded":2,"win_rate":0.0,"timestamp":1612905811,"path_taken":["M","M","?","M","?","E","?","R","T","E","?","R","?","M","R","BOSS","M","M","AVR","M","?","E","R","?","T","$","E","M","M","?","R","BOSS","M","?","BOSS"],"items_purchased_type":["Card","Card","Card","Relic"],"build_version":"2020-12-22","purchased_purges":2,"victory":true,"max_hp_per_floor":[75,75,75,75,75,75,75,75,82,82,82,82,82,82,82,82,82,82,82,82,82,82,82,82,82,82,82,82,82,82,82,82,82,82,82,82,82],"card_choices":[{"not_picked":["HollowMod:MawleksShell","HollowMod:SharpenedNail","HollowMod:ShadowDash"],"picked":"SKIP","floor":1},{"not_picked":["HollowMod:DescendingDark","HollowMod:SharpenedNail"],"picked":"HollowMod:HowlingWraiths","floor":2},{"not_picked":["HollowMod:AbyssShriek","HollowMod:SharpenedNail"],"picked":"HollowMod:SoulStrike","floor":4},{"not_picked":["HollowMod:DescendingDark","HollowMod:InfectedCysts","HollowMod:ChannelNail"],"picked":"SKIP","floor":5},{"not_picked":["HollowMod:SoulShaman","HollowMod:GrimmsGift","HollowMod:NewJinnsSoul"],"picked":"SKIP","floor":6},{"not_picked":["HollowMod:NewLittleFool+1","HollowMod:SoulEater"],"picked":"HollowMod:ZotesMagnificence+1","floor":10},{"not_picked":["HollowMod:VengefulVoid+1","HollowMod:GreatSlash+1","HollowMod:TaintedHusks"],"picked":"SKIP","floor":14},{"not_picked":["HollowMod:theNailsmith","HollowMod:LifebloodCore"],"picked":"HollowMod:SoulMaster","floor":16},{"not_picked":["HollowMod:InfectedAttack+1","HollowMod:TaintedHusks+1"],"picked":"HollowMod:CornifersMapStart+1","floor":18},{"not_picked":["HollowMod:TaintedHusks","HollowMod:ShadowDash","HollowMod:BlackTendrils+1"],"picked":"SKIP","floor":19},{"not_picked":["HollowMod:DreamGate","HollowMod:ShapeofUnn"],"picked":"HollowMod:CornifersMapStart","floor":21},{"not_picked":["HollowMod:BlackTendrils+1","HollowMod:VengefulVoid+1"],"picked":"HollowMod:PureNailStrike+1","floor":23},{"not_picked":["HollowMod:GreatSlash+1","HollowMod:CornifersMapStart"],"picked":"HollowMod:SoulVessel","floor":25},{"not_picked":["HollowMod:ChannelNail","HollowMod:VengefulVoid+1"],"picked":"HollowMod:ShapeofUnn+1","floor":28},{"not_picked":["HollowMod:PerfectDash+1","HollowMod:LifebloodCocoon","HollowMod:HuntersJournal"],"picked":"SKIP","floor":29},{"not_picked":["HollowMod:SoulShaman","HollowMod:TaintedHusks"],"picked":"HollowMod:SoulMaster+1","floor":30},{"not_picked":["HollowMod:SiblingsSouls+1","HollowMod:PerfectDash","HollowMod:GoodIntentions+1"],"picked":"SKIP","floor":35}],"player_experience":297070,"relics_obtained":[{"floor":6,"key":"Molten Egg 2"},{"floor":9,"key":"Strawberry"},{"floor":10,"key":"hubris:DuctTape"},{"floor":11,"key":"HollowMod:PaleOreRelic"},{"floor":23,"key":"Pet Ghost"},{"floor":26,"key":"Toy Ornithopter"},{"floor":28,"key":"Frozen Egg 2"}],"event_choices":[{"damage_healed":0,"gold_gain":100,"player_choice":"Pray","damage_taken":0,"max_hp_gain":0,"max_hp_loss":0,"event_name":"Golden Shrine","floor":3,"gold_loss":0},{"damage_healed":0,"gold_gain":0,"player_choice":"Bought 0 Potions","damage_taken":0,"max_hp_gain":0,"max_hp_loss":0,"event_name":"The Woman in Blue","floor":22,"gold_loss":0},{"damage_healed":0,"gold_gain":0,"player_choice":"Obtained Relic","damage_taken":0,"relics_obtained":["Replay:Bottled Snecko"],"max_hp_gain":0,"max_hp_loss":0,"event_name":"Addict","floor":31,"gold_loss":85},{"damage_healed":0,"gold_gain":0,"player_choice":"Took Portal","damage_taken":0,"max_hp_gain":0,"max_hp_loss":0,"event_name":"SecretPortal","floor":36,"gold_loss":0}],"is_beta":false,"boss_relics":[{"not_picked":["Kintsugi","Honey Jar"],"picked":"Abe\u0027s Treasure"},{"not_picked":["Runic Dome","Snecko Eye"],"picked":"Fusion Hammer"}],"items_purged_floors":[7,27],"is_endless":false,"potions_floor_spawned":[1,6,16,21,25,28],"ascension_level":0}}