{"host":"746m694if73h3gai","time":1612865375,"event":{"mods":["2.2 Compatiblity","AchievementEnabler","Act Like it!","BaseMod","Colored Map","Colored Powertips","Minty Spire (QoL Compilation)","Quick Restart","Rare Cards Sparkle","Relic Stats","StSLib","everything is the same but u backflip on backflip","slay the spire mod where everything is the same but ironclad has a cowboy hat"],"gold_per_floor":[116,116,130,145,164,164,192,192,274,289,289,289],"floor_reached":11,"language":"ENG","playtime":471,"items_purged":[],"score":104,"play_id":"07f3192a-600c-4631-ad27-d39239b45532","local_time":"20210209110935","is_ascension_mode":true,"campfire_choices":[{"data":"Evaluate","floor":6,"key":"SMITH"},{"data":"Brilliance","floor":8,"key":"SMITH"}],"circlet_count":0,"master_deck":["Strike_P","Strike_P","Strike_P","Strike_P","Defend_P+1","Defend_P","Defend_P","Defend_P","Eruption","Vigilance+1","Brilliance+1","EmptyFist","Prostrate","Prostrate","Evaluate+1","Prostrate","Prostrate"],"relics":["PureWater","Du-Vu Doll","Gremlin Horn"],"acts_visited":["Exordium"],"potions_floor_usage":[11],"damage_taken":[{"damage":0,"enemies":"Cultist","floor":1,"turns":2},{"damage":0,"enemies":"Jaw Worm","floor":3,"turns":3},{"damage":0,"enemies":"Small Slimes","floor":4,"turns":4},{"damage":0,"enemies":"Blue Slaver","floor":5,"turns":3},{"damage":1,"enemies":"Lagavulin","floor":7,"turns":7},{"damage":0,"enemies":"Exordium Thugs","floor":10,"turns":4},{"damage":54,"enemies":"Gremlin Nob","floor":11,"turns":5}],"seed_played":"-5528774736862918384","potions_obtained":[{"floor":1,"key":"Energy Potion"},{"floor":7,"key":"Energy Potion"},{"floor":10,"key":"Energy Potion"}],"is_trial":false,"path_per_floor":["M","?","M","M","M","R","E","R","T","M","E"],"character_chosen":"WATCHER","items_purchased":[],"campfire_rested":0,"item_purchase_floors":[],"current_hp_per_floor":[51,37,37,37,37,37,36,36,36,36,0,0],"gold":289,"neow_bonus":"THREE_RARE_CARDS","is_daily":false,"chose_seed":false,"campfire_upgraded":2,"win_rate":0.0,"timestamp":1612865375,"path_taken":["M","?","M","M","M","R","E","R","T","M","E"],"items_purchased_type":[],"build_version":"2020-12-22","purchased_purges":0,"victory":false,"max_hp_per_floor":[72,72,72,72,72,72,72,72,72,72,72,72],"relic_stats":{"Gremlin Horn":[1,1],"counters":[7,28],"obtain_stats":[{"Du-Vu Doll":7,"Gremlin Horn":9,"PureWater":0},{"Du-Vu Doll":5,"Gremlin Horn":5,"PureWater":0},{"Du-Vu Doll":19,"Gremlin Horn":19,"PureWater":0}]},"card_choices":[{"not_picked":["SpiritShield","Omniscience"],"picked":"Brilliance","floor":0},{"not_picked":["Sanctity","BowlingBash"],"picked":"EmptyFist","floor":1},{"not_picked":["CarveReality","EmptyFist"],"picked":"Prostrate","floor":3},{"not_picked":["Worship","CutThroughFate"],"picked":"Prostrate","floor":4},{"not_picked":["FlurryOfBlows","Protect"],"picked":"Evaluate","floor":5},{"not_picked":["Consecrate","Tantrum"],"picked":"Prostrate","floor":7},{"not_picked":["Consecrate","WindmillStrike"],"picked":"Prostrate","floor":10}],"player_experience":91861,"relics_obtained":[{"floor":7,"key":"Du-Vu Doll"},{"floor":9,"key":"Gremlin Horn"}],"event_choices":[{"damage_healed":0,"gold_gain":0,"player_choice":"Entered Light","damage_taken":14,"max_hp_gain":0,"max_hp_loss":0,"event_name":"Shining Light","floor":2,"gold_loss":0,"cards_upgraded":["Defend_P","Vigilance"]}],"is_beta":false,"boss_relics":[],"items_purged_floors":[],"is_endless":false,"potions_floor_spawned":[1,7,10],"killed_by":"Gremlin Nob","ascension_level":1}}