{"host":"2q82lssse0ckn8xu","time":1612858316,"event":{"mods":["AchievementEnabler","BaseMod","Colored Map","Colored Powertips","Minty Spire (QoL Compilation)","Permanent Neow","Quick Restart","StSLib","The Saiyan","Unceasing Turn Reminder"],"gold_per_floor":[14,34,49,61,61,61,88,163,186,224,248,260,301,325,337,450,462,493,505,459,483,505,517,529,529],"floor_reached":24,"language":"ENG","playtime":1204,"items_purged":[],"score":327,"play_id":"167cdfd1-b6c6-4bf2-bbbb-b83e8fcb8eba","local_time":"20210209134156","is_ascension_mode":true,"campfire_choices":[{"floor":6,"key":"REST"},{"floor":12,"key":"REST"},{"floor":15,"key":"REST"},{"floor":23,"key":"REST"}],"circlet_count":0,"master_deck":["AscendersBane","Strike_P","Strike_P+1","Strike_P+1","Defend_P+1","Defend_P+1","Defend_P","Defend_P+1","Eruption+1","Vigilance+1","LessonLearned","Wallop+1","WindmillStrike","Study","ClearTheMind+1","WindmillStrike","Alpha+1","ReachHeaven","CutThroughFate","DevaForm","Collect","Prostrate+1","PathToVictory"],"relics":["HolyWater","MealTicket","Toy Ornithopter","MawBank","Calipers","Peace Pipe","Akabeko"],"acts_visited":["Exordium","TheCity"],"potions_floor_usage":[7,11,16],"damage_taken":[{"damage":4,"enemies":"Small Slimes","floor":1,"turns":4},{"damage":2,"enemies":"Jaw Worm","floor":2,"turns":3},{"damage":0,"enemies":"Cultist","floor":3,"turns":2},{"damage":1,"enemies":"3 Louse","floor":4,"turns":4},{"damage":18,"enemies":"Gremlin Nob","floor":7,"turns":3},{"damage":8,"enemies":"Lagavulin","floor":10,"turns":6},{"damage":2,"enemies":"Lots of Slimes","floor":11,"turns":3},{"damage":12,"enemies":"3 Sentries","floor":13,"turns":8},{"damage":34,"enemies":"Exordium Thugs","floor":14,"turns":7},{"damage":13,"enemies":"Slime Boss","floor":16,"turns":5},{"damage":0,"enemies":"Chosen","floor":18,"turns":4},{"damage":28,"enemies":"3 Byrds","floor":21,"turns":4},{"damage":30,"enemies":"Snake Plant","floor":22,"turns":4},{"damage":11,"enemies":"Centurion and Healer","floor":24,"turns":3}],"seed_played":"336261826341214951","potions_obtained":[{"floor":1,"key":"SteroidPotion"},{"floor":4,"key":"SkillPotion"},{"floor":10,"key":"DistilledChaos"},{"floor":21,"key":"Fire Potion"},{"floor":22,"key":"Weak Potion"}],"is_trial":false,"path_per_floor":["M","M","M","M","?","R","E","?","T","E","M","R","E","M","R","B",null,"M","?","?","M","M","R","M"],"character_chosen":"WATCHER","items_purchased":[],"campfire_rested":4,"item_purchase_floors":[],"current_hp_per_floor":[61,59,59,58,46,67,49,38,38,30,33,54,42,8,29,21,59,59,59,59,31,1,22,11,11],"gold":529,"neow_bonus":"THREE_RARE_CARDS","is_daily":false,"chose_seed":false,"campfire_upgraded":0,"win_rate":0.0,"timestamp":1612858316,"path_taken":["M","M","M","M","?","R","E","?","T","E","M","R","E","M","R","BOSS","M","?","?","?","M","R","M"],"items_purchased_type":[],"build_version":"2020-12-22","purchased_purges":0,"victory":false,"max_hp_per_floor":[72,72,72,72,72,72,72,72,72,72,72,72,72,72,72,72,72,72,72,72,72,72,72,72,72],"card_choices":[{"not_picked":["Vault","Establishment"],"picked":"LessonLearned","floor":0},{"not_picked":["Perseverance","Protect"],"picked":"Wallop","floor":1},{"not_picked":["FearNoEvil","CutThroughFate"],"picked":"WindmillStrike","floor":2},{"not_picked":["FlurryOfBlows","Consecrate"],"picked":"Study","floor":3},{"not_picked":["BowlingBash","Halt"],"picked":"ClearTheMind","floor":4},{"not_picked":["Halt","JustLucky","EmptyBody"],"picked":"SKIP","floor":7},{"not_picked":["EmptyBody","WreathOfFlame"],"picked":"WindmillStrike","floor":10},{"not_picked":["SashWhip","FollowUp"],"picked":"Alpha","floor":11},{"not_picked":["CrushJoints","FlyingSleeves"],"picked":"ReachHeaven","floor":13},{"not_picked":["CrushJoints","EmptyFist"],"picked":"CutThroughFate","floor":14},{"not_picked":["Scrawl","LessonLearned"],"picked":"DevaForm","floor":16},{"not_picked":["WreathOfFlame","ClearTheMind"],"picked":"Collect","floor":18},{"not_picked":["Wallop","Meditate"],"picked":"Prostrate+1","floor":21},{"not_picked":["JustLucky","Halt+1"],"picked":"PathToVictory","floor":22}],"player_experience":681516,"relics_obtained":[{"floor":7,"key":"Toy Ornithopter"},{"floor":9,"key":"MawBank"},{"floor":10,"key":"Calipers"},{"floor":13,"key":"Peace Pipe"}],"event_choices":[{"damage_healed":0,"gold_gain":0,"player_choice":"Success","damage_taken":12,"relics_obtained":["MealTicket"],"max_hp_gain":0,"max_hp_loss":0,"event_name":"Scrap Ooze","floor":5,"gold_loss":0},{"damage_healed":0,"gold_gain":75,"player_choice":"Gather Gold","damage_taken":11,"max_hp_gain":0,"max_hp_loss":0,"event_name":"World of Goop","floor":8,"gold_loss":0},{"cards_removed":["Strike_P"],"damage_healed":0,"gold_gain":0,"player_choice":"Elegance","damage_taken":0,"max_hp_gain":0,"max_hp_loss":0,"event_name":"Back to Basics","floor":19,"gold_loss":0},{"damage_healed":0,"gold_gain":0,"player_choice":"Paid Gold","damage_taken":0,"relics_obtained":["Akabeko"],"max_hp_gain":0,"max_hp_loss":0,"event_name":"WeMeetAgain","floor":20,"gold_loss":58}],"is_beta":false,"boss_relics":[{"not_picked":["VioletLotus","Empty Cage"],"picked":"HolyWater"}],"items_purged_floors":[],"is_endless":false,"potions_floor_spawned":[1,4,10,21,22],"killed_by":"Centurion and Healer","ascension_level":10}}