{"host":"mv9iawyrph7ym8en","time":1612881014,"event":{"mods":["Act Like it!","Aspiration","BaseMod","Conspire","Defuse TimeMaze Blight","Downfall","Minty Spire (QoL Compilation)","Replay The Spire","Ryuuou¡˙Õı","Shop Mod","Spicy Shops","StSLib","TestMod","[IsaacMod]“‘»ˆº‚À˛"],"gold_per_floor":[210,210,210,64,64,159,219,260,294,0,0,73,73,164,191,311,311,135,211,266,0,49,118,198,212,212,282,336,407,1,82,140,269,269,475,512,633,96,40,51,77,92,127,284,454,579,663,916,948,948,948,1142,7,86,86,86,86],"floor_reached":55,"language":"ZHS","playtime":3744,"items_purged":["Doubt","champ:Strike","champ:Defend"],"score":1234,"play_id":"11571479-e618-4574-a73f-0404e7e5c343","local_time":"20210209223014","is_ascension_mode":true,"campfire_choices":[{"floor":11.0,"key":"RECALL"},{"data":"champ:PerfectedStrike","floor":13.0,"key":"SMITH"},{"data":"champ:SwordSigil","floor":18.0,"key":"SMITH"},{"floor":35.0,"key":"REST"},{"floor":46.0,"key":"REST"},{"floor":54.0,"key":"REST"}],"circlet_count":0,"master_deck":["champ:Strike","champ:Strike","champ:Strike","champ:Defend+1","champ:Defend","champ:Execute+1","champ:Taunt","BettingIsNotGood+1","champ:ShieldSigil","champ:Endure","champ:PerfectedStrike+1","champ:Devastate","champ:EnGarde","champ:LastStand","champ:FocusedBerserking","champ:SwordSigil+1","champ:VampiricStrike","champ:TripleStrike","champ:CrownThrow+1","champ:PerfectedStrike+1","champ:EndlessRage+1","champ:FlashCut","champ:DancingMaster","champ:LastStand","champ:RageSigil","champ:Improvising","champ:UltimateStance","champ:IronFortress","champ:PerfectedStrike+1","champ:CheapShot","champ:StrikeOfGenius","champ:Backstep","champ:PerfectedStrike+1","champ:FancyFootwork"],"relics":["champ:ChampionCrown","testmod-TestBox","HushsDoor","testmod-SaigiyounoYou","downfall:HeartsMalice","BloodDonationBag","Happy Flower","Strawberry","testmod-Antiphasic","Kunai","Lee\u0027s Waffle","Guardian:PocketSentry","aspiration:AnachronicSnailShell","testmod-LifeArmor","bronze:MakeshiftBattery","downfall:HeartBlessingRed","downfall:HeartBlessingGreen","downfall:HeartBlessingBlue","conspire:Dentures","Bag of Preparation","Gremlin Food","Question Card","BookofShadows","Blue Doll","Chaos","Replay:Wax Seal","Durian","Pear","champ:DefensiveTrainingManual","Calipers","Blood Vial","ReplayTheSpireMod:TigerMarble","testmod-Brilliant","Bottled Flame","Replay:Mystery Machine","conspire:DeflatedDodgeball","testmod-MagicalMallet","CeramicFish","testmod-AssaultLearning","Vajra","Mummified Hand","ReplayTheSpireMod:Ninjato","MagicMushroom"],"acts_visited":["Exordium","TheCity","TheBeyond","TheEnding"],"potions_floor_usage":[],"damage_taken":[{"damage":0.0,"enemies":"Cultist","floor":2.0,"turns":1.0},{"damage":0.0,"enemies":"downfall:FleeingMerchant","floor":4.0,"turns":1.0},{"damage":0.0,"enemies":"Jaw Worm","floor":5.0,"turns":1.0},{"damage":0.0,"enemies":"Small Slimes","floor":6.0,"turns":3.0},{"damage":39.0,"enemies":"Gremlin Gang","floor":8.0,"turns":5.0},{"damage":17.0,"enemies":"Gremlin Nob","floor":9.0,"turns":3.0},{"damage":10.0,"enemies":"downfall:FleeingMerchant","floor":10.0,"turns":4.0},{"damage":21.0,"enemies":"3 Sentries","floor":12.0,"turns":7.0},{"damage":30.0,"enemies":"Lagavulin","floor":14.0,"turns":7.0},{"damage":31.0,"enemies":"Lots of Slimes","floor":15.0,"turns":4.0},{"damage":44.0,"enemies":"DF_ARCHETYPE_STREAMLINE","floor":16.0,"turns":8.0},{"damage":0.0,"enemies":"Shell Parasite","floor":19.0,"turns":3.0},{"damage":10.0,"enemies":"Chosen","floor":20.0,"turns":3.0},{"damage":36.0,"enemies":"downfall:FleeingMerchant","floor":21.0,"turns":4.0},{"damage":40.0,"enemies":"Centurion and Healer","floor":22.0,"turns":5.0},{"damage":10.0,"enemies":"conspire:SneckoGhost","floor":23.0,"turns":5.0},{"damage":30.0,"enemies":"Snecko","floor":25.0,"turns":4.0},{"damage":15.0,"enemies":"Hiden Room Battle","floor":27.0,"turns":3.0},{"damage":10.0,"enemies":"Replay:Snechameleon","floor":28.0,"turns":3.0},{"damage":10.0,"enemies":"conspire:HollyBat","floor":29.0,"turns":8.0},{"damage":40.0,"enemies":"downfall:FleeingMerchant","floor":30.0,"turns":4.0},{"damage":0.0,"enemies":"Gremlin Leader","floor":31.0,"turns":3.0},{"damage":33.0,"enemies":"Shelled Parasite and Fungi","floor":32.0,"turns":4.0},{"damage":39.0,"enemies":"IC_MUSHROOM_ARCHETYPE","floor":33.0,"turns":5.0},{"damage":31.0,"enemies":"3 Shapes","floor":36.0,"turns":4.0},{"damage":0.0,"enemies":"3 Darklings","floor":37.0,"turns":7.0},{"damage":0.0,"enemies":"downfall:FleeingMerchant","floor":38.0,"turns":1.0},{"damage":56.0,"enemies":"Sphere and 2 Shapes","floor":40.0,"turns":4.0},{"damage":0.0,"enemies":"4 Shapes","floor":42.0,"turns":2.0},{"damage":20.0,"enemies":"R_Hoarder","floor":43.0,"turns":6.0},{"damage":10.0,"enemies":"Transient","floor":44.0,"turns":5.0},{"damage":35.0,"enemies":"Nemesis","floor":45.0,"turns":5.0},{"damage":6.0,"enemies":"conspire:MimicChest","floor":47.0,"turns":3.0},{"damage":25.0,"enemies":"R_Hoarder","floor":48.0,"turns":5.0},{"damage":5.0,"enemies":"3 Darklings","floor":49.0,"turns":1.0},{"damage":42.0,"enemies":"WA_ARCHETYPE_DIVINITY","floor":50.0,"turns":8.0},{"damage":45.0,"enemies":"downfall:CharBossMerchant","floor":52.0,"turns":9.0},{"damage":0,"enemies":"downfall:NeowBoss","floor":55,"turns":1}],"seed_played":"-1755731543605164323","potions_obtained":[{"floor":6.0,"key":"champ:TechniquePotion"},{"floor":9.0,"key":"LiquidMemories"},{"floor":12.0,"key":"Block Potion"},{"floor":16.0,"key":"champ:TechniquePotion"},{"floor":22.0,"key":"testmod-SpacePotion"},{"floor":23.0,"key":"testmod-SpacePotion"},{"floor":25.0,"key":"Strength Potion"},{"floor":28.0,"key":"Swift Potion"},{"floor":31.0,"key":"DuplicationPotion"},{"floor":33.0,"key":"Elixir"},{"floor":37.0,"key":"AttackPotion"},{"floor":43.0,"key":"Fire Potion"},{"floor":44.0,"key":"SteroidPotion"},{"floor":48.0,"key":"Adrenaline Potion"},{"floor":52.0,"key":"Elixir"}],"is_trial":false,"path_per_floor":["R","M","T","$","M","M","T","M","E","$","R","E","R","E","M","B",null,"R","M","M","$","M","E","T","M","?","?","E","M","$","E","M","B",null,"R","M","M","?","$","M","T","M","E","M","E","R","?","E","M","B",null,"E","$","R","B"],"character_chosen":"THE_CHAMP","items_purchased":["Happy Flower","Kunai","Lee\u0027s Waffle","Guardian:PocketSentry","aspiration:AnachronicSnailShell","champ:EndlessRage+1","conspire:Dentures","Bag of Preparation","Replay:Wax Seal","Durian","Pear","champ:DefensiveTrainingManual","champ:UltimateStance","champ:IronFortress","ReplayTheSpireMod:TigerMarble","testmod-Brilliant","Bottled Flame","Replay:Mystery Machine","testmod-SpacePotion","conspire:DeflatedDodgeball","MagicMushroom"],"campfire_rested":3,"item_purchase_floors":[4,10,10,10,10,21,21,21,30,30,30,30,34,34,38,38,38,38,38,39,53],"current_hp_per_floor":[90,90,90,90,90,86,80,81,81,54,54,70,70,70,70,83,104,90,93,94,60,72,80,80,88,88,81,86,91,60,62,64,64,122,96,101,103,106,60,67,67,75,98,92,93,100,103,77,77,94,122,108,115,128,129,129,129],"gold":86,"neow_bonus":"THREE_ENEMY_KILL","is_daily":false,"chose_seed":false,"campfire_upgraded":2,"win_rate":0.0,"timestamp":1612881014,"path_taken":["R","M","?","?","M","M","T","M","E","$","R","E","R","E","M","BOSS","R","M","M","$","M","E","T","M","?","?","E","M","$","E","M","BOSS","R","M","M","?","$","M","T","M","E","M","E","R","?","E","M","BOSS","E","$","R","BOSS"],"items_purchased_type":["Relic","Relic","Relic","Relic","Relic","Card","Relic","Relic","Relic","Relic","Relic","Relic","Card","Card","Relic","Relic","Relic","Relic","Potion","Relic","Relic"],"build_version":"2020-12-22","purchased_purges":3,"victory":false,"max_hp_per_floor":[90,90,90,90,90,90,97,97,97,104,104,104,104,104,104,104,104,114,114,114,114,114,114,114,114,114,114,114,114,129,129,129,129,122,122,122,122,122,122,122,122,122,122,122,122,122,122,122,122,122,122,122,129,129,129,129,129],"card_choices":[{"not_picked":[],"picked":"BettingIsNotGood","floor":0.0},{"not_picked":["champ:PerfectedStrike","champ:CrownThrow"],"picked":"champ:ShieldSigil","floor":2.0},{"not_picked":["champ:DeathBlow","champ:FlashCut"],"picked":"champ:Endure","floor":4.0},{"not_picked":["champ:RapidStrikes","champ:EnGarde"],"picked":"champ:PerfectedStrike","floor":5.0},{"not_picked":["champ:CrookedStrike","champ:HeartStrike"],"picked":"champ:Devastate","floor":6.0},{"not_picked":["champ:DeathBlow","champ:GutPunch"],"picked":"champ:EnGarde","floor":8.0},{"not_picked":["champ:FlashCut","champ:StanceDance"],"picked":"champ:LastStand","floor":9.0},{"not_picked":["champ:EnragedBash","champ:DefensiveShout"],"picked":"champ:FocusedBerserking","floor":10.0},{"not_picked":["champ:DefensiveStyle","champ:FlashCut"],"picked":"champ:SwordSigil","floor":12.0},{"not_picked":["champ:PerfectedStrike","champ:CrownThrow"],"picked":"champ:VampiricStrike","floor":14.0},{"not_picked":["champ:HeartStrike","champ:FanOfKnives","champ:ShieldSigil"],"picked":"SKIP","floor":15.0},{"not_picked":["champ:HeavySlash","champ:SwordThrow"],"picked":"champ:TripleStrike","floor":16.0},{"not_picked":["champ:StanceDance+1","champ:DefensiveShout"],"picked":"champ:CrownThrow+1","floor":19.0},{"not_picked":["champ:StanceDance","champ:CrookedStrike","champ:Haymaker"],"picked":"SKIP","floor":20.0},{"not_picked":["champ:EnGarde","champ:BladeFlurry+1"],"picked":"champ:PerfectedStrike","floor":21.0},{"not_picked":["champ:Shatter","champ:EnGarde","champ:Circumvent+1"],"picked":"SKIP","floor":22.0},{"not_picked":["champ:GladiatorStyle","champ:Lariat","champ:ShieldSigil"],"picked":"SKIP","floor":23.0},{"not_picked":["champ:Devastate","champ:StanceDance","champ:ShieldWall"],"picked":"champ:FlashCut","floor":25.0},{"not_picked":["champ:FanOfKnives","champ:ArenaPreparation","champ:Parry"],"picked":"champ:LastStand","floor":28.0},{"not_picked":["champ:FlashCut","champ:ShieldSigil","champ:GutPunch","champ:CrownThrow+1"],"picked":"SKIP","floor":29.0},{"not_picked":["champ:DefensiveShout","champ:FlashCut","champ:GutPunch+1","champ:BladeFlurry"],"picked":"SKIP","floor":30.0},{"not_picked":["champ:ShieldSigil","champ:RapidStrikes+1","champ:Circumvent"],"picked":"champ:RageSigil","floor":31.0},{"not_picked":["champ:FlashCut","champ:IgnorePain","champ:FaceSlap","champ:GladiatorStyle+1"],"picked":"SKIP","floor":32.0},{"not_picked":["champ:GladiatorForm","champ:Devastate","champ:MurderStrike"],"picked":"champ:Improvising","floor":33.0},{"not_picked":["champ:Backstep+1","champ:RisingSlash+1","champ:FanOfKnives+1","champ:ViciousMockery+1"],"picked":"SKIP","floor":36.0},{"not_picked":["champ:BerserkersShout","champ:CalledShot+1","champ:FocusedDefense+1"],"picked":"champ:PerfectedStrike+1","floor":37.0},{"not_picked":["champ:Endure+1","champ:CrownThrow+1","champ:EnGarde+1","champ:RecklessLeap+1"],"picked":"SKIP","floor":38.0},{"not_picked":["champ:IronFortress+1","champ:SwordSigil","champ:GutPunch"],"picked":"champ:CheapShot","floor":40.0},{"not_picked":["champ:BringItOn+1","champ:BerserkerStyle+1","champ:ShieldSlam+1","champ:GutPunch"],"picked":"SKIP","floor":42.0},{"not_picked":["champ:GutPunch+1","champ:PreciseThrust+1","champ:StanceDance+1"],"picked":"champ:StrikeOfGenius","floor":43.0},{"not_picked":["champ:ShieldSigil","champ:RisingSlash","champ:CrookedStrike","champ:Backstep"],"picked":"SKIP","floor":44.0},{"not_picked":["champ:EndlessRage","champ:GutPunch+1","champ:AdrenalArmor+1","champ:FocusedDefense"],"picked":"SKIP","floor":45.0},{"not_picked":["champ:DefensiveShout","champ:BringItOn+1","champ:BerserkerStyle"],"picked":"champ:Backstep","floor":47.0},{"not_picked":["champ:SwordSigil","champ:Circumvent+1","champ:DefensiveShout","champ:StanceDance"],"picked":"SKIP","floor":48.0},{"not_picked":["champ:SteelEdge","champ:CrownThrow+1","champ:Shatter"],"picked":"champ:PerfectedStrike+1","floor":49.0},{"not_picked":["champ:Backstep+1","champ:DefensiveShout+1","champ:GladiatorStyle"],"picked":"champ:FancyFootwork","floor":52.0}],"player_experience":645667,"relics_obtained":[{"floor":7.0,"key":"Strawberry"},{"floor":9.0,"key":"testmod-Antiphasic"},{"floor":12.0,"key":"testmod-LifeArmor"},{"floor":23.0,"key":"Gremlin Food"},{"floor":24.0,"key":"Question Card"},{"floor":27.0,"key":"BookofShadows"},{"floor":27.0,"key":"Blue Doll"},{"floor":28.0,"key":"Chaos"},{"floor":31.0,"key":"Calipers"},{"floor":41.0,"key":"testmod-MagicalMallet"},{"floor":43.0,"key":"CeramicFish"},{"floor":45.0,"key":"testmod-AssaultLearning"},{"floor":47.0,"key":"Vajra"},{"floor":48.0,"key":"Mummified Hand"},{"floor":52.0,"key":"ReplayTheSpireMod:Ninjato"}],"event_choices":[{"damage_healed":0.0,"max_hp_gain":0.0,"max_hp_loss":0.0,"gold_gain":0.0,"event_name":"HidenRoomEvent","player_choice":"Fight","floor":27.0,"gold_loss":0.0,"damage_taken":0.0}],"is_beta":false,"boss_relics":[{"not_picked":["Honey Jar","testmod-Temperance"],"picked":"bronze:MakeshiftBattery"},{"not_picked":[]},{"not_picked":["SacredBark","Toxic Egg 2"],"picked":"Blood Vial"},{"not_picked":[]}],"items_purged_floors":[10,38,53],"is_endless":false,"potions_floor_spawned":[6,9,12,16,22,23,25,28,31,33,37,43,44,45,48,52],"killed_by":"downfall:NeowBoss","ascension_level":1}}