{"host":"88hg6ocvqrqxrx5h","time":1612850733,"event":{"mods":["2.2 Compatiblity","BaseMod","Bestiary","Block Reminder","Colored Map","DeckTracker","Highlight Path","Minty Spire (QoL Compilation)","Relic Stats","Unceasing Turn Reminder","slay the spire mod where everything is the same but ironclad has a cowboy hat"],"gold_per_floor":[117,117,38,38,38,38,71,91,91,91,115,184,134,169,169,288,288,301,314,330,429,344,379,392,392,417,417,452,148,148,148,148,148,148],"floor_reached":33,"language":"ENG","playtime":1023,"items_purged":["Strike_R"],"score":440,"play_id":"cf900980-537c-4eb8-8f24-747e175979aa","local_time":"20210208220533","is_ascension_mode":true,"campfire_choices":[{"data":"Rupture","floor":6.0,"key":"SMITH"},{"data":"Bludgeon","floor":10.0,"key":"SMITH"},{"data":"Shrug It Off","floor":15.0,"key":"SMITH"},{"floor":25.0,"key":"REST"},{"data":"Shrug It Off","floor":27.0,"key":"SMITH"},{"floor":32.0,"key":"RECALL"}],"circlet_count":0,"master_deck":["Strike_R","Strike_R","Strike_R","Defend_R","Defend_R","Defend_R+1","Defend_R","Bash","Rupture+1","Bludgeon+1","Shrug It Off+1","Iron Wave","Shrug It Off+1","Cleave","Limit Break","Havoc+1","Flex","Dual Wield+1","Exhume","Inflame","Intimidate+1","Bloodletting+1","Inflame","Mind Blast","Jack Of All Trades","Dark Shackles"],"relics":["Burning Blood","NeowsBlessing","Golden Idol","FossilizedHelix","Blood Vial","Kunai","Juzu Bracelet","Calipers","Snecko Eye","MealTicket","Sundial","War Paint","Orrery"],"acts_visited":["Exordium","TheCity"],"potions_floor_usage":[33,33],"damage_taken":[{"damage":0.0,"enemies":"Jaw Worm","floor":1.0,"turns":1.0},{"damage":0.0,"enemies":"3 Sentries","floor":7.0,"turns":1.0},{"damage":0.0,"enemies":"Small Slimes","floor":8.0,"turns":1.0},{"damage":0.0,"enemies":"Cultist","floor":11.0,"turns":2.0},{"damage":10.0,"enemies":"Gremlin Nob","floor":12.0,"turns":4.0},{"damage":16.0,"enemies":"Gremlin Nob","floor":14.0,"turns":4.0},{"damage":46.0,"enemies":"Hexaghost","floor":16.0,"turns":8.0},{"damage":6.0,"enemies":"Chosen","floor":18.0,"turns":3.0},{"damage":14.0,"enemies":"2 Thieves","floor":19.0,"turns":4.0},{"damage":19.0,"enemies":"3 Cultists","floor":20.0,"turns":7.0},{"damage":6.0,"enemies":"Gremlin Leader","floor":23.0,"turns":6.0},{"damage":11.0,"enemies":"Snecko","floor":24.0,"turns":5.0},{"damage":36.0,"enemies":"Slavers","floor":28.0,"turns":6.0},{"damage":27,"enemies":"Champ","floor":33,"turns":6}],"seed_played":"8714748646717388561","potions_obtained":[{"floor":11.0,"key":"DuplicationPotion"},{"floor":12.0,"key":"Swift Potion"},{"floor":14.0,"key":"SkillPotion"},{"floor":19.0,"key":"PowerPotion"},{"floor":20.0,"key":"LiquidBronze"},{"floor":24.0,"key":"SpeedPotion"}],"is_trial":false,"path_per_floor":["M","?","$","?","$","R","E","M","T","R","M","?","?","E","R","B",null,"M","M","M","?","?","E","M","R","T","R","E","$","?","?","R","B"],"character_chosen":"IRONCLAD","items_purchased":["Rupture","Inflame","Orrery"],"campfire_rested":1,"item_purchase_floors":[3,29,29],"current_hp_per_floor":[78,74,74,74,74,74,74,74,74,74,74,70,70,62,62,24,62,64,58,47,47,47,49,46,68,68,68,40,55,55,22,22,0,0],"gold":148,"neow_bonus":"THREE_ENEMY_KILL","is_daily":false,"chose_seed":false,"campfire_upgraded":4,"win_rate":0.0,"timestamp":1612850733,"path_taken":["M","?","$","?","$","R","E","?","T","R","M","?","?","E","R","BOSS","M","M","M","?","?","E","M","R","T","R","E","$","?","?","R","BOSS"],"items_purchased_type":["Card","Card","Relic"],"build_version":"2020-12-22","purchased_purges":1,"victory":false,"max_hp_per_floor":[80,74,74,74,74,74,74,74,74,74,74,74,74,74,74,74,74,74,74,74,74,74,74,74,74,74,74,74,74,74,74,74,74,74],"relic_stats":{"Blood Vial":18,"counters":[14,58],"Golden Idol":81,"Sundial":[2],"Snecko Eye":[65,75,63,68],"MealTicket":15,"Juzu Bracelet":1,"Kunai":[11],"War Paint":["Havoc","Defend_R"],"obtain_stats":[{"Calipers":14,"NeowsBlessing":0,"Golden Idol":2,"Juzu Bracelet":12,"War Paint":28,"Burning Blood":0,"Blood Vial":7,"Sundial":23,"Snecko Eye":17,"Orrery":29,"MealTicket":22,"Kunai":9,"FossilizedHelix":4},{"Calipers":6,"NeowsBlessing":0,"Golden Idol":1,"Juzu Bracelet":4,"War Paint":13,"Burning Blood":0,"Blood Vial":2,"Sundial":11,"Snecko Eye":7,"Orrery":13,"MealTicket":10,"Kunai":3,"FossilizedHelix":1},{"Calipers":13,"NeowsBlessing":0,"Golden Idol":1,"Juzu Bracelet":5,"War Paint":52,"Burning Blood":0,"Blood Vial":2,"Sundial":41,"Snecko Eye":21,"Orrery":52,"MealTicket":35,"Kunai":3,"FossilizedHelix":1}],"Burning Blood":60},"card_choices":[{"not_picked":["Sword Boomerang","Burning Pact"],"picked":"Clothesline","floor":1.0},{"not_picked":["Evolve","Armaments"],"picked":"Bludgeon","floor":7.0},{"not_picked":["Clothesline","Metallicize"],"picked":"Shrug It Off","floor":8.0},{"not_picked":["Headbutt","Rupture"],"picked":"Iron Wave","floor":11.0},{"not_picked":["Clash","Clothesline"],"picked":"Shrug It Off","floor":12.0},{"not_picked":["Dark Embrace","Dual Wield"],"picked":"Cleave","floor":14.0},{"not_picked":["Reaper","Barricade"],"picked":"Limit Break","floor":16.0},{"not_picked":["Ghostly Armor+1","Shrug It Off"],"picked":"Havoc","floor":18.0},{"not_picked":["Cleave","Warcry"],"picked":"Flex","floor":19.0},{"not_picked":["Sword Boomerang","Clothesline","Dual Wield+1"],"picked":"SKIP","floor":20.0},{"not_picked":["Sword Boomerang","Clothesline"],"picked":"Dual Wield+1","floor":20.0},{"not_picked":["Pommel Strike","Anger","Body Slam+1"],"picked":"SKIP","floor":23.0},{"not_picked":["Thunderclap","Heavy Blade+1"],"picked":"Exhume","floor":24.0},{"not_picked":["Twin Strike+1","Ghostly Armor+1","Warcry"],"picked":"SKIP","floor":28.0},{"not_picked":["Sword Boomerang","Shrug It Off+1"],"picked":"Intimidate+1","floor":29.0},{"not_picked":["Armaments+1","Uppercut"],"picked":"Bloodletting+1","floor":29.0}],"player_experience":173754,"relics_obtained":[{"floor":7.0,"key":"Blood Vial"},{"floor":9.0,"key":"Kunai"},{"floor":14.0,"key":"Calipers"},{"floor":23.0,"key":"Sundial"},{"floor":28.0,"key":"War Paint"}],"event_choices":[{"damage_healed":0.0,"max_hp_gain":0.0,"max_hp_loss":6.0,"gold_gain":0.0,"event_name":"Golden Idol","player_choice":"Lose Max HP","floor":2.0,"gold_loss":0.0,"damage_taken":0.0,"relics_obtained":["Golden Idol"]},{"cards_removed":["Clothesline"],"damage_healed":0.0,"max_hp_gain":0.0,"max_hp_loss":0.0,"gold_gain":0.0,"event_name":"WeMeetAgain","player_choice":"Gave Card","floor":4.0,"gold_loss":0.0,"damage_taken":0.0,"relics_obtained":["FossilizedHelix"]},{"damage_healed":0.0,"max_hp_gain":0.0,"max_hp_loss":0.0,"gold_gain":30.0,"event_name":"Dead Adventurer","player_choice":"Searched \u00273\u0027 times","floor":12.0,"gold_loss":0.0,"damage_taken":0.0,"relics_obtained":["Juzu Bracelet"]},{"cards_removed":["Strike_R"],"damage_healed":0.0,"max_hp_gain":0.0,"max_hp_loss":0.0,"gold_gain":0.0,"event_name":"The Cleric","player_choice":"Card Removal","floor":13.0,"gold_loss":50.0,"damage_taken":0.0},{"damage_healed":0.0,"max_hp_gain":0.0,"max_hp_loss":0.0,"gold_gain":99.0,"event_name":"Nest","player_choice":"Stole From Cult","floor":21.0,"gold_loss":0.0,"damage_taken":0.0},{"damage_healed":0.0,"max_hp_gain":0.0,"max_hp_loss":0.0,"gold_gain":0.0,"event_name":"Addict","player_choice":"Obtained Relic","floor":22.0,"gold_loss":85.0,"damage_taken":0.0,"relics_obtained":["MealTicket"]},{"damage_healed":0.0,"max_hp_gain":0.0,"max_hp_loss":0.0,"gold_gain":0.0,"event_name":"Match and Keep!","player_choice":"1 cards matched","floor":30.0,"gold_loss":0.0,"damage_taken":0.0,"cards_obtained":["Inflame"]},{"damage_healed":0.0,"max_hp_gain":0.0,"max_hp_loss":0.0,"gold_gain":0.0,"event_name":"Knowing Skull","player_choice":"CARD POTION CARD CARD ","floor":31.0,"potions_obtained":["EssenceOfSteel"],"gold_loss":0.0,"damage_taken":33.0,"cards_obtained":["Mind Blast","Jack Of All Trades","Dark Shackles"]}],"is_beta":false,"boss_relics":[{"not_picked":["Pandora\u0027s Box","Fusion Hammer"],"picked":"Snecko Eye"}],"items_purged_floors":[29],"is_endless":false,"potions_floor_spawned":[11,12,14,19,20,24],"killed_by":"Champ","ascension_level":8}}