{"host":"yrtk68ixj64vhhh3","time":1612840260,"event":{"mods":["2.2 Compatiblity","AchievementEnabler","Aspiration","BaseMod","Better Altar","Better Match","Better Note","Better Silent Start","Better Skull","Better Third Choice","Colored Map","Colored Powertips","Conspire","Dio Mod","Downfall","Energized Spire","Hubris","Infinite Spire","Minty Spire (QoL Compilation)","Prisma Mod","RNG Fix","Random Character Button","Random Character Mod","Reliquary","StSLib","Steal the Spire","Td1madao Mod","The Animator","The Bug Knight","The Mystic","The Poker Player","The Wild Card","TheBandit","TheHero"],"gold_per_floor":[111,121,140,0,20,46,46,76,76,76,76,95,75,85,85,189,189,200,200,126,139,155,155,185,20,43,43,43,43,43,60,60,159,159,170,183,197,210,224,257,257,102,156,156,168,168,186,200,200,200,200],"floor_reached":50,"language":"ENG","playtime":5580,"items_purged":[],"score":660,"play_id":"1ff224c4-816b-46a7-9fd5-35b8c551afd3","local_time":"20210209161100","is_ascension_mode":true,"campfire_choices":[{"data":"Enlightenment","floor":7,"key":"SMITH"},{"floor":11,"key":"REST"},{"floor":15,"key":"REST"},{"floor":23,"key":"RECALL"},{"data":"theWildCard:Metatron","floor":27,"key":"SMITH"},{"data":"Enlightenment","floor":29,"key":"SMITH"},{"data":"PrismaMod:IllyaFriendMaker","floor":32,"key":"SMITH"},{"floor":41,"key":"REST"},{"data":"PrismaMod:IllyaBlindPoisonToss","floor":44,"key":"SMITH"},{"floor":49,"key":"REST"}],"circlet_count":0,"master_deck":["PrismaMod:IllyaCommonAttack","PrismaMod:IllyaCommonDefend","PrismaMod:IllyaCommonAttack","PrismaMod:IllyaCommonDefend","PrismaMod:IllyaCommonAttack","PrismaMod:IllyaCommonDefend","PrismaMod:IllyaCommonAttack","PrismaMod:IllyaCommonDefend","PrismaMod:IllyaCommonAttack","PrismaMod:IllyaCommonDefend","PrismaMod:IllyaUncommonAttack","PrismaMod:IllyaUncommonDefend","PrismaMod:IllyaGrail","PrismaMod:IllyaCheapChannelPoison","PrismaMod:IllyaDetonatingBlow","Enlightenment+1","PrismaMod:IllyaUncommonAOEAttack","PrismaMod:IllyaHassanGift","PrismaMod:IllyaBerserCAR","theWildCard:Metatron+1","PrismaMod:IllyaAlice","PrismaMod:IllyaMinorRapidFire","PrismaMod:IllyaUberDefendChannel","PrismaMod:IllyaFriendMaker+1","PrismaMod:IllyaGun","PrismaMod:IllyaStunPoison","PrismaMod:IllyaStunPoison","Enlightenment+1","PrismaMod:IllyaBerserCAR","PrismaMod:IllyaInstallAvenger","PrismaMod:IllyaBlindPoisonToss+1","PrismaMod:IllyaGrailKun+1","PrismaMod:IllyaBlindPoisonToss+1","PrismaMod:IllyaGun+1","PrismaMod:IllyaRubysPotion","PrismaMod:IllyaCheapChannelPoison+1","PrismaMod:IllyaInstallShielder","PrismaMod:IllyaUberChannel","PrismaMod:IllyaAlice","PrismaMod:IllyaDevil+1"],"relics":["PrismaMod:PrismaRuby","aspiration:Nostalgia","Apod","aspiration:HiddenCompartment","infinitespire:Lucky Rock","betterThird:SlimedRelic","Busted Crown","MealTicket","Mango","aspiration:Lifesprig","PrismaMod:AliceRelic","energizedSpire:DeadBattery","conspire:TopHat","Toy Ornithopter"],"acts_visited":["Exordium","TheCity","TheBeyond"],"potions_floor_usage":[16,16,33,33,33,40,50,50,50],"damage_taken":[{"damage":0,"enemies":"Cultist","floor":1,"turns":3},{"damage":0,"enemies":"2 Louse","floor":2,"turns":3},{"damage":2,"enemies":"Small Slimes","floor":3,"turns":3},{"damage":9,"enemies":"Red Slaver","floor":5,"turns":3},{"damage":22,"enemies":"3 Sentries","floor":6,"turns":10},{"damage":0,"enemies":"HollowMod:MossKnight","floor":8,"turns":8},{"damage":12,"enemies":"3 Louse","floor":12,"turns":2},{"damage":0,"enemies":"Exordium Wildlife","floor":14,"turns":5},{"damage":0,"enemies":"The Guardian","floor":16,"turns":10},{"damage":0,"enemies":"3 Byrds","floor":18,"turns":3},{"damage":0,"enemies":"Chosen","floor":21,"turns":6},{"damage":6,"enemies":"Centurion and Healer","floor":22,"turns":8},{"damage":21,"enemies":"Gremlin Leader","floor":24,"turns":6},{"damage":1,"enemies":"conspire:HollyBat","floor":31,"turns":7},{"damage":9,"enemies":"Champ","floor":33,"turns":10},{"damage":1,"enemies":"Orb Walker","floor":35,"turns":5},{"damage":2,"enemies":"3 Shapes","floor":36,"turns":2},{"damage":6,"enemies":"Writhing Mass","floor":37,"turns":7},{"damage":0,"enemies":"Sphere and 2 Shapes","floor":38,"turns":3},{"damage":11,"enemies":"4 Shapes","floor":39,"turns":2},{"damage":67,"enemies":"Giant Head","floor":40,"turns":10},{"damage":19,"enemies":"Spire Growth","floor":45,"turns":5},{"damage":16,"enemies":"4 Shapes","floor":47,"turns":2},{"damage":35,"enemies":"Sphere and 2 Shapes","floor":48,"turns":4},{"damage":85,"enemies":"Donu and Deca","floor":50,"turns":6}],"seed_played":"-4139346400472201962","potions_obtained":[{"floor":1,"key":"Dexterity Potion"},{"floor":5,"key":"Energy Potion"},{"floor":8,"key":"SteroidPotion"},{"floor":21,"key":"Weak Potion"},{"floor":24,"key":"ColorlessPotion"},{"floor":31,"key":"DistilledChaos"},{"floor":33,"key":"LiquidBronze"},{"floor":37,"key":"SpeedPotion"},{"floor":38,"key":"bronze:BurnAndBuffPotion"},{"floor":40,"key":"DuplicationPotion"},{"floor":47,"key":"Dexterity Potion"}],"is_trial":false,"path_per_floor":["M","M","M","?","M","E","R","E","T","?","R","M","?","M","R","B",null,"M","?","?","M","M","R","E","$","T","R","?","R","$","M","R","B",null,"M","M","M","M","M","E","R","$","T","R","M","?","M","M","R","B"],"character_chosen":"ILLYA","items_purchased":["PrismaMod:IllyaInstallAvenger","Enlightenment","PrismaMod:IllyaInstallShielder","PrismaMod:IllyaUberChannel"],"campfire_rested":4,"item_purchase_floors":[25,25,42,42],"current_hp_per_floor":[75,75,73,79,70,48,48,48,48,48,72,60,49,49,73,78,81,81,81,81,81,80,80,78,93,93,93,93,93,95,94,94,88,95,95,93,87,87,81,24,52,67,67,67,53,53,47,27,55,0,0],"gold":200,"neow_bonus":"NOSTALGIA","is_daily":false,"chose_seed":false,"campfire_upgraded":5,"win_rate":0.0,"timestamp":1612840260,"path_taken":["M","M","M","?","?","E","R","E","T","?","R","M","?","M","R","BOSS","M","?","?","M","M","R","E","$","T","R","?","R","?","M","R","BOSS","M","?","M","M","M","E","R","$","T","R","M","?","M","M","R","BOSS"],"items_purchased_type":["Card","Card","Card","Card"],"build_version":"2020-12-22","purchased_purges":0,"victory":false,"max_hp_per_floor":[75,75,75,81,81,81,81,81,81,81,81,81,81,81,81,81,81,81,81,81,81,81,81,95,95,95,95,95,95,95,95,95,95,95,95,95,95,95,95,95,95,95,95,95,95,95,95,95,95,95,95],"card_choices":[{"not_picked":["PrismaMod:IllyaUpgradeOrbs","PrismaMod:IllyaCommonEvoke"],"picked":"PrismaMod:IllyaGrail","floor":1},{"not_picked":["PrismaMod:IllyaStunPoison","PrismaMod:IllyaMaid"],"picked":"PrismaMod:IllyaCheapChannelPoison","floor":2},{"not_picked":["PrismaMod:IllyaDualEvoke","PrismaMod:IllyaRubysPotion"],"picked":"PrismaMod:IllyaDetonatingBlow","floor":3},{"not_picked":["PrismaMod:IllyaGrailKun","PrismaMod:IllyaPoisoningPhantasm"],"picked":"PrismaMod:IllyaUncommonAOEAttack","floor":5},{"not_picked":["PrismaMod:IllyaPoisoningPhantasm","PrismaMod:IllyaDualEvoke"],"picked":"PrismaMod:IllyaHassanGift","floor":6},{"not_picked":["PrismaMod:IllyaPartialInstallAssassin","PrismaMod:IllyaRubysPotion"],"picked":"PrismaMod:IllyaBerserCAR","floor":8},{"not_picked":["PrismaMod:IllyaCheapChannelPoison","PrismaMod:IllyaUberAttackChannel"],"picked":"PrismaMod:IllyaAlice","floor":12},{"not_picked":["PrismaMod:IllyaUpgradeOrbs","PrismaMod:IllyaMaid"],"picked":"PrismaMod:IllyaMinorRapidFire","floor":14},{"not_picked":["PrismaMod:IllyaZwei","PrismaMod:IllyaUberAttackChannel"],"picked":"PrismaMod:IllyaUberDefendChannel","floor":16},{"not_picked":[],"picked":"PrismaMod:IllyaFriendMaker","floor":18},{"not_picked":[],"picked":"PrismaMod:IllyaGun","floor":21},{"not_picked":[],"picked":"PrismaMod:IllyaStunPoison","floor":22},{"not_picked":[],"picked":"PrismaMod:IllyaStunPoison","floor":24},{"not_picked":[],"picked":"PrismaMod:IllyaBerserCAR","floor":31},{"not_picked":[],"picked":"PrismaMod:IllyaInstallAvenger","floor":33},{"not_picked":[],"picked":"PrismaMod:IllyaBlindPoisonToss","floor":35},{"not_picked":[],"picked":"PrismaMod:IllyaGrailKun+1","floor":36},{"not_picked":[],"picked":"PrismaMod:IllyaBlindPoisonToss+1","floor":37},{"not_picked":[],"picked":"PrismaMod:IllyaGun+1","floor":38},{"not_picked":[],"picked":"PrismaMod:IllyaRubysPotion","floor":39},{"not_picked":[],"picked":"PrismaMod:IllyaCheapChannelPoison+1","floor":40},{"not_picked":[],"picked":"PrismaMod:IllyaAlice","floor":45},{"not_picked":["PrismaMod:IllyaDetonatingBlow"],"picked":"SKIP","floor":47},{"not_picked":[],"picked":"PrismaMod:IllyaDevil+1","floor":48}],"player_experience":791038,"relics_obtained":[{"floor":6,"key":"aspiration:HiddenCompartment"},{"floor":8,"key":"infinitespire:Lucky Rock"},{"floor":24,"key":"Mango"},{"floor":26,"key":"aspiration:Lifesprig"},{"floor":40,"key":"conspire:TopHat"},{"floor":43,"key":"Toy Ornithopter"}],"event_choices":[{"damage_healed":0,"gold_gain":0,"player_choice":"RENOUNCE","damage_taken":140,"max_hp_gain":0,"max_hp_loss":0,"event_name":"betterThird:BetterSerpent","floor":4,"gold_loss":140,"cards_obtained":["Enlightenment"]},{"damage_healed":0,"gold_gain":0,"player_choice":"Slimed","damage_taken":11,"max_hp_gain":0,"max_hp_loss":0,"event_name":"betterThird:BetterGoop","floor":13,"gold_loss":20},{"damage_healed":0,"gold_gain":0,"player_choice":"Ignored","damage_taken":0,"max_hp_gain":0,"max_hp_loss":0,"event_name":"Purifier","floor":19,"gold_loss":0},{"damage_healed":0,"gold_gain":0,"player_choice":"Paid Gold","damage_taken":0,"relics_obtained":["MealTicket"],"max_hp_gain":0,"max_hp_loss":0,"event_name":"WeMeetAgain","floor":20,"gold_loss":74},{"cards_removed":["PrismaMod:IllyaInstallAvenger"],"damage_healed":0,"gold_gain":0,"player_choice":"Removed Power","damage_taken":0,"max_hp_gain":0,"max_hp_loss":0,"event_name":"Falling","floor":46,"gold_loss":0}],"is_beta":false,"boss_relics":[{"not_picked":["Coffee Dripper","aspiration:SecretTechniqueScroll"],"picked":"Busted Crown"},{"not_picked":["Runic Pyramid","Snecko Eye"],"picked":"energizedSpire:DeadBattery"}],"items_purged_floors":[],"is_endless":false,"potions_floor_spawned":[1,5,8,21,24,31,33,37,38,40,47],"killed_by":"Donu and Deca","ascension_level":1}}