{"host":"bdah08t7zwmeo3sv","time":1612866409,"event":{"mods":["2.2 Compatiblity","Act Like it!","BaseMod","Colored Map","Colored Powertips","Duelist Mod","Minty Spire (QoL Compilation)","Quick Restart","StSLib","everything is the same but u backflip on backflip"],"gold_per_floor":[143,188,200,200,200,234,246,171,171,184,216,216,216,230,230,331,331,348,367,367,367,386,416,416,515,815,815,835,835,862,880,880,977,977,977,278,278,278],"floor_reached":37,"language":"ENG","playtime":2505,"items_purged":["theDuelist:CurseAnubis"],"score":465,"play_id":"9021390a-5367-4252-95e3-27b888711224","local_time":"20210209112649","is_ascension_mode":false,"campfire_choices":[{"data":"Mayhem","floor":13,"key":"SMITH"},{"floor":15,"key":"REST"},{"floor":24,"key":"RECALL"},{"data":"theDuelist:FluteKuriboh","floor":27,"key":"SMITH"},{"floor":32,"key":"REST"},{"data":"theDuelist:YamiForm","floor":35,"key":"SMITH"}],"circlet_count":0,"master_deck":["theDuelist:FluteKuriboh+1","theDuelist:GilfordLegend+1","theDuelist:GiantSoldier","theDuelist:GiantSoldier","theDuelist:WhiteMagicalHat+1","theDuelist:BeaverWarrior","theDuelist:BeaverWarrior","theDuelist:SangaEarth+1","theDuelist:Sparks","theDuelist:RainbowNeos+1","theDuelist:YamiForm+1","theDuelist:DeltaMagnet","theDuelist:RainbowNeos+1","theDuelist:Sparks","theDuelist:SolarWindJammer","theDuelist:ScrapFactory","Mayhem+1","theDuelist:KamionTimelord+1","theDuelist:FinalFlame","theDuelist:MeteorDestruction","theDuelist:GauntletWarrior+1","theDuelist:MythicalBeast+1","theDuelist:GaiaMidNightSun+1","theDuelist:Electrowhip+1","theDuelist:RainbowKuriboh+1","theDuelist:DeltaAttacker+1","theDuelist:ImperialOrder+1","theDuelist:PotDuality+1","theDuelist:Jinzo","theDuelist:MeteorDestruction","theDuelist:FusionFire","theDuelist:DeltaAttacker","theDuelist:ForbiddenLance+6","theDuelist:SpellShatteringArrow+1","theDuelist:Raigeki+1","theDuelist:DoubleTool+6","theDuelist:MillenniumGolem+1"],"relics":["theDuelist:MillenniumPuzzle","theDuelist:CardPoolRelic","theDuelist:CardPoolBasicRelic","theDuelist:BoosterPackPoolRelic","theDuelist:CardPoolAddRelic","theDuelist:CardPoolMinusRelic","theDuelist:CardPoolSaveRelic","theDuelist:CardPoolOptionsRelic","NeowsBlessing","Du-Vu Doll","theDuelist:BoosterPackMonsterEgg","theDuelist:BoosterExtraAllRaresRelic","Gambling Chip","Mummified Hand","theDuelist:CursedHealer","SacredBark","Juzu Bracelet","Old Coin","Nilry\u0027s Codex","Champion Belt","Astrolabe","Nunchaku","Bag of Marbles","Orrery"],"acts_visited":["Exordium","TheCity","TheBeyond","TheEnding"],"potions_floor_usage":[16,16,23,23,23,23,30,33,33],"damage_taken":[{"damage":0,"enemies":"Small Slimes","floor":1,"turns":1},{"damage":0,"enemies":"Small Slimes","floor":2,"turns":1},{"damage":0,"enemies":"2 Louse","floor":3,"turns":1},{"damage":19,"enemies":"Lagavulin","floor":6,"turns":8},{"damage":1,"enemies":"Cultist","floor":7,"turns":3},{"damage":4,"enemies":"Blue Slaver","floor":10,"turns":4},{"damage":21,"enemies":"Gremlin Nob","floor":11,"turns":5},{"damage":4,"enemies":"Looter","floor":14,"turns":3},{"damage":19,"enemies":"The Guardian","floor":16,"turns":8},{"damage":8,"enemies":"Spheric Guardian","floor":18,"turns":4},{"damage":23,"enemies":"3 Byrds","floor":19,"turns":5},{"damage":4,"enemies":"Shelled Parasite and Fungi","floor":22,"turns":4},{"damage":12,"enemies":"Gremlin Leader","floor":23,"turns":5},{"damage":16,"enemies":"Snake Plant","floor":28,"turns":5},{"damage":0,"enemies":"Book of Stabbing","floor":30,"turns":7},{"damage":8,"enemies":"Centurion and Healer","floor":31,"turns":5},{"damage":35,"enemies":"Collector","floor":33,"turns":9},{"damage":88,"enemies":"Shield and Spear","floor":37,"turns":5}],"seed_played":"2725191996759440429","potions_obtained":[{"floor":1,"key":"ColorlessPotion"},{"floor":3,"key":"theDuelist:FusionPotion"},{"floor":10,"key":"EntropicBrew"},{"floor":18,"key":"theDuelist:ExtraOrbsBottle"},{"floor":19,"key":"SpeedPotion"},{"floor":22,"key":"theDuelist:CoolBottle"},{"floor":31,"key":"theDuelist:VoidBottle"}],"is_trial":false,"path_per_floor":["M","?","M","?","?","E","M","$","T","M","E","?","R","M","R","B",null,"M","M","?","?","M","E","R","?","T","R","M","?","E","M","R","B",null,"R","$","E"],"character_chosen":"THE_DUELIST","items_purchased":["Nunchaku","Bag of Marbles","theDuelist:Jinzo","theDuelist:MeteorDestruction","theDuelist:FusionFire","theDuelist:DeltaAttacker","Orrery"],"campfire_rested":2,"item_purchase_floors":[36,36,36,36,36,36,36],"current_hp_per_floor":[80,80,80,80,80,61,60,60,60,56,35,60,60,56,80,61,80,72,49,49,49,45,52,52,52,52,52,36,20,20,12,36,1,80,80,80,0,0],"gold":278,"neow_bonus":"THREE_ENEMY_KILL","is_daily":false,"chose_seed":false,"campfire_upgraded":3,"win_rate":0.0,"timestamp":1612866409,"path_taken":["M","?","M","?","?","E","M","$","T","?","E","?","R","M","R","BOSS","M","M","?","?","?","E","R","?","T","R","M","?","E","M","R","BOSS","R","$","E"],"items_purchased_type":["Relic","Relic","Card","Card","Card","Card","Relic"],"build_version":"2020-12-22","purchased_purges":1,"victory":false,"max_hp_per_floor":[80,80,80,80,80,80,80,80,80,80,80,80,80,80,80,80,80,80,80,80,80,80,80,80,80,80,80,80,80,80,80,80,80,80,80,80,80,80],"card_choices":[{"not_picked":["theDuelist:DoubleTool","theDuelist:BreakDraw","theDuelist:PowerKaishin","theDuelist:DarkBurningMagic"],"picked":"theDuelist:SolarWindJammer","floor":1},{"not_picked":["theDuelist:GiantTrapHole","theDuelist:BigKoala","theDuelist:ReinforcementsArmy","theDuelist:WingedKuribohLv9"],"picked":"theDuelist:FuryFire","floor":2},{"not_picked":["theDuelist:OnslaughtFireKings","theDuelist:SpiritHarp+1","theDuelist:SwordDeepSeated","theDuelist:AssaultArmor"],"picked":"theDuelist:RainbowNeos+1","floor":3},{"not_picked":["Enlightenment","Master of Strategy","Mind Blast"],"picked":"Mayhem","floor":6},{"not_picked":["theDuelist:BigFire","theDuelist:MagnumShield","theDuelist:AfterTheStorm","theDuelist:GravityBlaster"],"picked":"theDuelist:MeteorDestruction","floor":7},{"not_picked":["theDuelist:Fissure","theDuelist:FuryFire","theDuelist:Hinotama","theDuelist:LightningRodLord+1"],"picked":"theDuelist:GilfordLegend+1","floor":10},{"not_picked":["theDuelist:GilfordLegend+1","theDuelist:BigEye+1","theDuelist:Electrowhip","theDuelist:PotGreed"],"picked":"theDuelist:FluteKuriboh","floor":11},{"not_picked":["theDuelist:BigFire","theDuelist:FluteKuriboh","theDuelist:CoreBlaster","theDuelist:OnslaughtFireKings"],"picked":"theDuelist:WhiteMagicalHat+1","floor":14},{"not_picked":["theDuelist:SwordsConcealing","theDuelist:SevenCompleted","theDuelist:MillenniumShield+1","theDuelist:KamionTimelord+1"],"picked":"theDuelist:YamiForm","floor":16},{"not_picked":["theDuelist:SpellShatteringArrow","theDuelist:MeteorDestruction+1","theDuelist:BigFire","theDuelist:SpiralSpearStrike+1"],"picked":"theDuelist:RainbowNeos+1","floor":18},{"not_picked":["theDuelist:SilentDoom","theDuelist:Sangan+1"],"picked":"theDuelist:KamionTimelord+1","floor":19},{"not_picked":["theDuelist:MeteorDestruction","theDuelist:VenomShot","theDuelist:AssaultArmor+1","theDuelist:PineappleBlast"],"picked":"theDuelist:SangaEarth+1","floor":22},{"not_picked":["theDuelist:RainbowNeos+1","theDuelist:Tuningware+1","theDuelist:HappyLover+1","theDuelist:BigKoala+1"],"picked":"theDuelist:MythicalBeast+1","floor":23},{"not_picked":["theDuelist:ClearKuriboh+1","theDuelist:GauntletWarrior+1","theDuelist:MudragonSwamp+1","theDuelist:Sangan+1"],"picked":"theDuelist:GaiaMidNightSun+1","floor":28},{"not_picked":["theDuelist:LightningDarts","theDuelist:RainbowOverdragon+1","theDuelist:BattleOx+1","theDuelist:GaiaMidNightSun+1"],"picked":"theDuelist:GauntletWarrior+1","floor":30},{"not_picked":["theDuelist:ImperialOrder+1","theDuelist:ElectromagneticShield+1","theDuelist:MiraculousDescent+1","theDuelist:SwordsConcealing"],"picked":"theDuelist:Electrowhip+1","floor":31},{"not_picked":["theDuelist:KamionTimelord+1","theDuelist:HappyLover+1","theDuelist:Eva+1","theDuelist:RainbowOverdragon+1"],"picked":"theDuelist:RainbowKuriboh+1","floor":33},{"not_picked":["theDuelist:SparkBlaster+4","theDuelist:GravityLash+1","theDuelist:SevenCompleted+1","theDuelist:GiantTrunade+1"],"picked":"theDuelist:ForbiddenLance+6","floor":36},{"not_picked":["theDuelist:MeteorDestruction+4","theDuelist:BigFire+1","theDuelist:RainbowNeos+1","theDuelist:SangaEarth+1"],"picked":"theDuelist:SpellShatteringArrow+1","floor":36},{"not_picked":["theDuelist:SevenCompleted+1","theDuelist:GridRod+1","theDuelist:FeatherShot+4","theDuelist:AmuletAmbition+5"],"picked":"theDuelist:Raigeki+1","floor":36},{"not_picked":["theDuelist:BigFire+1","theDuelist:PowerKaishin+1","theDuelist:DarkBurningAttack+1","theDuelist:AssaultArmor+1"],"picked":"theDuelist:DoubleTool+6","floor":36},{"not_picked":["theDuelist:GemElephant+1","theDuelist:GolemSentry+1","theDuelist:MudGolem+1","theDuelist:RainbowKuriboh+1"],"picked":"theDuelist:MillenniumGolem+1","floor":36}],"player_experience":27463,"relics_obtained":[{"floor":2,"key":"Du-Vu Doll"},{"floor":2,"key":"theDuelist:BoosterPackMonsterEgg"},{"floor":2,"key":"theDuelist:BoosterExtraAllRaresRelic"},{"floor":6,"key":"Gambling Chip"},{"floor":11,"key":"Mummified Hand"},{"floor":23,"key":"Juzu Bracelet"},{"floor":26,"key":"Old Coin"},{"floor":29,"key":"Nilry\u0027s Codex"},{"floor":30,"key":"Champion Belt"}],"event_choices":[{"damage_healed":0,"gold_gain":0,"player_choice":"Fight","duelist":true,"damage_taken":0,"max_hp_gain":0,"max_hp_loss":0,"event_name":"Battle City","floor":2,"gold_loss":0},{"damage_healed":0,"gold_gain":0,"player_choice":"Delta Electro","duelist":true,"damage_taken":0,"max_hp_gain":0,"max_hp_loss":0,"event_name":"Egyptian Village","floor":4,"gold_loss":0,"cards_obtained":["Delta Electromagnet Warrior"]},{"damage_healed":0,"gold_gain":0,"player_choice":"Worship - 20% roll at +12 Max HP","duelist":true,"damage_taken":0,"max_hp_gain":0,"max_hp_loss":0,"event_name":"Tomb of the Nameless","floor":5,"gold_loss":0},{"damage_healed":0,"gold_gain":0,"player_choice":"Succumb - +25HP/Cursed Relic","duelist":true,"damage_taken":0,"max_hp_gain":0,"max_hp_loss":0,"event_name":"Tomb of the Nameless","floor":12,"gold_loss":0},{"damage_healed":0,"gold_gain":0,"player_choice":"Ignored","damage_taken":0,"max_hp_gain":0,"max_hp_loss":0,"event_name":"Beggar","floor":20,"gold_loss":0},{"total_magic_score":74,"gold_gain":0,"duelist":true,"damage_taken":0,"relics_obtained":[],"points":17,"max_hp_gain":0,"max_hp_loss":0,"spent_points":{"magic":0,"greed":0,"war":0,"power":0,"hunger":0},"event_name":"Nameless Tomb","floor":21,"gold_loss":0,"cards_obtained":[]},{"damage_healed":0,"gold_gain":99,"player_choice":"Stole From Cult","damage_taken":0,"max_hp_gain":0,"max_hp_loss":0,"event_name":"Nest","floor":25,"gold_loss":0},{"damage_healed":0,"gold_gain":0,"player_choice":"Obtained Book","damage_taken":16,"max_hp_gain":0,"max_hp_loss":0,"event_name":"Cursed Tome","floor":29,"gold_loss":0}],"is_beta":false,"boss_relics":[{"not_picked":["Ectoplasm","Fusion Hammer"],"picked":"SacredBark"},{"not_picked":["Coffee Dripper","Busted Crown"],"picked":"Astrolabe"}],"items_purged_floors":[8],"is_endless":false,"potions_floor_spawned":[1,3,10,14,18,19,22,31],"killed_by":"Shield and Spear","ascension_level":0}}