{"host":"kk6i5v7sjcm8i50x","time":1612836593,"event":{"mods":["BaseMod","Bestiary","Colored Map","Downfall","Minty Spire (QoL Compilation)","StSLib","The Saiyan"],"gold_per_floor":[118,131,131,81,256,286,286,135,161,207,219,251,263,300,312,449,461,492,504,516,528,528],"floor_reached":21,"language":"ENG","playtime":813,"items_purged":[],"score":210,"play_id":"e3a7015d-6b6f-4c4e-b2f5-9a0dcd976f99","local_time":"20210208210953","is_ascension_mode":false,"campfire_choices":[{"data":"Eruption","floor":7,"key":"SMITH"},{"floor":15,"key":"REST"}],"circlet_count":0,"master_deck":["Eruption+1","Vigilance","CarveReality","Prostrate","Evaluate","Doubt","Consecrate","Devotion","ClearTheMind","Evaluate","JustLucky","FlurryOfBlows","Consecrate","Worship","Injury","BowlingBash","LessonLearned","Vault","Blasphemy+1","Study","Scrawl","CrushJoints","ForeignInfluence","CrushJoints"],"relics":["PureWater","NeowsBlessing","Lantern","Orrery","MawBank","Darkstone Periapt","Golden Idol","Pandora\u0027s Box","Nloth\u0027s Gift"],"acts_visited":["Exordium","TheCity"],"potions_floor_usage":[16,16],"damage_taken":[{"damage":0,"enemies":"Cultist","floor":1,"turns":1},{"damage":0,"enemies":"2 Louse","floor":2,"turns":1},{"damage":0,"enemies":"3 Sentries","floor":6,"turns":1},{"damage":52,"enemies":"Gremlin Nob","floor":10,"turns":5},{"damage":0,"enemies":"Small Slimes","floor":12,"turns":2},{"damage":8,"enemies":"2 Fungi Beasts","floor":14,"turns":3},{"damage":22,"enemies":"Slime Boss","floor":16,"turns":8},{"damage":0,"enemies":"Spheric Guardian","floor":18,"turns":2},{"damage":100003,"enemies":"Chosen","floor":21,"turns":6}],"seed_played":"6883673238330310925","potions_obtained":[{"floor":1,"key":"PowerPotion"},{"floor":2,"key":"Weak Potion"},{"floor":14,"key":"Swift Potion"}],"is_trial":false,"path_per_floor":["M","M","?","?","?","E","R","$","T","E","T","M","?","M","R","B",null,"M","?","?","M"],"character_chosen":"WATCHER","items_purchased":["Orrery"],"campfire_rested":1,"item_purchase_floors":[8],"current_hp_per_floor":[72,72,72,72,72,72,72,72,72,20,20,20,26,18,41,19,78,78,78,78,0,0],"gold":528,"neow_bonus":"THREE_ENEMY_KILL","is_daily":false,"chose_seed":false,"campfire_upgraded":1,"win_rate":0.0,"timestamp":1612836593,"path_taken":["M","M","?","?","?","E","R","$","T","E","?","M","?","M","R","BOSS","M","?","?","?"],"items_purchased_type":["Relic"],"build_version":"2020-12-22","purchased_purges":0,"victory":false,"max_hp_per_floor":[72,72,72,72,72,72,72,72,72,72,72,72,78,78,78,78,78,78,78,78,78,78],"card_choices":[{"not_picked":["Protect","Vengeance"],"picked":"CarveReality","floor":1},{"not_picked":["ThirdEye","SandsOfTime"],"picked":"Prostrate","floor":2},{"not_picked":["Nirvana","DeceiveReality"],"picked":"Consecrate","floor":6},{"not_picked":["FlurryOfBlows","Halt"],"picked":"Devotion","floor":8},{"not_picked":["EmptyFist","WaveOfTheHand"],"picked":"ClearTheMind","floor":8},{"not_picked":["Study","FlyingSleeves"],"picked":"Evaluate","floor":8},{"not_picked":["Adaptation","SashWhip"],"picked":"JustLucky","floor":8},{"not_picked":["EmptyBody","ClearTheMind"],"picked":"FlurryOfBlows","floor":8},{"not_picked":["Indignation","WaveOfTheHand"],"picked":"Consecrate","floor":10},{"not_picked":["BowlingBash","Wireheading"],"picked":"Worship","floor":12},{"not_picked":["Blasphemy","FollowUp"],"picked":"BowlingBash","floor":14},{"not_picked":["Scrawl","Blasphemy"],"picked":"LessonLearned","floor":16},{"not_picked":["ThirdEye","Nirvana+1"],"picked":"CrushJoints","floor":18}],"player_experience":172547,"relics_obtained":[{"floor":6,"key":"Lantern"},{"floor":9,"key":"MawBank"},{"floor":10,"key":"Art of War"},{"floor":11,"key":"Darkstone Periapt"}],"event_choices":[{"damage_healed":0,"gold_gain":0,"cards_transformed":["Defend_P"],"player_choice":"Change","damage_taken":0,"max_hp_gain":0,"max_hp_loss":0,"event_name":"Living Wall","floor":3,"gold_loss":0,"cards_obtained":["Evaluate"]},{"cards_removed":["Defend_P"],"damage_healed":0,"gold_gain":0,"player_choice":"Card Removal","damage_taken":0,"max_hp_gain":0,"max_hp_loss":0,"event_name":"The Cleric","floor":4,"gold_loss":50},{"damage_healed":0,"gold_gain":175,"player_choice":"AGREE","damage_taken":0,"max_hp_gain":0,"max_hp_loss":0,"event_name":"Liars Game","floor":5,"gold_loss":0,"cards_obtained":["Doubt"]},{"damage_healed":0,"gold_gain":0,"player_choice":"Take Wound","damage_taken":0,"relics_obtained":["Golden Idol"],"max_hp_gain":0,"max_hp_loss":0,"event_name":"Golden Idol","floor":13,"gold_loss":0,"cards_obtained":["Injury"]},{"damage_healed":0,"gold_gain":0,"player_choice":"Ignored","damage_taken":0,"max_hp_gain":0,"max_hp_loss":0,"event_name":"Vampires","floor":19,"gold_loss":0},{"damage_healed":0,"gold_gain":0,"player_choice":"Traded Relic","damage_taken":0,"relics_obtained":["Nloth\u0027s Gift"],"max_hp_gain":0,"max_hp_loss":0,"event_name":"N\u0027loth","floor":20,"relics_lost":["Art of War"],"gold_loss":0}],"is_beta":false,"boss_relics":[{"not_picked":["Astrolabe","Runic Dome"],"picked":"Pandora\u0027s Box"}],"items_purged_floors":[],"is_endless":false,"potions_floor_spawned":[1,2,14],"killed_by":"Chosen","ascension_level":0}}