{"host":"1te4apcktyw9778t","time":1612907926,"event":{"mods":["BaseMod","Colored Powertips","Minty Spire (QoL Compilation)","Relic Stats"],"gold_per_floor":[117,137,157,169,169,194,194,207,207,241,265,265,265,72,72,148,148,162,162,173,88,108,135,135,166,166,166,166,166],"floor_reached":28,"language":"ENG","playtime":3071,"items_purged":[],"score":585,"play_id":"534290aa-7e7f-4658-99bc-2d7c53f9d6c3","local_time":"20210209165846","is_ascension_mode":true,"campfire_choices":[{"data":"Ball Lightning","floor":7.0,"key":"SMITH"},{"floor":12.0,"key":"REST"},{"data":"Buffer","floor":15.0,"key":"SMITH"},{"data":"Coolheaded","floor":24,"key":"SMITH"},{"floor":27,"key":"REST"}],"circlet_count":0,"master_deck":["AscendersBane","Strike_B+1","Defend_B+1","Defend_B+1","Defend_B+1","Defend_B+1","Zap","Dualcast","Rebound","Doom and Gloom","Leap","White Noise","Ball Lightning+1","FTL","Gash","Coolheaded+1","Gash","Buffer+1","All For One","Capacitor+1","Thunder Strike+1","Aggregate+1","Glacier","Undo","Defragment+1","Biased Cognition+1","Glacier"],"relics":["Cracked Core","Nunchaku","Pocketwatch","Question Card","Centennial Puzzle","Odd Mushroom","Astrolabe","Frozen Egg 2","Smiling Mask","Mercury Hourglass"],"acts_visited":["Exordium","TheCity"],"potions_floor_usage":[23],"damage_taken":[{"damage":3.0,"enemies":"2 Louse","floor":1.0,"turns":3.0},{"damage":0.0,"enemies":"Small Slimes","floor":2.0,"turns":2.0},{"damage":9.0,"enemies":"Jaw Worm","floor":3.0,"turns":3.0},{"damage":3.0,"enemies":"Looter","floor":4.0,"turns":3.0},{"damage":21.0,"enemies":"Lagavulin","floor":6.0,"turns":5.0},{"damage":0.0,"enemies":"Blue Slaver","floor":8.0,"turns":2.0},{"damage":10.0,"enemies":"3 Sentries","floor":10.0,"turns":6.0},{"damage":15.0,"enemies":"The Mushroom Lair","floor":11.0,"turns":3.0},{"damage":0.0,"enemies":"Slime Boss","floor":16.0,"turns":9.0},{"damage":10.0,"enemies":"3 Byrds","floor":18.0,"turns":5.0},{"damage":0.0,"enemies":"Chosen","floor":20.0,"turns":6.0},{"damage":0,"enemies":"Snake Plant","floor":22,"turns":10},{"damage":23,"enemies":"Book of Stabbing","floor":23,"turns":5},{"damage":20,"enemies":"Gremlin Leader","floor":25,"turns":6},{"damage":33,"enemies":"Shelled Parasite and Fungi","floor":28,"turns":3}],"seed_played":"4132579569178551885","potions_obtained":[{"floor":1.0,"key":"SkillPotion"},{"floor":4.0,"key":"Ancient Potion"},{"floor":6.0,"key":"SpeedPotion"},{"floor":20.0,"key":"LiquidBronze"}],"is_trial":false,"path_per_floor":["M","M","M","M","?","E","R","M","T","E","?","R","?","$","R","B",null,"M","?","M","?","M","E","R","E","T","R","M"],"character_chosen":"DEFECT","items_purchased":["Gash","Buffer"],"campfire_rested":2,"item_purchase_floors":[14,14],"current_hp_per_floor":[61,61,52,49,49,28,28,28,28,18,3,24,29,29,29,29,64,54,54,54,54,54,31,31,11,11,33,0,0],"gold":166,"neow_bonus":"RANDOM_COMMON_RELIC","is_daily":false,"chose_seed":false,"campfire_upgraded":3,"win_rate":0.0,"timestamp":1612907926,"path_taken":["M","M","M","M","?","E","R","M","T","E","?","R","?","$","R","BOSS","M","?","M","?","M","E","R","E","T","R","M"],"items_purchased_type":["Card","Card"],"build_version":"2020-12-22","purchased_purges":0,"victory":false,"max_hp_per_floor":[71,71,71,71,71,71,71,71,71,71,71,71,76,76,76,76,76,76,76,76,76,76,76,76,76,76,76,76,76],"relic_stats":{"Nunchaku":[12],"Centennial Puzzle":[15],"counters":[15,71],"Astrolabe":["Capacitor","Thunder Strike","Aggregate"],"Question Card":8,"Smiling Mask":0,"obtain_stats":[{"Nunchaku":0,"Centennial Puzzle":10,"Astrolabe":17,"Odd Mushroom":11,"Frozen Egg 2":21,"Cracked Core":0,"Question Card":9,"Smiling Mask":23,"Pocketwatch":6,"Mercury Hourglass":26},{"Nunchaku":0,"Centennial Puzzle":7,"Astrolabe":9,"Odd Mushroom":8,"Frozen Egg 2":11,"Cracked Core":0,"Question Card":6,"Smiling Mask":13,"Pocketwatch":5,"Mercury Hourglass":14},{"Nunchaku":0,"Centennial Puzzle":24,"Astrolabe":36,"Odd Mushroom":27,"Frozen Egg 2":47,"Cracked Core":0,"Question Card":18,"Smiling Mask":62,"Pocketwatch":16,"Mercury Hourglass":68}],"Pocketwatch":[72],"Mercury Hourglass":[9]},"card_choices":[{"not_picked":["Steam Power","Hologram"],"picked":"Rebound","floor":1.0},{"not_picked":["Recycle","Coolheaded"],"picked":"Doom and Gloom","floor":2.0},{"not_picked":["Static Discharge","BootSequence"],"picked":"Leap","floor":3.0},{"not_picked":["Conserve Battery","Beam Cell"],"picked":"White Noise","floor":4.0},{"not_picked":["Rebound","Machine Learning"],"picked":"Ball Lightning","floor":6.0},{"not_picked":["Conserve Battery","Aggregate"],"picked":"FTL","floor":8.0},{"not_picked":["Blizzard","Steam","Turbo"],"picked":"Gash","floor":10.0},{"not_picked":["Hologram","Turbo","Compile Driver"],"picked":"Coolheaded","floor":11.0},{"not_picked":["Seek","Echo Form","Creative AI"],"picked":"All For One","floor":16.0},{"not_picked":["Streamline","Gash","Coolheaded"],"picked":"Glacier","floor":18.0},{"not_picked":["Genetic Algorithm","Ball Lightning","Consume"],"picked":"Undo","floor":20.0},{"not_picked":["Stack","Rebound","Streamline"],"picked":"Defragment+1","floor":22},{"not_picked":["Beam Cell","Sweeping Beam","Rainbow"],"picked":"Biased Cognition+1","floor":23},{"not_picked":["Tempest","Hologram","Reinforced Body"],"picked":"Glacier","floor":25}],"player_experience":1130115,"relics_obtained":[{"floor":6.0,"key":"Pocketwatch"},{"floor":9.0,"key":"Question Card"},{"floor":10.0,"key":"Centennial Puzzle"},{"floor":11.0,"key":"Odd Mushroom"},{"floor":23,"key":"Smiling Mask"},{"floor":26,"key":"Mercury Hourglass"}],"event_choices":[{"damage_healed":0.0,"max_hp_gain":0.0,"max_hp_loss":0.0,"gold_gain":0.0,"event_name":"Liars Game","player_choice":"Ignored","floor":5.0,"gold_loss":0.0,"damage_taken":0.0},{"damage_healed":0.0,"max_hp_gain":0.0,"max_hp_loss":0.0,"gold_gain":0.0,"event_name":"Mushrooms","player_choice":"Fought Mushrooms","floor":11.0,"gold_loss":0.0,"damage_taken":0.0},{"damage_healed":0.0,"max_hp_gain":5.0,"max_hp_loss":0.0,"gold_gain":0.0,"event_name":"Big Fish","player_choice":"Donut","floor":13.0,"gold_loss":0.0,"damage_taken":0.0},{"damage_healed":0.0,"max_hp_gain":0.0,"max_hp_loss":0.0,"gold_gain":0.0,"event_name":"Back to Basics","player_choice":"Simplicity","floor":19.0,"gold_loss":0.0,"damage_taken":0.0,"cards_upgraded":["Strike_B","Defend_B","Defend_B","Defend_B","Defend_B"]},{"damage_healed":0.0,"max_hp_gain":0.0,"max_hp_loss":0.0,"gold_gain":0.0,"event_name":"Addict","player_choice":"Obtained Relic","floor":21.0,"gold_loss":85.0,"damage_taken":0.0,"relics_obtained":["Frozen Egg 2"]}],"is_beta":false,"boss_relics":[{"not_picked":["Fusion Hammer","Velvet Choker"],"picked":"Astrolabe"}],"items_purged_floors":[],"is_endless":false,"potions_floor_spawned":[1,4,6,8,20],"killed_by":"Shelled Parasite and Fungi","ascension_level":17}}