{"host":"grpjhwjd167m6b3a","time":1612862693,"event":{"mods":["BaseMod","Bossed Relics","LagranYue(拉格朗・月)","Minty Spire (QoL Compilation)","Prisma Mod","Reliquary","SOS（斯巴达之子）","StSLib","The Alterego","The Saiyan","The Senshi"],"gold_per_floor":[115,115,130,55,70,100,100,115,115,145,175,175,175,190,190,290,290,305,305,320,335,93,93,93],"floor_reached":23,"language":"ZHS","playtime":2104,"items_purged":["Pain","Regret"],"score":261,"play_id":"1381114f-695c-4e86-8dc8-a8b981cbd48a","local_time":"20210209192453","daily_mods":["Draft","Diverse","DeadlyEvents"],"is_ascension_mode":false,"campfire_choices":[{"floor":7.0,"key":"REST"},{"floor":12,"key":"REST"},{"data":"alterego_mod:PerceptionDisorder","floor":15,"key":"SMITH"}],"circlet_count":0,"master_deck":["alterego_mod:PerceptionDisorder+1","Saiyan:KameHameHa","alterego_mod:RocketPunch","Saiyan:ExpandingShockwave","PrismaMod:IllyaSaphire","LucifercomboC","PrismaMod:IllyaMinorZwei","PrismaMod:MiyuMaid","PrismaMod:MiyuUncommonAttack","GilgameshcomboA","Swivel","PrismaMod:ChloeCheapDefend","Saiyan:BigBangAttack","PrismaMod:IllyaBerserCAR","alterego_mod:Complex","alterego_mod:SakuraFive","LagranYue:AttackSapphireCard","Saiyan:MeteorDash","alterego_mod:Swimsuit","PrismaMod:IllyaCarnivalDefend+1","alterego_mod:Mirror+1","Saiyan:PressOn+1","PrismaMod:IllyaCarnivalPrismaAstolfo+1","Turbo+1","LagranYue:PowerBloodyTempleCard","PrismaMod:IllyaAssassinRevenge+1","Saiyan:DragonRadar+1","Transmutation+1","LagranYue:SkillWoodSpearCard"],"relics":["alterego_mod:MasochisticConstitution","LagranYue:RandomDrawCardRelic","WarpedTongs","Smiling Mask","reliquary:SilkGlove","Toxic Egg 2","reliquary:Knoch","Bag of Marbles","LagranYue:ContractPerformanceRelic"],"acts_visited":["Exordium","TheCity"],"potions_floor_usage":[23],"damage_taken":[{"damage":9.0,"enemies":"Small Slimes","floor":1.0,"turns":4.0},{"damage":7.0,"enemies":"Cultist","floor":3.0,"turns":3.0},{"damage":4.0,"enemies":"2 Louse","floor":5.0,"turns":2.0},{"damage":20.0,"enemies":"Gremlin Nob","floor":6.0,"turns":3.0},{"damage":0.0,"enemies":"Exordium Thugs","floor":8.0,"turns":3.0},{"damage":0.0,"enemies":"Lagavulin","floor":10.0,"turns":3.0},{"damage":0.0,"enemies":"Gremlin Nob","floor":11.0,"turns":2.0},{"damage":14,"enemies":"Looter","floor":14,"turns":3},{"damage":24,"enemies":"The Guardian","floor":16,"turns":8},{"damage":2,"enemies":"Spheric Guardian","floor":18,"turns":2},{"damage":1,"enemies":"Shell Parasite","floor":20,"turns":2},{"damage":15,"enemies":"Centurion and Healer","floor":21,"turns":6},{"damage":77,"enemies":"Gremlin Leader","floor":23,"turns":4}],"seed_played":"-878916022338446095","potions_obtained":[{"floor":1.0,"key":"ColorlessPotion"},{"floor":3.0,"key":"Block Potion"},{"floor":14,"key":"AttackPotion"}],"is_trial":false,"path_per_floor":["M","?","M","$","M","E","R","M","T","E","E","R","?","M","R","B",null,"M","?","M","M","$","E"],"character_chosen":"The_Alterego","items_purchased":["Transmutation+1","LagranYue:SkillWoodSpearCard"],"campfire_rested":2,"item_purchase_floors":[22,22],"current_hp_per_floor":[62,62,56,56,53,34,56,56,56,56,56,74,74,61,61,38,76,77,77,77,65,65,0,0],"gold":93,"neow_bonus":"","is_daily":true,"chose_seed":false,"campfire_upgraded":1,"win_rate":0.0,"timestamp":1612862693,"path_taken":["M","?","?","?","M","E","R","M","T","E","?","R","?","?","R","BOSS","M","?","M","M","$","E"],"items_purchased_type":["Card","Card"],"build_version":"2020-12-22","purchased_purges":2,"victory":false,"max_hp_per_floor":[71,71,72,72,73,74,74,74,74,74,74,74,74,75,75,76,76,77,77,78,79,79,82,82],"card_choices":[{"not_picked":["theSenshi:RainbowMoonHeartAche","PrismaMod:MiyuCheapEvoke"],"picked":"alterego_mod:PerceptionDisorder","floor":0.0},{"not_picked":["LagranYue:AttackDegenerateCard","LikeWater"],"picked":"Saiyan:KameHameHa","floor":0.0},{"not_picked":["alterego_mod:Skirt","alterego_mod:Birthday"],"picked":"alterego_mod:RocketPunch","floor":0.0},{"not_picked":["LagranYue:SkillBrokenShieldCard","Saiyan:Twize"],"picked":"Saiyan:ExpandingShockwave","floor":0.0},{"not_picked":["Underhanded Strike","Weave"],"picked":"PrismaMod:IllyaSaphire","floor":0.0},{"not_picked":["theSenshi:MoonPower","alterego_mod:Jiggle"],"picked":"LucifercomboC","floor":0.0},{"not_picked":["PrismaMod:IllyaBride","Perfected Strike"],"picked":"PrismaMod:IllyaMinorZwei","floor":0.0},{"not_picked":["Barrage","alterego_mod:Rip"],"picked":"PrismaMod:MiyuMaid","floor":0.0},{"not_picked":["PrismaMod:MiyuCheapEvoke","Dash2"],"picked":"PrismaMod:MiyuUncommonAttack","floor":0.0},{"not_picked":["BowlingBash","PathToVictory"],"picked":"GilgameshcomboA","floor":0.0},{"not_picked":["alterego_mod:Skirt","Gunslinger"],"picked":"Swivel","floor":0.0},{"not_picked":["Blade Dance","Iron Wave"],"picked":"PrismaMod:ChloeCheapDefend","floor":0.0},{"not_picked":["FollowUp","WindmillStrike"],"picked":"Saiyan:BigBangAttack","floor":0.0},{"not_picked":["Airhike","Sword Boomerang"],"picked":"PrismaMod:IllyaBerserCAR","floor":0.0},{"not_picked":["theSenshi:MoonPower","Redo"],"picked":"alterego_mod:Complex","floor":0.0},{"not_picked":["Cloak And Dagger","alterego_mod:1TonWallop","Body Slam"],"picked":"SKIP","floor":1.0},{"not_picked":["theSenshi:MoonSpiralHeartAttack","PrismaMod:IllyaGrailKun"],"picked":"alterego_mod:SakuraFive","floor":3.0},{"not_picked":["LagranYue:DefendBetterCard","Millionkick"],"picked":"LagranYue:AttackSapphireCard","floor":5.0},{"not_picked":["Poisoned Stab","Accuracy"],"picked":"Saiyan:MeteorDash","floor":6.0},{"not_picked":["theSenshi:MoonsReflection","Saiyan:Pacing"],"picked":"alterego_mod:Swimsuit","floor":8.0},{"not_picked":["Saiyan:Teleport+1","LagranYue:PowerRemoveArmorCard"],"picked":"PrismaMod:IllyaCarnivalDefend+1","floor":10.0},{"not_picked":["Impervious+1","alterego_mod:Bounce"],"picked":"alterego_mod:Mirror+1","floor":11},{"not_picked":["alterego_mod:Stockings","Doubleshoot"],"picked":"Saiyan:PressOn+1","floor":14},{"not_picked":["alterego_mod:ClassAdvantage","PrismaMod:IllyaUberPoisonChannel+1"],"picked":"PrismaMod:IllyaCarnivalPrismaAstolfo+1","floor":16},{"not_picked":["Shock","Saiyan:Flurry"],"picked":"Turbo+1","floor":18},{"not_picked":["Distraction+1","PrismaMod:ChloeChristmas+1"],"picked":"PrismaMod:IllyaAssassinRevenge+1","floor":20},{"not_picked":["Redo+1","SashWhip"],"picked":"Saiyan:DragonRadar+1","floor":21}],"player_experience":286708,"relics_obtained":[{"floor":6.0,"key":"Smiling Mask"},{"floor":9.0,"key":"reliquary:SilkGlove"},{"floor":10.0,"key":"Toxic Egg 2"},{"floor":11,"key":"reliquary:Knoch"}],"event_choices":[{"damage_healed":0.0,"max_hp_gain":0.0,"max_hp_loss":0.0,"gold_gain":0.0,"event_name":"Accursed Blacksmith","player_choice":"Rummage","floor":2.0,"gold_loss":0.0,"damage_taken":0.0,"relics_obtained":["WarpedTongs"],"cards_obtained":["Pain"]},{"damage_healed":0,"gold_gain":0,"player_choice":"Box","damage_taken":0,"relics_obtained":["Bag of Marbles"],"max_hp_gain":0,"max_hp_loss":0,"event_name":"Big Fish","floor":13,"gold_loss":0,"cards_obtained":["Regret"]},{"damage_healed":0,"gold_gain":0,"player_choice":"Read","damage_taken":0,"max_hp_gain":0,"max_hp_loss":0,"event_name":"The Library","floor":19,"gold_loss":0,"cards_obtained":["LagranYue:PowerBloodyTempleCard"]}],"is_beta":false,"boss_relics":[{"not_picked":["Cursed Key","Coffee Dripper"],"picked":"LagranYue:ContractPerformanceRelic"}],"items_purged_floors":[4,22],"is_endless":false,"potions_floor_spawned":[1,3,14],"killed_by":"Gremlin Leader","ascension_level":0}}