{"host":"19r1ww88x2tc73i0","time":1612848965,"event":{"mods":["BaseMod","BetterRewards","Colored Map","Minty Spire (QoL Compilation)","Relic Stats","StSLib","SuperFastMode","slay the spire mod where everything is the same but ironclad has a cowboy hat"],"gold_per_floor":[117,117,17,33,33,33,74,105,168,200,252,288,300,328,340,441,453,486,548,274,199,222,256,256,295,320,345,345,345,369,408,408,506,506,526,451,134,216,247,286,286,305,358,393,393,393,393,432,432,432,432,432,432,105,136,136],"floor_reached":57,"language":"ENG","playtime":3704,"items_purged":["Strike_G","Strike_G","Strike_G"],"score":2883,"play_id":"21bf4d1b-89d3-400a-aa75-59f56a9845e1","local_time":"25640209123605","is_ascension_mode":true,"campfire_choices":[{"data":"Noxious Fumes","floor":6.0,"key":"SMITH"},{"data":"Wraith Form v2","floor":13.0,"key":"SMITH"},{"floor":15.0,"key":"REST"},{"data":"Catalyst","floor":24.0,"key":"SMITH"},{"data":"Wraith Form v2","floor":28.0,"key":"SMITH"},{"data":"Wraith Form v2","floor":32.0,"key":"SMITH"},{"data":"Well Laid Plans","floor":41,"key":"SMITH"},{"data":"Concentrate","floor":47,"key":"SMITH"},{"floor":49,"key":"RECALL"},{"data":"Expertise","floor":53,"key":"SMITH"}],"circlet_count":0,"master_deck":["AscendersBane","Defend_G","Defend_G","Defend_G","Defend_G","Survivor","Neutralize","Noxious Fumes+1","Expertise+1","Catalyst+1","Wraith Form v2+1","Slice","Noxious Fumes","Backflip","Wraith Form v2+1","Wraith Form v2+1","Deadly Poison","Glass Knife","Crippling Poison","Well Laid Plans+1","Doppelganger","Concentrate+1","Poisoned Stab","Distraction","Malaise","Deadly Poison+1","Footwork","Metamorphosis","Prepared","Reflex"],"relics":["Ring of the Snake","Omamori","TwistedFunnel","Golden Idol","MawBank","Akabeko","Oddly Smooth Stone","Snecko Eye","Bag of Preparation","Calipers","Boot","FaceOfCleric","Potion Belt","Sozu","Tough Bandages","HornCleat","Ice Cream","Juzu Bracelet","Happy Flower","Nunchaku","Vajra","Turnip","Incense Burner"],"acts_visited":["Exordium","TheCity","TheBeyond","TheEnding"],"potions_floor_usage":[56,56,56],"damage_taken":[{"damage":0.0,"enemies":"Jaw Worm","floor":1.0,"turns":5.0},{"damage":3.0,"enemies":"Small Slimes","floor":4.0,"turns":4.0},{"damage":12.0,"enemies":"3 Sentries","floor":7.0,"turns":7.0},{"damage":1.0,"enemies":"2 Louse","floor":8.0,"turns":3.0},{"damage":3.0,"enemies":"Looter","floor":10.0,"turns":4.0},{"damage":18.0,"enemies":"Lagavulin","floor":11.0,"turns":6.0},{"damage":2.0,"enemies":"Red Slaver","floor":12.0,"turns":4.0},{"damage":1.0,"enemies":"Large Slime","floor":14.0,"turns":6.0},{"damage":17.0,"enemies":"Hexaghost","floor":16.0,"turns":7.0},{"damage":0.0,"enemies":"Spheric Guardian","floor":18.0,"turns":4.0},{"damage":0.0,"enemies":"Shell Parasite","floor":22.0,"turns":4.0},{"damage":7.0,"enemies":"Gremlin Leader","floor":23.0,"turns":7.0},{"damage":3.0,"enemies":"Book of Stabbing","floor":25.0,"turns":6.0},{"damage":0.0,"enemies":"Snake Plant","floor":27.0,"turns":4.0},{"damage":0.0,"enemies":"Snecko","floor":30.0,"turns":3.0},{"damage":5.0,"enemies":"Slavers","floor":31.0,"turns":5.0},{"damage":21.0,"enemies":"Automaton","floor":33.0,"turns":11.0},{"damage":6.0,"enemies":"3 Darklings","floor":35.0,"turns":9.0},{"damage":0,"enemies":"Mind Bloom Boss Battle","floor":39,"turns":5},{"damage":0,"enemies":"Giant Head","floor":40,"turns":9},{"damage":0,"enemies":"3 Shapes","floor":42,"turns":4},{"damage":3,"enemies":"Nemesis","floor":44,"turns":7},{"damage":0,"enemies":"Giant Head","floor":48,"turns":8},{"damage":17,"enemies":"Awakened One","floor":50,"turns":12},{"damage":24,"enemies":"Donu and Deca","floor":51,"turns":11},{"damage":5,"enemies":"Shield and Spear","floor":55,"turns":10},{"damage":49,"enemies":"The Heart","floor":56,"turns":10}],"seed_played":"7366257107195218468","potions_obtained":[{"floor":1.0,"key":"Dexterity Potion"},{"floor":8.0,"key":"Ancient Potion"},{"floor":12.0,"key":"Block Potion"},{"floor":14.0,"key":"SkillPotion"},{"floor":16.0,"key":"SpeedPotion"},{"floor":22.0,"key":"BlessingOfTheForge"},{"floor":30.0,"key":"CunningPotion"},{"floor":31.0,"key":"LiquidBronze"},{"floor":33.0,"key":"DistilledChaos"}],"is_trial":false,"path_per_floor":["M","?","$","M","?","R","E","M","T","M","E","M","R","M","R","B",null,"M","?","$","?","M","E","R","E","T","M","R","?","M","E","R","B",null,"M","?","$","T","?","E","R","M","T","E","?","T","R","E","R","B","B",null,"R","$","E","B",null],"character_chosen":"THE_SILENT","items_purchased":["Omamori","TwistedFunnel","Noxious Fumes","Block Potion","Bag of Preparation","Tough Bandages","Footwork","Metamorphosis","Prepared"],"campfire_rested":1,"item_purchase_floors":[0,0,0,0,20,37,54,54,54],"current_hp_per_floor":[45,50,50,47,47,47,35,34,34,31,13,11,11,10,29,12,51,51,51,51,51,51,44,44,41,41,41,41,41,42,38,38,18,55,50,50,50,50,51,52,52,53,53,51,51,51,51,52,52,36,13,57,57,57,53,5],"gold":136,"neow_bonus":"","is_daily":false,"chose_seed":false,"campfire_upgraded":8,"win_rate":0.0,"timestamp":1612848965,"path_taken":["M","?","$","M","?","R","E","M","T","M","E","M","R","M","R","BOSS","M","?","$","?","M","E","R","E","T","M","R","?","?","E","R","BOSS","M","?","$","?","?","E","R","M","T","E","?","?","R","E","R","BOSS","BOSS","R","$","E","BOSS"],"items_purchased_type":["Relic","Relic","Card","Potion","Relic","Relic","Card","Card","Card"],"build_version":"2020-12-22","purchased_purges":3,"victory":true,"max_hp_per_floor":[66,71,71,71,64,64,64,64,64,64,64,64,64,64,64,64,64,64,64,64,64,64,64,64,64,64,64,64,64,65,66,66,67,67,68,68,68,68,69,70,70,71,71,72,68,68,68,69,69,70,71,71,71,71,72,73],"relic_stats":{"Happy Flower":[19],"counters":[34,203],"Golden Idol":213,"Bag of Preparation":[17],"Juzu Bracelet":0,"MawBank":156,"Boot":[55],"Sozu":3,"Tough Bandages":[219],"Nunchaku":[4],"FaceOfCleric":13,"Snecko Eye":[229,240,262,228],"Turnip":[2],"obtain_stats":[{"Darkstone Periapt":6,"TwistedFunnel":0,"Potion Belt":31,"Ice Cream":39,"Calipers":23,"Happy Flower":43,"Golden Idol":5,"Oddly Smooth Stone":11,"Vajra":46,"Omamori":0,"Bag of Preparation":20,"Juzu Bracelet":40,"Incense Burner":55,"MawBank":7,"Boot":25,"Akabeko":9,"Sozu":34,"Tough Bandages":37,"Nunchaku":44,"HornCleat":38,"FaceOfCleric":29,"Snecko Eye":17,"Turnip":48,"Ring of the Snake":0},{"Darkstone Periapt":5,"TwistedFunnel":7,"Potion Belt":23,"Ice Cream":26,"Calipers":19,"Happy Flower":28,"Golden Idol":9,"Oddly Smooth Stone":13,"Vajra":29,"Omamori":7,"Bag of Preparation":17,"Juzu Bracelet":27,"Incense Burner":33,"MawBank":10,"Boot":20,"Akabeko":11,"Sozu":24,"Tough Bandages":25,"Nunchaku":29,"HornCleat":25,"FaceOfCleric":21,"Snecko Eye":16,"Turnip":30,"Ring of the Snake":0},{"Darkstone Periapt":22,"TwistedFunnel":28,"Potion Belt":107,"Ice Cream":132,"Calipers":89,"Happy Flower":145,"Golden Idol":37,"Oddly Smooth Stone":57,"Vajra":152,"Omamori":28,"Bag of Preparation":78,"Juzu Bracelet":141,"Incense Burner":193,"MawBank":44,"Boot":95,"Akabeko":47,"Sozu":118,"Tough Bandages":127,"Nunchaku":152,"HornCleat":127,"FaceOfCleric":99,"Snecko Eye":74,"Turnip":160,"Ring of the Snake":0}],"Ring of the Snake":[68]},"card_choices":[{"not_picked":["Reflex","Slice"],"picked":"Expertise","floor":1.0},{"not_picked":["Poisoned Stab","Choke"],"picked":"Catalyst","floor":4.0},{"not_picked":["Caltrops","Deadly Poison"],"picked":"Wraith Form v2","floor":7.0},{"not_picked":["Accuracy","Cloak And Dagger"],"picked":"Slice","floor":8.0},{"not_picked":["Bane","Prepared"],"picked":"Noxious Fumes","floor":10.0},{"not_picked":["Dagger Throw","Slice"],"picked":"Backflip","floor":11.0},{"not_picked":["Predator","Cloak And Dagger","Setup"],"picked":"SKIP","floor":12.0},{"not_picked":["Flying Knee","Deflect"],"picked":"Wraith Form v2","floor":14.0},{"not_picked":["Storm of Steel","After Image"],"picked":"Wraith Form v2","floor":16.0},{"not_picked":["Cloak And Dagger","Deflect"],"picked":"Deadly Poison","floor":18.0},{"not_picked":["Masterful Stab","Choke","Underhanded Strike"],"picked":"SKIP","floor":22.0},{"not_picked":["Dagger Spray","Flying Knee","Storm of Steel"],"picked":"SKIP","floor":23.0},{"not_picked":["Escape Plan","Distraction"],"picked":"Glass Knife","floor":25.0},{"not_picked":["Underhanded Strike","Blur+1"],"picked":"Crippling Poison","floor":27.0},{"not_picked":["Dash","Blade Dance","Dodge and Roll"],"picked":"SKIP","floor":30.0},{"not_picked":["Outmaneuver","Footwork"],"picked":"Well Laid Plans","floor":31.0},{"not_picked":["Glass Knife","Adrenaline"],"picked":"Doppelganger","floor":33.0},{"not_picked":["Deadly Poison","Prepared+1"],"picked":"Concentrate","floor":35.0},{"not_picked":["Dash","Flying Knee"],"picked":"Malaise","floor":40},{"not_picked":["Noxious Fumes","Poisoned Stab","Blade Dance"],"picked":"SKIP","floor":42},{"not_picked":["All Out Attack","Setup","Glass Knife"],"picked":"SKIP","floor":44},{"not_picked":["Cloak And Dagger","Tactician"],"picked":"Deadly Poison+1","floor":48},{"not_picked":["Deadly Poison","Blade Dance"],"picked":"Reflex","floor":55}],"player_experience":1026103,"relics_obtained":[{"floor":7.0,"key":"MawBank"},{"floor":9.0,"key":"Akabeko"},{"floor":11.0,"key":"Oddly Smooth Stone"},{"floor":23.0,"key":"Calipers"},{"floor":25.0,"key":"Boot"},{"floor":31.0,"key":"Potion Belt"},{"floor":38,"key":"HornCleat"},{"floor":39,"key":"Ice Cream"},{"floor":40,"key":"Juzu Bracelet"},{"floor":43,"key":"Happy Flower"},{"floor":44,"key":"Nunchaku"},{"floor":46,"key":"Vajra"},{"floor":48,"key":"Turnip"},{"floor":55,"key":"Incense Burner"}],"event_choices":[{"damage_healed":0.0,"max_hp_gain":5.0,"max_hp_loss":0.0,"gold_gain":0.0,"event_name":"Big Fish","player_choice":"Donut","floor":2.0,"gold_loss":0.0,"damage_taken":0.0},{"damage_healed":0.0,"max_hp_gain":0.0,"max_hp_loss":7.0,"gold_gain":0.0,"event_name":"Golden Idol","player_choice":"Lose Max HP","floor":5.0,"gold_loss":0.0,"damage_taken":0.0,"relics_obtained":["Golden Idol"]},{"damage_healed":0.0,"max_hp_gain":0.0,"max_hp_loss":0.0,"gold_gain":50.0,"event_name":"Nest","player_choice":"Stole From Cult","floor":19.0,"gold_loss":0.0,"damage_taken":0.0},{"cards_removed":["Strike_G"],"damage_healed":0.0,"max_hp_gain":0.0,"max_hp_loss":0.0,"gold_gain":0.0,"event_name":"Beggar","player_choice":"Gave Gold","floor":21.0,"gold_loss":75.0,"damage_taken":0.0},{"damage_healed":0.0,"max_hp_gain":0.0,"max_hp_loss":0.0,"gold_gain":0.0,"event_name":"FaceTrader","player_choice":"Trade","floor":29.0,"gold_loss":0.0,"damage_taken":0.0,"relics_obtained":["FaceOfCleric"]},{"damage_healed":0,"gold_gain":0,"cards_transformed":["Defend_G","Strike_G"],"player_choice":"Transformed Cards","damage_taken":0,"max_hp_gain":0,"max_hp_loss":0,"event_name":"Designer","floor":36,"gold_loss":75,"cards_obtained":["Poisoned Stab","Distraction"]},{"damage_healed":0,"gold_gain":0,"player_choice":"Fight","damage_taken":0,"max_hp_gain":0,"max_hp_loss":0,"event_name":"MindBloom","floor":39,"gold_loss":0},{"damage_healed":0,"gold_gain":0,"player_choice":"Max HP","damage_taken":0,"max_hp_gain":0,"max_hp_loss":4,"event_name":"Winding Halls","floor":45,"gold_loss":0}],"is_beta":false,"boss_relics":[{"not_picked":["Coffee Dripper","Cursed Key"],"picked":"Snecko Eye"},{"not_picked":["Pandora\u0027s Box","WristBlade"],"picked":"Sozu"}],"items_purged_floors":[0,3,20],"is_endless":false,"potions_floor_spawned":[1,4,8,12,14,16,22,30,31,33,35,44,48],"ascension_level":20}}