{"host":"mhmeo7g9gd98ttwb","time":1612912545,"event":{"mods":["AchievementEnabler","BaseMod","Card Forge","Colored Map","Minty Spire (QoL Compilation)","Relic Stats","StSLib"],"gold_per_floor":[117,117,94,159,171,217,229,251,290,321,333,364,395,420,432,544,556,587,609,621,644,674,718,730,742,754,794,825,837,849,861,873,985,997,1022,1048,665,665,547,547,579,458,458,493,510,529,544,544,544,544,544,544,180,214,214],"floor_reached":56,"language":"ENG","playtime":1965,"items_purged":[],"score":1797,"play_id":"f8e9029e-cea4-440a-8b26-6dbeba2d0d30","local_time":"20210209231545","is_ascension_mode":false,"campfire_choices":[{"data":"1","floor":7,"key":"LIFT"},{"data":"2","floor":11,"key":"LIFT"},{"data":"3","floor":15,"key":"LIFT"},{"floor":24,"key":"DIG"},{"floor":30,"key":"DIG"},{"floor":32,"key":"DIG"},{"floor":40,"key":"DIG"},{"floor":49,"key":"RECALL"},{"floor":52,"key":"DIG"}],"circlet_count":0,"master_deck":["Clash+1","Limit Break+1","Shrug It Off+1","Thunderclap+1","Iron Wave+1"],"relics":["Burning Blood","Hammer of Thor","Seething Fire","Anvil of the Gods","Girya","MawBank","Fusion Hammer","TungstenRod","The Courier","Runic Dome","Shuriken","Kunai","TheAbacus","Shovel","Vajra","Black Star","Self Forming Clay","Paper Frog","Dream Catcher","Pantograph","Sundial","Art of War","Ancient Tea Set","Matryoshka","Singing Bowl","Philosopher\u0027s Stone","Pear","Mercury Hourglass","Medical Kit","Orichalcum","Question Card","HornCleat","Omamori","Bag of Preparation","Anchor","Ornamental Fan","Calipers","Eternal Feather","Lantern","Mango","Happy Flower","Letter Opener"],"acts_visited":["Exordium","TheCity","TheBeyond","TheEnding"],"potions_floor_usage":[33,55,55,55],"damage_taken":[{"damage":1,"enemies":"Small Slimes","floor":1,"turns":3},{"damage":0,"enemies":"3 Sentries","floor":6,"turns":4},{"damage":0,"enemies":"2 Louse","floor":8,"turns":1},{"damage":0,"enemies":"Jaw Worm","floor":10,"turns":1},{"damage":0,"enemies":"2 Fungi Beasts","floor":12,"turns":2},{"damage":0,"enemies":"Lots of Slimes","floor":13,"turns":1},{"damage":0,"enemies":"Blue Slaver","floor":14,"turns":1},{"damage":0,"enemies":"The Guardian","floor":16,"turns":3},{"damage":0,"enemies":"Spheric Guardian","floor":18,"turns":1},{"damage":0,"enemies":"Shell Parasite","floor":19,"turns":1},{"damage":0,"enemies":"Centurion and Healer","floor":21,"turns":2},{"damage":0,"enemies":"Shelled Parasite and Fungi","floor":22,"turns":2},{"damage":0,"enemies":"Book of Stabbing","floor":23,"turns":2},{"damage":0,"enemies":"Slavers","floor":27,"turns":2},{"damage":0,"enemies":"3 Cultists","floor":28,"turns":2},{"damage":0,"enemies":"Champ","floor":33,"turns":2},{"damage":0,"enemies":"Orb Walker","floor":35,"turns":1},{"damage":0,"enemies":"3 Shapes","floor":36,"turns":2},{"damage":0,"enemies":"Giant Head","floor":41,"turns":2},{"damage":5,"enemies":"Nemesis","floor":44,"turns":3},{"damage":0,"enemies":"Sphere and 2 Shapes","floor":45,"turns":3},{"damage":0,"enemies":"Maw","floor":46,"turns":2},{"damage":0,"enemies":"Jaw Worm Horde","floor":47,"turns":2},{"damage":0,"enemies":"Time Eater","floor":50,"turns":4},{"damage":0,"enemies":"Shield and Spear","floor":54,"turns":3},{"damage":32,"enemies":"The Heart","floor":55,"turns":5}],"seed_played":"2356514034818756608","potions_obtained":[{"floor":1,"key":"HeartOfIron"},{"floor":12,"key":"GamblersBrew"},{"floor":13,"key":"BlessingOfTheForge"},{"floor":18,"key":"PowerPotion"},{"floor":33,"key":"Block Potion"},{"floor":47,"key":"CultistPotion"}],"is_trial":false,"path_per_floor":["M","?","?","?","?","E","R","M","T","M","R","M","M","M","R","B",null,"M","M","?","M","M","E","R","?","T","E","M","?","R","T","R","B",null,"M","M","$","?","$","R","E","$","T","E","M","M","M","?","R","B",null,"R","$","E","B",null],"character_chosen":"IRONCLAD","items_purchased":["Pear","Mercury Hourglass","Medical Kit","Omamori","Lantern","Mango"],"campfire_rested":0,"item_purchase_floors":[37,37,39,42,53,53],"current_hp_per_floor":[77,59,83,83,83,89,89,95,95,96,96,96,96,96,96,96,96,96,96,96,96,96,96,96,96,96,96,96,78,78,78,78,103,103,105,107,117,111,111,111,113,113,113,115,117,119,121,121,121,121,121,121,135,137,111],"gold":214,"neow_bonus":"TWENTY_PERCENT_HP_BONUS","is_daily":false,"chose_seed":false,"campfire_upgraded":0,"win_rate":0.0,"timestamp":1612912545,"path_taken":["M","?","?","?","?","E","R","M","T","M","R","?","M","M","R","BOSS","M","M","?","M","?","E","R","?","T","E","M","?","R","?","R","BOSS","M","M","$","?","?","R","E","$","T","E","M","M","M","?","R","BOSS","R","$","E","BOSS"],"items_purchased_type":["Relic","Relic","Relic","Relic","Relic","Relic"],"build_version":"2020-12-22","purchased_purges":0,"victory":true,"max_hp_per_floor":[96,96,96,96,96,96,96,96,96,96,96,96,96,96,96,96,96,96,96,96,96,96,96,96,96,96,96,96,101,101,101,101,103,103,105,107,117,111,111,111,113,113,113,115,117,119,121,121,121,121,121,121,135,137,137],"relic_stats":{"Singing Bowl":18,"Bag of Preparation":[0],"Burning Blood":30,"Dream Catcher":0,"TheAbacus":[318],"Shovel":5,"Sundial":[26],"Pantograph":23,"Kunai":[25],"Happy Flower":[1],"counters":[26,57],"Self Forming Clay":[9],"Eternal Feather":0,"Letter Opener":[20],"Orichalcum":[0],"MawBank":420,"Medical Kit":[11],"Question Card":5,"Mercury Hourglass":[67],"Shuriken":[25],"Ornamental Fan":[44],"Black Star":5,"Art of War":[1],"obtain_stats":[{"Lantern":53,"Calipers":44,"Singing Bowl":32,"Vajra":17,"Mango":53,"Hammer of Thor":0,"Bag of Preparation":43,"Ancient Tea Set":30,"Burning Blood":0,"Dream Catcher":24,"TheAbacus":17,"Shovel":17,"Matryoshka":31,"HornCleat":41,"Sundial":27,"Pantograph":26,"Philosopher\u0027s Stone":34,"Fusion Hammer":5,"Kunai":17,"Paper Frog":23,"Girya":0,"Pear":37,"Happy Flower":54,"Self Forming Clay":23,"Eternal Feather":52,"The Courier":6,"Omamori":42,"Seething Fire":0,"Letter Opener":54,"Orichalcum":40,"MawBank":2,"Medical Kit":39,"Question Card":41,"Mercury Hourglass":37,"Runic Dome":17,"Anchor":44,"Anvil of the Gods":0,"Shuriken":17,"Ornamental Fan":44,"Black Star":21,"Art of War":27,"TungstenRod":5},{"Lantern":24,"Calipers":20,"Singing Bowl":15,"Vajra":8,"Mango":24,"Hammer of Thor":0,"Bag of Preparation":19,"Ancient Tea Set":15,"Burning Blood":0,"Dream Catcher":13,"TheAbacus":8,"Shovel":8,"Matryoshka":15,"HornCleat":19,"Sundial":14,"Pantograph":13,"Philosopher\u0027s Stone":16,"Fusion Hammer":1,"Kunai":8,"Paper Frog":13,"Girya":0,"Pear":18,"Happy Flower":25,"Self Forming Clay":13,"Eternal Feather":24,"The Courier":2,"Omamori":19,"Seething Fire":0,"Letter Opener":25,"Orichalcum":18,"MawBank":1,"Medical Kit":18,"Question Card":19,"Mercury Hourglass":18,"Runic Dome":8,"Anchor":20,"Anvil of the Gods":0,"Shuriken":8,"Ornamental Fan":20,"Black Star":11,"Art of War":14,"TungstenRod":1},{"Lantern":49,"Calipers":38,"Singing Bowl":28,"Vajra":16,"Mango":49,"Hammer of Thor":0,"Bag of Preparation":35,"Ancient Tea Set":28,"Burning Blood":0,"Dream Catcher":24,"TheAbacus":16,"Shovel":16,"Matryoshka":28,"HornCleat":35,"Sundial":26,"Pantograph":24,"Philosopher\u0027s Stone":30,"Fusion Hammer":3,"Kunai":16,"Paper Frog":24,"Girya":0,"Pear":33,"Happy Flower":52,"Self Forming Clay":24,"Eternal Feather":49,"The Courier":7,"Omamori":35,"Seething Fire":0,"Letter Opener":52,"Orichalcum":33,"MawBank":3,"Medical Kit":33,"Question Card":35,"Mercury Hourglass":33,"Runic Dome":16,"Anchor":38,"Anvil of the Gods":0,"Shuriken":16,"Ornamental Fan":38,"Black Star":20,"Art of War":26,"TungstenRod":3}],"TungstenRod":5},"card_choices":[{"not_picked":["Dropkick","Combust","Cleave"],"picked":"SKIP","floor":1},{"not_picked":["Bloodletting","Combust","Twin Strike"],"picked":"SKIP","floor":6},{"not_picked":["Shrug It Off","Wild Strike","Clothesline"],"picked":"SKIP","floor":8},{"not_picked":["Shrug It Off","Sword Boomerang","Iron Wave"],"picked":"SKIP","floor":10},{"not_picked":["Dual Wield","Pommel Strike","Armaments"],"picked":"SKIP","floor":12},{"not_picked":["Immolate","Hemokinesis","Burning Pact"],"picked":"SKIP","floor":13},{"not_picked":["Uppercut","Wild Strike","Shockwave"],"picked":"SKIP","floor":14},{"not_picked":["Pommel Strike+1","Cleave+1","Disarm"],"picked":"SKIP","floor":18},{"not_picked":["Perfected Strike","Warcry","Shrug It Off"],"picked":"SKIP","floor":19},{"not_picked":["Fire Breathing","Entrench","Disarm+1"],"picked":"SKIP","floor":21},{"not_picked":["True Grit+1","Anger+1","Infernal Blade"],"picked":"SKIP","floor":22},{"not_picked":["Wild Strike+1","Cleave","True Grit"],"picked":"SKIP","floor":23},{"not_picked":["Rampage+1","Heavy Blade+1","Impervious"],"picked":"SKIP","floor":27},{"not_picked":["Anger","Havoc","Heavy Blade"],"picked":"SKIP","floor":28},{"not_picked":["Impervious","Double Tap","Corruption"],"picked":"Singing Bowl","floor":33},{"not_picked":["Pommel Strike+1","Headbutt+1","True Grit+1"],"picked":"Singing Bowl","floor":35},{"not_picked":["Spot Weakness","Heavy Blade","Bloodletting"],"picked":"Singing Bowl","floor":36},{"not_picked":["Intimidate","Warcry","Sword Boomerang+1"],"picked":"Singing Bowl","floor":41},{"not_picked":["Fire Breathing","Spot Weakness","Anger+1","Rupture+1"],"picked":"Singing Bowl","floor":44},{"not_picked":["Thunderclap+1","Spot Weakness+1","Headbutt+1","Pommel Strike"],"picked":"Singing Bowl","floor":45},{"not_picked":["Cleave","Pommel Strike+1","Rupture","Heavy Blade"],"picked":"Singing Bowl","floor":46},{"not_picked":["Dual Wield+1","Warcry+1","Sentinel","True Grit+1"],"picked":"Singing Bowl","floor":47},{"not_picked":["Armaments","True Grit","Hemokinesis","Shrug It Off"],"picked":"Singing Bowl","floor":54}],"player_experience":213898,"relics_obtained":[{"floor":6,"key":"The Courier"},{"floor":23,"key":"Self Forming Clay"},{"floor":23,"key":"Paper Frog"},{"floor":24,"key":"Dream Catcher"},{"floor":26,"key":"Pantograph"},{"floor":27,"key":"Sundial"},{"floor":27,"key":"Art of War"},{"floor":30,"key":"Ancient Tea Set"},{"floor":31,"key":"Matryoshka"},{"floor":32,"key":"Singing Bowl"},{"floor":40,"key":"Orichalcum"},{"floor":41,"key":"Question Card"},{"floor":41,"key":"HornCleat"},{"floor":43,"key":"Bag of Preparation"},{"floor":44,"key":"Anchor"},{"floor":44,"key":"Ornamental Fan"},{"floor":52,"key":"Eternal Feather"},{"floor":54,"key":"Happy Flower"},{"floor":54,"key":"Letter Opener"}],"event_choices":[{"damage_healed":0,"gold_gain":0,"player_choice":"Success","damage_taken":18,"relics_obtained":["MawBank"],"max_hp_gain":0,"max_hp_loss":0,"event_name":"Scrap Ooze","floor":2,"gold_loss":0},{"damage_healed":24,"gold_gain":0,"player_choice":"Healed","damage_taken":0,"max_hp_gain":0,"max_hp_loss":0,"event_name":"The Cleric","floor":3,"gold_loss":35},{"damage_healed":0,"gold_gain":53,"player_choice":"Gained Gold","damage_taken":0,"max_hp_gain":0,"max_hp_loss":0,"event_name":"Golden Wing","floor":4,"gold_loss":0},{"damage_healed":0,"gold_gain":0,"player_choice":"Ignored","damage_taken":0,"max_hp_gain":0,"max_hp_loss":0,"event_name":"Shining Light","floor":5,"gold_loss":0},{"damage_healed":0,"gold_gain":0,"player_choice":"Ignored","damage_taken":0,"max_hp_gain":0,"max_hp_loss":0,"event_name":"N\u0027loth","floor":20,"gold_loss":0},{"damage_healed":0,"gold_gain":0,"player_choice":"Ignored","damage_taken":0,"max_hp_gain":0,"max_hp_loss":0,"event_name":"Beggar","floor":25,"gold_loss":0},{"damage_healed":0,"gold_gain":0,"player_choice":"Shed Blood","damage_taken":24,"max_hp_gain":5,"max_hp_loss":0,"event_name":"Forgotten Altar","floor":29,"gold_loss":0},{"damage_healed":0,"gold_gain":0,"player_choice":"Max HP","damage_taken":0,"max_hp_gain":0,"max_hp_loss":6,"event_name":"Winding Halls","floor":38,"gold_loss":0},{"damage_healed":0,"gold_gain":0,"player_choice":"Ignored","damage_taken":0,"max_hp_gain":0,"max_hp_loss":0,"event_name":"Accursed Blacksmith","floor":48,"gold_loss":0}],"is_beta":false,"boss_relics":[{"not_picked":["SlaversCollar","Tiny House"],"picked":"Runic Dome"},{"not_picked":["Calling Bell","Mark of Pain"],"picked":"Philosopher\u0027s Stone"}],"items_purged_floors":[],"is_endless":false,"potions_floor_spawned":[1,12,13,18,21,33,35,44,45,47],"ascension_level":0}}