{"host":"fooy2gnzsnh4qz9y","time":1612853319,"event":{"mods":["2.2 Compatiblity","AchievementEnabler","BaseMod","Colored Map","Colored Powertips","DeckTracker","Highlight Path","Keyboard Shortcuts","Minty Spire (QoL Compilation)","Permanent Neow","Quick Restart","Random Character Button","StSLib","SuperFastMode","everything is the same but u backflip on backflip"],"gold_per_floor":[110,129,79,89,106,139,152,152,178,33,59,59,59,79,79,205,268,286,286,29,47,78,78,78],"floor_reached":23,"language":"KOR","playtime":4774,"items_purged":["Strike_P","Defend_P"],"score":226,"play_id":"2486abb8-c649-4b18-a5f3-ee4cee434b86","local_time":"20210209154839","is_ascension_mode":false,"campfire_choices":[{"data":"TalkToTheHand","floor":8.0,"key":"SMITH"},{"floor":15.0,"key":"REST"}],"circlet_count":0,"master_deck":["Strike_P+1","Strike_P+1","Strike_P","Defend_P+1","Defend_P","Eruption+1","Vigilance","EmptyFist+1","WreathOfFlame","EmptyBody+1","FlurryOfBlows","TalkToTheHand+1","InnerPeace","WheelKick","Blasphemy","ClearTheMind+1","SashWhip+1"],"relics":["PureWater","InkBottle","Whetstone","Omamori","Golden Idol","Tiny House","Enchiridion","Bronze Scales","Red Mask"],"acts_visited":[],"potions_floor_usage":[23],"damage_taken":[{"damage":2.0,"enemies":"Cultist","floor":1.0,"turns":3.0},{"damage":1.0,"enemies":"Jaw Worm","floor":2.0,"turns":4.0},{"damage":0.0,"enemies":"2 Louse","floor":4.0,"turns":1.0},{"damage":0.0,"enemies":"Blue Slaver","floor":5.0,"turns":1.0},{"damage":10.0,"enemies":"Gremlin Nob","floor":6.0,"turns":4.0},{"damage":4.0,"enemies":"Looter","floor":7.0,"turns":3.0},{"damage":0.0,"enemies":"Lagavulin","floor":11.0,"turns":3.0},{"damage":0.0,"enemies":"3 Louse","floor":14.0,"turns":2.0},{"damage":11.0,"enemies":"The Guardian","floor":16.0,"turns":9.0},{"damage":7,"enemies":"Spheric Guardian","floor":18,"turns":3},{"damage":22,"enemies":"2 Thieves","floor":21,"turns":3},{"damage":22,"enemies":"Masked Bandits","floor":22,"turns":4},{"damage":16,"enemies":"Slavers","floor":23,"turns":2}],"seed_played":"-481104337273506586","potions_obtained":[{"floor":5.0,"key":"Block Potion"},{"floor":6.0,"key":"FearPotion"},{"floor":7.0,"key":"Dexterity Potion"},{"floor":14.0,"key":"EssenceOfSteel"},{"floor":17.0,"key":"Weak Potion"},{"floor":18,"key":"SpeedPotion"}],"is_trial":false,"path_per_floor":["M","M","?","M","M","E","M","R","T","$","E","?","?","M","R","B",null,"M","?","$","M","?","E"],"character_chosen":"WATCHER","items_purchased":["WheelKick","Bronze Scales"],"campfire_rested":1,"item_purchase_floors":[10,20],"current_hp_per_floor":[70,69,69,69,69,59,55,55,55,55,55,37,23,23,44,33,77,70,54,54,32,10,0,0],"gold":78,"neow_bonus":"UPGRADE_CARD","is_daily":false,"chose_seed":false,"campfire_upgraded":1,"win_rate":0.0,"timestamp":1612853319,"path_taken":["M","M","?","M","M","E","M","R","T","$","E","?","?","M","R","BOSS","M","?","$","M","?","E"],"items_purchased_type":["Card","Relic"],"build_version":"2020-12-22","purchased_purges":2,"victory":false,"max_hp_per_floor":[72,72,72,72,72,72,72,72,72,72,72,72,72,72,72,72,77,77,77,77,77,77,77,77],"card_choices":[{"not_picked":["Prostrate","Collect"],"picked":"EmptyFist","floor":1.0},{"not_picked":["FollowUp","Devotion"],"picked":"WreathOfFlame","floor":2.0},{"not_picked":["BattleHymn","Wireheading"],"picked":"EmptyBody","floor":4.0},{"not_picked":["CarveReality","Fasting2"],"picked":"FlurryOfBlows","floor":5.0},{"not_picked":["Swivel","FollowUp"],"picked":"TalkToTheHand","floor":6.0},{"not_picked":["Crescendo","FlurryOfBlows"],"picked":"InnerPeace","floor":7.0},{"not_picked":["BowlingBash","Indignation","Crescendo"],"picked":"SKIP","floor":11.0},{"not_picked":["CarveReality","BattleHymn","Prostrate"],"picked":"SKIP","floor":14.0},{"not_picked":["DevaForm","Omniscience"],"picked":"Blasphemy","floor":16.0},{"not_picked":["ThirdEye","Protect"],"picked":"ClearTheMind+1","floor":18},{"not_picked":["ThirdEye","Worship"],"picked":"SashWhip+1","floor":21}],"player_experience":241313,"relics_obtained":[{"floor":6.0,"key":"InkBottle"},{"floor":9.0,"key":"Whetstone"},{"floor":11.0,"key":"Omamori"},{"floor":19,"key":"Enchiridion"},{"floor":22,"key":"Red Mask"}],"event_choices":[{"cards_removed":["Defend_P"],"damage_healed":0.0,"max_hp_gain":0.0,"max_hp_loss":0.0,"gold_gain":0.0,"event_name":"The Cleric","player_choice":"Card Removal","floor":3.0,"gold_loss":50.0,"damage_taken":0.0},{"damage_healed":0.0,"max_hp_gain":0.0,"max_hp_loss":0.0,"gold_gain":0.0,"event_name":"Golden Idol","player_choice":"Take Damage","floor":12.0,"gold_loss":0.0,"damage_taken":18.0,"relics_obtained":["Golden Idol"]},{"damage_healed":0.0,"max_hp_gain":0.0,"max_hp_loss":0.0,"gold_gain":0.0,"event_name":"Shining Light","player_choice":"Entered Light","floor":13.0,"gold_loss":0.0,"damage_taken":14.0,"cards_upgraded":["Defend_P","EmptyBody"]},{"damage_healed":0,"gold_gain":0,"player_choice":"Obtained Book","damage_taken":16,"max_hp_gain":0,"max_hp_loss":0,"event_name":"Cursed Tome","floor":19,"gold_loss":0},{"damage_healed":0,"gold_gain":0,"player_choice":"Fought Bandits","damage_taken":0,"max_hp_gain":0,"max_hp_loss":0,"event_name":"Masked Bandits","floor":22,"gold_loss":0}],"is_beta":false,"boss_relics":[{"not_picked":["HolyWater","Ectoplasm"],"picked":"Tiny House"}],"items_purged_floors":[10,20],"is_endless":false,"potions_floor_spawned":[5,6,7,14,18],"killed_by":"Slavers","ascension_level":0}}