{"host":"3a1ypf1irl30q4k8","time":1612884740,"event":{"mods":["AchievementEnabler","BaseMod","Bestiary","Colored Map","Minty Spire (QoL Compilation)","Relic Stats","ojb\u0027s Info Mod"],"gold_per_floor":[110,110,127,202,220,220,232,265,265,284,29,29,42,58,58,155,155,167,186,199,219,27,27,37,71,71,71,71,71,71,84,84,187,187,207,221,121,140,140,140,5,5,51,66,78,78,110,39,39,39,39],"floor_reached":50,"language":"ENG","playtime":2357,"items_purged":["Strike_G","Accuracy"],"score":650,"play_id":"a0f5d37c-adb7-4321-a73a-b868d570b0d6","local_time":"20210209153220","is_ascension_mode":true,"campfire_choices":[{"data":"Dagger Spray","floor":6.0,"key":"SMITH"},{"floor":12.0,"key":"DIG"},{"floor":15.0,"key":"DIG"},{"data":"Catalyst","floor":23.0,"key":"SMITH"},{"floor":27.0,"key":"DIG"},{"floor":32.0,"key":"REST"},{"data":"Bullet Time","floor":40,"key":"SMITH"},{"floor":42,"key":"DIG"},{"floor":49,"key":"RECALL"}],"circlet_count":0,"master_deck":["Survivor","Neutralize+1","Poisoned Stab","Poisoned Stab","Dagger Spray+1","Quick Slash","Noxious Fumes","PiercingWail","Bane+1","Bane+1","Flying Knee+1","Deadly Poison","Venomology","Bouncing Flask","Tools of the Trade","Backflip","Poisoned Stab+1","Dagger Spray+1","Poisoned Stab+1","Malaise","Unload+1","Catalyst+1","Dash+1","Dash+1","Noxious Fumes+1","Bullet Time+1","CurseOfTheBell","Deflect+1","Envenom","Footwork","Acrobatics+1","Flechettes+1"],"relics":["Ring of the Snake","Molten Egg 2","Shovel","DollysMirror","CaptainsWheel","Mercury Hourglass","Pandora\u0027s Box","Snake Skull","Singing Bowl","Lizard Tail","Regal Pillow","Happy Flower","Calling Bell","Omamori","Tingsha","Pantograph","Bag of Marbles","Smiling Mask"],"acts_visited":["Exordium","TheCity","TheBeyond"],"potions_floor_usage":[38,38,47,47,50],"damage_taken":[{"damage":0.0,"enemies":"Small Slimes","floor":1.0,"turns":3.0},{"damage":0.0,"enemies":"Jaw Worm","floor":3.0,"turns":4.0},{"damage":4.0,"enemies":"Cultist","floor":5.0,"turns":3.0},{"damage":0.0,"enemies":"Large Slime","floor":7.0,"turns":5.0},{"damage":25.0,"enemies":"Gremlin Nob","floor":8.0,"turns":4.0},{"damage":8.0,"enemies":"Exordium Wildlife","floor":10.0,"turns":4.0},{"damage":4.0,"enemies":"Blue Slaver","floor":13.0,"turns":2.0},{"damage":0.0,"enemies":"3 Louse","floor":14.0,"turns":2.0},{"damage":6.0,"enemies":"The Guardian","floor":16.0,"turns":7.0},{"damage":6.0,"enemies":"Chosen","floor":18.0,"turns":3.0},{"damage":6.0,"enemies":"Spheric Guardian","floor":19.0,"turns":5.0},{"damage":13.0,"enemies":"Cultist and Chosen","floor":20.0,"turns":3.0},{"damage":0.0,"enemies":"3 Cultists","floor":21.0,"turns":2.0},{"damage":11.0,"enemies":"Centurion and Healer","floor":24.0,"turns":5.0},{"damage":3.0,"enemies":"Slavers","floor":25.0,"turns":3.0},{"damage":4.0,"enemies":"Colosseum Slavers","floor":28.0,"turns":4.0},{"damage":12.0,"enemies":"Chosen and Byrds","floor":31.0,"turns":4.0},{"damage":5.0,"enemies":"Champ","floor":33.0,"turns":10.0},{"damage":0,"enemies":"3 Shapes","floor":35,"turns":3},{"damage":12,"enemies":"Orb Walker","floor":36,"turns":2},{"damage":2,"enemies":"Spire Growth","floor":38,"turns":3},{"damage":9,"enemies":"4 Shapes","floor":44,"turns":3},{"damage":0,"enemies":"Transient","floor":45,"turns":5},{"damage":33,"enemies":"Nemesis","floor":47,"turns":3},{"damage":121,"enemies":"Time Eater","floor":50,"turns":9}],"seed_played":"-8134391685599888211","potions_obtained":[{"floor":3.0,"key":"SneckoOil"},{"floor":10.0,"key":"PowerPotion"},{"floor":13.0,"key":"AttackPotion"},{"floor":14.0,"key":"Strength Potion"},{"floor":21.0,"key":"Fire Potion"},{"floor":25.0,"key":"Block Potion"},{"floor":35,"key":"LiquidMemories"},{"floor":45,"key":"FearPotion"},{"floor":47,"key":"Poison Potion"}],"is_trial":false,"path_per_floor":["M","?","M","?","M","R","M","E","T","M","$","R","M","M","R","B",null,"M","M","M","M","$","R","M","E","T","R","?","$","?","M","R","B",null,"M","M","$","M","?","R","$","R","T","M","M","?","E","$","R","B"],"character_chosen":"THE_SILENT","items_purchased":["Bane+1","DollysMirror","Snake Skull","Dash+1","Envenom","Flechettes+1"],"campfire_rested":1,"item_purchase_floors":[11,11,22,22,41,48],"current_hp_per_floor":[70,75,75,68,64,64,64,39,39,31,31,31,27,27,27,21,75,69,63,50,50,50,50,39,36,36,36,32,32,32,22,60,55,77,79,69,69,67,67,67,67,67,67,58,58,78,47,47,47,0,0],"gold":39,"neow_bonus":"UPGRADE_CARD","is_daily":false,"chose_seed":false,"campfire_upgraded":3,"win_rate":0.0,"timestamp":1612884740,"path_taken":["M","?","M","?","M","R","M","E","T","M","$","R","M","M","R","BOSS","M","M","?","M","$","R","M","E","T","R","?","?","?","M","R","BOSS","M","M","$","M","?","R","$","R","T","M","M","?","E","?","R","BOSS"],"items_purchased_type":["Card","Relic","Relic","Card","Card","Card"],"build_version":"2020-12-22","purchased_purges":2,"victory":false,"max_hp_per_floor":[70,75,75,75,75,75,75,75,75,75,75,75,75,75,75,75,75,75,75,75,75,75,75,75,75,75,75,75,75,75,77,77,77,77,79,81,81,81,81,81,81,81,81,81,81,81,83,83,83,83,83],"relic_stats":{"Regal Pillow":15,"Singing Bowl":8,"Happy Flower":[14],"counters":[25,101],"Tingsha":[40],"Snake Skull":[97],"Smiling Mask":0,"Mercury Hourglass":[239],"Lizard Tail":41,"Shovel":4,"Pantograph":25,"Pandora\u0027s Box":["Bouncing Flask","Tools of the Trade","Backflip","Poisoned Stab","Accuracy","Dagger Spray","Poisoned Stab","Malaise","Unload"],"obtain_stats":[{"Regal Pillow":27,"Singing Bowl":25,"Happy Flower":30,"Tingsha":34,"Snake Skull":22,"Omamori":34,"Smiling Mask":47,"Mercury Hourglass":15,"Calling Bell":34,"CaptainsWheel":12,"Lizard Tail":26,"Shovel":9,"DollysMirror":11,"Pantograph":34,"Molten Egg 2":8,"Pandora\u0027s Box":17,"Bag of Marbles":42,"Ring of the Snake":0},{"Regal Pillow":15,"Singing Bowl":15,"Happy Flower":16,"Tingsha":18,"Snake Skull":13,"Omamori":18,"Smiling Mask":24,"Mercury Hourglass":8,"Calling Bell":18,"CaptainsWheel":6,"Lizard Tail":15,"Shovel":5,"DollysMirror":6,"Pantograph":18,"Molten Egg 2":5,"Pandora\u0027s Box":9,"Bag of Marbles":21,"Ring of the Snake":0},{"Regal Pillow":55,"Singing Bowl":55,"Happy Flower":59,"Tingsha":73,"Snake Skull":47,"Omamori":73,"Smiling Mask":92,"Mercury Hourglass":27,"Calling Bell":73,"CaptainsWheel":23,"Lizard Tail":55,"Shovel":19,"DollysMirror":23,"Pantograph":73,"Molten Egg 2":19,"Pandora\u0027s Box":34,"Bag of Marbles":81,"Ring of the Snake":0}],"Ring of the Snake":[50]},"card_choices":[{"not_picked":["Blade Dance","Deflect"],"picked":"Poisoned Stab","floor":1.0},{"not_picked":["Escape Plan","Prepared"],"picked":"Poisoned Stab","floor":3.0},{"not_picked":["Eviscerate","Acrobatics"],"picked":"Dagger Spray","floor":5.0},{"not_picked":["Slice","Outmaneuver"],"picked":"Quick Slash","floor":7.0},{"not_picked":["Deadly Poison","Riddle With Holes+1"],"picked":"Noxious Fumes","floor":8.0},{"not_picked":["Blur","Heel Hook+1"],"picked":"PiercingWail","floor":10.0},{"not_picked":["Dagger Throw+1","Heel Hook+1"],"picked":"Flying Knee+1","floor":13.0},{"not_picked":["Blade Dance","Outmaneuver"],"picked":"Deadly Poison","floor":14.0},{"not_picked":["Doppelganger","Die Die Die+1"],"picked":"Venomology","floor":16.0},{"not_picked":["Poisoned Stab+1","Flying Knee+1","Leg Sweep"],"picked":"SKIP","floor":18.0},{"not_picked":["Escape Plan","Flying Knee+1","Dagger Spray+1"],"picked":"SKIP","floor":19.0},{"not_picked":["Riddle With Holes+1","Underhanded Strike+1"],"picked":"Catalyst","floor":20.0},{"not_picked":["Sucker Punch+1","Acrobatics","Underhanded Strike+1"],"picked":"SKIP","floor":21.0},{"not_picked":["Unload+1","Leg Sweep"],"picked":"Dash+1","floor":24.0},{"not_picked":["Backflip","Deflect+1"],"picked":"Noxious Fumes+1","floor":25.0},{"not_picked":["Poisoned Stab+1","Leg Sweep","Underhanded Strike+1"],"picked":"Singing Bowl","floor":31.0},{"not_picked":["Phantasmal Killer","Malaise"],"picked":"Bullet Time","floor":33.0},{"not_picked":["Deadly Poison","Well Laid Plans","Predator+1"],"picked":"Singing Bowl","floor":35},{"not_picked":["Accuracy","Dodge and Roll+1","Acrobatics"],"picked":"Singing Bowl","floor":36},{"not_picked":["Masterful Stab+1","Bane+1"],"picked":"Deflect+1","floor":38},{"not_picked":["Acrobatics","Setup"],"picked":"Footwork","floor":44},{"not_picked":["Infinite Blades+1","Underhanded Strike+1"],"picked":"Acrobatics+1","floor":45},{"not_picked":["Envenom","Dagger Spray+1","Blade Dance"],"picked":"Singing Bowl","floor":47}],"player_experience":1375550,"relics_obtained":[{"floor":8.0,"key":"Molten Egg 2"},{"floor":9.0,"key":"Shovel"},{"floor":12.0,"key":"CaptainsWheel"},{"floor":15.0,"key":"Mercury Hourglass"},{"floor":25.0,"key":"Singing Bowl"},{"floor":26.0,"key":"Lizard Tail"},{"floor":27.0,"key":"Regal Pillow"},{"floor":34.0,"key":"Omamori"},{"floor":34.0,"key":"Tingsha"},{"floor":34.0,"key":"Pantograph"},{"floor":42,"key":"Bag of Marbles"},{"floor":47,"key":"Smiling Mask"}],"event_choices":[{"damage_healed":0.0,"max_hp_gain":5.0,"max_hp_loss":0.0,"gold_gain":0.0,"event_name":"Big Fish","player_choice":"Donut","floor":2.0,"gold_loss":0.0,"damage_taken":0.0},{"damage_healed":0.0,"max_hp_gain":0.0,"max_hp_loss":0.0,"gold_gain":75.0,"event_name":"FaceTrader","player_choice":"Touch","floor":4.0,"gold_loss":0.0,"damage_taken":7.0},{"damage_healed":0.0,"max_hp_gain":0.0,"max_hp_loss":0.0,"gold_gain":0.0,"event_name":"Colosseum","player_choice":"Fight","floor":28.0,"gold_loss":0.0,"damage_taken":0.0},{"damage_healed":0.0,"max_hp_gain":0.0,"max_hp_loss":0.0,"gold_gain":0.0,"event_name":"Colosseum","player_choice":"Fled From Nobs","floor":28.0,"gold_loss":0.0,"damage_taken":0.0},{"damage_healed":0.0,"max_hp_gain":0.0,"max_hp_loss":0.0,"gold_gain":0.0,"event_name":"The Mausoleum","player_choice":"Opened","floor":30.0,"gold_loss":0.0,"damage_taken":0.0,"relics_obtained":["Happy Flower"]},{"damage_healed":0,"gold_gain":0,"player_choice":"Ignored","damage_taken":0,"max_hp_gain":0,"max_hp_loss":0,"event_name":"Mysterious Sphere","floor":39,"gold_loss":0},{"damage_healed":20,"gold_gain":0,"player_choice":"Writhe","damage_taken":0,"max_hp_gain":0,"max_hp_loss":0,"event_name":"Winding Halls","floor":46,"gold_loss":0,"cards_obtained":["Writhe"]}],"is_beta":false,"boss_relics":[{"not_picked":["SlaversCollar","Velvet Choker"],"picked":"Pandora\u0027s Box"},{"not_picked":["Ring of the Serpent","Busted Crown"],"picked":"Calling Bell"}],"items_purged_floors":[11,37],"is_endless":false,"potions_floor_spawned":[3,10,13,14,21,24,25,35,45,47],"killed_by":"Time Eater","ascension_level":4}}