{"host":"d73an99q9oevilk5","time":1612913001,"event":{"mods":["2.2 Compatiblity","AchievementEnabler","Act Like it!","Aspiration","BaseMod","Beaked The Cultist","Better Third Choice","BetterRewards","Colored Map","Colored Powertips","Conspire","Downfall","GifTheSpireLib","GungeonMod","Halation","Hubris","Infinite Spire","Marisa????????","Mimic Mod","Minty Spire (QoL Compilation)","Quick Restart","Relic Sorter","Reliquary","Replay The Spire","Shop Mod","Spikes Relics","StSLib","Stuff the Spire","The Bug Knight","The Cursed","The Jungle","The Necromancer","The Saiyan","Waifu the Spire","egg","slay the spire mod where everything is the same but ironclad has a cowboy hat"],"gold_per_floor":[111,386,162,182,182,282,282,406,446,446,457,475,475,216,216,312,312,323,211,3,14,116,116,116,97,108,108,108,240,271,271,367,367,379,379,395,408,408,215,215,294,326,301,301,319,319,319],"floor_reached":51,"language":"ENG","playtime":2089,"items_purged":["hubris:Sloth","Regret"],"score":1087,"play_id":"67f2bd63-ef26-4df2-92ce-cda80a339454","local_time":"20210209162321","is_ascension_mode":false,"campfire_choices":[{"data":"beaked:KnowThyFoe","floor":7,"key":"SMITH"},{"data":"beaked:Tweet","floor":13,"key":"SMITH"},{"floor":15,"key":"DIG"},{"data":"beaked:Evade","floor":24,"key":"SMITH"},{"data":"beaked:CrazyRituals","floor":28,"key":"SMITH"},{"data":"beaked:Ceremony","floor":32,"key":"SMITH"},{"data":"beaked:AwakenedForm","floor":40,"key":"SMITH"},{"data":"beaked:Foresight","floor":42,"key":"SMITH"},{"data":"beaked:Ceremony","floor":47,"key":"SMITH"},{"data":"beaked:Foresight","floor":49,"key":"SMITH"}],"circlet_count":0,"master_deck":["beaked:Strike_Y","beaked:Strike_Y","beaked:Strike_Y","beaked:Strike_Y","beaked:Strike_Y","beaked:Strike_Y","beaked:Defend_Y+1","beaked:Defend_Y+1","beaked:Defend_Y+1","beaked:Defend_Y+1","beaked:Ceremony+1","beaked:Ceremony+1","beaked:KnowThyFoe+1","beaked:Tweet+1","beaked:Foresight+1","beaked:Brace","beaked:CrazyRituals+1","beaked:Evade+1","beaked:MaddeningMurmurs","beaked:MaddeningMurmurs","beaked:AwakenedForm+1","Limit Break+1","beaked:Foresight+1","beaked:Daydream+1","Parasite","beaked:Insight+1","beaked:MachineSpirit","Limit Break+1","beaked:Foresight+1"],"relics":["beaked:MendingPlumage","DemoMod:ChaffGrenade","hubris:Icosahedron","Membership Card","reliquary:JackalopeAntler","BicycleWheel","DemoMod:VorpalBullet","Strawberry","DemoMod:MonsterBlood","ReplayTheSpireMod:CursedCoin","halation:Trompette","hubris:Teleporter","ClockworkSouvenir","StuffTheSpire:TintedRock","halation:LettersToHer","Blue Candle","reliquary:BoilingFlask","LugNut","aspiration:FrozenJewel","StuffTheSpire:Barrel","Tiny Chest","aspiration:Nostalgia","PureWater","Replay:Bottled Eggs","beaked:ThroatLozenge","theJungle:WildStrawberry","hubris:MedicalManual","beaked:SacredDeck","aspiration:EmptySkull","StuffTheSpire:BottledEssence","BrokenLever","aspiration:SeaSaltIceCream","DollysMirror"],"acts_visited":["Exordium","Exordium","TheBeyond"],"potions_floor_usage":[22,22,27,30,33,33,50,50,50],"damage_taken":[{"damage":11,"enemies":"Jaw Worm","floor":1,"turns":4},{"damage":1,"enemies":"Cultist","floor":4,"turns":3},{"damage":7,"enemies":"HollowMod:MossKnight","floor":6,"turns":6},{"damage":0,"enemies":"Gremlin Nob","floor":8,"turns":2},{"damage":12,"enemies":"2 Louse","floor":9,"turns":8},{"damage":3,"enemies":"2 Louse","floor":11,"turns":3},{"damage":11,"enemies":"conspire:2 RoseBushes","floor":12,"turns":4},{"damage":34,"enemies":"Hexaghost","floor":16,"turns":8},{"damage":11,"enemies":"theJungle:GiantWrat","floor":18,"turns":4},{"damage":3,"enemies":"theJungle:5_Spyders","floor":22,"turns":5},{"damage":9,"enemies":"theJungle:MamaSnecko","floor":23,"turns":5},{"damage":29,"enemies":"theJungle:Lyon","floor":26,"turns":5},{"damage":0,"enemies":"theJungle:Lyon","floor":27,"turns":2},{"damage":6,"enemies":"theJungle:Cassacara","floor":30,"turns":4},{"damage":5,"enemies":"Snake Plant","floor":31,"turns":6},{"damage":0,"enemies":"theJungle:TotemBoss","floor":33,"turns":6},{"damage":7,"enemies":"Orb Walker","floor":35,"turns":2},{"damage":14,"enemies":"3 Shapes","floor":37,"turns":4},{"damage":3,"enemies":"Writhing Mass","floor":38,"turns":4},{"damage":0,"enemies":"4 Shapes","floor":44,"turns":5},{"damage":8,"enemies":"4 Shapes","floor":48,"turns":6},{"damage":17,"enemies":"Time Eater","floor":50,"turns":9}],"seed_played":"-2664931997126346676","potions_obtained":[{"floor":1,"key":"ColorlessPotion"},{"floor":6,"key":"DemoMod:LeadSkinPotion"},{"floor":16,"key":"Block Potion"},{"floor":30,"key":"bronze:BurnAndBuffPotion"},{"floor":37,"key":"BlessingOfTheForge"}],"is_trial":false,"path_per_floor":["M","?","$","M","?","E","R","E","MIM","?","M","M","R","$","R_BF","B",null,"M","$","$","M","E","R","?","MIM","M","R","?","E","MIM","R","B",null,"M","?","M","M","R","$","R","T","MIM","$","R","M","R","B",null],"character_chosen":"BEAKED_THE_CULTIST","items_purchased":["Membership Card","reliquary:JackalopeAntler","Strawberry","DemoMod:MonsterBlood","ReplayTheSpireMod:CursedCoin","ClockworkSouvenir","StuffTheSpire:TintedRock","beaked:Foresight","LugNut","aspiration:FrozenJewel","Tiny Chest","beaked:MaddeningMurmurs","aspiration:Nostalgia","Replay:Bottled Eggs","aspiration:EmptySkull","StuffTheSpire:BottledEssence","beaked:MachineSpirit","Swift Potion"],"campfire_rested":0,"item_purchase_floors":[0,0,0,0,0,3,3,3,14,14,19,19,21,21,41,41,41,46],"current_hp_per_floor":[61,61,61,64,64,64,64,64,64,64,64,64,64,64,64,64,64,55,55,55,64,64,64,64,42,50,50,43,67,67,67,67,67,67,67,67,67,67,67,67,67,67,67,67,67,67,66],"gold":319,"neow_bonus":"","is_daily":false,"chose_seed":false,"campfire_upgraded":9,"win_rate":0.0,"timestamp":1612913001,"path_taken":["M","?","$","?","?","E","R","E","MIM","?","M","M","R","$","R_BF","BOSS","M","$","$","M","E","R","?","MIM","?","R","?","E","?","R","BOSS","M","?","?","M","R","?","R","T","?","$","R","?","R","BOSS"],"items_purchased_type":["Relic","Relic","Relic","Relic","Relic","Relic","Relic","Card","Relic","Relic","Relic","Card","Relic","Relic","Relic","Relic","Card","Potion"],"build_version":"2020-12-22","purchased_purges":2,"victory":true,"max_hp_per_floor":[64,64,64,64,64,64,64,64,64,64,64,64,64,64,64,64,64,64,64,64,64,64,64,64,60,60,60,67,67,67,67,67,67,67,67,67,67,67,67,67,67,67,67,67,67,67,67],"card_choices":[{"not_picked":["beaked:Mantra","beaked:DigDeep"],"picked":"beaked:Tweet","floor":1},{"not_picked":["beaked:BloodRitual","beaked:SacrificialAttack","beaked:Windmill"],"picked":"SKIP","floor":4},{"not_picked":["beaked:BloodRitual","beaked:Windmill","beaked:WindBringer"],"picked":"SKIP","floor":6},{"not_picked":["beaked:TuckingFeathers","beaked:Resilience"],"picked":"beaked:Brace","floor":8},{"not_picked":["beaked:DigDeep","beaked:Tradeoff"],"picked":"beaked:CrazyRituals","floor":11},{"not_picked":["beaked:Resilience","beaked:Roost","beaked:FeelMyPain"],"picked":"SKIP","floor":12},{"not_picked":["beaked:BraceForImpact+1","beaked:FeelMyPain"],"picked":"beaked:Evade","floor":18},{"not_picked":["beaked:Insight","beaked:Poke","beaked:DigDeeper+1"],"picked":"SKIP","floor":22},{"not_picked":["beaked:FeelMyPain","ReplayTheSpireMod:Prepare the Ceremony","beaked:Mantra+1"],"picked":"SKIP","floor":23},{"not_picked":["beaked:Overexert","beaked:Brace+1"],"picked":"beaked:MaddeningMurmurs","floor":27},{"not_picked":["beaked:Tradeoff+1","beaked:DigDeeper","beaked:FeelMyPain"],"picked":"SKIP","floor":30},{"not_picked":["beaked:ScreechingChant","beaked:FullHouse"],"picked":"beaked:AwakenedForm","floor":33},{"not_picked":["DemoMod:Spice","beaked:Insight+1"],"picked":"beaked:Foresight","floor":35},{"not_picked":["beaked:Mantra","beaked:DigDeep+1"],"picked":"beaked:Daydream+1","floor":37},{"not_picked":["beaked:HuntressEssence+1","beaked:MaddeningMurmurs"],"picked":"beaked:Insight+1","floor":38},{"not_picked":["beaked:Resilience","beaked:Overpower"],"picked":"beaked:Foresight+1","floor":44},{"not_picked":["DemoMod:Spice","beaked:TuckingFeathers","beaked:StunningBlow+1"],"picked":"SKIP","floor":48}],"player_experience":1882625,"relics_obtained":[{"floor":6,"key":"halation:LettersToHer"},{"floor":8,"key":"Blue Candle"},{"floor":9,"key":"reliquary:BoilingFlask"},{"floor":9,"key":"halation:LettersToHer"},{"floor":15,"key":"StuffTheSpire:Barrel"},{"floor":23,"key":"beaked:ThroatLozenge"},{"floor":26,"key":"halation:LettersToHer"},{"floor":30,"key":"DemoMod:ChaffGrenade"},{"floor":31,"key":"hubris:MedicalManual"},{"floor":31,"key":"halation:LettersToHer"},{"floor":43,"key":"halation:LettersToHer"},{"floor":43,"key":"BrokenLever"},{"floor":44,"key":"aspiration:SeaSaltIceCream"},{"floor":44,"key":"halation:LettersToHer"}],"event_choices":[{"damage_healed":0,"gold_gain":275,"player_choice":"Desecrate","damage_taken":0,"max_hp_gain":0,"max_hp_loss":0,"event_name":"Golden Shrine","floor":2,"gold_loss":0,"cards_obtained":["Regret"]},{"damage_healed":0,"gold_gain":0,"player_choice":"Leave","damage_taken":0,"max_hp_gain":0,"max_hp_loss":0,"event_name":"conspire:Investor","floor":5,"gold_loss":0},{"damage_healed":0,"gold_gain":0,"player_choice":"Full Heal","damage_taken":0,"max_hp_gain":0,"max_hp_loss":0,"event_name":"Wheel of Change","floor":25,"gold_loss":0},{"damage_healed":0,"gold_gain":0,"player_choice":"Upgraded","damage_taken":0,"max_hp_gain":0,"max_hp_loss":0,"event_name":"Upgrade Shrine","floor":36,"gold_loss":0,"cards_upgraded":["Limit Break"]}],"is_beta":false,"boss_relics":[{"not_picked":["reliquary:WritOfMandamus","StuffTheSpire:RunicConfusion","Honey Jar"]},{"not_picked":["beaked:MawFillet","aspiration:RunicSpoon"],"picked":"beaked:SacredDeck"}],"items_purged_floors":[0,3],"is_endless":false,"potions_floor_spawned":[1,6,16,22,27,30,37,48],"ascension_level":0}}