{"host":"sp1f3sybb350mzsh","time":1612905226,"event":{"mods":["AchievementEnabler","BaseMod","Bestiary","Colored Map","Colored Powertips","Filter the Spire","Minty Spire (QoL Compilation)","Relic Stats","StSLib"],"gold_per_floor":[111,111,122,122,132,161,161,190,190,219,234,234,250,266,266,364,364,380,342,354,354,366,366,393,393,439,450,481,510,530,562,562,657,657,676,205,255,273,292,292,317,317,367,381,413,413,433,444,444,444,444,444,150,175,175],"floor_reached":56,"language":"ENG","playtime":4564,"items_purged":["All For One"],"score":1366,"play_id":"704638c0-06d0-44ed-b555-eff5be39e44f","local_time":"20210209151346","is_ascension_mode":true,"campfire_choices":[{"data":"Biased Cognition","floor":7,"key":"SMITH"},{"data":"Self Repair","floor":12,"key":"SMITH"},{"data":"Reboot","floor":15,"key":"SMITH"},{"data":"Echo Form","floor":23,"key":"SMITH"},{"data":"Sunder","floor":25,"key":"SMITH"},{"data":"Biased Cognition","floor":32,"key":"SMITH"},{"data":"Defragment","floor":40,"key":"SMITH"},{"data":"Consume","floor":46,"key":"SMITH"},{"floor":49,"key":"RECALL"},{"data":"Capacitor","floor":52,"key":"SMITH"}],"circlet_count":0,"master_deck":["Zap","Dualcast","Barrage","Cold Snap","Barrage","Biased Cognition+1","Ball Lightning","Self Repair+1","Reboot+1","Defragment+1","FTL","Hologram","Consume+1","Chill","Rebound","Glacier","Sunder+1","Capacitor","Echo Form+1","Undo+1","Electrodynamics","Glacier","Stack","Biased Cognition+1","Rainbow","Leap+1","Capacitor+1","Stack","Fusion+1","Beam Cell+1","Turbo+1","Go for the Eyes+1","Skim+1","Compile Driver+1","Chill+1","Stack","Loop","Undo+1"],"relics":["Coffee Dripper","MealTicket","Gremlin Horn","Art of War","Symbiotic Virus","Pandora\u0027s Box","Bag of Preparation","Pen Nib","Torii","Red Mask","Bird Faced Urn","SlaversCollar","Emotion Chip","TungstenRod","Happy Flower","Toy Ornithopter","ClockworkSouvenir","Oddly Smooth Stone"],"acts_visited":["Exordium","TheCity","TheBeyond","TheEnding"],"potions_floor_usage":[8,8,29,31,31,37,50],"damage_taken":[{"damage":1,"enemies":"Jaw Worm","floor":1,"turns":3},{"damage":0,"enemies":"2 Louse","floor":3,"turns":3},{"damage":0,"enemies":"Cultist","floor":5,"turns":3},{"damage":17,"enemies":"3 Sentries","floor":6,"turns":9},{"damage":16,"enemies":"Gremlin Nob","floor":8,"turns":4},{"damage":8,"enemies":"Lagavulin","floor":10,"turns":5},{"damage":0,"enemies":"Looter","floor":11,"turns":2},{"damage":0,"enemies":"3 Louse","floor":13,"turns":2},{"damage":4,"enemies":"2 Fungi Beasts","floor":14,"turns":3},{"damage":33,"enemies":"The Guardian","floor":16,"turns":11},{"damage":0,"enemies":"3 Byrds","floor":18,"turns":3},{"damage":0,"enemies":"2 Thieves","floor":20,"turns":2},{"damage":15,"enemies":"Snake Plant","floor":22,"turns":5},{"damage":5,"enemies":"Book of Stabbing","floor":24,"turns":6},{"damage":1,"enemies":"Shelled Parasite and Fungi","floor":27,"turns":4},{"damage":14,"enemies":"Gremlin Leader","floor":28,"turns":7},{"damage":0,"enemies":"Masked Bandits","floor":29,"turns":3},{"damage":0,"enemies":"Snecko","floor":30,"turns":5},{"damage":25,"enemies":"Slavers","floor":31,"turns":4},{"damage":36,"enemies":"Automaton","floor":33,"turns":8},{"damage":15,"enemies":"3 Darklings","floor":35,"turns":4},{"damage":13,"enemies":"2 Orb Walkers","floor":37,"turns":6},{"damage":0,"enemies":"3 Shapes","floor":38,"turns":3},{"damage":7,"enemies":"Spire Growth","floor":39,"turns":6},{"damage":0,"enemies":"Reptomancer","floor":41,"turns":4},{"damage":7,"enemies":"3 Darklings","floor":44,"turns":6},{"damage":0,"enemies":"Giant Head","floor":45,"turns":8},{"damage":0,"enemies":"4 Shapes","floor":47,"turns":3},{"damage":0,"enemies":"Jaw Worm Horde","floor":48,"turns":2},{"damage":6,"enemies":"Awakened One","floor":50,"turns":11},{"damage":0,"enemies":"Shield and Spear","floor":54,"turns":5},{"damage":34,"enemies":"The Heart","floor":55,"turns":11}],"seed_played":"3061551159938520905","potions_obtained":[{"floor":3,"key":"LiquidMemories"},{"floor":5,"key":"Explosive Potion"},{"floor":8,"key":"Strength Potion"},{"floor":16,"key":"Strength Potion"},{"floor":22,"key":"ColorlessPotion"},{"floor":29,"key":"FocusPotion"},{"floor":31,"key":"Block Potion"},{"floor":33,"key":"BlessingOfTheForge"},{"floor":38,"key":"SteroidPotion"},{"floor":47,"key":"Dexterity Potion"}],"is_trial":false,"path_per_floor":["M","?","M","?","M","E","R","E","T","E","M","R","M","M","R","B",null,"M","$","M","?","M","R","E","R","T","M","E","?","M","E","R","B",null,"M","$","?","M","M","R","E","?","T","M","E","R","M","M","R","B",null,"R","$","E","B",null],"character_chosen":"DEFECT","items_purchased":["Sunder","Emotion Chip","Capacitor","Stack","ClockworkSouvenir","SpeedPotion","Stack","Loop"],"campfire_rested":0,"item_purchase_floors":[19,36,36,36,53,53,53,53],"current_hp_per_floor":[74,79,79,79,79,62,62,46,46,38,38,38,48,54,54,31,80,80,80,80,80,75,75,80,80,80,80,76,76,80,65,65,59,80,78,80,80,80,80,80,80,80,80,80,80,80,80,80,80,80,80,80,80,80,60],"gold":175,"neow_bonus":"BOSS_RELIC","is_daily":false,"chose_seed":false,"campfire_upgraded":9,"win_rate":0.0,"timestamp":1612905226,"path_taken":["M","?","M","?","M","E","R","E","T","E","M","R","?","M","R","BOSS","M","$","M","?","M","R","E","R","T","M","E","?","M","E","R","BOSS","M","$","?","M","M","R","E","?","T","M","E","R","M","M","R","BOSS","R","$","E","BOSS"],"items_purchased_type":["Card","Relic","Card","Card","Relic","Potion","Card","Card"],"build_version":"2020-12-22","purchased_purges":1,"victory":true,"max_hp_per_floor":[75,80,80,80,80,80,80,80,80,80,80,80,80,80,80,80,80,80,80,80,80,80,80,80,80,80,80,80,80,80,80,80,80,80,80,80,80,80,80,80,80,80,80,80,80,80,80,80,80,80,80,80,80,80,80],"relic_stats":{"Gremlin Horn":[37,37],"Torii":41,"Happy Flower":[15],"counters":[32,161],"Pen Nib":[15],"Bag of Preparation":[36],"Emotion Chip":[22,5,10,5,2],"Bird Faced Urn":[53],"MealTicket":2,"Pandora\u0027s Box":["Barrage","Defragment","FTL","Hologram","Consume","Chill","Rebound"],"Art of War":[30],"obtain_stats":[{"Gremlin Horn":8,"Torii":28,"Happy Flower":41,"Oddly Smooth Stone":54,"Pen Nib":26,"Bag of Preparation":24,"ClockworkSouvenir":53,"SlaversCollar":34,"Emotion Chip":36,"Bird Faced Urn":31,"MealTicket":6,"Pandora\u0027s Box":17,"Coffee Dripper":0,"Art of War":9,"Red Mask":29,"Cracked Core":0,"Symbiotic Virus":10,"TungstenRod":37,"Toy Ornithopter":45},{"Gremlin Horn":5,"Torii":16,"Happy Flower":25,"Oddly Smooth Stone":31,"Pen Nib":14,"Bag of Preparation":14,"ClockworkSouvenir":30,"SlaversCollar":20,"Emotion Chip":21,"Bird Faced Urn":19,"MealTicket":4,"Pandora\u0027s Box":10,"Coffee Dripper":0,"Art of War":5,"Red Mask":17,"Cracked Core":0,"Symbiotic Virus":6,"TungstenRod":22,"Toy Ornithopter":27},{"Gremlin Horn":22,"Torii":72,"Happy Flower":115,"Oddly Smooth Stone":150,"Pen Nib":61,"Bag of Preparation":61,"ClockworkSouvenir":145,"SlaversCollar":92,"Emotion Chip":96,"Bird Faced Urn":84,"MealTicket":18,"Pandora\u0027s Box":45,"Coffee Dripper":0,"Art of War":22,"Red Mask":75,"Cracked Core":0,"Symbiotic Virus":27,"TungstenRod":102,"Toy Ornithopter":129}],"TungstenRod":34,"Toy Ornithopter":0},"card_choices":[{"not_picked":["Turbo","Lockon"],"picked":"Barrage","floor":1},{"not_picked":["Genetic Algorithm","Darkness"],"picked":"Cold Snap","floor":3},{"not_picked":["Stack","Sweeping Beam"],"picked":"Barrage","floor":5},{"not_picked":["FTL","BootSequence"],"picked":"Biased Cognition","floor":6},{"not_picked":["Redo","Sunder"],"picked":"Gash","floor":8},{"not_picked":["Cold Snap","Turbo"],"picked":"Ball Lightning","floor":10},{"not_picked":["Doom and Gloom","Redo"],"picked":"Self Repair","floor":11},{"not_picked":["Leap","Coolheaded"],"picked":"Gash","floor":13},{"not_picked":["Rebound","Stack"],"picked":"Reboot","floor":14},{"not_picked":["Multi-Cast","Electrodynamics"],"picked":"All For One","floor":16},{"not_picked":["Genetic Algorithm","Rebound"],"picked":"Glacier","floor":18},{"not_picked":["Leap+1","Force Field","Scrape"],"picked":"SKIP","floor":20},{"not_picked":["Lockon","Reprogram"],"picked":"Undo+1","floor":22},{"not_picked":["Chill","Redo"],"picked":"Electrodynamics","floor":24},{"not_picked":["Barrage","Steam Power"],"picked":"Glacier","floor":27},{"not_picked":["Compile Driver","Ball Lightning","Scrape"],"picked":"SKIP","floor":28},{"not_picked":["Melter","Static Discharge"],"picked":"Stack","floor":29},{"not_picked":["Static Discharge+1","Coolheaded"],"picked":"Biased Cognition","floor":30},{"not_picked":["Force Field","Sweeping Beam","Compile Driver"],"picked":"SKIP","floor":31},{"not_picked":["Hyperbeam","Biased Cognition"],"picked":"Rainbow","floor":33},{"not_picked":["Sunder+1","Rebound"],"picked":"Leap+1","floor":35},{"not_picked":["Rebound","Gash+1"],"picked":"Fusion+1","floor":37},{"not_picked":["Gash+1","Stack","Undo+1"],"picked":"SKIP","floor":38},{"not_picked":["Gash+1","Genetic Algorithm+1"],"picked":"Beam Cell+1","floor":39},{"not_picked":["Defragment","Leap"],"picked":"Turbo+1","floor":41},{"not_picked":["Turbo+1","Gash"],"picked":"Go for the Eyes+1","floor":44},{"not_picked":["Steam+1","Cold Snap+1"],"picked":"Skim+1","floor":45},{"not_picked":["Barrage+1","Biased Cognition"],"picked":"Compile Driver+1","floor":47},{"not_picked":["Tempest+1","Leap+1"],"picked":"Chill+1","floor":48},{"not_picked":["Reprogram+1","Doom and Gloom+1"],"picked":"Undo+1","floor":54}],"player_experience":166546,"relics_obtained":[{"floor":6,"key":"MealTicket"},{"floor":8,"key":"Gremlin Horn"},{"floor":9,"key":"Art of War"},{"floor":10,"key":"Symbiotic Virus"},{"floor":24,"key":"Bag of Preparation"},{"floor":26,"key":"Pen Nib"},{"floor":28,"key":"Torii"},{"floor":29,"key":"Red Mask"},{"floor":31,"key":"Bird Faced Urn"},{"floor":37,"key":"TungstenRod"},{"floor":41,"key":"Happy Flower"},{"floor":45,"key":"Toy Ornithopter"},{"floor":54,"key":"Oddly Smooth Stone"}],"event_choices":[{"damage_healed":0,"gold_gain":0,"player_choice":"Donut","damage_taken":0,"max_hp_gain":5,"max_hp_loss":0,"event_name":"Big Fish","floor":2,"gold_loss":0},{"cards_removed":["Strike_B"],"damage_healed":0,"gold_gain":0,"player_choice":"Offered Basic","damage_taken":0,"max_hp_gain":0,"max_hp_loss":0,"event_name":"Bonfire Elementals","floor":4,"gold_loss":0},{"damage_healed":0,"gold_gain":0,"cards_transformed":["Gash","Gash"],"player_choice":"Became Test Subject","damage_taken":0,"max_hp_gain":0,"max_hp_loss":0,"event_name":"Drug Dealer","floor":21,"gold_loss":0,"cards_obtained":["Capacitor","Echo Form"]},{"damage_healed":0,"gold_gain":0,"player_choice":"Fought Bandits","damage_taken":0,"max_hp_gain":0,"max_hp_loss":0,"event_name":"Masked Bandits","floor":29,"gold_loss":0},{"damage_healed":0,"gold_gain":0,"player_choice":"Fight","damage_taken":0,"max_hp_gain":0,"max_hp_loss":0,"event_name":"Mysterious Sphere","floor":37,"gold_loss":0},{"cards_removed":["Barrage"],"damage_healed":0,"gold_gain":0,"player_choice":"Removed Attack","damage_taken":0,"max_hp_gain":0,"max_hp_loss":0,"event_name":"Falling","floor":42,"gold_loss":0}],"is_beta":false,"boss_relics":[{"not_picked":["Ectoplasm","Runic Dome"],"picked":"Pandora\u0027s Box"},{"not_picked":["Black Star","Cursed Key"],"picked":"SlaversCollar"}],"items_purged_floors":[36],"is_endless":false,"potions_floor_spawned":[3,5,8,16,22,29,31,33,38,45,47],"ascension_level":1}}