{"host":"st1kg310ms6sytc5","time":1612843073,"event":{"mods":["ATMod(°¢èªMod)","Act Like it!","BaseMod","CapriCore","Minty Spire (QoL Compilation)","Reliquary","StSLib","SuperFastMode","Yakumo Yukari mod","¡¾ÒÅÎï¿¨ÅÆ¡¿REMEMod"],"gold_per_floor":[134,171,171,208,238,238,293,364,364,70,96,129,174,186,186,306,306,360,394,394,319,353,401,401,450,476,521,521,559,611,645,645,749,749,788,847,884,884,904,954,966,1003,1038,1076,379,398,424,481,481,506,506,506,139,364,394,394],"floor_reached":55,"language":"ZHS","playtime":2283,"items_purged":["Strike_G","Strike_G","Strike_G"],"score":1063,"play_id":"ec542252-9c78-443e-93bc-c9cfd76fff76","local_time":"20210209115753","is_ascension_mode":true,"campfire_choices":[{"data":"AT_Desolate","floor":6.0,"key":"SMITH"},{"data":"Calculated Gamble","floor":15.0,"key":"SMITH"},{"data":"Acrobatics","floor":24.0,"key":"SMITH"},{"data":"AT_KingSlayer","floor":28.0,"key":"SMITH"},{"data":"Burst","floor":32.0,"key":"SMITH"},{"floor":41.0,"key":"REST"},{"floor":49,"key":"RECALL"},{"data":"Concentrate","floor":52,"key":"SMITH"}],"circlet_count":0,"master_deck":["Defend_G","Defend_G","Defend_G","Defend_G","Defend_G","Survivor","Neutralize+1","HandOfGreed","AT_KingSlayer+1","AT_Desolate+1","Acrobatics+1","Calculated Gamble+1","Burst+1","Corpse Explosion","Blade Dance+1","Blade Dance+1","Backflip+1","AT_ShadowStep","Accuracy","Reflex","Concentrate+1","AT_ShadowStep"],"relics":["Ring of the Serpent","AT_ATBox","REME_ComplimentaryCards","Gambling Chip","Strawberry","reliquary:Sideboard","Ice Cream","Gremlin Horn","reliquary:RedCape","reliquary:RosewoodLute","Smiling Mask","Boot","AT_GreenNoBalance","Dream Catcher","MawBank","Centennial Puzzle","Blood Vial","Paper Crane","InkBottle","Ornamental Fan","AT_MibuBalloonWealth","Bottled Lightning","REME_ArchaeologicalTools","reliquary:Stiletto"],"acts_visited":["Exordium","TheCity","TheBeyond","TheEnding"],"potions_floor_usage":[55,55],"damage_taken":[{"damage":0.0,"enemies":"Cultist","floor":1.0,"turns":4.0},{"damage":0.0,"enemies":"2 Louse","floor":2.0,"turns":2.0},{"damage":0.0,"enemies":"Jaw Worm","floor":4.0,"turns":4.0},{"damage":1.0,"enemies":"Blue Slaver","floor":5.0,"turns":5.0},{"damage":13.0,"enemies":"Lagavulin","floor":7.0,"turns":4.0},{"damage":2.0,"enemies":"3 Louse","floor":8.0,"turns":7.0},{"damage":13.0,"enemies":"3 Sentries","floor":11.0,"turns":3.0},{"damage":1.0,"enemies":"Exordium Thugs","floor":12.0,"turns":3.0},{"damage":3.0,"enemies":"Lagavulin","floor":13.0,"turns":5.0},{"damage":0.0,"enemies":"Red Slaver","floor":14.0,"turns":2.0},{"damage":62.0,"enemies":"The Guardian","floor":16.0,"turns":11.0},{"damage":15.0,"enemies":"3 Byrds","floor":18.0,"turns":6.0},{"damage":2.0,"enemies":"Shell Parasite","floor":19.0,"turns":3.0},{"damage":0.0,"enemies":"Snake Plant","floor":22.0,"turns":1.0},{"damage":25.0,"enemies":"Slavers","floor":23.0,"turns":13.0},{"damage":3.0,"enemies":"Book of Stabbing","floor":25.0,"turns":4.0},{"damage":9.0,"enemies":"Slavers","floor":27.0,"turns":7.0},{"damage":0.0,"enemies":"Centurion and Healer","floor":29.0,"turns":1.0},{"damage":15.0,"enemies":"Book of Stabbing","floor":30.0,"turns":4.0},{"damage":0.0,"enemies":"Chosen and Byrds","floor":31.0,"turns":4.0},{"damage":26.0,"enemies":"Collector","floor":33.0,"turns":4.0},{"damage":0.0,"enemies":"Orb Walker","floor":35.0,"turns":2.0},{"damage":21.0,"enemies":"3 Shapes","floor":36.0,"turns":3.0},{"damage":31.0,"enemies":"Writhing Mass","floor":37.0,"turns":4.0},{"damage":26.0,"enemies":"3 Darklings","floor":39.0,"turns":3.0},{"damage":6.0,"enemies":"Giant Head","floor":40.0,"turns":7.0},{"damage":0.0,"enemies":"Reptomancer","floor":42.0,"turns":1.0},{"damage":0.0,"enemies":"Nemesis","floor":44.0,"turns":1.0},{"damage":3.0,"enemies":"Transient","floor":46.0,"turns":5.0},{"damage":0,"enemies":"Giant Head","floor":48,"turns":1},{"damage":0,"enemies":"Time Eater","floor":50,"turns":1},{"damage":4,"enemies":"Shield and Spear","floor":54,"turns":4},{"damage":33,"enemies":"The Heart","floor":55,"turns":3}],"seed_played":"1408512601743776325","potions_obtained":[{"floor":2.0,"key":"ColorlessPotion"},{"floor":5.0,"key":"Block Potion"},{"floor":8.0,"key":"ColorlessPotion"},{"floor":13.0,"key":"SkillPotion"},{"floor":16.0,"key":"Fire Potion"},{"floor":18.0,"key":"EssenceOfSteel"},{"floor":25.0,"key":"SkillPotion"},{"floor":29.0,"key":"Regen Potion"},{"floor":31.0,"key":"DuplicationPotion"},{"floor":36.0,"key":"CunningPotion"},{"floor":40.0,"key":"FearPotion"},{"floor":46.0,"key":"LiquidMemories"}],"is_trial":false,"path_per_floor":["M","M","?","M","M","R","E","M","T","$","E","M","E","M","R","B",null,"M","M","?","?","M","E","R","E","T","E","R","M","E","M","R","B",null,"M","M","M","?","M","E","R","E","T","E","$","M","T","E","R","B",null,"R","$","E","B"],"character_chosen":"THE_SILENT","items_purchased":["Calculated Gamble","reliquary:FerryPass","Accuracy","InkBottle","Reflex","Ornamental Fan","AT_ShadowStep","REME_ArchaeologicalTools"],"campfire_rested":1,"item_purchase_floors":[10,10,45,45,45,45,53,53],"current_hp_per_floor":[63,63,63,63,62,62,56,54,54,54,41,40,37,37,37,10,70,55,53,53,53,53,28,28,25,25,16,16,35,20,35,35,23,70,35,14,4,4,9,3,24,24,24,26,26,25,25,27,27,29,70,70,70,66,35,35],"gold":394,"neow_bonus":"ONE_RARE_RELIC","is_daily":false,"chose_seed":false,"campfire_upgraded":6,"win_rate":0.0,"timestamp":1612843073,"path_taken":["M","?","?","M","M","R","E","M","T","$","E","M","E","M","R","BOSS","M","M","?","?","M","E","R","E","T","E","R","M","E","M","R","BOSS","M","M","M","?","M","E","R","E","T","E","?","?","?","E","R","BOSS","R","$","E","BOSS"],"items_purchased_type":["Card","Relic","Card","Relic","Card","Relic","Card","Relic"],"build_version":"2020-12-22","purchased_purges":3,"victory":false,"max_hp_per_floor":[63,63,63,63,63,63,70,70,70,70,70,70,70,70,70,70,70,70,70,70,70,70,70,70,70,70,70,70,70,70,70,70,70,70,70,70,70,70,70,70,70,70,70,70,70,70,70,70,70,70,70,70,70,70,70,70],"card_choices":[{"not_picked":["Acrobatics","Distraction","Backflip"],"picked":"SKIP","floor":1.0},{"not_picked":["Cloak And Dagger","Expertise","Bouncing Flask"],"picked":"SKIP","floor":2.0},{"not_picked":["Flying Knee","Sucker Punch"],"picked":"AT_Desolate","floor":4.0},{"not_picked":["Quick Slash","Poisoned Stab","Cloak And Dagger"],"picked":"SKIP","floor":5.0},{"not_picked":["REME_SpectralBlade","Footwork","Outmaneuver"],"picked":"SKIP","floor":7.0},{"not_picked":["Expertise","Acrobatics","Bouncing Flask"],"picked":"SKIP","floor":8.0},{"not_picked":["Expertise","Bouncing Flask"],"picked":"Acrobatics","floor":8.0},{"not_picked":["Slice","REME_CopyPotion","Riddle With Holes"],"picked":"SKIP","floor":11.0},{"not_picked":["Underhanded Strike","Flying Knee","PiercingWail"],"picked":"SKIP","floor":12.0},{"not_picked":["A Thousand Cuts","Dagger Spray"],"picked":"Leg Sweep","floor":13.0},{"not_picked":["Blur","Heel Hook","Poisoned Stab"],"picked":"SKIP","floor":14.0},{"not_picked":["REME_CopyPotion","Tools of the Trade"],"picked":"Burst","floor":16.0},{"not_picked":["Underhanded Strike","Flying Knee","Outmaneuver+1"],"picked":"SKIP","floor":18.0},{"not_picked":["REME_ShadowStrike","Dagger Spray+1","Slice"],"picked":"SKIP","floor":19.0},{"not_picked":["Accuracy+1","Outmaneuver","Poisoned Stab"],"picked":"SKIP","floor":22.0},{"not_picked":["AT_KingSlayer","Deadly Poison"],"picked":"Corpse Explosion","floor":23.0},{"not_picked":["AT_ArcaneSupremacy","Quick Slash","Blur"],"picked":"SKIP","floor":25.0},{"not_picked":["Cloak And Dagger","Accuracy","Acrobatics"],"picked":"SKIP","floor":27.0},{"not_picked":["AT_Desolate+1","Sucker Punch","Poisoned Stab"],"picked":"SKIP","floor":29.0},{"not_picked":["Choke+1","AT_Desolate","All Out Attack"],"picked":"SKIP","floor":30.0},{"not_picked":["Footwork","Calculated Gamble","Dagger Spray"],"picked":"SKIP","floor":31.0},{"not_picked":["Cloak And Dagger+1","Heel Hook"],"picked":"Blade Dance+1","floor":35.0},{"not_picked":["Outmaneuver","Poisoned Stab+1","Sucker Punch+1"],"picked":"SKIP","floor":36.0},{"not_picked":["Sucker Punch","Deadly Poison+1","Underhanded Strike+1"],"picked":"SKIP","floor":37.0},{"not_picked":["Grand Finale","Eviscerate","AT_Desolate+1"],"picked":"SKIP","floor":39.0},{"not_picked":["Quick Slash+1","Slice"],"picked":"Backflip+1","floor":40.0},{"not_picked":["Backflip","Dagger Throw"],"picked":"Blade Dance+1","floor":41.0},{"not_picked":["Cloak And Dagger+1","Eviscerate"],"picked":"AT_ShadowStep","floor":42.0},{"not_picked":["Predator","Acrobatics+1","Deadly Poison"],"picked":"SKIP","floor":44.0},{"not_picked":["Quick Slash","Deflect+1"],"picked":"Concentrate","floor":46.0},{"not_picked":["Unload","PiercingWail","Dagger Spray+1"],"picked":"SKIP","floor":48},{"not_picked":["Acrobatics","AT_Desolate+1"],"picked":"After Image","floor":54}],"player_experience":1401935,"relics_obtained":[{"floor":7.0,"key":"Strawberry"},{"floor":11.0,"key":"reliquary:Sideboard"},{"floor":12.0,"key":"Ice Cream"},{"floor":13.0,"key":"Gremlin Horn"},{"floor":23.0,"key":"reliquary:RosewoodLute"},{"floor":25.0,"key":"Smiling Mask"},{"floor":26.0,"key":"Boot"},{"floor":27.0,"key":"AT_SilverBalance"},{"floor":30.0,"key":"Dream Catcher"},{"floor":40.0,"key":"MawBank"},{"floor":42.0,"key":"Centennial Puzzle"},{"floor":43.0,"key":"Blood Vial"},{"floor":44.0,"key":"Paper Crane"},{"floor":47.0,"key":"AT_MibuBalloonWealth"},{"floor":48,"key":"Bottled Lightning"},{"floor":54,"key":"reliquary:Stiletto"}],"event_choices":[{"damage_healed":0.0,"max_hp_gain":0.0,"max_hp_loss":0.0,"gold_gain":0.0,"event_name":"Liars Game","player_choice":"Ignored","floor":3.0,"gold_loss":0.0,"damage_taken":0.0},{"cards_removed":["Strike_G"],"damage_healed":0.0,"max_hp_gain":0.0,"max_hp_loss":0.0,"gold_gain":0.0,"event_name":"Back to Basics","player_choice":"Elegance","floor":20.0,"gold_loss":0.0,"damage_taken":0.0},{"cards_removed":["Strike_G"],"damage_healed":0.0,"max_hp_gain":0.0,"max_hp_loss":0.0,"gold_gain":0.0,"event_name":"Beggar","player_choice":"Gave Gold","floor":21.0,"gold_loss":75.0,"damage_taken":0.0},{"damage_healed":0.0,"max_hp_gain":0.0,"max_hp_loss":0.0,"gold_gain":0.0,"event_name":"Upgrade Shrine","player_choice":"Upgraded","floor":38.0,"gold_loss":0.0,"damage_taken":0.0,"cards_upgraded":["Neutralize"]}],"is_beta":false,"boss_relics":[{"not_picked":["Busted Crown","Ectoplasm"],"picked":"reliquary:RedCape"},{"not_picked":["reliquary:Ember","REME_DemonsWealth"],"picked":"Ring of the Serpent"}],"items_purged_floors":[10,45,53],"is_endless":false,"potions_floor_spawned":[2,5,8,13,14,16,18,25,29,31,36,40,46,48],"killed_by":"The Heart","ascension_level":1}}