{"host":"3a5itcmwo6ddh3id","time":1612842427,"event":{"mods":["BaseMod","Colored Map","Colored Powertips","Minty Spire (QoL Compilation)","Relic Stats"],"gold_per_floor":[109,123,123,139,139,139,139],"floor_reached":6,"language":"ENG","playtime":251,"items_purged":[],"score":72,"play_id":"4d6cc11a-a22e-4d1a-a207-0e597a406f04","local_time":"20210208214707","is_ascension_mode":true,"campfire_choices":[],"circlet_count":0,"master_deck":["AscendersBane","Strike_B","Strike_B","Strike_B","Defend_B","Defend_B","Defend_B","Defend_B","Zap","Dualcast","Self Repair","Cold Snap","Conserve Battery","Capacitor"],"relics":["Nuclear Battery","Frozen Egg 2"],"acts_visited":["Exordium"],"potions_floor_usage":[6],"damage_taken":[{"damage":12.0,"enemies":"Jaw Worm","floor":1.0,"turns":5.0},{"damage":12.0,"enemies":"Cultist","floor":2.0,"turns":5.0},{"damage":0.0,"enemies":"Small Slimes","floor":4.0,"turns":5.0},{"damage":73,"enemies":"Gremlin Nob","floor":6,"turns":4}],"seed_played":"8239088248169946189","potions_obtained":[{"floor":2.0,"key":"Explosive Potion"},{"floor":4.0,"key":"PowerPotion"}],"is_trial":false,"path_per_floor":["M","M","?","M","T","E"],"character_chosen":"DEFECT","items_purchased":[],"campfire_rested":0,"item_purchase_floors":[],"current_hp_per_floor":[52,47,47,54,54,0,0],"gold":139,"neow_bonus":"BOSS_RELIC","is_daily":false,"chose_seed":false,"campfire_upgraded":0,"win_rate":0.0,"timestamp":1612842427,"path_taken":["M","M","?","M","?","E"],"items_purchased_type":[],"build_version":"2020-12-22","purchased_purges":0,"victory":false,"max_hp_per_floor":[71,71,71,71,71,71,71],"relic_stats":{"counters":[4,19],"obtain_stats":[{"Frozen Egg 2":5,"Cracked Core":0,"Nuclear Battery":0},{"Frozen Egg 2":3,"Cracked Core":0,"Nuclear Battery":0},{"Frozen Egg 2":15,"Cracked Core":0,"Nuclear Battery":0}]},"card_choices":[{"not_picked":["Leap","White Noise"],"picked":"Self Repair","floor":1.0},{"not_picked":["Gash","FTL"],"picked":"Cold Snap","floor":2.0},{"not_picked":["Cold Snap","Chaos"],"picked":"Capacitor","floor":4.0}],"player_experience":1124656,"relics_obtained":[{"floor":5.0,"key":"Frozen Egg 2"}],"event_choices":[{"damage_healed":0.0,"max_hp_gain":0.0,"max_hp_loss":0.0,"gold_gain":0.0,"cards_transformed":["Strike_B"],"event_name":"Living Wall","player_choice":"Change","floor":3.0,"gold_loss":0.0,"damage_taken":0.0,"cards_obtained":["Conserve Battery"]}],"is_beta":false,"boss_relics":[],"items_purged_floors":[],"is_endless":false,"potions_floor_spawned":[2,4],"killed_by":"Gremlin Nob","ascension_level":20}}