{"host":"qc8p2flj7wsy3zpg","time":1612901600,"event":{"mods":["BaseMod","Highlight Path","Minty Spire (QoL Compilation)","Monster List Patch","Relic Stats","StSLib"],"gold_per_floor":[118,130,205,220,272,297,297,323,346,366,366,383,383,394,394,394,394],"floor_reached":16,"language":"ENG","playtime":515,"items_purged":[],"score":224,"play_id":"66aac194-4d49-4d98-9e71-ac89f786d38d","local_time":"20210209141320","is_ascension_mode":true,"campfire_choices":[{"floor":7,"key":"REST"},{"floor":13,"key":"REST"},{"data":"Uppercut","floor":15,"key":"SMITH"}],"circlet_count":0,"master_deck":["AscendersBane","Strike_R","Strike_R","Strike_R","Strike_R","Strike_R","Defend_R","Defend_R","Defend_R","Defend_R","Bash","Uppercut","Headbutt","Uppercut+1","Impervious","True Grit","Double Tap","Pommel Strike","Dropkick"],"relics":["Burning Blood","Strawberry","Potion Belt","Lantern"],"acts_visited":["Exordium"],"potions_floor_usage":[8,12,16,16],"damage_taken":[{"damage":9,"enemies":"Jaw Worm","floor":1,"turns":4},{"damage":7,"enemies":"Small Slimes","floor":2,"turns":3},{"damage":5,"enemies":"2 Louse","floor":4,"turns":3},{"damage":45,"enemies":"3 Sentries","floor":6,"turns":10},{"damage":30,"enemies":"Gremlin Nob","floor":8,"turns":4},{"damage":20,"enemies":"Lots of Slimes","floor":10,"turns":6},{"damage":0,"enemies":"Looter","floor":12,"turns":2},{"damage":8,"enemies":"Exordium Wildlife","floor":14,"turns":3},{"damage":51,"enemies":"Slime Boss","floor":16,"turns":5}],"seed_played":"-592785061085955247","potions_obtained":[{"floor":1,"key":"SteroidPotion"},{"floor":4,"key":"PowerPotion"},{"floor":11,"key":"AttackPotion"},{"floor":11,"key":"Dexterity Potion"},{"floor":14,"key":"FearPotion"}],"is_trial":false,"path_per_floor":["M","M","?","M","?","E","R","E","T","M","?","M","R","M","R","B"],"character_chosen":"IRONCLAD","items_purchased":[],"campfire_rested":2,"item_purchase_floors":[],"current_hp_per_floor":[72,71,60,61,61,29,55,31,31,17,17,23,49,47,47,0,0],"gold":394,"neow_bonus":"TEN_PERCENT_HP_BONUS","is_daily":false,"chose_seed":false,"campfire_upgraded":1,"win_rate":0.0,"timestamp":1612901600,"path_taken":["M","M","?","M","?","E","R","E","T","M","?","?","R","M","R","BOSS"],"items_purchased_type":[],"build_version":"2020-12-22","purchased_purges":0,"victory":false,"max_hp_per_floor":[82,82,82,82,82,89,89,89,89,89,89,89,89,89,89,89,89],"relic_stats":{"counters":[9,40],"obtain_stats":[{"Potion Belt":8,"Lantern":9,"Strawberry":6,"Burning Blood":0},{"Potion Belt":5,"Lantern":5,"Strawberry":4,"Burning Blood":0},{"Potion Belt":24,"Lantern":24,"Strawberry":20,"Burning Blood":0}],"Burning Blood":48},"card_choices":[{"not_picked":["Twin Strike","Dual Wield"],"picked":"Uppercut","floor":1},{"not_picked":["Entrench","Seeing Red"],"picked":"Headbutt","floor":2},{"not_picked":["Headbutt","True Grit"],"picked":"Uppercut","floor":4},{"not_picked":["Armaments","Intimidate"],"picked":"Impervious","floor":6},{"not_picked":["Headbutt","Dark Embrace"],"picked":"True Grit","floor":8},{"not_picked":["Iron Wave","Clothesline"],"picked":"Double Tap","floor":10},{"not_picked":["Entrench","Wild Strike"],"picked":"Pommel Strike","floor":12},{"not_picked":["Clash","Warcry"],"picked":"Dropkick","floor":14}],"player_experience":2358773,"relics_obtained":[{"floor":6,"key":"Strawberry"},{"floor":8,"key":"Potion Belt"},{"floor":9,"key":"Lantern"}],"event_choices":[{"damage_healed":0,"gold_gain":75,"player_choice":"Gather Gold","damage_taken":11,"max_hp_gain":0,"max_hp_loss":0,"event_name":"World of Goop","floor":3,"gold_loss":0},{"damage_healed":0,"gold_gain":52,"player_choice":"Gained Gold","damage_taken":0,"max_hp_gain":0,"max_hp_loss":0,"event_name":"Golden Wing","floor":5,"gold_loss":0},{"damage_healed":0,"gold_gain":0,"player_choice":"Got Potions","damage_taken":0,"max_hp_gain":0,"max_hp_loss":0,"event_name":"Lab","floor":11,"gold_loss":0}],"is_beta":false,"boss_relics":[],"items_purged_floors":[],"is_endless":false,"potions_floor_spawned":[1,4,14],"killed_by":"Slime Boss","ascension_level":20}}