{"host":"5s7sm4h73jkd9266","time":1612908831,"event":{"mods":["AchievementEnabler","Bartender","BaseMod","Better Vampires","BetterRewards","Colored Map","Colored Powertips","Conspire","Downfall","Energized Spire","Hermit","Hubris","Magitek Elite","Minty Spire (QoL Compilation)","Potion Indicator Mod","Rare Cards Sparkle","Shop Mod","StSLib","The Blue Laboratory","The Necromancer","The Witch","Virulent Crown","everything is the same but u backflip on backflip","slay the spire mod where everything is the same but ironclad has a cowboy hat"],"gold_per_floor":[115,115,64,64,78,110,110,141,166,177,193,193,193,206,206,284,284,303,127,77,77,91,91,91,101,101,15,15,28,28,47,47,151,151,164,6,6,0,0,0,0,0],"floor_reached":41,"language":"ENG","playtime":1885,"items_purged":[],"score":1129,"play_id":"bec20575-6a31-41a8-869c-bba88b084a9f","local_time":"20210209171351","is_ascension_mode":true,"campfire_choices":[{"floor":7.0,"key":"REST"},{"floor":12.0,"key":"REST"},{"floor":15.0,"key":"REST"},{"floor":23.0,"key":"REST"},{"data":"Echo Form","floor":28.0,"key":"SMITH"},{"floor":30.0,"key":"REST"},{"floor":32.0,"key":"REST"},{"data":"Static Discharge","floor":40,"key":"SMITH"}],"circlet_count":0,"master_deck":["AscendersBane","Defend_B","Defend_B","Defend_B","Defend_B","Zap","Dualcast+1","Apotheosis+1","Trip","Static Discharge+1","Ball Lightning","Coolheaded","Beam Cell","BootSequence","Doom and Gloom","Conserve Battery","Loop","Echo Form+1","Conserve Battery","Rainbow","Panacea","conspire:SpireCoStock","Bite","Bite","Bite","Bite","Hello World","Streamline+1","Static Discharge","Meteor Strike","Fusion","Echo Form","Steam","Doubt"],"relics":["Cracked Core","Tintinnabulum","Letter Opener","FossilizedHelix","Nunchaku","Velvet Choker","hubris:MedicalManual","hubris:RGBLights","hubris:ScarierMask","Runic Capacitor","downfall:ExtraCursedKey","Red Mask"],"acts_visited":["Exordium","TheCity","TheBeyond"],"potions_floor_usage":[33,41],"damage_taken":[{"damage":0.0,"enemies":"2 Louse","floor":1.0,"turns":2.0},{"damage":3.0,"enemies":"conspire:RoseBush","floor":5.0,"turns":2.0},{"damage":22.0,"enemies":"Lagavulin","floor":6.0,"turns":5.0},{"damage":22.0,"enemies":"Gremlin Nob","floor":8.0,"turns":3.0},{"damage":0.0,"enemies":"Small Slimes","floor":10.0,"turns":3.0},{"damage":5.0,"enemies":"Gremlin Gang","floor":11.0,"turns":3.0},{"damage":3.0,"enemies":"conspire:2 RoseBushes","floor":14.0,"turns":4.0},{"damage":30.0,"enemies":"Hexaghost","floor":16.0,"turns":8.0},{"damage":22.0,"enemies":"Chosen","floor":18.0,"turns":5.0},{"damage":12.0,"enemies":"Shell Parasite","floor":22.0,"turns":5.0},{"damage":20.0,"enemies":"Centurion and Healer","floor":25.0,"turns":7.0},{"damage":16.0,"enemies":"Snake Plant","floor":29.0,"turns":2.0},{"damage":12.0,"enemies":"Shelled Parasite and Fungi","floor":31.0,"turns":4.0},{"damage":0,"enemies":"Champ","floor":33,"turns":10},{"damage":13,"enemies":"3 Darklings","floor":35,"turns":3},{"damage":60,"enemies":"Nemesis","floor":41,"turns":6}],"seed_played":"-6930239121487198809","potions_obtained":[{"floor":5.0,"key":"blueLaboratory:AbyssPotion"},{"floor":6.0,"key":"champ:CounterPotion"},{"floor":8.0,"key":"EssenceOfSteel"},{"floor":11.0,"key":"blueLaboratory:BottledHope"},{"floor":13.0,"key":"blueLaboratory:CoolantVial"},{"floor":16.0,"key":"blueLaboratory:EmptyBottle"},{"floor":22.0,"key":"FearPotion"},{"floor":31.0,"key":"Dexterity Potion"},{"floor":35,"key":"Dexterity Potion"}],"is_trial":false,"path_per_floor":["M","?","$","?","M","E","R","E","T","M","M","R","?","M","R","B",null,"M","$","?","?","M","R","T","M","T","$","R","M","R","M","R","B",null,"M","$","?","?","$","R","E"],"character_chosen":"DEFECT","items_purchased":["Apotheosis","Tintinnabulum","Trip","Ball Lightning","Rainbow","Panacea","Static Discharge","Runic Capacitor"],"campfire_rested":6,"item_purchase_floors":[0,0,0,3,19,19,27,36],"current_hp_per_floor":[65,66,67,47,45,24,46,25,26,27,23,45,46,44,66,37,63,42,43,44,45,38,53,53,48,49,50,51,37,53,41,53,53,53,40,41,47,48,49,50,0,0],"gold":0,"neow_bonus":"","is_daily":false,"chose_seed":false,"campfire_upgraded":2,"win_rate":0.0,"timestamp":1612908831,"path_taken":["M","?","$","?","M","E","R","E","T","M","M","R","?","?","R","BOSS","M","$","?","?","M","R","?","M","T","?","R","?","R","M","R","BOSS","M","$","?","?","?","R","E"],"items_purchased_type":["Card","Relic","Card","Card","Card","Card","Card","Relic"],"build_version":"2020-12-22","purchased_purges":0,"victory":false,"max_hp_per_floor":[71,71,71,71,71,71,71,71,71,71,71,71,71,71,71,71,71,71,71,71,53,53,53,53,53,53,53,53,53,53,53,53,53,53,53,53,58,58,58,58,58,58],"card_choices":[{"not_picked":["Steam","Coolheaded"],"picked":"Static Discharge","floor":1.0},{"not_picked":["Lockon","Turbo"],"picked":"Coolheaded","floor":5.0},{"not_picked":["Compile Driver","Reprogram"],"picked":"Beam Cell","floor":6.0},{"not_picked":["Go for the Eyes","Redo"],"picked":"BootSequence","floor":8.0},{"not_picked":["Rip and Tear","Steam"],"picked":"Doom and Gloom","floor":10.0},{"not_picked":["Sweeping Beam","Steam"],"picked":"Conserve Battery","floor":11.0},{"not_picked":["Go for the Eyes","Scrape"],"picked":"Loop","floor":14.0},{"not_picked":["Seek","Amplify"],"picked":"Echo Form","floor":16.0},{"not_picked":["Hologram","Gash"],"picked":"Conserve Battery","floor":18.0},{"not_picked":["Redo","Reprogram"],"picked":"Hello World","floor":22.0},{"not_picked":["Turbo","BootSequence"],"picked":"Streamline+1","floor":25.0},{"not_picked":["Barrage","Chaos"],"picked":"Meteor Strike","floor":29.0},{"not_picked":["Go for the Eyes","Redo"],"picked":"Fusion","floor":31.0},{"not_picked":["Amplify","Thunder Strike"],"picked":"Echo Form","floor":33},{"not_picked":["Static Discharge","Gash"],"picked":"Steam","floor":35}],"player_experience":5545726,"relics_obtained":[{"floor":6.0,"key":"Letter Opener"},{"floor":8.0,"key":"FossilizedHelix"},{"floor":9.0,"key":"Nunchaku"},{"floor":24.0,"key":"hubris:MedicalManual"},{"floor":26.0,"key":"hubris:RGBLights"}],"event_choices":[{"damage_healed":0.0,"max_hp_gain":0.0,"max_hp_loss":0.0,"gold_gain":0.0,"event_name":"Shining Light","player_choice":"Entered Light","floor":4.0,"gold_loss":0.0,"damage_taken":21.0,"cards_upgraded":["Apotheosis","Dualcast"]},{"damage_healed":0.0,"max_hp_gain":0.0,"max_hp_loss":0.0,"gold_gain":0.0,"event_name":"Lab","player_choice":"Got Potions","floor":13.0,"gold_loss":0.0,"damage_taken":0.0},{"damage_healed":0.0,"max_hp_gain":0.0,"max_hp_loss":0.0,"gold_gain":0.0,"event_name":"conspire:Investor","player_choice":"Invest 1","floor":20.0,"gold_loss":0.0,"damage_taken":0.0},{"damage_healed":0.0,"max_hp_gain":0.0,"max_hp_loss":18.0,"gold_gain":0.0,"event_name":"Vampires","player_choice":"Became a vampire","floor":21.0,"gold_loss":0.0,"damage_taken":0.0,"cards_obtained":["Bite","Bite","Bite","Bite"]},{"damage_healed":0,"gold_gain":0,"player_choice":"Paid","damage_taken":0,"relics_obtained":["Red Mask"],"max_hp_gain":0,"max_hp_loss":0,"event_name":"Tomb of Lord Red Mask","floor":38,"gold_loss":6}],"is_beta":false,"boss_relics":[{"not_picked":["Runic Pyramid","Astrolabe"],"picked":"Velvet Choker"},{"not_picked":["conspire:SpecialSausage","FrozenCore"],"picked":"hubris:ScarierMask"}],"items_purged_floors":[],"is_endless":false,"potions_floor_spawned":[5,6,8,11,16,22,31,35],"killed_by":"Nemesis","ascension_level":17}}