{"host":"7sni158j623xchr2","time":1612900051,"event":{"mods":["BaseMod","Colored Map","Highlight Path","Minty Spire (QoL Compilation)","Permanent Neow","Potion Indicator Mod","Rare Cards Sparkle","Relic Sorter","Relic Stats","StSLib","everything is the same but u backflip on backflip"],"gold_per_floor":[110,35,48,48,63,91,120,120,120,163,163,189,198,33,33,142,142,162,87,134,134,151,186,186,221,221,257,272,272,292,39,39,149,149,161,179,199,213,242,242,279,279,303,303,303,340,41,69,69,69,69,69,17,51,51,51],"floor_reached":55,"language":"ENG","playtime":1514,"items_purged":["Defend_P","Parasite","Strike_P+1"],"score":921,"play_id":"f23cc8e4-5248-4061-b1fd-0dd3c670752e","local_time":"20210209134731","is_ascension_mode":true,"campfire_choices":[{"data":"Eruption","floor":8,"key":"SMITH"},{"data":"Adaptation","floor":15,"key":"SMITH"},{"data":"CrushJoints","floor":24,"key":"SMITH"},{"data":"Fasting2","floor":32,"key":"SMITH"},{"floor":40,"key":"REST"},{"data":"Devotion","floor":42,"key":"SMITH"},{"floor":44,"key":"REST"},{"floor":49,"key":"RECALL"},{"floor":52,"key":"REST"}],"circlet_count":0,"master_deck":["Strike_P+1","Strike_P+1","Defend_P+1","Defend_P+1","Defend_P+1","Eruption+1","Vigilance+1","DeceiveReality+1","FlurryOfBlows+1","Fasting2+1","CrushJoints+1","Tantrum+1","Adaptation+1","FearNoEvil+1","Tantrum+1","Omniscience+1","Eruption","Dark Shackles+1","MentalFortress+1","Devotion+1","EmptyBody+1","SashWhip+1","Evaluate+1"],"relics":["PureWater","CeramicFish","Akabeko","Blue Candle","Bronze Scales","Runic Pyramid","Blood Vial","Boot","Damaru","Lizard Tail","InkBottle","Membership Card","Toy Ornithopter","VioletLotus","Potion Belt","TeardropLocket","Strawberry","PreservedInsect","Centennial Puzzle"],"acts_visited":["Exordium","TheCity","TheBeyond","TheEnding"],"potions_floor_usage":[6,10,18,23,27,28,33,37,39,39,46,48,50,50,54,54,54,54,55],"damage_taken":[{"damage":0.0,"enemies":"Small Slimes","floor":1.0,"turns":2.0},{"damage":0.0,"enemies":"2 Louse","floor":3.0,"turns":2.0},{"damage":0,"enemies":"Jaw Worm","floor":5,"turns":4},{"damage":0,"enemies":"Gremlin Nob","floor":6,"turns":2},{"damage":10,"enemies":"3 Louse","floor":7,"turns":4},{"damage":0,"enemies":"Lagavulin","floor":10,"turns":4},{"damage":10,"enemies":"Gremlin Nob","floor":12,"turns":3},{"damage":37,"enemies":"Hexaghost","floor":16,"turns":8},{"damage":7,"enemies":"Shell Parasite","floor":18,"turns":2},{"damage":22,"enemies":"2 Thieves","floor":22,"turns":3},{"damage":14,"enemies":"Gremlin Leader","floor":23,"turns":4},{"damage":2,"enemies":"Book of Stabbing","floor":25,"turns":2},{"damage":20,"enemies":"Slavers","floor":27,"turns":3},{"damage":12,"enemies":"Cultist and Chosen","floor":28,"turns":3},{"damage":0,"enemies":"Sentry and Sphere","floor":30,"turns":3},{"damage":9,"enemies":"Collector","floor":33,"turns":6},{"damage":11,"enemies":"Orb Walker","floor":35,"turns":2},{"damage":0,"enemies":"3 Darklings","floor":37,"turns":3},{"damage":14,"enemies":"4 Shapes","floor":38,"turns":9},{"damage":56,"enemies":"Transient","floor":39,"turns":5},{"damage":8,"enemies":"Reptomancer","floor":41,"turns":3},{"damage":47,"enemies":"Nemesis","floor":46,"turns":9},{"damage":0,"enemies":"Spire Growth","floor":48,"turns":3},{"damage":29,"enemies":"Donu and Deca","floor":50,"turns":8},{"damage":119,"enemies":"Shield and Spear","floor":54,"turns":3},{"damage":28,"enemies":"The Heart","floor":55,"turns":3}],"seed_played":"8662629751889998480","potions_obtained":[{"floor":0.0,"key":"AttackPotion"},{"floor":0.0,"key":"DistilledChaos"},{"floor":0.0,"key":"SteroidPotion"},{"floor":3.0,"key":"LiquidMemories"},{"floor":7,"key":"Energy Potion"},{"floor":12,"key":"FearPotion"},{"floor":22,"key":"AttackPotion"},{"floor":28,"key":"Fruit Juice"},{"floor":30,"key":"BottledMiracle"},{"floor":33,"key":"Dexterity Potion"},{"floor":35,"key":"PowerPotion"},{"floor":37,"key":"BottledMiracle"},{"floor":46,"key":"AttackPotion"},{"floor":48,"key":"Energy Potion"},{"floor":54,"key":"DuplicationPotion"}],"is_trial":false,"path_per_floor":["M","$","M","?","M","E","M","R","T","E","?","E","?","$","R","B",null,"M","?","T","?","M","E","R","E","T","E","M","?","M","$","R","B",null,"M","?","M","M","M","R","E","R","T","R","?","E","$","M","R","B",null,"R","$","E","B"],"character_chosen":"WATCHER","items_purchased":["Adaptation","Membership Card","Toy Ornithopter","Regen Potion","Strawberry","PreservedInsect","DuplicationPotion","Dexterity Potion","SpeedPotion","Fire Potion","SteroidPotion"],"campfire_rested":3,"item_purchase_floors":[14,31,31,31,47,47,47,47,47,53,53],"current_hp_per_floor":[72,72,72,72,72,72,62,62,62,62,48,38,56,56,56,19,69,62,62,62,62,42,30,30,30,30,12,2,2,4,4,4,17,69,58,58,65,53,14,36,30,30,30,52,52,12,19,26,26,9,81,81,81,20,0,0],"gold":51,"neow_bonus":"THREE_SMALL_POTIONS","is_daily":false,"chose_seed":false,"campfire_upgraded":5,"win_rate":0.0,"timestamp":1612900051,"path_taken":["M","$","M","?","M","E","M","R","T","E","?","E","?","?","R","BOSS","M","?","?","?","M","E","R","E","T","E","M","?","M","$","R","BOSS","M","?","?","M","M","R","E","R","T","R","?","E","$","M","R","BOSS","R","$","E","BOSS"],"items_purchased_type":["Card","Relic","Relic","Potion","Relic","Relic","Potion","Potion","Potion","Potion","Potion"],"build_version":"2020-12-22","purchased_purges":3,"victory":false,"max_hp_per_floor":[72,72,72,72,72,72,72,72,72,72,72,72,72,69,69,69,69,69,69,69,69,69,69,69,69,69,69,69,69,69,69,69,69,69,69,69,69,69,74,74,74,74,74,74,74,74,81,81,81,81,81,81,81,81,81,81],"relic_stats":{"counters":[26,103],"CeramicFish":135,"Blue Candle":[0],"PreservedInsect":68,"Boot":[87],"Blood Vial":30,"Lizard Tail":40,"Centennial Puzzle":[3],"Bronze Scales":[229],"VioletLotus":[19],"obtain_stats":[{"Potion Belt":41,"CeramicFish":6,"Blue Candle":10,"Damaru":25,"PreservedInsect":47,"TeardropLocket":46,"Boot":23,"Akabeko":9,"Blood Vial":20,"Lizard Tail":26,"Centennial Puzzle":54,"Bronze Scales":12,"Strawberry":47,"VioletLotus":34,"Membership Card":31,"PureWater":0,"InkBottle":27,"Toy Ornithopter":31,"Runic Pyramid":17},{"Potion Belt":21,"CeramicFish":4,"Blue Candle":6,"Damaru":12,"PreservedInsect":22,"TeardropLocket":22,"Boot":11,"Akabeko":5,"Blood Vial":9,"Lizard Tail":12,"Centennial Puzzle":25,"Bronze Scales":7,"Strawberry":22,"VioletLotus":16,"Membership Card":15,"PureWater":0,"InkBottle":13,"Toy Ornithopter":15,"Runic Pyramid":8},{"Potion Belt":77,"CeramicFish":10,"Blue Candle":18,"Damaru":40,"PreservedInsect":86,"TeardropLocket":86,"Boot":38,"Akabeko":14,"Blood Vial":31,"Lizard Tail":40,"Centennial Puzzle":100,"Bronze Scales":21,"Strawberry":86,"VioletLotus":55,"Membership Card":49,"PureWater":0,"InkBottle":43,"Toy Ornithopter":49,"Runic Pyramid":29}],"InkBottle":[25],"Toy Ornithopter":60},"card_choices":[{"not_picked":["Nirvana","Indignation"],"picked":"DeceiveReality","floor":1.0},{"not_picked":["Crescendo","Halt"],"picked":"FlurryOfBlows","floor":3.0},{"not_picked":["PathToVictory","Halt"],"picked":"Fasting2","floor":5},{"not_picked":["Crescendo","EmptyBody","Protect"],"picked":"SKIP","floor":6},{"not_picked":["SpiritShield","Crescendo"],"picked":"CrushJoints","floor":7},{"not_picked":["DeusExMachina","CutThroughFate"],"picked":"Tantrum","floor":10},{"not_picked":["Indignation","Protect","FlyingSleeves"],"picked":"SKIP","floor":12},{"not_picked":["Vault","Brilliance"],"picked":"LessonLearned","floor":16},{"not_picked":["CrushJoints+1","PathToVictory","Conclude"],"picked":"SKIP","floor":18},{"not_picked":["WaveOfTheHand","SignatureMove","SandsOfTime"],"picked":"SKIP","floor":22},{"not_picked":["EmptyBody","SashWhip"],"picked":"FearNoEvil","floor":23},{"not_picked":["Swivel","ClearTheMind","JustLucky"],"picked":"SKIP","floor":25},{"not_picked":["Protect+1","EmptyBody"],"picked":"Tantrum+1","floor":27},{"not_picked":["Protect","FollowUp","SignatureMove+1"],"picked":"SKIP","floor":28},{"not_picked":["Pray","Prostrate","EmptyFist"],"picked":"SKIP","floor":30},{"not_picked":["Wish","LessonLearned"],"picked":"Omniscience","floor":33},{"not_picked":["Study+1","Collect+1","PathToVictory+1"],"picked":"SKIP","floor":35},{"not_picked":["FollowUp","Prostrate+1","PathToVictory"],"picked":"SKIP","floor":37},{"not_picked":["ClearTheMind+1","CarveReality","ForeignInfluence"],"picked":"SKIP","floor":38},{"not_picked":["EmptyMind","Vengeance"],"picked":"MentalFortress","floor":39},{"not_picked":["WreathOfFlame+1","JustLucky+1"],"picked":"Devotion","floor":41},{"not_picked":["Indignation+1","Adaptation+1"],"picked":"EmptyBody+1","floor":46},{"not_picked":["MentalFortress","Protect"],"picked":"SashWhip+1","floor":48},{"not_picked":["Judgement","EmptyBody"],"picked":"Evaluate+1","floor":54}],"player_experience":1768969,"relics_obtained":[{"floor":6,"key":"CeramicFish"},{"floor":9,"key":"Akabeko"},{"floor":10,"key":"Blue Candle"},{"floor":12,"key":"Bronze Scales"},{"floor":20,"key":"Blood Vial"},{"floor":23,"key":"Boot"},{"floor":25,"key":"Damaru"},{"floor":26,"key":"Lizard Tail"},{"floor":27,"key":"InkBottle"},{"floor":41,"key":"Potion Belt"},{"floor":46,"key":"TeardropLocket"},{"floor":54,"key":"Centennial Puzzle"}],"event_choices":[{"damage_healed":0,"gold_gain":0,"player_choice":"Leave","damage_taken":0,"max_hp_gain":0,"max_hp_loss":0,"event_name":"The Cleric","floor":4,"gold_loss":0},{"damage_healed":0,"gold_gain":0,"player_choice":"Entered Light","damage_taken":14,"max_hp_gain":0,"max_hp_loss":0,"event_name":"Shining Light","floor":11,"gold_loss":0,"cards_upgraded":["Strike_P","Defend_P"]},{"damage_healed":18,"gold_gain":0,"player_choice":"Healed and dodged fight","damage_taken":0,"max_hp_gain":0,"max_hp_loss":0,"event_name":"Mushrooms","floor":13,"gold_loss":0,"cards_obtained":["Parasite"]},{"cards_removed":["Strike_P"],"damage_healed":0,"gold_gain":0,"player_choice":"Gave Gold","damage_taken":0,"max_hp_gain":0,"max_hp_loss":0,"event_name":"Beggar","floor":19,"gold_loss":75},{"damage_healed":0,"gold_gain":0,"player_choice":"Simplicity","damage_taken":0,"max_hp_gain":0,"max_hp_loss":0,"event_name":"Back to Basics","floor":21,"gold_loss":0,"cards_upgraded":["Strike_P","Strike_P","Defend_P","Defend_P"]},{"damage_healed":0,"gold_gain":0,"player_choice":"Ignored","damage_taken":0,"max_hp_gain":0,"max_hp_loss":0,"event_name":"NoteForYourself","floor":29,"gold_loss":0},{"damage_healed":0,"gold_gain":0,"player_choice":"2 cards matched","damage_taken":0,"max_hp_gain":0,"max_hp_loss":0,"event_name":"Match and Keep!","floor":36,"gold_loss":0,"cards_obtained":["Eruption","Dark Shackles"]},{"cards_removed":["LessonLearned"],"damage_healed":0,"gold_gain":0,"player_choice":"Removed Attack","damage_taken":0,"max_hp_gain":0,"max_hp_loss":0,"event_name":"Falling","floor":45,"gold_loss":0}],"is_beta":false,"boss_relics":[{"not_picked":["Velvet Choker","Snecko Eye"],"picked":"Runic Pyramid"},{"not_picked":["Black Star","Sozu"],"picked":"VioletLotus"}],"items_purged_floors":[2,14,47],"is_endless":false,"potions_floor_spawned":[3,7,12,22,28,30,33,35,37,46,48,54],"killed_by":"The Heart","ascension_level":3}}