{"host":"yqw1zpryoutrnocq","time":1612831586,"event":{"mods":["2.2 Compatiblity","AchievementEnabler","BaseMod","Colored Map","Custom Start","DeckTracker","Minty Spire (QoL Compilation)","StSLib","SuperFastMode"],"gold_per_floor":[113,123,123,42,58,58,58,88,112,131,143,143,143,155,155,257,257,277,277,277,3,15,45,45,79,79,114,130,130,130,55,55,151,151,168,180,180,86,96,96,178,206,206,239,259,259,259,259,259,259,259,259,66,92,92],"floor_reached":56,"language":"KOR","playtime":1790,"items_purged":[],"score":1463,"play_id":"ba218615-4ed4-44be-b9fb-6827ad95c4b5","local_time":"20210208184626","is_ascension_mode":true,"campfire_choices":[{"data":"ReachHeaven","floor":6.0,"key":"SMITH"},{"floor":15.0,"key":"RECALL"},{"floor":30.0,"key":"REST"},{"data":"Alpha","floor":32.0,"key":"SMITH"},{"floor":40.0,"key":"REST"},{"floor":49.0,"key":"REST"},{"floor":52.0,"key":"REST"}],"circlet_count":0,"master_deck":["Defend_P","Defend_P","Defend_P","Eruption","Vigilance","Protect","ReachHeaven+1","Vault","SandsOfTime","Devotion+1","SashWhip+1","Vengeance+1","BattleHymn+1","Perseverance","Tantrum","Alpha+1","ClearTheMind","Omniscience","Fasting2","WindmillStrike+1","Omniscience","MentalFortress","Scrawl","Wireheading+1","Swivel+1","Madness","Madness","WaveOfTheHand"],"relics":["Snecko Eye","MealTicket","Juzu Bracelet","Astrolabe","Membership Card","White Beast Statue","Sundial","TeardropLocket","Vajra","Mummified Hand","Tiny Chest","Prayer Wheel","Fusion Hammer","DollysMirror","Orichalcum","Letter Opener","Yang","ClockworkSouvenir","Oddly Smooth Stone","Ornamental Fan"],"acts_visited":["Exordium","TheCity","TheBeyond","TheEnding"],"potions_floor_usage":[55,55,55],"damage_taken":[{"damage":15.0,"enemies":"2 Louse","floor":1.0,"turns":3.0},{"damage":6.0,"enemies":"Small Slimes","floor":2.0,"turns":2.0},{"damage":0.0,"enemies":"Cultist","floor":5.0,"turns":1.0},{"damage":0.0,"enemies":"Gremlin Nob","floor":8.0,"turns":3.0},{"damage":0.0,"enemies":"2 Fungi Beasts","floor":10.0,"turns":3.0},{"damage":0.0,"enemies":"Gremlin Gang","floor":11.0,"turns":3.0},{"damage":0.0,"enemies":"Blue Slaver","floor":14.0,"turns":2.0},{"damage":28.0,"enemies":"Hexaghost","floor":16.0,"turns":6.0},{"damage":0.0,"enemies":"3 Byrds","floor":18.0,"turns":3.0},{"damage":22.0,"enemies":"2 Thieves","floor":22.0,"turns":3.0},{"damage":4.0,"enemies":"Gremlin Leader","floor":23.0,"turns":4.0},{"damage":38.0,"enemies":"Slavers","floor":25.0,"turns":6.0},{"damage":8.0,"enemies":"Book of Stabbing","floor":27.0,"turns":4.0},{"damage":0.0,"enemies":"Cultist and Chosen","floor":28.0,"turns":3.0},{"damage":25.0,"enemies":"Collector","floor":33.0,"turns":5.0},{"damage":0.0,"enemies":"3 Darklings","floor":35.0,"turns":2.0},{"damage":0.0,"enemies":"Orb Walker","floor":36.0,"turns":2.0},{"damage":0.0,"enemies":"Maw","floor":39.0,"turns":4.0},{"damage":1.0,"enemies":"Giant Head","floor":42.0,"turns":4.0},{"damage":0.0,"enemies":"Nemesis","floor":44.0,"turns":4.0},{"damage":0.0,"enemies":"Jaw Worm Horde","floor":45.0,"turns":1.0},{"damage":14.0,"enemies":"Donu and Deca","floor":50.0,"turns":4.0},{"damage":12.0,"enemies":"Shield and Spear","floor":54.0,"turns":5.0},{"damage":39,"enemies":"The Heart","floor":55,"turns":6}],"seed_played":"-2441620791274456797","potions_obtained":[{"floor":2.0,"key":"SkillPotion"},{"floor":5.0,"key":"Explosive Potion"},{"floor":11.0,"key":"BottledMiracle"},{"floor":19.0,"key":"BottledMiracle"},{"floor":19.0,"key":"FearPotion"},{"floor":22.0,"key":"PowerPotion"},{"floor":25.0,"key":"Swift Potion"},{"floor":27.0,"key":"Block Potion"},{"floor":28.0,"key":"LiquidBronze"},{"floor":33.0,"key":"Dexterity Potion"},{"floor":35.0,"key":"SneckoOil"},{"floor":36.0,"key":"EssenceOfSteel"},{"floor":39.0,"key":"BottledMiracle"},{"floor":42.0,"key":"PowerPotion"},{"floor":44.0,"key":"DuplicationPotion"},{"floor":54.0,"key":"AttackPotion"}],"is_trial":false,"path_per_floor":["M","M","?","$","M","R","?","E","T","M","M","$","?","M","R","B",null,"M","?","?","$","M","E","?","E","T","E","M","T","R","?","R","B",null,"M","M","?","$","M","R","T","E","T","E","M","?","?","?","R","B",null,"R","$","E","B",null],"character_chosen":"WATCHER","items_purchased":["ReachHeaven","Membership Card","White Beast Statue","DollysMirror","MentalFortress","ClockworkSouvenir","Oddly Smooth Stone","WaveOfTheHand"],"campfire_rested":4,"item_purchase_floors":[4,21,21,38,38,53,53,53],"current_hp_per_floor":[57,51,44,44,44,44,44,44,44,44,44,59,64,64,64,36,77,77,77,77,77,55,51,51,13,13,5,5,5,28,28,28,3,77,77,77,77,77,77,77,77,76,76,76,76,66,66,66,77,63,77,77,77,65,26],"gold":92,"neow_bonus":"BOSS_RELIC","is_daily":false,"chose_seed":false,"campfire_upgraded":2,"win_rate":0.0,"timestamp":1612831586,"path_taken":["M","M","?","$","M","R","?","E","T","M","M","$","?","M","R","BOSS","M","?","?","$","M","E","?","E","T","E","M","?","R","?","R","BOSS","M","M","?","$","M","R","?","E","T","E","M","?","?","?","R","BOSS","R","$","E","BOSS"],"items_purchased_type":["Card","Relic","Relic","Relic","Card","Relic","Relic","Card"],"build_version":"2020-12-22","purchased_purges":0,"victory":true,"max_hp_per_floor":[72,72,72,72,72,72,72,72,72,72,72,72,77,77,77,77,77,77,77,77,77,77,77,77,77,77,77,77,77,77,77,77,77,77,77,77,77,77,77,77,77,77,77,77,77,77,77,77,77,77,77,77,77,77,77],"card_choices":[{"not_picked":["Evaluate","ForeignInfluence","EmptyFist"],"picked":"SKIP","floor":1.0},{"not_picked":["ClearTheMind","InnerPeace"],"picked":"Protect","floor":2.0},{"not_picked":["JustLucky","FlyingSleeves"],"picked":"Vault","floor":5.0},{"not_picked":["FollowUp","Consecrate","CrushJoints"],"picked":"SKIP","floor":8.0},{"not_picked":["Sanctity","BattleHymn"],"picked":"SandsOfTime","floor":10.0},{"not_picked":["BowlingBash","Prostrate","CrushJoints"],"picked":"SKIP","floor":11.0},{"not_picked":["ClearTheMind","CutThroughFate","FlyingSleeves"],"picked":"SKIP","floor":14.0},{"not_picked":["DeusExMachina","Judgement"],"picked":"Devotion","floor":16.0},{"not_picked":["BowlingBash","Evaluate+1"],"picked":"Perseverance","floor":18.0},{"not_picked":["Consecrate","CutThroughFate"],"picked":"Alpha","floor":22.0},{"not_picked":["ThirdEye","Vengeance+1"],"picked":"ClearTheMind","floor":23.0},{"not_picked":["Alpha","Consecrate","FlurryOfBlows+1"],"picked":"SKIP","floor":25.0},{"not_picked":["Vengeance+1","Tantrum","PathToVictory"],"picked":"SKIP","floor":27.0},{"not_picked":["BowlingBash+1","Tantrum","CrushJoints"],"picked":"SKIP","floor":28.0},{"not_picked":["Devotion","Wish"],"picked":"Omniscience","floor":33.0},{"not_picked":["CrushJoints","Sanctity"],"picked":"Fasting2","floor":35.0},{"not_picked":["Consecrate","CutThroughFate+1","Weave"],"picked":"SKIP","floor":35.0},{"not_picked":["ThirdEye","CarveReality+1"],"picked":"WindmillStrike+1","floor":36.0},{"not_picked":["FollowUp","JustLucky","CutThroughFate+1"],"picked":"SKIP","floor":36.0},{"not_picked":["SashWhip","ThirdEye"],"picked":"FollowUp","floor":39.0},{"not_picked":["Halt","Protect","Perseverance"],"picked":"SKIP","floor":39.0},{"not_picked":["Prostrate+1","Vengeance"],"picked":"Scrawl","floor":42.0},{"not_picked":["JustLucky","Sanctity"],"picked":"Wireheading+1","floor":44.0},{"not_picked":["Indignation+1","SashWhip+1"],"picked":"Swivel+1","floor":45.0},{"not_picked":["Blasphemy","Crescendo+1","ThirdEye"],"picked":"SKIP","floor":45.0},{"not_picked":["ReachHeaven","Conclude","BowlingBash+1"],"picked":"SKIP","floor":54.0}],"player_experience":321275,"relics_obtained":[{"floor":8.0,"key":"MealTicket"},{"floor":9.0,"key":"Juzu Bracelet"},{"floor":23.0,"key":"Sundial"},{"floor":25.0,"key":"Vajra"},{"floor":26.0,"key":"Mummified Hand"},{"floor":27.0,"key":"Tiny Chest"},{"floor":29.0,"key":"Prayer Wheel"},{"floor":42.0,"key":"Orichalcum"},{"floor":43.0,"key":"Letter Opener"},{"floor":44.0,"key":"Yang"},{"floor":54.0,"key":"Ornamental Fan"}],"event_choices":[{"cards_removed":["Strike_P"],"damage_healed":0.0,"max_hp_gain":0.0,"max_hp_loss":0.0,"gold_gain":0.0,"event_name":"Golden Wing","player_choice":"Card Removal","floor":3.0,"gold_loss":0.0,"damage_taken":7.0},{"cards_removed":["Strike_P"],"damage_healed":0.0,"max_hp_gain":0.0,"max_hp_loss":0.0,"gold_gain":0.0,"event_name":"Purifier","player_choice":"Purged","floor":7.0,"gold_loss":0.0,"damage_taken":0.0},{"damage_healed":0.0,"max_hp_gain":5.0,"max_hp_loss":0.0,"gold_gain":0.0,"event_name":"Big Fish","player_choice":"Donut","floor":13.0,"gold_loss":0.0,"damage_taken":0.0},{"damage_healed":0.0,"max_hp_gain":0.0,"max_hp_loss":0.0,"gold_gain":0.0,"event_name":"Lab","player_choice":"Got Potions","floor":19.0,"gold_loss":0.0,"damage_taken":0.0},{"damage_healed":0.0,"max_hp_gain":0.0,"max_hp_loss":0.0,"gold_gain":0.0,"event_name":"The Library","player_choice":"Read","floor":20.0,"gold_loss":0.0,"damage_taken":0.0,"cards_obtained":["Tantrum"]},{"damage_healed":0.0,"max_hp_gain":0.0,"max_hp_loss":0.0,"gold_gain":0.0,"event_name":"The Mausoleum","player_choice":"Opened","floor":24.0,"gold_loss":0.0,"damage_taken":0.0,"relics_obtained":["TeardropLocket"],"cards_obtained":["Writhe"]},{"cards_removed":["Writhe"],"damage_healed":0.0,"max_hp_gain":0.0,"max_hp_loss":0.0,"gold_gain":0.0,"event_name":"Beggar","player_choice":"Gave Gold","floor":31.0,"gold_loss":75.0,"damage_taken":0.0},{"damage_healed":0.0,"max_hp_gain":0.0,"max_hp_loss":0.0,"gold_gain":0.0,"event_name":"Tomb of Lord Red Mask","player_choice":"Ignored","floor":37.0,"gold_loss":0.0,"damage_taken":0.0},{"damage_healed":0.0,"max_hp_gain":0.0,"max_hp_loss":0.0,"gold_gain":0.0,"event_name":"Winding Halls","player_choice":"Embrace Madness","floor":46.0,"gold_loss":0.0,"damage_taken":10.0,"cards_obtained":["Madness","Madness"]},{"damage_healed":0.0,"max_hp_gain":0.0,"max_hp_loss":0.0,"gold_gain":0.0,"event_name":"Upgrade Shrine","player_choice":"Upgraded","floor":47.0,"gold_loss":0.0,"damage_taken":0.0,"cards_upgraded":["Devotion"]},{"cards_removed":["FollowUp"],"damage_healed":0.0,"max_hp_gain":0.0,"max_hp_loss":0.0,"gold_gain":0.0,"event_name":"Falling","player_choice":"Removed Attack","floor":48.0,"gold_loss":0.0,"damage_taken":0.0}],"is_beta":false,"boss_relics":[{"not_picked":["Black Star","SlaversCollar"],"picked":"Astrolabe"},{"not_picked":["Cursed Key","Runic Pyramid"],"picked":"Fusion Hammer"}],"items_purged_floors":[],"is_endless":false,"potions_floor_spawned":[2,5,11,22,23,25,27,28,33,35,36,39,42,44,45,54],"ascension_level":3}}