{"host":"13o02hya6v6rzuva","time":1612880990,"event":{"mods":["BaseMod","Minty Spire (QoL Compilation)","Relic Stats"],"gold_per_floor":[117,292,42,59,2,2,2],"floor_reached":6,"language":"ENG","playtime":205,"items_purged":["Doubt"],"score":41,"play_id":"76876ea3-df18-47b6-af6e-827352067d57","local_time":"20210209152950","is_ascension_mode":true,"campfire_choices":[],"circlet_count":0,"master_deck":["Strike_P","Strike_P","Strike_P","Strike_P","Defend_P","Defend_P","Defend_P","Defend_P","Eruption","Vigilance","Dark Shackles","ThirdEye","ClearTheMind","Adaptation"],"relics":["PureWater","Tiny Chest","Eternal Feather"],"acts_visited":["Exordium"],"potions_floor_usage":[],"damage_taken":[{"damage":4,"enemies":"Small Slimes","floor":1,"turns":3},{"damage":0,"enemies":"2 Louse","floor":4,"turns":2},{"damage":69,"enemies":"3 Sentries","floor":6,"turns":10}],"seed_played":"4993790221763975069","potions_obtained":[],"is_trial":false,"path_per_floor":["M","?","$","M","?","E"],"character_chosen":"WATCHER","items_purchased":["Tiny Chest","ClearTheMind"],"campfire_rested":0,"item_purchase_floors":[3,3],"current_hp_per_floor":[68,68,68,68,68,0,0],"gold":2,"neow_bonus":"RANDOM_COLORLESS","is_daily":false,"chose_seed":false,"campfire_upgraded":0,"win_rate":0.0,"timestamp":1612880990,"path_taken":["M","?","$","M","?","E"],"items_purchased_type":["Relic","Card"],"build_version":"2020-12-22","purchased_purges":1,"victory":false,"max_hp_per_floor":[72,72,72,72,72,72,72],"relic_stats":{"counters":[3,15],"Tiny Chest":0,"Eternal Feather":0,"obtain_stats":[{"Tiny Chest":3,"Eternal Feather":5,"PureWater":0},{"Tiny Chest":1,"Eternal Feather":2,"PureWater":0},{"Tiny Chest":3,"Eternal Feather":5,"PureWater":0}]},"card_choices":[{"not_picked":["Finesse","Swift Strike"],"picked":"Dark Shackles","floor":0},{"not_picked":["Conclude","JustLucky"],"picked":"ThirdEye","floor":1},{"not_picked":["EmptyMind","Prostrate"],"picked":"Adaptation","floor":4}],"player_experience":1202976,"relics_obtained":[],"event_choices":[{"damage_healed":0,"gold_gain":175,"player_choice":"AGREE","damage_taken":0,"max_hp_gain":0,"max_hp_loss":0,"event_name":"Liars Game","floor":2,"gold_loss":0,"cards_obtained":["Doubt"]},{"damage_healed":0,"gold_gain":0,"player_choice":"Paid Gold","damage_taken":0,"relics_obtained":["Eternal Feather"],"max_hp_gain":0,"max_hp_loss":0,"event_name":"WeMeetAgain","floor":5,"gold_loss":57}],"is_beta":false,"boss_relics":[],"items_purged_floors":[3],"is_endless":false,"potions_floor_spawned":[],"killed_by":"3 Sentries","ascension_level":4}}