{"host":"4a0aa7b2d8dxohwr","time":1612858284,"event":{"mods":["ATMod(∞¢Ë™Mod)","Act Like it!","BaseMod","Dota2Spire","Friendly Minions","Gensokyo","GifTheSpireLib","GungeonMod","Marisa£®ÏF”Í°°ƒß¿Ì…≥£©","Minty Spire (QoL Compilation)","Reimu£®≤©¿ˆ¡È√Œ£©","Remilia£®¿Ÿ√◊¿Ú—«£©","Shop Mod","StSLib","The Senshi","The Servant 0.9.4","Youmu£®ªÍ∆«—˝√Œ£©","[IsaacMod]“‘»ˆº‚À˛"],"gold_per_floor":[112,112,32,32,132,165,45,70,120,335,335,368,385,225,225,296,296,310,210,210,228,85,118,38,56,80,117,133,133,352,381,381,453,471,494,509,509,384,405,440,440,494,527,569,569,598,598,54,54,54,54,54,54,89,89],"floor_reached":56,"language":"ZHS","playtime":2941,"items_purged":["Strike_G","Strike_G","Strike_G","Strike_G"],"score":3144,"play_id":"2b0e4fb2-ea76-4ad6-b91e-e066121a1cae","local_time":"20210209161124","is_ascension_mode":true,"campfire_choices":[{"data":"AT_FamilyPortrait","floor":11.0,"key":"SMITH"},{"data":"Poisoned Stab","floor":15.0,"key":"SMITH"},{"data":"AT_ArcaneSupremacy","floor":29.0,"key":"SMITH"},{"data":"AT_EssenceShift","floor":32.0,"key":"SMITH"},{"data":"Tactician","floor":41,"key":"SMITH"},{"data":"Envenom","floor":45,"key":"SMITH"},{"data":"1","floor":47,"key":"LIFT"},{"floor":49,"key":"RECALL"},{"data":"After Image","floor":52,"key":"SMITH"}],"circlet_count":0,"master_deck":["AscendersBane","Strike_G","Defend_G","Defend_G","Defend_G","Defend_G","Defend_G","Survivor","Neutralize","AT_FamilyPortrait+1","Blade Dance","Backflip","Dagger Throw","Adrenaline","Poisoned Stab+1","Acrobatics","AT_WindFlip","Envenom+1","AT_ArcaneSupremacy+1","AT_Desolate","AT_EssenceShift+1","AT_EmpoweredMortalDraw","After Image+1","Tactician+1","Prepared","Burst","AT_KingSlayer","PiercingWail","Escape Plan"],"relics":["HushsDoor","AT_ATBox","Sozu","DeathBook","Paper Crane","AT_ArcaneBoots","Pear","TheBean","DemoMod:WhiteGuonStone","Dota2Spire:PhaseBoots","DemoMod:SevenLeafClover","Gensokyo:Bombinomicon","MagicMushroom","Lee\u0027s Waffle","Dota2Spire:MagicBottle","Dota2Spire:Mjollnir","PreservedInsect","CeramicFish","AT_RedTearstoneRing","Girya","AT_MortalBlade","Dream Catcher","Calipers","Leech","theSenshi:FeatherClipsRelic","Orichalcum","Dota2Spire:ShadowBlade","Dota2Spire:CrimsonGuard","DemoMod:GlassGuonStoneRelic","AT_GoldPhoenixTree"],"acts_visited":["Exordium","Gensokyo:Gensokyo","TheBeyond","TheEnding"],"potions_floor_usage":[],"damage_taken":[{"damage":0.0,"enemies":"Gensokyo:2_Kodama","floor":1.0,"turns":2.0},{"damage":0.0,"enemies":"Gensokyo:Mamizou","floor":6.0,"turns":2.0},{"damage":5.0,"enemies":"Gensokyo:Aya","floor":8.0,"turns":5.0},{"damage":0.0,"enemies":"Gensokyo:Gryphon","floor":10.0,"turns":3.0},{"damage":9.0,"enemies":"Gensokyo:Mamizou","floor":12.0,"turns":7.0},{"damage":0.0,"enemies":"Gensokyo:Python","floor":13.0,"turns":1.0},{"damage":6.0,"enemies":"Gensokyo:Yukari","floor":16.0,"turns":7.0},{"damage":0.0,"enemies":"Gensokyo:2_Gloops","floor":18.0,"turns":3.0},{"damage":0.0,"enemies":"Gensokyo:CosmicMonolith","floor":21.0,"turns":2.0},{"damage":1.0,"enemies":"Gensokyo:Tenshi","floor":23.0,"turns":4.0},{"damage":6.0,"enemies":"Gensokyo:Slime_Group","floor":25.0,"turns":2.0},{"damage":2.0,"enemies":"Gensokyo:Koishi","floor":27.0,"turns":3.0},{"damage":0.0,"enemies":"Gensokyo:Mirror_and_Dog","floor":28.0,"turns":2.0},{"damage":1.0,"enemies":"Gensokyo:Wraith","floor":30.0,"turns":3.0},{"damage":0.0,"enemies":"Gensokyo:Reisen","floor":31.0,"turns":3.0},{"damage":10.0,"enemies":"Gensokyo:Eternal_Rivals","floor":33.0,"turns":5.0},{"damage":0.0,"enemies":"3 Shapes","floor":35.0,"turns":2.0},{"damage":0.0,"enemies":"3 Darklings","floor":36.0,"turns":2.0},{"damage":0.0,"enemies":"Transient","floor":39.0,"turns":5.0},{"damage":0,"enemies":"Reptomancer","floor":40,"turns":2},{"damage":0,"enemies":"2 Orb Walkers","floor":42,"turns":2},{"damage":0,"enemies":"Nemesis","floor":44,"turns":3},{"damage":0,"enemies":"Giant Head","floor":46,"turns":4},{"damage":0,"enemies":"Donu and Deca","floor":50,"turns":4},{"damage":0,"enemies":"Shield and Spear","floor":54,"turns":3},{"damage":0,"enemies":"The Heart","floor":55,"turns":6}],"seed_played":"-3538454315223040984","potions_obtained":[],"is_trial":false,"path_per_floor":["M","?","COS","?","?","E","$","E","T","M","R","E","M","?","R","B",null,"M","$","?","M","$","E","COS","M","T","E","M","R","M","E","R","B",null,"M","M","?","$","M","E","R","?","T","E","R","E","R","$","R","B",null,"R","$","E","B",null],"character_chosen":"THE_SILENT","items_purchased":["Dagger Throw","AT_ArcaneSupremacy","Lee\u0027s Waffle","After Image","Dota2Spire:ShadowBlade","Dota2Spire:CrimsonGuard"],"campfire_rested":0,"item_purchase_floors":[7,17,22,34,48,48],"current_hp_per_floor":[59,46,46,31,31,41,41,36,36,36,36,27,27,27,27,21,68,72,72,72,73,91,90,90,85,85,89,90,90,93,94,94,90,90,90,90,85,85,85,85,85,85,85,85,85,85,85,85,85,85,85,85,85,85,85],"gold":89,"neow_bonus":"BOSS_RELIC","is_daily":false,"chose_seed":false,"campfire_upgraded":7,"win_rate":0.0,"timestamp":1612858284,"path_taken":["M","?","COS","?","?","E","?","E","T","?","R","E","M","?","R","BOSS","M","$","?","M","$","E","COS","M","T","E","M","R","?","E","R","BOSS","M","M","?","?","M","E","R","?","T","E","R","E","R","$","R","BOSS","R","$","E","BOSS"],"items_purchased_type":["Card","Card","Relic","Card","Relic","Relic"],"build_version":"2020-12-22","purchased_purges":4,"victory":true,"max_hp_per_floor":[66,66,66,66,66,76,76,76,76,76,76,76,76,76,76,76,81,84,84,84,84,91,91,91,91,91,91,91,91,94,94,94,94,90,90,90,85,85,85,85,85,85,85,85,85,85,85,85,85,85,85,85,85,85,85],"card_choices":[{"not_picked":["Sucker Punch","Dagger Spray"],"picked":"Blade Dance","floor":1.0},{"not_picked":["Noxious Fumes","Blur"],"picked":"Backflip","floor":6.0},{"not_picked":["Sucker Punch","AT_TinkerSharpsword"],"picked":"Adrenaline","floor":8.0},{"not_picked":["Flying Knee","Bane"],"picked":"Poisoned Stab","floor":10.0},{"not_picked":["Setup","Poisoned Stab"],"picked":"Acrobatics","floor":12.0},{"not_picked":["Deadly Poison","Envenom"],"picked":"AT_WindFlip","floor":13.0},{"not_picked":["Unload","Venomology"],"picked":"Envenom","floor":16.0},{"not_picked":["Skewer","Outmaneuver","Deflect"],"picked":"SKIP","floor":18.0},{"not_picked":["Outmaneuver","Caltrops+1","Endless Agony+1"],"picked":"SKIP","floor":21.0},{"not_picked":["Backstab","Blade Dance"],"picked":"AT_Desolate","floor":23.0},{"not_picked":["Dodge and Roll","Reflex","Bouncing Flask"],"picked":"SKIP","floor":25.0},{"not_picked":["Doppelganger","AT_MyraUnstableElement","Night Terror"],"picked":"SKIP","floor":26.0},{"not_picked":["Setup","Concentrate"],"picked":"AT_EssenceShift","floor":27.0},{"not_picked":["Flying Knee","AT_TinkerSharpsword","Terror"],"picked":"SKIP","floor":28.0},{"not_picked":["Glass Knife","Sucker Punch","Choke"],"picked":"SKIP","floor":30.0},{"not_picked":["Outmaneuver","Quick Slash","Choke"],"picked":"SKIP","floor":31.0},{"not_picked":["Flying Knee","AT_ShadowStep+1"],"picked":"Tactician","floor":35.0},{"not_picked":["AT_WindFlip","Outmaneuver","Dagger Throw"],"picked":"SKIP","floor":36.0},{"not_picked":["Acrobatics+1","Heel Hook"],"picked":"Prepared","floor":39.0},{"not_picked":["Concentrate","Escape Plan"],"picked":"Burst","floor":40},{"not_picked":["Envenom","Burst"],"picked":"AT_KingSlayer","floor":43},{"not_picked":["Deadly Poison","Bane"],"picked":"PiercingWail","floor":44},{"not_picked":["Predator","Wraith Form v2","AT_WindFlip"],"picked":"SKIP","floor":46},{"not_picked":["Choke","Catalyst"],"picked":"Escape Plan","floor":54}],"player_experience":572189,"relics_obtained":[{"floor":6.0,"key":"Pear"},{"floor":8.0,"key":"TheBean"},{"floor":9.0,"key":"DemoMod:WhiteGuonStone"},{"floor":12.0,"key":"DemoMod:SevenLeafClover"},{"floor":23.0,"key":"Dota2Spire:MagicBottle"},{"floor":26.0,"key":"Dota2Spire:Mjollnir"},{"floor":26.0,"key":"PreservedInsect"},{"floor":27.0,"key":"CeramicFish"},{"floor":31.0,"key":"Girya"},{"floor":40,"key":"Dream Catcher"},{"floor":42,"key":"Calipers"},{"floor":43,"key":"Leech"},{"floor":44,"key":"theSenshi:FeatherClipsRelic"},{"floor":46,"key":"Orichalcum"},{"floor":54,"key":"AT_GoldPhoenixTree"}],"event_choices":[{"damage_healed":0.0,"max_hp_gain":0.0,"max_hp_loss":5.0,"gold_gain":0.0,"event_name":"Winding Halls","player_choice":"Max HP","floor":37.0,"gold_loss":0.0,"damage_taken":0.0},{"damage_healed":0,"gold_gain":0,"player_choice":"Fight","damage_taken":0,"max_hp_gain":0,"max_hp_loss":0,"event_name":"Mysterious Sphere","floor":42,"gold_loss":0}],"is_beta":false,"boss_relics":[{"not_picked":["Busted Crown","Runic Dome"],"picked":"MagicMushroom"},{"not_picked":[]},{"not_picked":["Dota2Spire:Bloodstone","theSenshi:MoonKaleidoScopeRelic"],"picked":"AT_MortalBlade"},{"not_picked":[]}],"items_purged_floors":[7,19,38,48],"is_endless":false,"potions_floor_spawned":[1,10,13,23,28,30,31,39,42],"ascension_level":14}}