{"host":"qc8p2flj7wsy3zpg","time":1612893480,"event":{"mods":["BaseMod","Highlight Path","Minty Spire (QoL Compilation)","Monster List Patch","Relic Stats","StSLib"],"gold_per_floor":[115,133,150,163,173,206,206,241,241,241,266,284,209,222,222,351,414,427,442,342,342,342,362,403,403,427,470,470,483,507,525,525,648,648,662,205,228,249,249,293,293,317,317,337,372,372,28,41,41,41,41],"floor_reached":50,"language":"ENG","playtime":3684,"items_purged":["Strike_R","Strike_R","Strike_R+1"],"score":558,"play_id":"2279a12f-c790-41be-a317-dd48195e0745","local_time":"20210209115800","is_ascension_mode":false,"campfire_choices":[{"data":"Bash","floor":10,"key":"SMITH"},{"data":"Inflame","floor":15,"key":"SMITH"},{"data":"J.A.X.","floor":25,"key":"SMITH"},{"floor":28,"key":"REST"},{"data":"True Grit","floor":32,"key":"SMITH"},{"floor":41,"key":"REST"},{"floor":49,"key":"RECALL"}],"circlet_count":0,"master_deck":["Strike_R+1","Strike_R+1","Defend_R+1","Defend_R+1","Defend_R+1","Defend_R+1","Bash+1","Reckless Charge","Pommel Strike","Wild Strike","Shockwave+1","Battle Trance+1","Inflame+1","Feel No Pain","Thunderclap","Disarm","J.A.X.+1","Sword Boomerang","True Grit+1","Power Through","Sword Boomerang","Power Through","Flame Barrier","Pummel+1","Spot Weakness","Second Wind","Parasite","Armaments+1","Shockwave+1","Heavy Blade","Rupture+1","Dark Shackles","True Grit","Feel No Pain"],"relics":["Sozu","Regal Pillow","Golden Idol","War Paint","Kunai","Vajra","Tiny House","Art of War","Bag of Preparation","Incense Burner","Black Star","Question Card","Centennial Puzzle","Bronze Scales","Sundial","Red Skull","Blue Candle"],"acts_visited":["Exordium","TheCity","TheBeyond"],"potions_floor_usage":[],"damage_taken":[{"damage":0,"enemies":"Cultist","floor":1,"turns":3},{"damage":1,"enemies":"Jaw Worm","floor":2,"turns":2},{"damage":6,"enemies":"2 Louse","floor":3,"turns":2},{"damage":0,"enemies":"Blue Slaver","floor":4,"turns":3},{"damage":0,"enemies":"3 Louse","floor":5,"turns":2},{"damage":11,"enemies":"Gremlin Nob","floor":6,"turns":3},{"damage":16,"enemies":"Lagavulin","floor":8,"turns":5},{"damage":0,"enemies":"2 Fungi Beasts","floor":12,"turns":2},{"damage":0,"enemies":"Looter","floor":14,"turns":2},{"damage":19,"enemies":"The Guardian","floor":16,"turns":9},{"damage":20,"enemies":"2 Thieves","floor":18,"turns":4},{"damage":0,"enemies":"3 Byrds","floor":19,"turns":5},{"damage":3,"enemies":"Snecko","floor":23,"turns":2},{"damage":7,"enemies":"Book of Stabbing","floor":24,"turns":4},{"damage":24,"enemies":"Gremlin Leader","floor":27,"turns":5},{"damage":3,"enemies":"3 Cultists","floor":29,"turns":4},{"damage":5,"enemies":"Cultist and Chosen","floor":30,"turns":4},{"damage":0,"enemies":"Centurion and Healer","floor":31,"turns":10},{"damage":30,"enemies":"Automaton","floor":33,"turns":10},{"damage":7,"enemies":"3 Shapes","floor":35,"turns":6},{"damage":3,"enemies":"Orb Walker","floor":37,"turns":3},{"damage":17,"enemies":"Writhing Mass","floor":38,"turns":5},{"damage":25,"enemies":"Giant Head","floor":40,"turns":8},{"damage":6,"enemies":"3 Darklings","floor":42,"turns":8},{"damage":21,"enemies":"4 Shapes","floor":44,"turns":24},{"damage":29,"enemies":"Reptomancer","floor":45,"turns":6},{"damage":0,"enemies":"Sphere and 2 Shapes","floor":48,"turns":7},{"damage":10,"enemies":"Time Eater","floor":50,"turns":2}],"seed_played":"3815226366990274290","potions_obtained":[],"is_trial":false,"path_per_floor":["M","M","M","M","M","E","?","E","T","R","T","M","$","M","R","B",null,"M","M","$","?","?","M","E","R","T","E","R","M","M","M","R","B",null,"M","$","M","M","?","E","R","M","T","M","E","?","$","M","R","B"],"character_chosen":"IRONCLAD","items_purchased":["Question Card","Spot Weakness","Blue Candle","True Grit","Feel No Pain"],"campfire_rested":2,"item_purchase_floors":[36,36,47,47,47],"current_hp_per_floor":[80,79,73,73,73,62,62,46,46,46,46,46,46,46,46,27,79,59,59,59,59,59,56,49,49,49,25,63,60,55,55,55,25,79,72,72,69,52,52,27,65,59,59,38,9,9,9,9,9,0,0],"gold":41,"neow_bonus":"BOSS_RELIC","is_daily":false,"chose_seed":false,"campfire_upgraded":4,"win_rate":0.0,"timestamp":1612893480,"path_taken":["M","M","M","?","M","E","?","E","T","R","?","M","$","M","R","BOSS","M","M","$","?","?","M","E","R","T","E","R","M","M","M","R","BOSS","M","$","M","M","?","E","R","M","T","M","E","?","$","M","R","BOSS"],"items_purchased_type":["Relic","Card","Relic","Card","Card"],"build_version":"2020-12-22","purchased_purges":3,"victory":false,"max_hp_per_floor":[80,80,80,80,80,80,74,74,74,74,74,74,74,74,74,74,79,79,79,79,79,79,79,79,79,79,79,79,79,79,79,79,79,79,79,79,79,79,79,79,79,79,79,79,79,79,79,79,79,79,79],"relic_stats":{"Regal Pillow":30,"counters":[28,150],"Golden Idol":157,"Blue Candle":[0],"Bag of Preparation":[28],"War Paint":["Defend_R","Shockwave"],"Question Card":8,"Sozu":15,"Centennial Puzzle":[12],"Sundial":[0],"Bronze Scales":[96],"Art of War":[28],"Black Star":2,"Kunai":[25],"obtain_stats":[{"Regal Pillow":6,"Tiny House":17,"Golden Idol":7,"Blue Candle":47,"Vajra":11,"Bag of Preparation":26,"Incense Burner":27,"War Paint":8,"Question Card":36,"Burning Blood":0,"Sozu":0,"Centennial Puzzle":40,"Sundial":45,"Bronze Scales":40,"Art of War":24,"Black Star":34,"Kunai":9,"Red Skull":45},{"Regal Pillow":6,"Tiny House":10,"Golden Idol":6,"Blue Candle":26,"Vajra":7,"Bag of Preparation":14,"Incense Burner":15,"War Paint":7,"Question Card":20,"Burning Blood":0,"Sozu":0,"Centennial Puzzle":23,"Sundial":26,"Bronze Scales":23,"Art of War":14,"Black Star":19,"Kunai":7,"Red Skull":26},{"Regal Pillow":15,"Tiny House":33,"Golden Idol":15,"Blue Candle":141,"Vajra":20,"Bag of Preparation":48,"Incense Burner":53,"War Paint":20,"Question Card":87,"Burning Blood":0,"Sozu":0,"Centennial Puzzle":103,"Sundial":141,"Bronze Scales":103,"Art of War":48,"Black Star":81,"Kunai":20,"Red Skull":141}]},"card_choices":[{"not_picked":["Thunderclap","Sword Boomerang"],"picked":"Reckless Charge","floor":1},{"not_picked":["Metallicize","Corruption"],"picked":"Pommel Strike","floor":2},{"not_picked":["Perfected Strike","Armaments"],"picked":"Sever Soul","floor":3},{"not_picked":["Clash","Pommel Strike"],"picked":"Wild Strike","floor":4},{"not_picked":["Metallicize","Heavy Blade"],"picked":"Shockwave","floor":5},{"not_picked":["Pummel","Iron Wave"],"picked":"Battle Trance","floor":6},{"not_picked":["Rupture","Armaments"],"picked":"Inflame","floor":8},{"not_picked":["Headbutt","Warcry"],"picked":"Feel No Pain","floor":12},{"not_picked":["Body Slam","Evolve"],"picked":"Thunderclap","floor":14},{"not_picked":["Armaments","Clash+1"],"picked":"Disarm","floor":19},{"not_picked":["Flex","Fire Breathing"],"picked":"Sword Boomerang","floor":23},{"not_picked":["Bludgeon","Sentinel"],"picked":"True Grit","floor":24},{"not_picked":["Dropkick","Headbutt"],"picked":"Power Through","floor":27},{"not_picked":["Sentinel","Dark Embrace"],"picked":"Sword Boomerang","floor":29},{"not_picked":["Blood for Blood","Warcry"],"picked":"Power Through","floor":30},{"not_picked":["Pummel","Headbutt"],"picked":"Flame Barrier","floor":31},{"not_picked":["Intimidate","Burning Pact+1"],"picked":"Pummel+1","floor":35},{"not_picked":["Shrug It Off","Anger","Cleave+1"],"picked":"Second Wind","floor":37},{"not_picked":["Anger+1","Iron Wave+1","Feel No Pain"],"picked":"Armaments+1","floor":40},{"not_picked":["Sword Boomerang+1","Double Tap","Twin Strike"],"picked":"Shockwave+1","floor":42},{"not_picked":["Anger","Headbutt","Perfected Strike"],"picked":"Heavy Blade","floor":44},{"not_picked":["Disarm+1","Inflame+1","Wild Strike+1"],"picked":"Rupture+1","floor":45},{"not_picked":["Panacea","Secret Technique","Good Instincts"],"picked":"Dark Shackles","floor":46}],"player_experience":2351640,"relics_obtained":[{"floor":6,"key":"Regal Pillow"},{"floor":8,"key":"War Paint"},{"floor":9,"key":"Kunai"},{"floor":11,"key":"Vajra"},{"floor":24,"key":"Art of War"},{"floor":26,"key":"Bag of Preparation"},{"floor":27,"key":"Incense Burner"},{"floor":40,"key":"Centennial Puzzle"},{"floor":40,"key":"Bronze Scales"},{"floor":45,"key":"Sundial"},{"floor":45,"key":"Red Skull"}],"event_choices":[{"damage_healed":0,"gold_gain":0,"player_choice":"Lose Max HP","damage_taken":0,"relics_obtained":["Golden Idol"],"max_hp_gain":0,"max_hp_loss":6,"event_name":"Golden Idol","floor":7,"gold_loss":0},{"damage_healed":0,"gold_gain":0,"player_choice":"Simplicity","damage_taken":0,"max_hp_gain":0,"max_hp_loss":0,"event_name":"Back to Basics","floor":21,"gold_loss":0,"cards_upgraded":["Strike_R","Strike_R","Strike_R","Defend_R","Defend_R","Defend_R"]},{"damage_healed":0,"gold_gain":0,"player_choice":"Obtain J.A.X.","damage_taken":0,"max_hp_gain":0,"max_hp_loss":0,"event_name":"Drug Dealer","floor":22,"gold_loss":0,"cards_obtained":["J.A.X."]},{"cards_removed":["Sever Soul"],"damage_healed":0,"gold_gain":0,"player_choice":"Removed Attack","damage_taken":0,"max_hp_gain":0,"max_hp_loss":0,"event_name":"Falling","floor":39,"gold_loss":0},{"damage_healed":0,"gold_gain":0,"player_choice":"Memory 1","damage_taken":0,"max_hp_gain":0,"max_hp_loss":0,"event_name":"SensoryStone","floor":46,"gold_loss":0}],"is_beta":false,"boss_relics":[{"not_picked":["Coffee Dripper","Cursed Key"],"picked":"Tiny House"},{"not_picked":["Empty Cage","Snecko Eye"],"picked":"Black Star"}],"items_purged_floors":[13,20,36],"is_endless":false,"potions_floor_spawned":[1,2,3,6,12,14,19,27,29,30,33,35,40,44],"killed_by":"Time Eater","ascension_level":0}}