{"host":"8rgpnls124hwjv5t","time":1612907599,"event":{"mods":["BaseMod","Colored Map","Colored Powertips","DeckTracker","Highlight Path","Minty Spire (QoL Compilation)","Permanent Neow","Quick Restart","Relic Stats","Shop Mod","StSLib"],"gold_per_floor":[363,381,392,26,46,72,72,92,119,138,163,163,198,27,27,100,100,120,138,148,148,168,168,168],"floor_reached":23,"language":"ENG","playtime":1123,"items_purged":["Strike_B"],"score":432,"play_id":"a687d18a-6741-498d-add1-bd7451f9c0a5","local_time":"20210209165319","is_ascension_mode":true,"campfire_choices":[{"data":"Defragment","floor":7,"key":"SMITH"},{"data":"Double Energy","floor":12,"key":"SMITH"},{"data":"Echo Form","floor":15,"key":"SMITH"}],"circlet_count":0,"master_deck":["AscendersBane","Strike_B","Strike_B","Strike_B","Defend_B","Defend_B","Defend_B","Defend_B","Zap","Dualcast","Compile Driver","Glacier","Double Energy+1","Defragment+1","Ball Lightning","Streamline","Doom and Gloom","Echo Form+1","Fission","Glacier","Buffer","Stack+1","Reinforced Body"],"relics":["Cracked Core","Toy Ornithopter","Matryoshka","Bronze Scales","Regal Pillow","Orichalcum","Cables","Black Star"],"acts_visited":["Exordium","TheCity"],"potions_floor_usage":[6,8,10,16],"damage_taken":[{"damage":1,"enemies":"Cultist","floor":1,"turns":3},{"damage":0,"enemies":"Small Slimes","floor":2,"turns":3},{"damage":1,"enemies":"Jaw Worm","floor":3,"turns":4},{"damage":1,"enemies":"Red Slaver","floor":5,"turns":4},{"damage":0,"enemies":"Lagavulin","floor":6,"turns":7},{"damage":0,"enemies":"Lots of Slimes","floor":8,"turns":1},{"damage":6,"enemies":"Gremlin Gang","floor":10,"turns":3},{"damage":8,"enemies":"3 Sentries","floor":11,"turns":5},{"damage":1,"enemies":"Gremlin Nob","floor":13,"turns":4},{"damage":2,"enemies":"Hexaghost","floor":16,"turns":7},{"damage":0,"enemies":"Spheric Guardian","floor":18,"turns":4},{"damage":0,"enemies":"3 Byrds","floor":19,"turns":3},{"damage":11,"enemies":"Snecko","floor":20,"turns":6},{"damage":25,"enemies":"Snake Plant","floor":22,"turns":4},{"damage":35,"enemies":"Slavers","floor":23,"turns":3}],"seed_played":"-7653003023185405389","potions_obtained":[{"floor":2,"key":"Weak Potion"},{"floor":3,"key":"FocusPotion"},{"floor":5,"key":"Explosive Potion"},{"floor":8,"key":"SneckoOil"},{"floor":16,"key":"SteroidPotion"},{"floor":18,"key":"FearPotion"}],"is_trial":false,"path_per_floor":["M","M","M","$","M","E","R","M","T","M","E","R","E","$","R","B",null,"M","M","M","?","M","E"],"character_chosen":"DEFECT","items_purchased":["Defragment","Toy Ornithopter","Ball Lightning","Glacier","DistilledChaos"],"campfire_rested":0,"item_purchase_floors":[4,4,4,14,14],"current_hp_per_floor":[45,45,44,44,43,48,48,53,53,52,44,44,43,43,43,46,65,65,65,54,54,29,0,0],"gold":168,"neow_bonus":"TWO_FIFTY_GOLD","is_daily":false,"chose_seed":false,"campfire_upgraded":3,"win_rate":0.0,"timestamp":1612907599,"path_taken":["M","M","M","$","M","E","R","M","T","M","E","R","E","$","R","BOSS","M","M","M","?","M","E"],"items_purchased_type":["Card","Relic","Card","Card","Potion"],"build_version":"2020-12-22","purchased_purges":1,"victory":false,"max_hp_per_floor":[71,71,71,71,71,71,71,71,71,71,71,71,71,71,71,71,71,71,71,71,71,71,71,71],"relic_stats":{"Regal Pillow":0,"counters":[15,61],"Bronze Scales":[179],"Black Star":0,"Orichalcum":[48],"obtain_stats":[{"Regal Pillow":9,"Matryoshka":6,"Bronze Scales":9,"Black Star":17,"Orichalcum":11,"Cracked Core":0,"Toy Ornithopter":4,"Cables":13},{"Regal Pillow":6,"Matryoshka":5,"Bronze Scales":6,"Black Star":10,"Orichalcum":8,"Cracked Core":0,"Toy Ornithopter":3,"Cables":9},{"Regal Pillow":22,"Matryoshka":21,"Bronze Scales":22,"Black Star":41,"Orichalcum":30,"Cracked Core":0,"Toy Ornithopter":10,"Cables":34}],"Toy Ornithopter":20,"Cables":[20,5,10,5,0]},"card_choices":[{"not_picked":["Redo","Recycle"],"picked":"Compile Driver","floor":1},{"not_picked":["Rebound","Ball Lightning"],"picked":"Glacier","floor":2},{"not_picked":["Conserve Battery","Sweeping Beam"],"picked":"Double Energy","floor":3},{"not_picked":["Aggregate","Hologram"],"picked":"Streamline","floor":5},{"not_picked":["Conserve Battery","Steam"],"picked":"Doom and Gloom","floor":6},{"not_picked":["Redo","Reprogram"],"picked":"Echo Form","floor":8},{"not_picked":["Leap","Steam","Stack"],"picked":"SKIP","floor":10},{"not_picked":["Stack","Beam Cell","Force Field"],"picked":"SKIP","floor":11},{"not_picked":["Streamline","Compile Driver"],"picked":"Fission","floor":13},{"not_picked":["Rainbow","Hyperbeam"],"picked":"Buffer","floor":16},{"not_picked":["Leap+1","White Noise"],"picked":"Stack+1","floor":18},{"not_picked":["Melter","Auto Shields","Steam Power"],"picked":"SKIP","floor":19},{"not_picked":["White Noise","Conserve Battery","Steam"],"picked":"SKIP","floor":20},{"not_picked":["Auto Shields","Barrage"],"picked":"Reinforced Body","floor":22}],"player_experience":542346,"relics_obtained":[{"floor":6,"key":"Matryoshka"},{"floor":9,"key":"Bronze Scales"},{"floor":9,"key":"Regal Pillow"},{"floor":11,"key":"Orichalcum"},{"floor":13,"key":"Cables"}],"event_choices":[{"damage_healed":0,"gold_gain":0,"player_choice":"Ignored","damage_taken":0,"max_hp_gain":0,"max_hp_loss":0,"event_name":"Vampires","floor":21,"gold_loss":0}],"is_beta":false,"boss_relics":[{"not_picked":["Sozu","Cursed Key"],"picked":"Black Star"}],"items_purged_floors":[4],"is_endless":false,"potions_floor_spawned":[2,3,5,8,16,18,19],"killed_by":"Slavers","ascension_level":16}}