{"host":"fortuna","time":1612901519,"event":{"mods":["100% Spire Juice","Act Like it!","Arknights","BaseMod","CapriCore","Gensokyo","Hallownest","Koishi","Minty Spire (QoL Compilation)","MostiFishMod","Reimu£®≤©¿ˆ¡È√Œ£©","Relic Stats","StSLib","The Administrix","The Animator","The Bug Knight","The Immortal","Waifu the Spire","WarShipGirlsR/’ΩΩ¢…Ÿ≈ÆR mod","Yakumo Yukari mod"],"gold_per_floor":[114,114,130,130,130,160,160,194,194,194,212,244,244,244,244,244,244],"floor_reached":16,"language":"ZHS","playtime":536,"items_purged":[],"score":141,"play_id":"dd0bcfa7-f1ee-4f6e-b414-9ed32bb709af","local_time":"20210210041159","is_ascension_mode":false,"campfire_choices":[{"data":"HollowMod:InfectedAttack","floor":15,"key":"SMITH"}],"circlet_count":1,"master_deck":["HollowMod:NailStrikeStart","HollowMod:NailStrikeStart","HollowMod:QuickDashStart","HollowMod:QuickDashStart","HollowMod:QuickDashStart","HollowMod:QuickDashStart","HollowMod:FocusHealStart","HollowMod:PogoStrike","HollowMod:SoulStrike","HollowMod:QuirrelsAssistance","HollowMod:GoodIntentions","HollowMod:InfectedAttack+1","HollowMod:NewInfectedGuardian"],"relics":["HollowMod:VesselMask","DaveBox","NeowsBlessing","ArrowTower","SynthV:TestCard","Hallownest:DreamNailRelic","CrazyTorch:ReiMu","Eternal Feather","HollowDreamFlower","Circlet","MealTicket"],"acts_visited":["Hallownest:Greenpath"],"potions_floor_usage":[],"damage_taken":[{"damage":0,"enemies":"Hallownest:2_Baldur","floor":1,"turns":1},{"damage":0,"enemies":"Hallownest:monsterHuskGuard","floor":3,"turns":1},{"damage":0,"enemies":"Hallownest:eliteMossKnight","floor":6,"turns":1},{"damage":6,"enemies":"Hallownest:eliteCrystalGuardian","floor":8,"turns":5},{"damage":1,"enemies":"Hallownest:monsterHuskWarrior","floor":11,"turns":2},{"damage":19,"enemies":"Hallownest:eliteVengeflyKing","floor":12,"turns":4},{"damage":78,"enemies":"Hallownest:BossHornet","floor":16,"turns":7}],"seed_played":"921574218468730218","potions_obtained":[{"floor":1,"key":"Regen Potion"},{"floor":8,"key":"SkillPotion"},{"floor":12,"key":"Swift Potion"}],"is_trial":false,"path_per_floor":["M","$","M","$","?","E","$","E","T","?","M","E","?","?","R","B"],"character_chosen":"THE_BUGKNIGHT","items_purchased":[],"campfire_rested":0,"item_purchase_floors":[],"current_hp_per_floor":[75,75,75,75,75,75,75,69,69,69,75,62,62,53,59,0,0],"gold":244,"neow_bonus":"THREE_ENEMY_KILL","is_daily":false,"chose_seed":false,"campfire_upgraded":1,"win_rate":0.0,"timestamp":1612901519,"path_taken":["M","$","M","$","?","E","$","E","T","?","?","E","?","?","R","BOSS"],"items_purchased_type":[],"build_version":"2020-12-18","purchased_purges":0,"victory":false,"max_hp_per_floor":[75,75,75,75,75,75,75,75,75,75,75,75,75,75,75,75,75],"relic_stats":{"counters":[7,21],"Eternal Feather":6,"MealTicket":0,"obtain_stats":[{"SynthV:TestCard":1,"DaveBox":0,"NeowsBlessing":0,"CrazyTorch:ReiMu":6,"Circlet":10,"HollowMod:VesselMask":0,"Eternal Feather":8,"MealTicket":12,"Hallownest:DreamNailRelic":5,"ArrowTower":0,"HollowDreamFlower":9},{"SynthV:TestCard":1,"DaveBox":0,"NeowsBlessing":0,"CrazyTorch:ReiMu":3,"Circlet":4,"HollowMod:VesselMask":0,"Eternal Feather":4,"MealTicket":6,"Hallownest:DreamNailRelic":2,"ArrowTower":0,"HollowDreamFlower":4},{"SynthV:TestCard":1,"DaveBox":0,"NeowsBlessing":0,"CrazyTorch:ReiMu":3,"Circlet":8,"HollowMod:VesselMask":0,"Eternal Feather":8,"MealTicket":14,"Hallownest:DreamNailRelic":2,"ArrowTower":0,"HollowDreamFlower":8}]},"card_choices":[{"not_picked":["HollowMod:SoulShaman","HollowMod:CloakDash"],"picked":"HollowMod:SoulStrike","floor":1},{"not_picked":["HollowMod:GoodIntentions","HollowMod:InfectedAttack","HollowMod:TaintedHusks","HollowMod:ShapeofUnn"],"picked":"HollowMod:QuirrelsAssistance","floor":3},{"not_picked":["HollowMod:SoulEater","HollowMod:NewLittleFool","HollowMod:SharpenedShadows","HollowMod:VengefulVoid"],"picked":"HollowMod:GoodIntentions","floor":6},{"not_picked":["HollowMod:MawleksShell","HollowMod:BrokenVessel","HollowMod:FallenFury","HollowMod:BaldurShell","HollowMod:WraithStrike"],"picked":"SKIP","floor":8},{"not_picked":["HollowMod:LifebloodCocoon","HollowMod:NewJinnsSoul","HollowMod:SiblingsSouls","HollowMod:SoulStrike"],"picked":"HollowMod:InfectedAttack","floor":11},{"not_picked":["HollowMod:VoidDash","HollowMod:SharpenedShadows","HollowMod:GoodIntentions","HollowMod:InfectedCysts"],"picked":"HollowMod:NewInfectedGuardian","floor":12}],"player_experience":344845,"relics_obtained":[{"floor":1,"key":"SynthV:TestCard"},{"floor":6,"key":"CrazyTorch:ReiMu"},{"floor":8,"key":"Eternal Feather"},{"floor":9,"key":"HollowDreamFlower"},{"floor":12,"key":"MealTicket"}],"event_choices":[],"is_beta":true,"boss_relics":[],"items_purged_floors":[],"is_endless":false,"potions_floor_spawned":[1,8,12],"killed_by":"Hallownest:BossHornet","ascension_level":0}}