{"host":"fhyqvp7txwl2j5aw","time":1612852456,"event":{"mods":["AchievementEnabler","BaseMod","Better Altar","Better Match","Better Note","Better Sensory Stone","Better Skull","Better Third Choice","Card Forge","Colored Map","Colored Powertips","Highlight Path","Minty Spire (QoL Compilation)","Rare Cards Sparkle","Relic Filter Mod","StSLib","Transform Curses"],"gold_per_floor":[20,20,295,309,325,325,358,375,398,418,431,431,463,483,483,586,586,599,599,616,616,616,616,650,662,674,700,398,398,398],"floor_reached":29,"language":"JPN","playtime":2418,"items_purged":[],"score":429,"play_id":"3312c233-f73b-4bca-b1c4-9315e4a8c035","local_time":"20210209153416","is_ascension_mode":true,"campfire_choices":[{"floor":6.0,"key":"RECALL"},{"floor":15.0,"key":"REST"},{"floor":23,"key":"REST"}],"circlet_count":0,"master_deck":["Bludgeon+1","Demon Form+1","Bullet Time+1","Bludgeon+1","Wraith Form v2+1","Battle Trance+1","Battle Trance+1","Bludgeon+1"],"relics":["Burning Blood","Hammer of Thor","Seething Fire","Anvil of the Gods","FossilizedHelix","Pen Nib","Dream Catcher","Bronze Scales","Lantern","Snecko Eye","MawBank","betterThird:NestCultRelic","Matryoshka","WingedGreaves"],"acts_visited":["Exordium","TheCity"],"potions_floor_usage":[],"damage_taken":[{"damage":0.0,"enemies":"Jaw Worm","floor":1.0,"turns":4.0},{"damage":0.0,"enemies":"2 Louse","floor":4.0,"turns":1.0},{"damage":10.0,"enemies":"Small Slimes","floor":5.0,"turns":2.0},{"damage":44.0,"enemies":"Lagavulin","floor":7.0,"turns":5.0},{"damage":0.0,"enemies":"Exordium Thugs","floor":8.0,"turns":2.0},{"damage":0.0,"enemies":"Gremlin Gang","floor":10.0,"turns":1.0},{"damage":0.0,"enemies":"Large Slime","floor":11.0,"turns":4.0},{"damage":0.0,"enemies":"3 Sentries","floor":13.0,"turns":2.0},{"damage":0.0,"enemies":"Lots of Slimes","floor":14.0,"turns":1.0},{"damage":0.0,"enemies":"Slime Boss","floor":16.0,"turns":9.0},{"damage":1.0,"enemies":"Shell Parasite","floor":18.0,"turns":3.0},{"damage":1,"enemies":"Chosen","floor":20,"turns":2},{"damage":1,"enemies":"Book of Stabbing","floor":24,"turns":2},{"damage":0,"enemies":"Snecko","floor":27,"turns":2},{"damage":28,"enemies":"Slavers","floor":29,"turns":3}],"seed_played":"-2645420774786935741","potions_obtained":[{"floor":1.0,"key":"Explosive Potion"},{"floor":5.0,"key":"SkillPotion"},{"floor":8.0,"key":"EntropicBrew"}],"is_trial":false,"path_per_floor":["M","?","?","M","M","R","E","M","T","M","M","?","E","M","R","B",null,"M","?","M","?","?","R","E","?","T","M","$","E"],"character_chosen":"IRONCLAD","items_purchased":["WingedGreaves"],"campfire_rested":2,"item_purchase_floors":[28],"current_hp_per_floor":[78,78,78,80,76,76,38,44,44,50,56,56,62,68,80,80,80,80,80,80,80,80,80,80,80,80,80,80,52,52],"gold":398,"neow_bonus":"ONE_RARE_RELIC","is_daily":false,"chose_seed":false,"campfire_upgraded":0,"win_rate":0.0,"timestamp":1612852456,"path_taken":["M","?","?","?","M","R","E","M","T","?","M","?","E","M","R","BOSS","M","?","M","?","?","R","E","?","T","M","$","E"],"items_purchased_type":["Relic"],"build_version":"2020-12-22","purchased_purges":0,"victory":false,"max_hp_per_floor":[80,80,80,80,80,80,80,80,80,80,80,80,80,80,80,80,80,80,80,80,80,80,80,80,80,80,80,80,80,80],"card_choices":[{"not_picked":["Anger","Clash"],"picked":"Blood for Blood","floor":1.0},{"not_picked":["Blood for Blood","Pommel Strike","Shrug It Off"],"picked":"SKIP","floor":4.0},{"not_picked":["Clothesline","Cleave","Flame Barrier"],"picked":"SKIP","floor":5.0},{"not_picked":["Feel No Pain","Carnage","Havoc"],"picked":"SKIP","floor":7.0},{"not_picked":["Twin Strike","Clothesline","Inflame"],"picked":"SKIP","floor":8.0},{"not_picked":["Impervious","Heavy Blade","Evolve"],"picked":"SKIP","floor":10.0},{"not_picked":["Body Slam","Armaments","Burning Pact"],"picked":"SKIP","floor":11.0},{"not_picked":["Feel No Pain","True Grit","Thunderclap"],"picked":"SKIP","floor":13.0},{"not_picked":["Dropkick","Thunderclap","Clash"],"picked":"SKIP","floor":14.0},{"not_picked":["Bludgeon","Fiend Fire"],"picked":"Berserk","floor":16.0},{"not_picked":["Clothesline","Flex"],"picked":"Armaments","floor":18.0},{"not_picked":["Armaments+1","Headbutt","Thunderclap"],"picked":"SKIP","floor":20},{"not_picked":["Cleave","Reckless Charge","Impervious"],"picked":"SKIP","floor":24},{"not_picked":["Clash","Rupture+1","Flame Barrier"],"picked":"SKIP","floor":27}],"player_experience":32227,"relics_obtained":[{"floor":7.0,"key":"Pen Nib"},{"floor":9.0,"key":"Dream Catcher"},{"floor":13.0,"key":"Lantern"},{"floor":24,"key":"MawBank"},{"floor":26,"key":"Matryoshka"}],"event_choices":[{"damage_healed":0.0,"max_hp_gain":0.0,"max_hp_loss":0.0,"gold_gain":1.0,"event_name":"betterStone:BetterStone","player_choice":"1","floor":2.0,"gold_loss":0.0,"damage_taken":0.0},{"damage_healed":0.0,"max_hp_gain":0.0,"max_hp_loss":0.0,"gold_gain":275.0,"event_name":"Golden Shrine","player_choice":"Desecrate","floor":3.0,"gold_loss":0.0,"damage_taken":0.0,"cards_obtained":["Regret"]},{"damage_healed":0.0,"max_hp_gain":0.0,"max_hp_loss":0.0,"gold_gain":0.0,"event_name":"Big Fish","player_choice":"Box","floor":12.0,"gold_loss":0.0,"damage_taken":0.0,"relics_obtained":["Bronze Scales"],"cards_obtained":["Regret"]},{"cards_removed":["Wraith Form v2"],"damage_healed":0,"gold_gain":0,"player_choice":"Give","damage_taken":0,"max_hp_gain":0,"max_hp_loss":0,"event_name":"betterNote:BetterNote","floor":19,"gold_loss":0,"cards_obtained":["None"]},{"damage_healed":0,"gold_gain":0,"player_choice":"1","damage_taken":0,"max_hp_gain":0,"max_hp_loss":0,"event_name":"betterMatch:BetterMatch","floor":21,"gold_loss":0,"cards_obtained":["betterMatch:UncommonCard"]},{"damage_healed":0,"gold_gain":0,"player_choice":"Ignored","damage_taken":0,"max_hp_gain":0,"max_hp_loss":0,"event_name":"Vampires","floor":22,"gold_loss":0},{"damage_healed":0,"gold_gain":0,"player_choice":"Madness","damage_taken":0,"relics_obtained":["betterThird:NestCultRelic"],"max_hp_gain":0,"max_hp_loss":0,"event_name":"betterThird:BetterNest","floor":25,"gold_loss":0}],"is_beta":false,"boss_relics":[{"not_picked":["Calling Bell","Coffee Dripper"],"picked":"Snecko Eye"}],"items_purged_floors":[],"is_endless":false,"potions_floor_spawned":[1,5,8,10,16,27],"killed_by":"Slavers","ascension_level":6}}