{"host":"uonldg9uriwfhjjx","time":1612895343,"event":{"mods":["AchievementEnabler","BaseMod","Colored Map","Colored Powertips","Curses Come First","Highlight Path","Minty Spire (QoL Compilation)","Rare Cards Sparkle","Relic Stats","StSLib","The Cursed","The Marked"],"gold_per_floor":[114,189,203,222,247,247,275,275,275,275,290,315,332,18,18,18,18],"floor_reached":16,"language":"ENG","playtime":422,"items_purged":["Strike_G"],"score":204,"play_id":"e95634d8-5ef6-4348-aa4e-3bf1d91664d1","local_time":"20210209132903","is_ascension_mode":true,"campfire_choices":[{"data":"Finisher","floor":6,"key":"SMITH"},{"data":"Neutralize","floor":8,"key":"SMITH"},{"data":"PiercingWail","floor":10,"key":"SMITH"},{"floor":15,"key":"REST"}],"circlet_count":0,"master_deck":["AscendersBane","Strike_G","Strike_G","Strike_G","Strike_G","Defend_G","Defend_G","Defend_G","Defend_G","Defend_G","Survivor","Neutralize+1","Finisher+1","Outmaneuver","PiercingWail+1","Reflex","Accuracy"],"relics":["Ring of the Snake","Akabeko","Happy Flower","Gremlin Horn","Paper Crane","Gambling Chip","PreservedInsect"],"acts_visited":["Exordium"],"potions_floor_usage":[7,11,11],"damage_taken":[{"damage":0,"enemies":"Small Slimes","floor":1,"turns":4},{"damage":0,"enemies":"Jaw Worm","floor":3,"turns":3},{"damage":0,"enemies":"Cultist","floor":4,"turns":2},{"damage":20,"enemies":"3 Sentries","floor":7,"turns":8},{"damage":0,"enemies":"Exordium Thugs","floor":11,"turns":5},{"damage":18,"enemies":"Gremlin Nob","floor":12,"turns":5},{"damage":0,"enemies":"Lots of Slimes","floor":13,"turns":3},{"damage":37,"enemies":"The Guardian","floor":16,"turns":6}],"seed_played":"-1180022720285286614","potions_obtained":[{"floor":3,"key":"FearPotion"},{"floor":4,"key":"GamblersBrew"},{"floor":7,"key":"Explosive Potion"},{"floor":11,"key":"SpeedPotion"}],"is_trial":false,"path_per_floor":["M","?","M","M","T","R","E","R","T","R","M","E","M","$","R","B"],"character_chosen":"THE_SILENT","items_purchased":["PreservedInsect","Accuracy"],"campfire_rested":1,"item_purchase_floors":[14,14],"current_hp_per_floor":[59,48,48,48,48,48,28,28,28,28,28,10,10,10,29,0,0],"gold":18,"neow_bonus":"RANDOM_COMMON_RELIC","is_daily":false,"chose_seed":false,"campfire_upgraded":3,"win_rate":0.0,"timestamp":1612895343,"path_taken":["M","?","M","M","?","R","E","R","T","R","M","E","M","$","R","BOSS"],"items_purchased_type":["Relic","Card"],"build_version":"2020-12-22","purchased_purges":1,"victory":false,"max_hp_per_floor":[66,66,66,66,66,66,66,66,66,66,66,66,66,66,66,66,66],"relic_stats":{"Happy Flower":[9],"Gremlin Horn":[5,5],"counters":[8,36],"Gambling Chip":[5],"PreservedInsect":0,"obtain_stats":[{"Happy Flower":5,"Gremlin Horn":7,"Gambling Chip":12,"PreservedInsect":14,"Paper Crane":9,"Akabeko":0,"Ring of the Snake":0},{"Happy Flower":3,"Gremlin Horn":4,"Gambling Chip":6,"PreservedInsect":7,"Paper Crane":4,"Akabeko":0,"Ring of the Snake":0},{"Happy Flower":9,"Gremlin Horn":17,"Gambling Chip":27,"PreservedInsect":30,"Paper Crane":17,"Akabeko":0,"Ring of the Snake":0}],"Ring of the Snake":[16]},"card_choices":[{"not_picked":["Prepared","Outmaneuver"],"picked":"Finisher","floor":1},{"not_picked":["Calculated Gamble","Dash"],"picked":"Outmaneuver","floor":3},{"not_picked":["PiercingWail","Cloak And Dagger","Quick Slash"],"picked":"SKIP","floor":4},{"not_picked":["Slice","Deadly Poison"],"picked":"PiercingWail","floor":7},{"not_picked":["Outmaneuver","Night Terror","Concentrate"],"picked":"SKIP","floor":11},{"not_picked":["Bouncing Flask","Predator","Masterful Stab"],"picked":"SKIP","floor":12},{"not_picked":["Underhanded Strike","Catalyst"],"picked":"Reflex","floor":13}],"player_experience":832127,"relics_obtained":[{"floor":5,"key":"Happy Flower"},{"floor":7,"key":"Gremlin Horn"},{"floor":9,"key":"Paper Crane"},{"floor":12,"key":"Gambling Chip"}],"event_choices":[{"damage_healed":0,"gold_gain":75,"player_choice":"Gather Gold","damage_taken":11,"max_hp_gain":0,"max_hp_loss":0,"event_name":"World of Goop","floor":2,"gold_loss":0}],"is_beta":false,"boss_relics":[],"items_purged_floors":[14],"is_endless":false,"potions_floor_spawned":[3,4,7,11],"killed_by":"The Guardian","ascension_level":17}}