{"host":"dh4nu8nelr2izibb","time":1612837869,"event":{"mods":["100% Spire Juice","BaseMod","Card Forge","Displayed Cursed Tome","HololiveMod","Marisa????????","Minty Spire (QoL Compilation)","Poor People Problems","Puzzle Mod","Quick Restart","Relic Filter","StSLib","The Marked","The Servant 0.9.4","WarShipGirlsR/????R mod","Yakumo Yukari mod"],"gold_per_floor":[367,384,309,321,332,332,124,124,174,202,82,101,101,121,121,195,195,215,265,265,275,275,275,2,27,27,27,27,43,57,57,57,57,57],"floor_reached":33,"language":"ENG","playtime":1000,"items_purged":["Pain","Strike_G","Strike_G"],"score":530,"play_id":"dff710a2-2b8c-4847-b43d-08ddacbc7cdd","local_time":"20210208213109","is_ascension_mode":true,"campfire_choices":[{"floor":6.0,"key":"REST"},{"data":"Underhanded Strike","floor":8.0,"key":"SMITH"},{"floor":13.0,"key":"REST"},{"data":"A Thousand Cuts","floor":15.0,"key":"SMITH"},{"floor":23.0,"key":"REST"},{"floor":28.0,"key":"REST"},{"floor":32,"key":"REST"}],"circlet_count":0,"master_deck":["AscendersBane","Strike_G","Strike_G","Defend_G","Defend_G","Defend_G","Defend_G","Survivor","Neutralize+1","Underhanded Strike+1","Backflip","Bullet Time","Acrobatics","Dagger Throw","Flying Knee","A Thousand Cuts+1","Cloak And Dagger","Flying Knee","Adrenaline","Dagger Spray+1","Footwork","Quick Slash","Endless Agony","Footwork","PiercingWail","Dash"],"relics":["Ring of the Snake","Hammer of Thor","Seething Fire","Anvil of the Gods","Anchor","Letter Opener","Bronze Scales","Cursed Key","Membership Card","Incense Burner","PreservedInsect"],"acts_visited":["Exordium","TheCity"],"potions_floor_usage":[33],"damage_taken":[{"damage":12.0,"enemies":"Jaw Worm","floor":1.0,"turns":9.0},{"damage":14.0,"enemies":"Cultist","floor":2.0,"turns":4.0},{"damage":0.0,"enemies":"2 Louse","floor":4.0,"turns":3.0},{"damage":17.0,"enemies":"2 Fungi Beasts","floor":5.0,"turns":5.0},{"damage":21.0,"enemies":"Lagavulin","floor":10.0,"turns":7.0},{"damage":3.0,"enemies":"Large Slime","floor":12.0,"turns":4.0},{"damage":0.0,"enemies":"Exordium Wildlife","floor":14.0,"turns":3.0},{"damage":7.0,"enemies":"The Guardian","floor":16.0,"turns":8.0},{"damage":1.0,"enemies":"Chosen","floor":18.0,"turns":5.0},{"damage":26.0,"enemies":"Spheric Guardian","floor":21.0,"turns":4.0},{"damage":30.0,"enemies":"Gremlin Leader","floor":25.0,"turns":5.0},{"damage":0,"enemies":"Centurion and Healer","floor":29,"turns":3},{"damage":10,"enemies":"Snake Plant","floor":30,"turns":4},{"damage":57,"enemies":"Champ","floor":33,"turns":8}],"seed_played":"7491686747390859380","potions_obtained":[{"floor":2.0,"key":"GamblersBrew"},{"floor":10.0,"key":"Dexterity Potion"},{"floor":12.0,"key":"LiquidBronze"},{"floor":25.0,"key":"PanachePotion"}],"is_trial":false,"path_per_floor":["M","M","$","M","M","R","$","R","T","E","?","M","R","M","R","B",null,"M","?","?","M","?","R","$","E","T","$","R","M","M","?","R","B"],"character_chosen":"THE_SILENT","items_purchased":["Dagger Throw","Flying Knee","Membership Card","Endless Agony"],"campfire_rested":5,"item_purchase_floors":[7,7,24,24],"current_hp_per_floor":[47,33,33,33,16,35,35,35,35,14,14,11,30,30,30,23,55,54,54,54,28,28,47,47,17,17,17,36,36,26,8,29,0,0],"gold":57,"neow_bonus":"TWO_FIFTY_GOLD","is_daily":false,"chose_seed":false,"campfire_upgraded":2,"win_rate":0.0,"timestamp":1612837869,"path_taken":["M","M","$","M","M","R","$","R","T","E","?","M","R","?","R","BOSS","M","?","?","M","?","R","$","E","T","$","R","?","M","?","R","BOSS"],"items_purchased_type":["Card","Card","Relic","Card"],"build_version":"2020-12-22","purchased_purges":3,"victory":false,"max_hp_per_floor":[66,66,66,66,66,66,66,66,66,66,66,66,66,66,66,66,66,66,66,66,66,66,66,66,66,66,66,66,66,66,71,71,71,71],"card_choices":[{"not_picked":["Tactician","Heel Hook"],"picked":"Underhanded Strike","floor":1.0},{"not_picked":["PiercingWail","Outmaneuver"],"picked":"Backflip","floor":2.0},{"not_picked":["Backflip","Choke"],"picked":"Bullet Time","floor":4.0},{"not_picked":["Underhanded Strike","Sucker Punch"],"picked":"Acrobatics","floor":5.0},{"not_picked":["Sucker Punch","Slice"],"picked":"A Thousand Cuts","floor":10.0},{"not_picked":["Deflect","Calculated Gamble"],"picked":"Cloak And Dagger","floor":12.0},{"not_picked":["Tactician","Bane"],"picked":"Flying Knee","floor":14.0},{"not_picked":["Unload","A Thousand Cuts"],"picked":"Adrenaline","floor":16.0},{"not_picked":["Flechettes+1","Quick Slash+1"],"picked":"Dagger Spray+1","floor":18.0},{"not_picked":["Masterful Stab","Flechettes"],"picked":"Quick Slash","floor":21.0},{"not_picked":["Slice","Escape Plan"],"picked":"Footwork","floor":25.0},{"not_picked":["Expertise","Escape Plan"],"picked":"PiercingWail","floor":29},{"not_picked":["Underhanded Strike","Acrobatics"],"picked":"Dash","floor":30}],"player_experience":1152733,"relics_obtained":[{"floor":9.0,"key":"Anchor"},{"floor":10.0,"key":"Letter Opener"},{"floor":25.0,"key":"Incense Burner"},{"floor":26.0,"key":"PreservedInsect"}],"event_choices":[{"damage_healed":0.0,"max_hp_gain":0.0,"max_hp_loss":0.0,"gold_gain":0.0,"event_name":"WeMeetAgain","player_choice":"Paid Gold","floor":11.0,"gold_loss":120.0,"damage_taken":0.0,"relics_obtained":["Bronze Scales"]},{"damage_healed":0.0,"max_hp_gain":0.0,"max_hp_loss":0.0,"gold_gain":50.0,"event_name":"Nest","player_choice":"Stole From Cult","floor":19.0,"gold_loss":0.0,"damage_taken":0.0},{"damage_healed":0.0,"max_hp_gain":0.0,"max_hp_loss":0.0,"gold_gain":0.0,"event_name":"The Library","player_choice":"Read","floor":20.0,"gold_loss":0.0,"damage_taken":0.0,"cards_obtained":["Footwork"]},{"damage_healed":0.0,"max_hp_gain":0.0,"max_hp_loss":0.0,"gold_gain":0.0,"event_name":"Cursed Tome","player_choice":"Ignored","floor":22.0,"gold_loss":0.0,"damage_taken":0.0},{"damage_healed":0,"gold_gain":0,"player_choice":"Shed Blood","damage_taken":23,"max_hp_gain":5,"max_hp_loss":0,"event_name":"Forgotten Altar","floor":31,"gold_loss":0}],"is_beta":false,"boss_relics":[{"not_picked":["Philosopher\u0027s Stone","SlaversCollar"],"picked":"Cursed Key"}],"items_purged_floors":[3,7,24],"is_endless":false,"potions_floor_spawned":[2,10,12,25],"killed_by":"Champ","ascension_level":20}}