{"host":"y6zg4wwu39otf01a","time":1612898540,"event":{"mods":["Act Like it!","Aspiration","BaseMod","Better Altar","Better Match","Better Note","Better Sensory Stone","Better Skull","Better Third Choice","Challenge The Spire","Colored Map","Colored Powertips","Conspire","GifTheSpireLib","Glutton Mod","Halation","Hermit","Highlight Path","Hubris","Infinite Spire","Mimic Mod","Minty Spire (QoL Compilation)","Quick Restart","Random Character Button","Rare Cards Sparkle","Replay The Spire","Retaliation","Spicy Shops","Spire Arcade","StSLib","Stuff the Spire","The Blue Laboratory","The Jungle"],"gold_per_floor":[118,11,11,77,127,127,160,178,216,266,316,335,367,434,434,530,530,550,600,677,677,727,757,757,824,824,874,874,904,915,932,932,1030,1030,1045,1095,1112,1212,0,32,32,32],"floor_reached":41,"language":"ENG","playtime":2791,"items_purged":[],"score":616,"play_id":"d8f75493-a7d5-49e8-be02-b6966236b83f","local_time":"20210209132220","is_ascension_mode":true,"campfire_choices":[{"data":"hermit:Covet","floor":6,"key":"SMITH"},{"data":"hermit:Reprieve","floor":15,"key":"SMITH"},{"floor":24,"key":"RECALL"},{"data":"hermit:CursedWeapon","floor":28,"key":"SMITH"},{"data":"hermit:HeroicBravado","floor":32,"key":"SMITH"}],"circlet_count":0,"master_deck":["hermit:Defend_Hermit","hermit:Defend_Hermit","hermit:Defend_Hermit","hermit:Defend_Hermit","hermit:Snapshot","hermit:Covet+1","StuffTheSpire:PlasmaPunch","hermit:Deadeye","hermit:Headshot","hermit:Reprieve+1","hermit:CursedWeapon+1","Bite","Bite","Bite","Bite","infinitespire:Collect","Replay:Fractal Strike","hermit:Dissolve","hermit:HeroicBravado+1","hermit:FatalDesire","Writhe","hermit:Glare","hermit:Reprieve","hermit:Deadeye"],"relics":["hermit:Momento","NeowsBlessing","SsserpentHead","Ancient Tea Set","aspiration:ChemicalBlood","StuffTheSpire:Tea","Pantograph","Ornamental Fan","SacredBark","StuffTheSpire:OldFever","StuffTheSpire:Mouthbags","infinitespire:Joker Card","Vajra","Prayer Wheel","Red Mask","conspire:GiftBox"],"acts_visited":["Exordium","TheCity","TheBeyond"],"potions_floor_usage":[9,13,16,16,16,23,25,25,29,30,31,33,33,37,37,37,37,37,38,38,38,40,40,41,41,41,41],"damage_taken":[{"damage":0,"enemies":"Jaw Worm","floor":1,"turns":1},{"damage":0,"enemies":"Cultist","floor":4,"turns":1},{"damage":0,"enemies":"3 Sentries","floor":7,"turns":1},{"damage":1,"enemies":"2 Louse","floor":8,"turns":2},{"damage":1,"enemies":"Red Slaver","floor":9,"turns":7},{"damage":4,"enemies":"Red Slaver","floor":12,"turns":2},{"damage":14,"enemies":"Gremlin Nob","floor":13,"turns":4},{"damage":0,"enemies":"Exordium Wildlife","floor":14,"turns":3},{"damage":30,"enemies":"Slime Boss","floor":16,"turns":9},{"damage":17,"enemies":"3 Byrds","floor":18,"turns":6},{"damage":17,"enemies":"conspire:SneckoGhost","floor":23,"turns":6},{"damage":15,"enemies":"Shell Parasite","floor":25,"turns":4},{"damage":7,"enemies":"Slavers","floor":29,"turns":3},{"damage":2,"enemies":"Sentry and Sphere","floor":30,"turns":3},{"damage":5,"enemies":"Chosen and Byrds","floor":31,"turns":3},{"damage":20,"enemies":"hubris:MusketHawk","floor":33,"turns":10},{"damage":16,"enemies":"3 Darklings","floor":35,"turns":3},{"damage":54,"enemies":"3 Shapes","floor":37,"turns":3},{"damage":0,"enemies":"Mind Bloom Boss Battle","floor":38,"turns":2},{"damage":45,"enemies":"Reptomancer","floor":40,"turns":3},{"damage":31,"enemies":"Writhing Mass","floor":41,"turns":4}],"seed_played":"8526861109418396503","potions_obtained":[{"floor":1,"key":"Adrenaline Potion"},{"floor":7,"key":"blueLaboratory:ImpenetrablePotion"},{"floor":13,"key":"blueLaboratory:Moonshine"},{"floor":14,"key":"LiquidBronze"},{"floor":23,"key":"Regen Potion"},{"floor":29,"key":"EssenceOfSteel"},{"floor":31,"key":"blueLaboratory:TrueEctoplasm"},{"floor":37,"key":"Swift Potion"}],"is_trial":false,"path_per_floor":["M","$","?","M","?","R","E","M","MIM","T","?","M","E","M","R","B",null,"M","?","T","AVR","?","E","R","M","T","?","R","E","M","M","R_BF","B",null,"M","?","M","?","?","E","M"],"character_chosen":"HERMIT","items_purchased":["StuffTheSpire:PlasmaPunch"],"campfire_rested":0,"item_purchase_floors":[2],"current_hp_per_floor":[75,75,75,75,75,75,75,74,73,73,73,69,55,59,59,49,75,58,52,52,52,52,39,39,42,42,42,42,50,52,49,49,47,52,47,52,8,48,48,25,0,0],"gold":32,"neow_bonus":"THREE_ENEMY_KILL","is_daily":false,"chose_seed":false,"campfire_upgraded":4,"win_rate":0.0,"timestamp":1612898540,"path_taken":["M","$","?","?","?","R","E","M","MIM","?","?","M","E","?","R","BOSS","M","?","?","AVR","?","E","R","?","T","?","R","E","M","M","R_BF","BOSS","M","?","M","?","?","E","M"],"items_purchased_type":["Card"],"build_version":"2020-12-22","purchased_purges":0,"victory":false,"max_hp_per_floor":[75,75,75,75,75,75,75,75,75,75,75,75,75,75,75,75,75,75,52,52,52,52,52,52,52,52,52,52,52,52,52,52,52,52,52,52,52,52,52,52,52,52],"card_choices":[{"not_picked":["hermit:HighCaliber","hermit:Desperado","hermit:LoneWolf"],"picked":"SKIP","floor":1},{"not_picked":["hermit:PistolWhip","hermit:HighCaliber","hermit:Deadeye"],"picked":"SKIP","floor":4},{"not_picked":["hermit:PistolWhip","hermit:HighCaliber"],"picked":"hermit:Deadeye","floor":4},{"not_picked":["hermit:EyeOfTheStorm","hermit:LuckOfTheDraw","hermit:FullyLoaded"],"picked":"SKIP","floor":7},{"not_picked":["hermit:WideOpen","hermit:Quickdraw"],"picked":"hermit:Headshot","floor":8},{"not_picked":["hermit:Headshot","hermit:Horror","hermit:FlashPowder"],"picked":"SKIP","floor":12},{"not_picked":["hermit:PistolWhip","hermit:DeadMansHand"],"picked":"hermit:Reprieve","floor":13},{"not_picked":["hermit:FlashPowder","hermit:HoleUp","hermit:TakeAim"],"picked":"SKIP","floor":14},{"not_picked":["hermit:Reprieve","hermit:Roughhouse"],"picked":"hermit:Dissolve","floor":16},{"not_picked":["hermit:TrackingShot","hermit:BigShot"],"picked":"hermit:CursedWeapon","floor":18},{"not_picked":["hermit:Dive","hermit:HoleUp+1","hermit:PistolWhip+1"],"picked":"SKIP","floor":23},{"not_picked":["hermit:LoneWolf","hermit:Virtue","hermit:WideOpen"],"picked":"SKIP","floor":25},{"not_picked":["hermit:TrackingShot","hermit:NoHoldsBarred","hermit:Feint+1"],"picked":"SKIP","floor":29},{"not_picked":["hermit:TrackingShot","hermit:NoHoldsBarred","hermit:Feint+1"],"picked":"SKIP","floor":29},{"not_picked":["hermit:Snipe+1","hermit:Ricochet"],"picked":"hermit:HeroicBravado","floor":30},{"not_picked":["hermit:Showdown","hermit:Coalescence","hermit:TrackingShot"],"picked":"SKIP","floor":31},{"not_picked":["hermit:Reprieve","hermit:DeadOrAlive"],"picked":"hermit:FatalDesire","floor":33},{"not_picked":["hermit:Maintenance+1","hermit:Misfire","hermit:CalledShot"],"picked":"SKIP","floor":35},{"not_picked":["hermit:Maintenance+1","hermit:Misfire","hermit:CalledShot"],"picked":"SKIP","floor":35},{"not_picked":["hermit:Manifest","hermit:WideOpen"],"picked":"hermit:Glare","floor":37},{"not_picked":["hermit:Adapt","hermit:EternalForm"],"picked":"hermit:Reprieve","floor":40},{"not_picked":["hermit:PistolWhip+1","hermit:Brawl"],"picked":"hermit:Deadeye","floor":40}],"player_experience":757019,"relics_obtained":[{"floor":7,"key":"Ancient Tea Set"},{"floor":9,"key":"aspiration:ChemicalBlood"},{"floor":10,"key":"StuffTheSpire:Tea"},{"floor":11,"key":"Pantograph"},{"floor":13,"key":"Ornamental Fan"},{"floor":23,"key":"StuffTheSpire:Mouthbags"},{"floor":26,"key":"infinitespire:Joker Card"},{"floor":29,"key":"Vajra"},{"floor":38,"key":"Prayer Wheel"},{"floor":40,"key":"conspire:GiftBox"}],"event_choices":[{"damage_healed":0,"gold_gain":0,"player_choice":"Trade","damage_taken":0,"relics_obtained":["SsserpentHead"],"max_hp_gain":0,"max_hp_loss":0,"event_name":"FaceTrader","floor":3,"gold_loss":0},{"damage_healed":0,"gold_gain":0,"player_choice":"Ignored","damage_taken":0,"max_hp_gain":0,"max_hp_loss":0,"event_name":"Purifier","floor":5,"gold_loss":0},{"damage_healed":0,"gold_gain":0,"player_choice":"Relic","damage_taken":0,"max_hp_gain":0,"max_hp_loss":0,"event_name":"Wheel of Change","floor":11,"gold_loss":0},{"damage_healed":0,"gold_gain":0,"player_choice":"Became a vampire","damage_taken":0,"max_hp_gain":0,"max_hp_loss":23,"event_name":"Vampires","floor":19,"gold_loss":0,"cards_obtained":["Bite","Bite","Bite","Bite","Bite"]},{"cards_removed":["Bite"],"damage_healed":5,"gold_gain":0,"player_choice":"Offered Special","damage_taken":0,"max_hp_gain":0,"max_hp_loss":0,"event_name":"Bonfire Elementals","floor":22,"gold_loss":0},{"damage_healed":0,"gold_gain":0,"player_choice":"Leave","damage_taken":0,"max_hp_gain":0,"max_hp_loss":0,"event_name":"conspire:Investor","floor":27,"gold_loss":0},{"damage_healed":13,"gold_gain":0,"player_choice":"Writhe","damage_taken":0,"max_hp_gain":0,"max_hp_loss":0,"event_name":"Winding Halls","floor":36,"gold_loss":0,"cards_obtained":["Writhe"]},{"damage_healed":0,"gold_gain":0,"player_choice":"Fight","damage_taken":0,"max_hp_gain":0,"max_hp_loss":0,"event_name":"MindBloom","floor":38,"gold_loss":0},{"damage_healed":0,"gold_gain":0,"player_choice":"Paid","damage_taken":0,"relics_obtained":["Red Mask"],"max_hp_gain":0,"max_hp_loss":0,"event_name":"Tomb of Lord Red Mask","floor":39,"gold_loss":1262}],"is_beta":false,"boss_relics":[{"not_picked":["aspiration:RitualDagger","halation:Risk"],"picked":"SacredBark"},{"not_picked":["halation:CatFaceCupcake","aspiration:RunicSpoon","Fusion Hammer"]}],"items_purged_floors":[],"is_endless":false,"potions_floor_spawned":[1,7,13,14,23,29,31,37],"killed_by":"Writhing Mass","ascension_level":3}}