{"host":"b96hyfeqj1peltkw","time":1612850390,"event":{"mods":["AchievementEnabler","Act Like it!","BaseMod","Block Reminder","Gensokyo","Minty Spire (QoL Compilation)","Practice Mode","StSLib"],"gold_per_floor":[110,210,140,140,41,69,69,97,179,210,225,240,273,284,284,362,362,375,375,375,49,59,74,74,94,94,94,94],"floor_reached":27,"language":"ZHS","playtime":930,"items_purged":["Strike_P","Strike_P"],"score":537,"play_id":"b47f108f-c0da-4e1d-a142-ec410c8da656","local_time":"20210209135950","is_ascension_mode":true,"campfire_choices":[{"floor":15,"key":"REST"},{"data":"Eruption","floor":24,"key":"SMITH"}],"circlet_count":0,"master_deck":["AscendersBane","Strike_P","Defend_P","Defend_P+1","Defend_P","Defend_P+1","Eruption+1","Vigilance","FearNoEvil","CrushJoints","EmptyFist","SignatureMove","JustLucky","Vengeance","Evaluate","InnerPeace","EmptyMind","LessonLearned","Adaptation","DeceiveReality+1"],"relics":["PureWater","Toy Ornithopter","Ornamental Fan","Darkstone Periapt","Ancient Tea Set","StrikeDummy","Empty Cage","Gensokyo:SongOfSouls","Regal Pillow"],"acts_visited":["Gensokyo:Gensokyo","Gensokyo:Gensokyoer"],"potions_floor_usage":[23,25,27],"damage_taken":[{"damage":0,"enemies":"Gensokyo:2_Kodama","floor":1,"turns":2},{"damage":0,"enemies":"Gensokyo:Mamizou","floor":6,"turns":6},{"damage":25,"enemies":"Gensokyo:Cirno","floor":8,"turns":5},{"damage":7,"enemies":"Gensokyo:Aya","floor":10,"turns":3},{"damage":0,"enemies":"Gensokyo:Python","floor":11,"turns":2},{"damage":3,"enemies":"Gensokyo:Gryphon","floor":12,"turns":2},{"damage":12,"enemies":"Gensokyo:Mamizou","floor":13,"turns":5},{"damage":0,"enemies":"Gensokyo:3_Kodama","floor":14,"turns":3},{"damage":0,"enemies":"Gensokyo:Yukari","floor":16,"turns":6},{"damage":6,"enemies":"Gensokyo:AngelMirror","floor":18,"turns":3},{"damage":6,"enemies":"Gensokyo:Chomper","floor":22,"turns":5},{"damage":34,"enemies":"Gensokyo:Swordslinger","floor":23,"turns":7},{"damage":19,"enemies":"Gensokyo:Slime_Group","floor":25,"turns":3},{"damage":8,"enemies":"Gensokyo:Mirror_and_Dog","floor":27,"turns":3}],"seed_played":"8536117726661596231","potions_obtained":[{"floor":10,"key":"Energy Potion"},{"floor":11,"key":"EssenceOfSteel"},{"floor":23,"key":"Ambrosia"},{"floor":25,"key":"ColorlessPotion"}],"is_trial":false,"path_per_floor":["M","?","?","?","$","E","$","E","T","E","M","M","E","M","R","B",null,"M","?","?","$","M","M","R","M","T","M"],"character_chosen":"WATCHER","items_purchased":["CrushJoints","LessonLearned","Adaptation"],"campfire_rested":1,"item_purchase_floors":[5,21,21],"current_hp_per_floor":[65,65,65,65,65,65,65,40,40,33,33,30,18,18,39,39,64,58,58,58,58,52,23,23,9,9,6,6],"gold":94,"neow_bonus":"THREE_CARDS","is_daily":false,"chose_seed":false,"campfire_upgraded":1,"win_rate":0.0,"timestamp":1612850390,"path_taken":["M","?","?","?","?","E","$","E","T","E","M","M","E","M","R","BOSS","M","?","?","?","?","?","R","?","T","M"],"items_purchased_type":["Card","Card","Card"],"build_version":"2020-12-22","purchased_purges":2,"victory":false,"max_hp_per_floor":[72,72,72,72,72,72,72,72,72,72,72,72,72,72,72,72,72,72,72,72,72,72,72,72,72,72,72,72],"card_choices":[{"not_picked":["SashWhip","Study"],"picked":"FearNoEvil","floor":0},{"not_picked":["WreathOfFlame","Consecrate"],"picked":"FlyingSleeves","floor":1},{"not_picked":["CrushJoints","PathToVictory"],"picked":"EmptyFist","floor":6},{"not_picked":["ConjureBlade","DeceiveReality"],"picked":"SignatureMove","floor":8},{"not_picked":["FollowUp","CrushJoints"],"picked":"JustLucky","floor":10},{"not_picked":["ReachHeaven","Swivel"],"picked":"Vengeance","floor":11},{"not_picked":["PathToVictory","ThirdEye"],"picked":"Evaluate","floor":12},{"not_picked":["BattleHymn","Consecrate","EmptyFist"],"picked":"SKIP","floor":13},{"not_picked":["EmptyFist","ThirdEye"],"picked":"InnerPeace","floor":14},{"not_picked":["FollowUp","ForeignInfluence","JustLucky+1"],"picked":"SKIP","floor":18},{"not_picked":["ClearTheMind","Prostrate+1","SashWhip+1"],"picked":"SKIP","floor":22},{"not_picked":["MentalFortress","Halt","Prostrate"],"picked":"SKIP","floor":23},{"not_picked":["WindmillStrike","FlyingSleeves"],"picked":"DeceiveReality+1","floor":25}],"player_experience":1375287,"relics_obtained":[{"floor":6,"key":"Toy Ornithopter"},{"floor":8,"key":"Ornamental Fan"},{"floor":9,"key":"Darkstone Periapt"},{"floor":10,"key":"Ancient Tea Set"},{"floor":13,"key":"StrikeDummy"},{"floor":26,"key":"Regal Pillow"}],"event_choices":[],"is_beta":false,"boss_relics":[{"not_picked":["Ectoplasm","Sozu"],"picked":"Empty Cage"}],"items_purged_floors":[5,21],"is_endless":false,"potions_floor_spawned":[10,11,13,16,23,25],"killed_by":"Gensokyo:Mirror_and_Dog","ascension_level":13}}