{"host":"x5w9zppki4gdwvc7","time":1612908106,"event":{"mods":["AchievementEnabler","BaseMod","Colored Powertips","DeckTracker","Minty Spire (QoL Compilation)","SuperFastMode"],"gold_per_floor":[115,290,301,319,87,87,87,97,97,97,132,26,26,58,58,159,159,172,185,203,203,203,203],"floor_reached":22,"language":"ENG","playtime":792,"items_purged":["Doubt"],"score":268,"play_id":"5482052b-1f94-4061-afc9-443f3ca3b948","local_time":"20210209230146","is_ascension_mode":true,"campfire_choices":[{"data":"Judgement","floor":6,"key":"SMITH"},{"data":"Adaptation","floor":10,"key":"SMITH"},{"data":"Eruption","floor":13,"key":"SMITH"},{"data":"Tantrum","floor":15,"key":"SMITH"}],"circlet_count":0,"master_deck":["Strike_P","Strike_P","Strike_P","Strike_P","Defend_P","Defend_P","Defend_P","Defend_P","Eruption+1","Vigilance","Adaptation+1","CutThroughFate","PathToVictory","Tantrum+1","Judgement+1","FearNoEvil","Evaluate","PathToVictory","Evaluate","FlurryOfBlows","Alpha","Tantrum","J.A.X."],"relics":["PureWater","Lantern","Orrery","Omamori","Eternal Feather","Regal Pillow","Akabeko","VioletLotus"],"acts_visited":["Exordium","TheCity"],"potions_floor_usage":[11,20],"damage_taken":[{"damage":7,"enemies":"Small Slimes","floor":1,"turns":4},{"damage":0,"enemies":"Jaw Worm","floor":3,"turns":4},{"damage":1,"enemies":"2 Louse","floor":4,"turns":4},{"damage":11,"enemies":"Gremlin Gang","floor":8,"turns":3},{"damage":8,"enemies":"Lagavulin","floor":11,"turns":3},{"damage":12,"enemies":"3 Sentries","floor":14,"turns":3},{"damage":0,"enemies":"Slime Boss","floor":16,"turns":5},{"damage":3,"enemies":"3 Byrds","floor":18,"turns":4},{"damage":20,"enemies":"2 Thieves","floor":19,"turns":3},{"damage":44,"enemies":"Snake Plant","floor":20,"turns":4},{"damage":23,"enemies":"Centurion and Healer","floor":22,"turns":2}],"seed_played":"2916569174048441774","potions_obtained":[{"floor":1,"key":"Strength Potion"},{"floor":3,"key":"Weak Potion"},{"floor":19,"key":"StancePotion"},{"floor":20,"key":"BlessingOfTheForge"}],"is_trial":false,"path_per_floor":["M","?","M","M","$","R","?","M","T","R","E","?","R","E","R","B",null,"M","M","M","?","M"],"character_chosen":"WATCHER","items_purchased":["Orrery"],"campfire_rested":0,"item_purchase_floors":[5],"current_hp_per_floor":[65,65,65,64,64,64,69,58,58,58,50,50,59,47,59,59,77,74,54,10,10,0,0],"gold":203,"neow_bonus":"RANDOM_COMMON_RELIC","is_daily":false,"chose_seed":false,"campfire_upgraded":4,"win_rate":0.0,"timestamp":1612908106,"path_taken":["M","?","M","M","$","R","?","M","T","R","E","?","R","E","R","BOSS","M","M","?","?","M"],"items_purchased_type":["Relic"],"build_version":"2020-12-22","purchased_purges":1,"victory":false,"max_hp_per_floor":[72,72,72,72,72,72,77,77,77,77,77,77,77,77,77,77,77,77,77,77,77,77,77],"card_choices":[{"not_picked":["Perseverance","EmptyFist"],"picked":"Adaptation","floor":1},{"not_picked":["Halt","Swivel"],"picked":"CutThroughFate","floor":3},{"not_picked":["Indignation","Protect"],"picked":"PathToVictory","floor":4},{"not_picked":["EmptyFist","FollowUp"],"picked":"Tantrum","floor":5},{"not_picked":["EmptyFist","CutThroughFate"],"picked":"Judgement","floor":5},{"not_picked":["Weave","WreathOfFlame"],"picked":"FearNoEvil","floor":5},{"not_picked":["FollowUp","SashWhip"],"picked":"Evaluate","floor":5},{"not_picked":["FollowUp","EmptyBody"],"picked":"PathToVictory","floor":5},{"not_picked":["Consecrate","SashWhip","EmptyBody"],"picked":"SKIP","floor":8},{"not_picked":["JustLucky","Omniscience"],"picked":"Evaluate","floor":11},{"not_picked":["Adaptation","Nirvana"],"picked":"FlurryOfBlows","floor":14},{"not_picked":["Devotion","Scrawl"],"picked":"Alpha","floor":16},{"not_picked":["CrushJoints","Fasting2","CutThroughFate"],"picked":"SKIP","floor":18},{"not_picked":["Meditate+1","FollowUp","SignatureMove"],"picked":"SKIP","floor":19},{"not_picked":["CarveReality+1","EmptyFist"],"picked":"Tantrum","floor":20}],"player_experience":578015,"relics_obtained":[{"floor":9,"key":"Omamori"},{"floor":11,"key":"Eternal Feather"},{"floor":14,"key":"Akabeko"}],"event_choices":[{"damage_healed":0,"gold_gain":175,"player_choice":"AGREE","damage_taken":0,"max_hp_gain":0,"max_hp_loss":0,"event_name":"Liars Game","floor":2,"gold_loss":0,"cards_obtained":["Doubt"]},{"damage_healed":0,"gold_gain":0,"player_choice":"Donut","damage_taken":0,"max_hp_gain":5,"max_hp_loss":0,"event_name":"Big Fish","floor":7,"gold_loss":0},{"damage_healed":0,"gold_gain":0,"player_choice":"Paid Gold","damage_taken":0,"relics_obtained":["Regal Pillow"],"max_hp_gain":0,"max_hp_loss":0,"event_name":"WeMeetAgain","floor":12,"gold_loss":106},{"damage_healed":0,"gold_gain":0,"player_choice":"Obtain J.A.X.","damage_taken":0,"max_hp_gain":0,"max_hp_loss":0,"event_name":"Drug Dealer","floor":21,"gold_loss":0,"cards_obtained":["J.A.X."]}],"is_beta":false,"boss_relics":[{"not_picked":["SlaversCollar","Runic Pyramid"],"picked":"VioletLotus"}],"items_purged_floors":[5],"is_endless":false,"potions_floor_spawned":[1,3,19,20],"killed_by":"Centurion and Healer","ascension_level":2}}