{"host":"mydft8i2zzydgggw","time":1612866783,"event":{"mods":["AchievementEnabler","BaseMod","Colored Map","Colored Powertips","DeckTracker","Keyboard Shortcuts","Minty Spire (QoL Compilation)","Rare Cards Sparkle","StSLib","SuperFastMode","everything is the same but u backflip on backflip"],"gold_per_floor":[112,128,128,146,158,158,190,209,209,238,238,250,260,287,287,382,382,398,74,173,123,139,139,168,168,168,197,221,250,262,274,286,395,407,431,177,177,177,189,218,218,248,248,248,263,263,263,273,273,273,273,273,19,46,46,46],"floor_reached":55,"language":"KOR","playtime":1309,"items_purged":["Strike_G","Strike_G","Defend_G","Defend_G"],"score":1204,"play_id":"d947bbdd-eca6-4079-a62e-0fbeefb7c0b3","local_time":"20210209193303","is_ascension_mode":true,"campfire_choices":[{"data":"Blade Dance","floor":6.0,"key":"SMITH"},{"floor":15.0,"key":"REST"},{"data":"Phantasmal Killer","floor":23.0,"key":"SMITH"},{"data":"Cloak And Dagger","floor":25.0,"key":"SMITH"},{"data":"Prepared","floor":30.0,"key":"SMITH"},{"data":"Calculated Gamble","floor":32.0,"key":"SMITH"},{"data":"Blade Dance","floor":41,"key":"SMITH"},{"data":"Blade Dance","floor":44,"key":"SMITH"},{"data":"Backflip","floor":47,"key":"SMITH"},{"floor":49,"key":"RECALL"},{"data":"Survivor","floor":52,"key":"SMITH"}],"circlet_count":0,"master_deck":["Defend_G","Defend_G","Defend_G","Survivor+1","Neutralize","Blade Dance+1","Cloak And Dagger+1","Blade Dance+1","Backstab","Acrobatics","Terror+1","Blade Dance+1","Phantasmal Killer+1","Backflip+1","Calculated Gamble+1","Cloak And Dagger+1","PiercingWail+1","Prepared+1","Venomology+1","Infinite Blades+1","Prepared+1","Deflect+1","Distraction"],"relics":["WristBlade","Happy Flower","Smiling Mask","Calipers","Coffee Dripper","Bag of Marbles","War Paint","Orichalcum","MawBank","Empty Cage","MealTicket","Bird Faced Urn","Ornamental Fan","Vajra","HornCleat","Anchor","Blue Candle"],"acts_visited":["Exordium","TheCity","TheBeyond","TheEnding"],"potions_floor_usage":[39,40,40,42,45,45,48,48,50,50,50,54,54,55],"damage_taken":[{"damage":2.0,"enemies":"Small Slimes","floor":1.0,"turns":5.0},{"damage":8.0,"enemies":"2 Louse","floor":2.0,"turns":2.0},{"damage":1.0,"enemies":"Cultist","floor":4.0,"turns":3.0},{"damage":13.0,"enemies":"Exordium Thugs","floor":5.0,"turns":4.0},{"damage":16.0,"enemies":"Lagavulin","floor":7.0,"turns":4.0},{"damage":0.0,"enemies":"Gremlin Gang","floor":8.0,"turns":2.0},{"damage":0.0,"enemies":"3 Sentries","floor":10.0,"turns":2.0},{"damage":2.0,"enemies":"Exordium Wildlife","floor":12.0,"turns":2.0},{"damage":0.0,"enemies":"2 Fungi Beasts","floor":13.0,"turns":2.0},{"damage":12.0,"enemies":"Gremlin Nob","floor":14.0,"turns":3.0},{"damage":11.0,"enemies":"The Guardian","floor":16.0,"turns":8.0},{"damage":6.0,"enemies":"2 Thieves","floor":18.0,"turns":3.0},{"damage":0.0,"enemies":"Spheric Guardian","floor":22.0,"turns":3.0},{"damage":0.0,"enemies":"Slavers","floor":24.0,"turns":4.0},{"damage":0.0,"enemies":"Gremlin Leader","floor":27.0,"turns":3.0},{"damage":0.0,"enemies":"Snake Plant","floor":28.0,"turns":2.0},{"damage":0.0,"enemies":"Sentry and Sphere","floor":29.0,"turns":2.0},{"damage":5.0,"enemies":"Collector","floor":33.0,"turns":3.0},{"damage":0.0,"enemies":"3 Shapes","floor":35.0,"turns":2.0},{"damage":0,"enemies":"Orb Walker","floor":39,"turns":2},{"damage":0,"enemies":"Giant Head","floor":40,"turns":5},{"damage":21,"enemies":"Reptomancer","floor":42,"turns":4},{"damage":12,"enemies":"Sphere and 2 Shapes","floor":45,"turns":3},{"damage":2,"enemies":"4 Shapes","floor":48,"turns":3},{"damage":2,"enemies":"Awakened One","floor":50,"turns":6},{"damage":17,"enemies":"Shield and Spear","floor":54,"turns":5},{"damage":51,"enemies":"The Heart","floor":55,"turns":5}],"seed_played":"4010587951369814330","potions_obtained":[{"floor":2.0,"key":"Explosive Potion"},{"floor":4.0,"key":"Explosive Potion"},{"floor":8.0,"key":"Dexterity Potion"},{"floor":12.0,"key":"Regen Potion"},{"floor":16.0,"key":"EssenceOfSteel"},{"floor":24.0,"key":"DistilledChaos"},{"floor":27.0,"key":"Dexterity Potion"},{"floor":28.0,"key":"GamblersBrew"},{"floor":35.0,"key":"Strength Potion"},{"floor":40,"key":"Fire Potion"},{"floor":45,"key":"Weak Potion"},{"floor":48,"key":"Block Potion"}],"is_trial":false,"path_per_floor":["M","M","?","M","M","R","E","M","T","E","?","M","M","E","R","B",null,"M","$","?","$","M","R","E","R","T","E","M","M","R","?","R","B",null,"M","$","?","?","M","E","R","E","T","R","M","T","R","M","R","B",null,"R","$","E","B"],"character_chosen":"THE_SILENT","items_purchased":["Bag of Marbles","Block Potion","Calculated Gamble","MealTicket","DuplicationPotion","Anchor","SpeedPotion"],"campfire_rested":1,"item_purchase_floors":[19,19,19,36,36,53,53],"current_hp_per_floor":[61,53,53,52,39,39,23,23,23,23,23,21,21,18,39,28,60,54,54,54,54,54,54,54,54,54,54,54,54,54,54,54,49,65,65,65,65,65,65,65,65,45,45,45,35,35,35,35,35,37,59,59,66,49,0,0],"gold":46,"neow_bonus":"BOSS_RELIC","is_daily":false,"chose_seed":false,"campfire_upgraded":9,"win_rate":0.0,"timestamp":1612866783,"path_taken":["M","M","?","M","M","R","E","M","T","E","?","M","M","E","R","BOSS","M","$","?","$","M","R","E","R","T","E","M","M","R","?","R","BOSS","M","$","?","?","M","E","R","E","T","R","?","?","R","M","R","BOSS","R","$","E","BOSS"],"items_purchased_type":["Relic","Potion","Card","Relic","Potion","Relic","Potion"],"build_version":"2020-12-22","purchased_purges":4,"victory":false,"max_hp_per_floor":[70,70,70,70,70,70,70,70,70,70,70,70,70,70,70,70,70,70,70,70,70,70,70,70,70,70,70,70,70,70,70,70,70,70,70,70,66,66,66,66,66,66,66,66,66,66,66,66,66,66,66,66,66,66,66,66],"card_choices":[{"not_picked":["Dodge and Roll","Underhanded Strike"],"picked":"Blade Dance","floor":1.0},{"not_picked":["Dash","Expertise"],"picked":"Cloak And Dagger","floor":2.0},{"not_picked":["Deadly Poison","Sucker Punch"],"picked":"Blade Dance","floor":4.0},{"not_picked":["A Thousand Cuts","Well Laid Plans"],"picked":"Backstab","floor":5.0},{"not_picked":["Deflect","Underhanded Strike"],"picked":"Acrobatics","floor":7.0},{"not_picked":["All Out Attack","Poisoned Stab","Slice"],"picked":"SKIP","floor":8.0},{"not_picked":["Poisoned Stab","Malaise","Riddle With Holes"],"picked":"SKIP","floor":10.0},{"not_picked":["Outmaneuver","PiercingWail"],"picked":"Terror","floor":12.0},{"not_picked":["Flying Knee","Slice"],"picked":"Blade Dance","floor":13.0},{"not_picked":["Deflect","Bane"],"picked":"Phantasmal Killer","floor":14.0},{"not_picked":["Footwork","Reflex+1"],"picked":"Backflip","floor":18.0},{"not_picked":["Dagger Throw","Sucker Punch","Finisher"],"picked":"SKIP","floor":22.0},{"not_picked":["Deflect","Bouncing Flask"],"picked":"Cloak And Dagger","floor":24.0},{"not_picked":["Outmaneuver+1","Die Die Die","Dagger Throw"],"picked":"SKIP","floor":27.0},{"not_picked":["Backstab","Dagger Spray"],"picked":"PiercingWail+1","floor":28.0},{"not_picked":["Dagger Spray","Underhanded Strike"],"picked":"Prepared","floor":29.0},{"not_picked":["Tools of the Trade","Night Terror"],"picked":"Venomology","floor":33.0},{"not_picked":["Endless Agony","Blur","Sucker Punch+1"],"picked":"SKIP","floor":35.0},{"not_picked":["Infinite Blades+1","All Out Attack+1","Bouncing Flask+1"],"picked":"SKIP","floor":39},{"not_picked":["All Out Attack+1","Bouncing Flask+1"],"picked":"Infinite Blades+1","floor":39},{"not_picked":["Quick Slash+1","Dodge and Roll","Outmaneuver+1"],"picked":"SKIP","floor":40},{"not_picked":["Leg Sweep","Concentrate"],"picked":"Prepared+1","floor":42},{"not_picked":["Dagger Throw","Blur+1","Expertise"],"picked":"SKIP","floor":45},{"not_picked":["Caltrops+1","Slice"],"picked":"Deflect+1","floor":48},{"not_picked":["Setup","Dodge and Roll"],"picked":"Distraction","floor":54}],"player_experience":257814,"relics_obtained":[{"floor":7.0,"key":"Happy Flower"},{"floor":10.0,"key":"Smiling Mask"},{"floor":14.0,"key":"Calipers"},{"floor":24.0,"key":"War Paint"},{"floor":26.0,"key":"Orichalcum"},{"floor":27.0,"key":"MawBank"},{"floor":40,"key":"Bird Faced Urn"},{"floor":42,"key":"Ornamental Fan"},{"floor":43,"key":"Vajra"},{"floor":46,"key":"HornCleat"},{"floor":54,"key":"Blue Candle"}],"event_choices":[{"damage_healed":0.0,"max_hp_gain":0.0,"max_hp_loss":0.0,"gold_gain":0.0,"event_name":"Shining Light","player_choice":"Ignored","floor":3.0,"gold_loss":0.0,"damage_taken":0.0},{"cards_removed":["Strike_G"],"damage_healed":0.0,"max_hp_gain":0.0,"max_hp_loss":0.0,"gold_gain":0.0,"event_name":"Living Wall","player_choice":"Forget","floor":11.0,"gold_loss":0.0,"damage_taken":0.0},{"damage_healed":0.0,"max_hp_gain":0.0,"max_hp_loss":0.0,"gold_gain":99.0,"event_name":"Nest","player_choice":"Stole From Cult","floor":20.0,"gold_loss":0.0,"damage_taken":0.0},{"damage_healed":0.0,"max_hp_gain":0.0,"max_hp_loss":0.0,"gold_gain":0.0,"event_name":"The Mausoleum","player_choice":"Ignored","floor":31.0,"gold_loss":0.0,"damage_taken":0.0},{"damage_healed":0.0,"max_hp_gain":0.0,"max_hp_loss":4.0,"gold_gain":0.0,"event_name":"Winding Halls","player_choice":"Max HP","floor":37.0,"gold_loss":0.0,"damage_taken":0.0},{"damage_healed":0.0,"max_hp_gain":0.0,"max_hp_loss":0.0,"gold_gain":0.0,"event_name":"Upgrade Shrine","player_choice":"Upgraded","floor":38.0,"gold_loss":0.0,"damage_taken":0.0,"cards_upgraded":["Venomology"]}],"is_beta":false,"boss_relics":[{"not_picked":["Cursed Key","Snecko Eye"],"picked":"Coffee Dripper"},{"not_picked":["Runic Pyramid","Fusion Hammer"],"picked":"Empty Cage"}],"items_purged_floors":[19,21,36,53],"is_endless":false,"potions_floor_spawned":[2,4,8,12,16,24,27,28,35,40,45,48],"killed_by":"The Heart","ascension_level":8}}