{"host":"7grzll9olp0d5qv1","time":1612888980,"event":{"mods":["Ascension Reborn","BaseMod","Downfall","Hubris","Infinite Spire","Minty Spire (QoL Compilation)","Replay The Spire","StSLib","The Animator","The Bug Knight","The Cursed","The Servant 0.9.4"],"gold_per_floor":[99,113,45,45,45,45,45,45,45,30,42,53,53,104,116,213,213,13,28,13,29,29,42,93,93,265,282,282,282,282],"floor_reached":28,"language":"ENG","playtime":1395,"items_purged":["hexamod:HeatCrush"],"score":256,"play_id":"a44fad96-ad37-46c4-b471-17aae2b6cee9","local_time":"20210209114300","is_ascension_mode":true,"campfire_choices":[{"floor":1,"key":"RECALL"},{"data":"hexamod:InspiringFlames","floor":6,"key":"SMITH"},{"data":"hexamod:HauntingEcho","floor":8,"key":"SMITH"},{"data":"hexamod:StepThrough","floor":13,"key":"SMITH"},{"data":"hexamod:HexaLevel","floor":18,"key":"SMITH"}],"circlet_count":0,"master_deck":["hexamod:Strike","hexamod:Strike","hexamod:Strike","hexamod:Defend","hexamod:Defend","hexamod:Defend","hexamod:Defend","hexamod:Float+1","hexamod:HauntingEcho+1","hexamod:InspiringFlames+1","hexamod:StepThrough+1","hexamod:ThirdSeal","hexamod:CatchUp","hexamod:HauntingEcho","hexamod:GhostflameInferno","hexamod:HexaLevel+1","hexamod:EmpoweredFlame","hexamod:CatchUp","hexamod:FourthSeal","hexamod:RainOfEmbers","hexamod:EmpoweredFlame","hexamod:HauntingEcho","hexamod:ForkedFlame+1","hexamod:FastForward","hexamod:FastForward"],"relics":["hexamod:SpiritBrand","hubris:SlimyHat","Ring of Searing","Ring of Misfortune","downfall:BrokenWingStatue","hubris:OldNail","ChewingGum","downfall:HeartBlessingBlue","downfall:HeartBlessingRed","Blue Doll","hubris:Towel"],"acts_visited":["Exordium","TheCity"],"potions_floor_usage":[16,23,27,28,28],"damage_taken":[{"damage":0,"enemies":"Cultist","floor":2,"turns":4},{"damage":0,"enemies":"downfall:FleeingMerchant","floor":3,"turns":4},{"damage":20,"enemies":"downfall:FleeingMerchant","floor":10,"turns":4},{"damage":1,"enemies":"Jaw Worm","floor":11,"turns":3},{"damage":0,"enemies":"Small Slimes","floor":12,"turns":3},{"damage":0,"enemies":"Blue Slaver","floor":15,"turns":3},{"damage":0,"enemies":"WA_ARCHETYPE_RETAIN","floor":16,"turns":4},{"damage":24,"enemies":"Spheric Guardian","floor":19,"turns":4},{"damage":10,"enemies":"downfall:FleeingMerchant","floor":20,"turns":4},{"damage":1,"enemies":"Shell Parasite","floor":21,"turns":4},{"damage":29,"enemies":"Sentry and Sphere","floor":23,"turns":4},{"damage":10,"enemies":"downfall:FleeingMerchant","floor":26,"turns":4},{"damage":4,"enemies":"Centurion and Healer","floor":27,"turns":4},{"damage":17,"enemies":"Slavers","floor":28,"turns":2}],"seed_played":"846245581990664476","potions_obtained":[{"floor":11,"key":"AttackPotion"},{"floor":12,"key":"Cursed Concoction"},{"floor":16,"key":"Regen Potion"},{"floor":23,"key":"Swift Potion"},{"floor":23,"key":"PowerPotion"},{"floor":27,"key":"Slimebound:ThreeZeroPotion"},{"floor":27,"key":"DistilledChaos"}],"is_trial":false,"path_per_floor":["R","M","$","?","?","R","T","R","?","$","M","M","R","T","M","B",null,"R","M","$","M","?","M","T","?","$","M","E"],"character_chosen":"THE_SPIRIT","items_purchased":["hexamod:InspiringFlames","hexamod:ForkedFlame+1"],"campfire_rested":0,"item_purchase_floors":[3,26],"current_hp_per_floor":[70,70,70,70,70,70,70,70,70,50,49,49,49,49,49,49,70,80,56,46,45,45,28,28,28,18,14,0,0,0],"gold":282,"neow_bonus":"RANDOM_COMMON_RELIC","is_daily":false,"chose_seed":false,"campfire_upgraded":4,"win_rate":0.0,"timestamp":1612888980,"path_taken":["R","M","$","?","?","R","T","R","?","?","M","?","R","?","M","BOSS","R","M","$","M","?","M","T","?","?","M","E"],"items_purchased_type":["Card","Card"],"build_version":"2020-12-22","purchased_purges":1,"victory":false,"max_hp_per_floor":[70,70,70,70,70,70,70,70,70,70,70,70,70,70,70,70,70,80,80,80,80,80,80,80,80,80,80,80,80,80],"card_choices":[{"not_picked":["hexamod:AdvancingGuard","hexamod:BurningTouch"],"picked":"hexamod:HauntingEcho","floor":2},{"not_picked":["hexamod:RainOfEmbers","hexamod:NightmareStrike","hexamod:ThermalTransfer"],"picked":"SKIP","floor":3},{"not_picked":["hexamod:RecurringNightmare","hexamod:NightmareGuise"],"picked":"hexamod:StepThrough","floor":10},{"not_picked":["hexamod:HauntingEcho","hexamod:AdvancingGuard"],"picked":"hexamod:ThirdSeal","floor":11},{"not_picked":["hexamod:ChargedBarrage","hexamod:RetreatToShadows","hexamod:ShieldOfDarkness"],"picked":"SKIP","floor":12},{"not_picked":["hexamod:NightmareGuise","hexamod:GhostShield","hexamod:ExtraCrispy"],"picked":"SKIP","floor":12},{"not_picked":["hexamod:ShieldOfDarkness","hexamod:NecessarySacrifice"],"picked":"hexamod:CatchUp","floor":15},{"not_picked":["hexamod:UnlimitedPower","hexamod:RadiantFlame"],"picked":"hexamod:HauntingEcho","floor":15},{"not_picked":["hexamod:VolcanoVisage","hexamod:UnleashSpirits"],"picked":"hexamod:GhostflameInferno","floor":16},{"not_picked":["hexamod:WildfireWeapon","hexamod:ParanormalForm"],"picked":"hexamod:HexaLevel","floor":16},{"not_picked":["hexamod:BurningTouch+1","hexamod:GhostLash"],"picked":"hexamod:EmpoweredFlame","floor":19},{"not_picked":["hexamod:GhostLash","hexamod:NightmareStrike"],"picked":"hexamod:CatchUp","floor":19},{"not_picked":["hexamod:NightmareStrike","hexamod:AdvancingGuard","hexamod:WildfireWeapon"],"picked":"SKIP","floor":20},{"not_picked":["hexamod:ShieldOfDarkness","hexamod:SpectersWail","hexamod:GiftsFromTheDead"],"picked":"SKIP","floor":20},{"not_picked":["hexamod:ShieldOfDarkness","hexamod:RetreatToShadows+1"],"picked":"hexamod:FourthSeal","floor":21},{"not_picked":["hexamod:ThirdSeal","hexamod:Hexaguard","hexamod:ThermalTransfer+1"],"picked":"SKIP","floor":21},{"not_picked":["hexamod:ThirdSeal","hexamod:Hexaguard","hexamod:ThermalTransfer+1"],"picked":"SKIP","floor":21},{"not_picked":["hexamod:Again","hexamod:ThermalTransfer"],"picked":"hexamod:EmpoweredFlame","floor":23},{"not_picked":["hexamod:ThirdSeal","hexamod:AdvancingGuard"],"picked":"hexamod:HauntingEcho","floor":23},{"not_picked":["hexamod:GhostLash","hexamod:EtherealExpedition+1","hexamod:NightmareGuise"],"picked":"SKIP","floor":26},{"not_picked":["hexamod:WildfireWeapon","hexamod:GhostLash","hexamod:Hexaguard+1"],"picked":"SKIP","floor":26},{"not_picked":["hexamod:Firestarter","hexamod:ThermalTransfer+1"],"picked":"hexamod:FastForward","floor":27},{"not_picked":["hexamod:FlamesFromBeyond","hexamod:Firestarter"],"picked":"hexamod:FastForward","floor":27}],"player_experience":44653,"relics_obtained":[{"floor":5,"key":"Ring of Searing"},{"floor":5,"key":"Ring of Misfortune"},{"floor":14,"key":"hubris:OldNail"},{"floor":24,"key":"Blue Doll"}],"event_choices":[{"damage_healed":0,"gold_gain":0,"cards_transformed":["hexamod:Strike","hexamod:Sear"],"player_choice":"Became Test Subject","damage_taken":0,"max_hp_gain":0,"max_hp_loss":0,"event_name":"Drug Dealer","floor":22,"gold_loss":0,"cards_obtained":["hexamod:RainOfEmbers","hexamod:HeatCrush"]}],"is_beta":false,"boss_relics":[{"not_picked":["hubris:VirtuousBlindfold","Sozu"],"picked":"ChewingGum"}],"items_purged_floors":[26],"is_endless":false,"potions_floor_spawned":[11,12,16,23,27],"killed_by":"Slavers","ascension_level":0}}