{"host":"ao4lxi9bhtts409i","time":1612885698,"event":{"mods":["AchievementEnabler","BaseMod","Colored Map","Colored Powertips","Minty Spire (QoL Compilation)","SuperFastMode"],"gold_per_floor":[115,126,141,155,170,170,204,204,275,275,308,320,395,409,409,513,513,527,545,470,397,410,439,439,358,440,440,355,355,355,387,387,489,489,504,464,158,158,176,176,54,79,151,206,206,206],"floor_reached":45,"language":"ENG","playtime":2243,"items_purged":[],"score":612,"play_id":"d9ae78b4-7172-45a5-a4e3-f8659cf84e1d","local_time":"20210209164818","is_ascension_mode":true,"campfire_choices":[{"data":"Noxious Fumes","floor":6,"key":"SMITH"},{"floor":8,"key":"REST"},{"data":"Footwork","floor":10,"key":"SMITH"},{"floor":15,"key":"REST"},{"data":"Night Terror","floor":24,"key":"SMITH"},{"data":"Caltrops","floor":27,"key":"SMITH"},{"data":"Footwork","floor":30,"key":"SMITH"},{"floor":32,"key":"REST"},{"data":"Noxious Fumes","floor":40,"key":"SMITH"}],"circlet_count":0,"master_deck":["Strike_G","Strike_G","Strike_G","Strike_G","Defend_G","Defend_G","Defend_G","Defend_G","Defend_G","Survivor","Neutralize","Blade Dance","Well Laid Plans","Noxious Fumes+1","Footwork+1","Sucker Punch","Dash","Leg Sweep","Footwork+1","Dash","Die Die Die","Deflect+1","All Out Attack","Footwork","PiercingWail+1","Dash","Night Terror+1","Caltrops+1","Blur+1","Envenom+1","Leg Sweep+1","Adrenaline","Madness","Madness","Noxious Fumes+1","Corpse Explosion"],"relics":["HoveringKite","Prayer Wheel","Mercury Hourglass","TungstenRod","Sozu","Juzu Bracelet","Mummified Hand","Toy Ornithopter","Tiny Chest","Philosopher\u0027s Stone","Regal Pillow","Nunchaku","Strawberry","Omamori"],"acts_visited":["Exordium","TheCity","TheBeyond"],"potions_floor_usage":[7,11,33],"damage_taken":[{"damage":2,"enemies":"Jaw Worm","floor":1,"turns":5},{"damage":0,"enemies":"Small Slimes","floor":2,"turns":4},{"damage":0,"enemies":"Cultist","floor":3,"turns":3},{"damage":16,"enemies":"Exordium Wildlife","floor":4,"turns":6},{"damage":10,"enemies":"Exordium Thugs","floor":5,"turns":5},{"damage":21,"enemies":"3 Sentries","floor":7,"turns":9},{"damage":5,"enemies":"Lagavulin","floor":11,"turns":7},{"damage":6,"enemies":"3 Louse","floor":12,"turns":2},{"damage":12,"enemies":"Large Slime","floor":14,"turns":6},{"damage":28,"enemies":"The Guardian","floor":16,"turns":13},{"damage":16,"enemies":"3 Byrds","floor":18,"turns":5},{"damage":0,"enemies":"Chosen","floor":19,"turns":6},{"damage":0,"enemies":"Centurion and Healer","floor":22,"turns":9},{"damage":11,"enemies":"Book of Stabbing","floor":23,"turns":7},{"damage":11,"enemies":"Slavers","floor":31,"turns":4},{"damage":16,"enemies":"Champ","floor":33,"turns":14},{"damage":0,"enemies":"Orb Walker","floor":35,"turns":4},{"damage":10,"enemies":"3 Shapes","floor":39,"turns":4},{"damage":49,"enemies":"Reptomancer","floor":42,"turns":10},{"damage":51,"enemies":"Giant Head","floor":45,"turns":6}],"seed_played":"381556559975736194","potions_obtained":[{"floor":1,"key":"Energy Potion"},{"floor":2,"key":"GamblersBrew"},{"floor":4,"key":"EssenceOfSteel"},{"floor":14,"key":"FairyPotion"}],"is_trial":false,"path_per_floor":["M","M","M","M","M","R","E","R","T","R","E","M","?","M","R","B",null,"M","M","?","$","M","E","R","$","T","R","?","?","R","E","R","B",null,"M","?","$","?","M","R","?","E","T","T","E"],"character_chosen":"THE_SILENT","items_purchased":["Footwork","Caltrops","Adrenaline","Regal Pillow"],"campfire_rested":3,"item_purchase_floors":[21,25,37,37],"current_hp_per_floor":[68,68,68,52,42,42,21,42,42,42,37,31,21,9,30,2,70,54,54,54,54,54,43,43,43,43,43,43,43,43,32,53,42,70,70,70,70,62,52,52,52,10,10,10,0,0],"gold":206,"neow_bonus":"BOSS_RELIC","is_daily":false,"chose_seed":false,"campfire_upgraded":6,"win_rate":0.0,"timestamp":1612885698,"path_taken":["M","M","M","M","M","R","E","R","T","R","E","M","?","M","R","BOSS","M","M","?","$","M","E","R","$","T","R","?","?","R","E","R","BOSS","M","?","$","?","M","R","?","E","T","?","E"],"items_purchased_type":["Card","Card","Card","Relic"],"build_version":"2020-12-22","purchased_purges":0,"victory":false,"max_hp_per_floor":[70,70,70,70,70,70,70,70,70,70,70,70,70,70,70,70,70,70,70,70,70,70,70,70,70,70,70,70,70,70,70,70,70,70,70,70,70,70,70,70,70,77,77,77,77,77],"card_choices":[{"not_picked":["Backstab","Quick Slash"],"picked":"Blade Dance","floor":1},{"not_picked":["Catalyst","Deflect"],"picked":"Well Laid Plans","floor":2},{"not_picked":["Distraction","All Out Attack"],"picked":"Noxious Fumes","floor":3},{"not_picked":["Caltrops","Escape Plan"],"picked":"Footwork","floor":4},{"not_picked":["Prepared","Dagger Throw"],"picked":"Sucker Punch","floor":5},{"not_picked":["Calculated Gamble","Flechettes"],"picked":"Dash","floor":7},{"not_picked":["Flying Knee","Quick Slash"],"picked":"Leg Sweep","floor":11},{"not_picked":["Concentrate","Flying Knee","Prepared"],"picked":"SKIP","floor":12},{"not_picked":["Cloak And Dagger","Setup","Sucker Punch"],"picked":"SKIP","floor":12},{"not_picked":["Poisoned Stab","Underhanded Strike"],"picked":"Footwork","floor":14},{"not_picked":["Outmaneuver","Quick Slash"],"picked":"Dash","floor":14},{"not_picked":["Unload","Storm of Steel"],"picked":"Die Die Die","floor":16},{"not_picked":["Poisoned Stab","Flying Knee+1"],"picked":"Deflect+1","floor":18},{"not_picked":["Deadly Poison","Masterful Stab","Expertise+1"],"picked":"SKIP","floor":18},{"not_picked":["Cloak And Dagger+1","Flying Knee+1"],"picked":"All Out Attack","floor":19},{"not_picked":["Tactician+1","PiercingWail","Sucker Punch"],"picked":"SKIP","floor":19},{"not_picked":["Quick Slash","Acrobatics+1"],"picked":"PiercingWail+1","floor":22},{"not_picked":["Quick Slash","Flying Knee+1"],"picked":"Dash","floor":22},{"not_picked":["Cloak And Dagger","Infinite Blades"],"picked":"Night Terror","floor":23},{"not_picked":["Cloak And Dagger","Flying Knee"],"picked":"Blur+1","floor":31},{"not_picked":["Doppelganger","Phantasmal Killer"],"picked":"Envenom","floor":33},{"not_picked":["Poisoned Stab","Grand Finale"],"picked":"Leg Sweep+1","floor":35},{"not_picked":["Bane+1","Outmaneuver","Dagger Throw+1"],"picked":"SKIP","floor":35},{"not_picked":["Well Laid Plans+1","Dagger Throw+1"],"picked":"Noxious Fumes","floor":39},{"not_picked":["Slice","Heel Hook+1","Masterful Stab+1"],"picked":"SKIP","floor":39},{"not_picked":["Endless Agony+1","Dash+1"],"picked":"Corpse Explosion","floor":42}],"player_experience":291605,"relics_obtained":[{"floor":7,"key":"Prayer Wheel"},{"floor":9,"key":"Mercury Hourglass"},{"floor":11,"key":"TungstenRod"},{"floor":23,"key":"Juzu Bracelet"},{"floor":26,"key":"Mummified Hand"},{"floor":31,"key":"Tiny Chest"},{"floor":42,"key":"Strawberry"},{"floor":44,"key":"Omamori"}],"event_choices":[{"damage_healed":0,"gold_gain":75,"player_choice":"Gather Gold","damage_taken":11,"max_hp_gain":0,"max_hp_loss":0,"event_name":"World of Goop","floor":13,"gold_loss":0},{"cards_removed":["Strike_G"],"damage_healed":0,"gold_gain":0,"player_choice":"Gave Gold","damage_taken":0,"max_hp_gain":0,"max_hp_loss":0,"event_name":"Beggar","floor":20,"gold_loss":75},{"damage_healed":0,"gold_gain":0,"player_choice":"Obtained Relic","damage_taken":0,"relics_obtained":["Toy Ornithopter"],"max_hp_gain":0,"max_hp_loss":0,"event_name":"Addict","floor":28,"gold_loss":85},{"damage_healed":0,"gold_gain":0,"player_choice":"Ignored","damage_taken":0,"max_hp_gain":0,"max_hp_loss":0,"event_name":"The Mausoleum","floor":29,"gold_loss":0},{"damage_healed":0,"gold_gain":0,"player_choice":"Upgrade","damage_taken":0,"max_hp_gain":0,"max_hp_loss":0,"event_name":"Designer","floor":36,"gold_loss":40,"cards_upgraded":["Envenom"]},{"damage_healed":0,"gold_gain":0,"player_choice":"Embrace Madness","damage_taken":9,"max_hp_gain":0,"max_hp_loss":0,"event_name":"Winding Halls","floor":38,"gold_loss":0,"cards_obtained":["Madness","Madness"]},{"damage_healed":0,"gold_gain":0,"player_choice":"Paid Gold","damage_taken":0,"relics_obtained":["Nunchaku"],"max_hp_gain":0,"max_hp_loss":0,"event_name":"WeMeetAgain","floor":41,"gold_loss":122}],"is_beta":false,"boss_relics":[{"not_picked":["WristBlade","Fusion Hammer"],"picked":"Sozu"},{"not_picked":["Black Star","Snecko Eye"],"picked":"Philosopher\u0027s Stone"}],"items_purged_floors":[],"is_endless":false,"potions_floor_spawned":[1,2,4,5,14,19,22,31,39,42],"killed_by":"Giant Head","ascension_level":4}}