{"host":"995ppxxqmb2p2due","time":1612911642,"event":{"mods":["BaseMod","Downfall","Minty Spire (QoL Compilation)","StSLib"],"gold_per_floor":[109,122,84,104,121,121,121,121,121,121,121,141,169,234,234,336,336,346,346,346,366,24,24,24,24,24,39,68,68,68,83,83,178,228,246,96,96,113,113,140,140,158,212,274,286,312,22,22,22],"floor_reached":48,"language":"ENG","playtime":1545,"items_purged":["Defend_G"],"score":501,"play_id":"e32ebd47-72e0-4387-8369-f94d6c4356d4","local_time":"20210209180042","is_ascension_mode":false,"campfire_choices":[{"data":"Poisoned Stab","floor":6,"key":"SMITH"},{"data":"Corpse Explosion","floor":8,"key":"SMITH"},{"data":"Backstab","floor":11,"key":"SMITH"},{"data":"Footwork","floor":15,"key":"SMITH"},{"data":"RitualDagger","floor":23,"key":"SMITH"},{"data":"Accuracy","floor":25,"key":"SMITH"},{"floor":32,"key":"REST"},{"floor":41,"key":"RECALL"},{"floor":45,"key":"REST"}],"circlet_count":0,"master_deck":["Strike_G","Strike_G","Strike_G+1","Defend_G","Defend_G","Defend_G","Survivor","Neutralize","Backstab+1","Poisoned Stab+1","Accuracy+1","Poisoned Stab+1","Footwork+1","CurseOfTheBell","CurseOfTheBell","Corpse Explosion+1","Cloak And Dagger+1","RitualDagger+1","Bane","Infinite Blades+1","RitualDagger+1","Terror+1","Sucker Punch+1","Accuracy"],"relics":["Ring of the Snake","NeowsBlessing","downfall:ExtraCursedBell","TungstenRod","Eternal Feather","PreservedInsect","Bottled Lightning","Letter Opener","Empty Cage","Mango","Bag of Preparation","Dead Branch","Tiny House","DollysMirror","Bag of Marbles","MawBank","CaptainsWheel","Dream Catcher"],"acts_visited":["Exordium","TheCity","TheBeyond"],"potions_floor_usage":[13,13,21,28,33,33,42,48,48],"damage_taken":[{"damage":0,"enemies":"2 Louse","floor":1,"turns":1},{"damage":0,"enemies":"Jaw Worm","floor":2,"turns":1},{"damage":0,"enemies":"Small Slimes","floor":4,"turns":1},{"damage":2,"enemies":"Looter","floor":5,"turns":3},{"damage":0,"enemies":"Lots of Slimes","floor":12,"turns":1},{"damage":11,"enemies":"Lagavulin","floor":13,"turns":3},{"damage":43,"enemies":"Hexaghost","floor":16,"turns":10},{"damage":13,"enemies":"Chosen","floor":18,"turns":4},{"damage":12,"enemies":"Spheric Guardian","floor":21,"turns":4},{"damage":0,"enemies":"3 Cultists","floor":27,"turns":2},{"damage":23,"enemies":"Gremlin Leader","floor":28,"turns":7},{"damage":18,"enemies":"Shelled Parasite and Fungi","floor":31,"turns":4},{"damage":49,"enemies":"Champ","floor":33,"turns":10},{"damage":13,"enemies":"3 Darklings","floor":35,"turns":3},{"damage":0,"enemies":"3 Shapes","floor":38,"turns":1},{"damage":41,"enemies":"Giant Head","floor":40,"turns":6},{"damage":21,"enemies":"3 Darklings","floor":42,"turns":5},{"damage":8,"enemies":"Mind Bloom Boss Battle","floor":44,"turns":5},{"damage":1,"enemies":"Spire Growth","floor":46,"turns":4},{"damage":32,"enemies":"Nemesis","floor":48,"turns":4}],"seed_played":"3447914674205529954","potions_obtained":[{"floor":1,"key":"Strength Potion"},{"floor":4,"key":"Slimebound:ThreeZeroPotion"},{"floor":13,"key":"SteroidPotion"},{"floor":16,"key":"PowerPotion"},{"floor":18,"key":"Block Potion"},{"floor":21,"key":"Dexterity Potion"},{"floor":31,"key":"Block Potion"},{"floor":34,"key":"SpeedPotion"},{"floor":38,"key":"ColorlessPotion"}],"is_trial":false,"path_per_floor":["M","M","$","M","M","R","?","R","T","?","R","M","E","?","R","B",null,"M","?","?","M","$","R","?","R","T","M","E","$","T","M","R","B",null,"M","$","?","M","?","E","R","M","T","?","R","M","$","E"],"character_chosen":"THE_SILENT","items_purchased":["Accuracy","Bane","Mango","DollysMirror","Accuracy","Dream Catcher"],"campfire_rested":2,"item_purchase_floors":[3,22,22,36,47,47],"current_hp_per_floor":[70,70,70,70,68,68,68,70,70,70,70,70,59,59,70,27,70,57,52,52,40,54,66,66,78,78,78,55,55,55,37,74,25,89,76,76,76,76,76,35,47,26,26,18,56,55,55,23,23],"gold":22,"neow_bonus":"THREE_ENEMY_KILL","is_daily":false,"chose_seed":false,"campfire_upgraded":6,"win_rate":0.0,"timestamp":1612911642,"path_taken":["M","M","$","M","M","R","?","R","T","?","R","M","E","?","R","BOSS","M","?","?","?","$","R","?","R","T","M","E","?","?","?","R","BOSS","M","$","?","M","?","E","R","?","T","?","R","M","$","E"],"items_purchased_type":["Card","Card","Relic","Relic","Card","Relic"],"build_version":"2020-12-22","purchased_purges":1,"victory":false,"max_hp_per_floor":[70,70,70,70,70,70,70,70,70,70,70,70,70,70,70,70,70,70,70,70,70,84,84,84,84,84,84,84,84,84,84,84,84,89,89,89,89,89,89,89,89,89,89,89,89,89,89,89,89],"card_choices":[{"not_picked":["Sucker Punch","Backflip"],"picked":"Backstab","floor":1},{"not_picked":["Acrobatics","Bane"],"picked":"Poisoned Stab","floor":2},{"not_picked":["Tactician","Escape Plan"],"picked":"Poisoned Stab","floor":4},{"not_picked":["Predator","Prepared"],"picked":"Footwork","floor":5},{"not_picked":["Quick Slash","Deadly Poison","Backflip"],"picked":"SKIP","floor":12},{"not_picked":["Dagger Throw","Backflip","Deflect"],"picked":"SKIP","floor":13},{"not_picked":["Catalyst","Quick Slash+1"],"picked":"Cloak And Dagger+1","floor":18},{"not_picked":["Eviscerate","Acrobatics","Dagger Spray+1"],"picked":"SKIP","floor":21},{"not_picked":["Underhanded Strike","Flying Knee","All Out Attack"],"picked":"SKIP","floor":27},{"not_picked":["Leg Sweep","Expertise"],"picked":"Infinite Blades","floor":28},{"not_picked":["Dodge and Roll+1","Footwork","Outmaneuver"],"picked":"SKIP","floor":31},{"not_picked":["Quick Slash","Poisoned Stab","Dagger Throw"],"picked":"SKIP","floor":35},{"not_picked":["Slice","Adrenaline"],"picked":"Terror+1","floor":38},{"not_picked":["Poisoned Stab","Acrobatics+1","Outmaneuver+1"],"picked":"SKIP","floor":40},{"not_picked":["Outmaneuver+1","Calculated Gamble","Predator"],"picked":"SKIP","floor":42},{"not_picked":["Heel Hook","Predator"],"picked":"Sucker Punch+1","floor":46}],"player_experience":132857,"relics_obtained":[{"floor":7,"key":"TungstenRod"},{"floor":7,"key":"Eternal Feather"},{"floor":7,"key":"PreservedInsect"},{"floor":9,"key":"Bottled Lightning"},{"floor":13,"key":"Letter Opener"},{"floor":28,"key":"Bag of Preparation"},{"floor":30,"key":"Dead Branch"},{"floor":40,"key":"Bag of Marbles"},{"floor":43,"key":"MawBank"},{"floor":44,"key":"CaptainsWheel"}],"event_choices":[{"damage_healed":0,"gold_gain":0,"player_choice":"Grow","damage_taken":0,"max_hp_gain":0,"max_hp_loss":0,"event_name":"Living Wall","floor":10,"gold_loss":0,"cards_upgraded":["Poisoned Stab"]},{"damage_healed":0,"gold_gain":65,"player_choice":"Gained Gold","damage_taken":0,"max_hp_gain":0,"max_hp_loss":0,"event_name":"Golden Wing","floor":14,"gold_loss":0},{"damage_healed":0,"gold_gain":0,"player_choice":"Joined the Cult","damage_taken":6,"max_hp_gain":0,"max_hp_loss":0,"event_name":"Nest","floor":19,"gold_loss":0,"cards_obtained":["RitualDagger"]},{"cards_removed":["Strike_G"],"damage_healed":0,"gold_gain":0,"player_choice":"Card Removal","damage_taken":0,"max_hp_gain":0,"max_hp_loss":0,"event_name":"Wheel of Change","floor":20,"gold_loss":0},{"cards_removed":["Strike_G"],"damage_healed":0,"gold_gain":0,"player_choice":"Purged","damage_taken":0,"max_hp_gain":0,"max_hp_loss":0,"event_name":"Purifier","floor":24,"gold_loss":0},{"damage_healed":0,"gold_gain":0,"player_choice":"Ignored","damage_taken":0,"max_hp_gain":0,"max_hp_loss":0,"event_name":"Mysterious Sphere","floor":37,"gold_loss":0},{"damage_healed":0,"gold_gain":0,"player_choice":"Upgraded","damage_taken":0,"max_hp_gain":0,"max_hp_loss":0,"event_name":"Upgrade Shrine","floor":39,"gold_loss":0,"cards_upgraded":["Infinite Blades"]},{"damage_healed":0,"gold_gain":0,"player_choice":"Fight","damage_taken":0,"max_hp_gain":0,"max_hp_loss":0,"event_name":"MindBloom","floor":44,"gold_loss":0}],"is_beta":false,"boss_relics":[{"not_picked":["Pandora\u0027s Box","Coffee Dripper"],"picked":"Empty Cage"},{"not_picked":["SacredBark","bronze:MakeshiftBattery"],"picked":"Tiny House"}],"items_purged_floors":[47],"is_endless":false,"potions_floor_spawned":[1,4,13,16,18,21,31,38,40],"killed_by":"Nemesis","ascension_level":0}}