{"host":"x5w9zppki4gdwvc7","time":1612902881,"event":{"mods":["AchievementEnabler","BaseMod","Colored Powertips","DeckTracker","Minty Spire (QoL Compilation)","SuperFastMode"],"gold_per_floor":[17,36,51,63,63,63,95,95,172,200,200,211,57,57,57,160,160,180,195,195,206,216,251,251,282,282,316,327,41,41,41],"floor_reached":30,"language":"ENG","playtime":1384,"items_purged":["Strike_B"],"score":390,"play_id":"30efeac8-0ae4-4c26-9de8-bac6e55ed82c","local_time":"20210209213441","is_ascension_mode":true,"campfire_choices":[{"data":"Apotheosis","floor":6.0,"key":"SMITH"},{"data":"Scrape","floor":8.0,"key":"SMITH"},{"floor":15.0,"key":"REST"},{"floor":24,"key":"REST"}],"circlet_count":0,"master_deck":["Strike_B","Strike_B","Strike_B","Defend_B","Defend_B+1","Defend_B","Defend_B+1","Zap","Dualcast","Apotheosis+1","Beam Cell","Go for the Eyes","Coolheaded+1","Cold Snap","Scrape+1","Skim","Capacitor+1","Buffer+1","Gash","Zap","Swift Strike","Beam Cell","Beam Cell","Skim","Loop+1","Rebound","Gash"],"relics":["Cracked Core","WingedGreaves","Oddly Smooth Stone","Frozen Egg 2","DataDisk","SlaversCollar","Incense Burner","Bottled Flame","StrikeDummy","Symbiotic Virus","Shuriken"],"acts_visited":["Exordium","TheCity"],"potions_floor_usage":[23,27],"damage_taken":[{"damage":0.0,"enemies":"Small Slimes","floor":1.0,"turns":3.0},{"damage":2.0,"enemies":"Jaw Worm","floor":2.0,"turns":4.0},{"damage":0.0,"enemies":"Cultist","floor":3.0,"turns":3.0},{"damage":13.0,"enemies":"Blue Slaver","floor":4.0,"turns":2.0},{"damage":21.0,"enemies":"3 Sentries","floor":7.0,"turns":7.0},{"damage":9.0,"enemies":"Lagavulin","floor":10.0,"turns":5.0},{"damage":0.0,"enemies":"3 Louse","floor":12.0,"turns":2.0},{"damage":10.0,"enemies":"Slime Boss","floor":16.0,"turns":10.0},{"damage":18.0,"enemies":"3 Byrds","floor":18.0,"turns":6.0},{"damage":0.0,"enemies":"Spheric Guardian","floor":19.0,"turns":4.0},{"damage":5.0,"enemies":"Centurion and Healer","floor":21.0,"turns":6.0},{"damage":15.0,"enemies":"Snecko","floor":22.0,"turns":6.0},{"damage":23,"enemies":"Book of Stabbing","floor":23,"turns":5},{"damage":0,"enemies":"Gremlin Leader","floor":25,"turns":6},{"damage":14,"enemies":"Slavers","floor":27,"turns":5},{"damage":27,"enemies":"Sentry and Sphere","floor":28,"turns":5},{"damage":6,"enemies":"Chosen and Byrds","floor":30,"turns":4}],"seed_played":"8517697272082642196","potions_obtained":[{"floor":3.0,"key":"EssenceOfSteel"},{"floor":10.0,"key":"Fruit Juice"},{"floor":12.0,"key":"DistilledChaos"},{"floor":22.0,"key":"SteroidPotion"},{"floor":23,"key":"Swift Potion"},{"floor":25,"key":"AttackPotion"},{"floor":28,"key":"LiquidMemories"}],"is_trial":false,"path_per_floor":["M","M","M","M","?","R","E","R","T","E","?","M","$","?","R","B",null,"M","M","?","M","M","E","R","E","T","E","M","$","M"],"character_chosen":"DEFECT","items_purchased":["Capacitor+1","Shuriken","Gash"],"campfire_rested":2,"item_purchase_floors":[13,29,29],"current_hp_per_floor":[75,73,73,60,57,57,36,36,36,27,27,27,27,12,34,24,75,62,62,62,57,42,19,43,43,43,29,2,2,0,0],"gold":41,"neow_bonus":"RANDOM_COLORLESS_2","is_daily":false,"chose_seed":false,"campfire_upgraded":2,"win_rate":0.0,"timestamp":1612902881,"path_taken":["M","M","M","M","?","R","E","R","T","E","?","?","$","?","R","BOSS","M","M","?","M","M","E","R","E","T","E","M","$","?"],"items_purchased_type":["Card","Relic","Card"],"build_version":"2020-12-22","purchased_purges":1,"victory":false,"max_hp_per_floor":[75,75,75,75,75,75,75,75,75,75,75,75,75,75,75,75,75,80,80,80,80,80,80,80,80,80,80,80,80,80,80],"card_choices":[{"not_picked":["Transmutation","Metamorphosis"],"picked":"Apotheosis","floor":0.0},{"not_picked":["Redo","Capacitor"],"picked":"Beam Cell","floor":1.0},{"not_picked":["Leap","Turbo"],"picked":"Go for the Eyes","floor":2.0},{"not_picked":["Gash","Cold Snap"],"picked":"Coolheaded","floor":3.0},{"not_picked":["Compile Driver","Recycle"],"picked":"Cold Snap","floor":4.0},{"not_picked":["All For One","Rebound"],"picked":"Scrape","floor":7.0},{"not_picked":["Compile Driver","Amplify"],"picked":"Skim","floor":10.0},{"not_picked":["Coolheaded","Conserve Battery","Compile Driver"],"picked":"SKIP","floor":12.0},{"not_picked":["Reboot","Fission"],"picked":"Buffer+1","floor":16.0},{"not_picked":["Steam","Turbo","White Noise"],"picked":"SKIP","floor":18.0},{"not_picked":["Heatsinks+1","Redo"],"picked":"Gash","floor":19.0},{"not_picked":["Compile Driver","Reprogram","Recycle"],"picked":"SKIP","floor":21.0},{"not_picked":["Leap","Consume"],"picked":"Beam Cell","floor":22.0},{"not_picked":["Sweeping Beam+1","Cold Snap+1"],"picked":"Beam Cell","floor":23},{"not_picked":["Skim","Fusion","Compile Driver"],"picked":"SKIP","floor":25},{"not_picked":["Fusion","Compile Driver"],"picked":"Skim","floor":25},{"not_picked":["Steam Power","Beam Cell"],"picked":"Loop+1","floor":27},{"not_picked":["Coolheaded","Beam Cell"],"picked":"Rebound","floor":28}],"player_experience":572278,"relics_obtained":[{"floor":7.0,"key":"Oddly Smooth Stone"},{"floor":9.0,"key":"Frozen Egg 2"},{"floor":10.0,"key":"DataDisk"},{"floor":23,"key":"Incense Burner"},{"floor":25,"key":"Bottled Flame"},{"floor":26,"key":"StrikeDummy"},{"floor":27,"key":"Symbiotic Virus"}],"event_choices":[{"damage_healed":0.0,"max_hp_gain":0.0,"max_hp_loss":0.0,"gold_gain":0.0,"event_name":"Scrap Ooze","player_choice":"Success","floor":5.0,"gold_loss":0.0,"damage_taken":3.0,"relics_obtained":["WingedGreaves"]},{"damage_healed":0.0,"max_hp_gain":0.0,"max_hp_loss":0.0,"gold_gain":0.0,"event_name":"Accursed Blacksmith","player_choice":"Forge","floor":11.0,"gold_loss":0.0,"damage_taken":0.0,"cards_upgraded":["Coolheaded"]},{"damage_healed":0.0,"max_hp_gain":0.0,"max_hp_loss":0.0,"gold_gain":0.0,"event_name":"Shining Light","player_choice":"Entered Light","floor":14.0,"gold_loss":0.0,"damage_taken":15.0,"cards_upgraded":["Defend_B","Defend_B"]},{"damage_healed":0.0,"max_hp_gain":0.0,"max_hp_loss":0.0,"gold_gain":0.0,"event_name":"Match and Keep!","player_choice":"2 cards matched","floor":20.0,"gold_loss":0.0,"damage_taken":0.0,"cards_obtained":["Zap","Swift Strike"]}],"is_beta":false,"boss_relics":[{"not_picked":["Tiny House","Runic Dome"],"picked":"SlaversCollar"}],"items_purged_floors":[13],"is_endless":false,"potions_floor_spawned":[3,10,12,22,23,25,28],"killed_by":"Chosen and Byrds","ascension_level":4}}