{"host":"sc0o2qwpf9j16a4i","time":1612883143,"event":{"mods":["AchievementEnabler","BaseMod","BetterRewards","Block Reminder","Colored Map","Colored Powertips","Custom Start","Highlight Path","Minty Spire (QoL Compilation)","Relic Stats"],"gold_per_floor":[116,132,3,3,18,18,33,33,33,112,69,69,88,128,128,221,221,240,240,240],"floor_reached":19,"language":"ENG","playtime":540,"items_purged":["Strike_R"],"score":334,"play_id":"a7a3c0b7-b75f-4a18-b28e-58c579d151f6","local_time":"20210209170543","is_ascension_mode":true,"campfire_choices":[{"data":"Bash","floor":6,"key":"SMITH"},{"data":"Twin Strike","floor":8,"key":"SMITH"},{"floor":12,"key":"REST"},{"floor":15,"key":"REST"}],"circlet_count":0,"master_deck":["AscendersBane","Bash+1","Shrug It Off","Twin Strike+1","Blood for Blood","Burning Pact","Rampage","Bloodletting","Shockwave","Body Slam","Thunderclap","True Grit","Limit Break","Dropkick","Berserk","Thunderclap","Fire Breathing"],"relics":["SacredBark","Golden Idol","Letter Opener","Singing Bowl","Pandora\u0027s Box"],"acts_visited":["Exordium","TheCity"],"potions_floor_usage":[14,16],"damage_taken":[{"damage":16,"enemies":"Small Slimes","floor":1,"turns":5},{"damage":13,"enemies":"Jaw Worm","floor":2,"turns":5},{"damage":0,"enemies":"Cultist","floor":5,"turns":4},{"damage":10,"enemies":"3 Louse","floor":7,"turns":6},{"damage":11,"enemies":"Blue Slaver","floor":13,"turns":4},{"damage":18,"enemies":"Lagavulin","floor":14,"turns":5},{"damage":35,"enemies":"The Guardian","floor":16,"turns":10},{"damage":25,"enemies":"3 Byrds","floor":18,"turns":5},{"damage":38,"enemies":"Shell Parasite","floor":19,"turns":4}],"seed_played":"2942144142664265809","potions_obtained":[{"floor":2,"key":"SkillPotion"},{"floor":16,"key":"SteroidPotion"}],"is_trial":false,"path_per_floor":["M","M","$","?","M","R","M","R","T","?","$","R","M","E","R","B",null,"M","M"],"character_chosen":"IRONCLAD","items_purchased":["PowerPotion","Rampage"],"campfire_rested":2,"item_purchase_floors":[3,11],"current_hp_per_floor":[52,39,39,39,39,39,29,29,29,29,29,49,38,20,40,7,54,31,0,0],"gold":240,"neow_bonus":"BOSS_RELIC","is_daily":false,"chose_seed":false,"campfire_upgraded":2,"win_rate":0.0,"timestamp":1612883143,"path_taken":["M","M","$","?","M","R","M","R","T","?","$","R","M","E","R","BOSS","M","M"],"items_purchased_type":["Potion","Card"],"build_version":"2020-12-22","purchased_purges":1,"victory":false,"max_hp_per_floor":[75,75,75,68,68,68,68,68,68,68,68,68,68,68,68,70,70,72,72,72],"relic_stats":{"Singing Bowl":4,"counters":[9,48],"Golden Idol":41,"Pandora\u0027s Box":["Body Slam","Thunderclap","True Grit","Limit Break","Dropkick","Berserk","Thunderclap","Fire Breathing"],"Letter Opener":[17],"obtain_stats":[{"Singing Bowl":14,"Golden Idol":4,"SacredBark":0,"Pandora\u0027s Box":17,"Letter Opener":9,"Burning Blood":0},{"Singing Bowl":6,"Golden Idol":2,"SacredBark":0,"Pandora\u0027s Box":7,"Letter Opener":4,"Burning Blood":0},{"Singing Bowl":29,"Golden Idol":10,"SacredBark":0,"Pandora\u0027s Box":39,"Letter Opener":20,"Burning Blood":0}]},"card_choices":[{"not_picked":["Thunderclap","Pommel Strike"],"picked":"Shrug It Off","floor":1},{"not_picked":["Armaments","Pommel Strike"],"picked":"Twin Strike","floor":2},{"not_picked":["Rupture","Havoc"],"picked":"Blood for Blood","floor":5},{"not_picked":["Twin Strike","Dark Embrace"],"picked":"Burning Pact","floor":7},{"not_picked":["Rampage","Sword Boomerang"],"picked":"Bloodletting","floor":13},{"not_picked":["Headbutt","Sword Boomerang"],"picked":"Shockwave","floor":14},{"not_picked":["Reaper","Exhume","Juggernaut"],"picked":"Singing Bowl","floor":16},{"not_picked":["Dual Wield","Second Wind","Flex"],"picked":"Singing Bowl","floor":18}],"player_experience":1302572,"relics_obtained":[{"floor":9,"key":"Letter Opener"},{"floor":14,"key":"Singing Bowl"}],"event_choices":[{"damage_healed":0,"gold_gain":0,"player_choice":"Lose Max HP","damage_taken":0,"relics_obtained":["Golden Idol"],"max_hp_gain":0,"max_hp_loss":7,"event_name":"Golden Idol","floor":4,"gold_loss":0},{"damage_healed":0,"gold_gain":79,"player_choice":"Gained Gold","damage_taken":0,"max_hp_gain":0,"max_hp_loss":0,"event_name":"Golden Wing","floor":10,"gold_loss":0}],"is_beta":false,"boss_relics":[{"not_picked":["Empty Cage","Black Star"],"picked":"Pandora\u0027s Box"}],"items_purged_floors":[3],"is_endless":false,"potions_floor_spawned":[2,13,16],"killed_by":"Shell Parasite","ascension_level":20}}