{"host":"f6w7z8zvb0mi4wy9","time":1612877015,"event":{"mods":["BaseMod","Colored Map","Minty Spire (QoL Compilation)","READ ME - Guardian Mod","StSLib","SuperFastMode","The Jungle"],"gold_per_floor":[116,66,81,81,91,91,124,124,170,211,241,273,301,343,355,469,481,482,593,605,617,645,682,300,300,300,300,312,328,340,29,29,127,127,145,161,171,183,196,227,227,262,310,337,132,182,182,195,195,195,195,195,22,50,50],"floor_reached":56,"language":"KOR","playtime":3075,"items_purged":["Streamline","Strike_B"],"score":1433,"play_id":"38b709c9-3e30-4344-b2d9-578289618c69","local_time":"20210209222335","is_ascension_mode":true,"campfire_choices":[{"data":"Dualcast","floor":6,"key":"SMITH"},{"floor":8,"key":"RECALL"},{"floor":15,"key":"REST"},{"data":"Creative AI","floor":25,"key":"SMITH"},{"data":"Creative AI","floor":27,"key":"SMITH"},{"floor":32,"key":"REST"},{"data":"Heatsinks","floor":41,"key":"SMITH"},{"data":"Coolheaded","floor":49,"key":"SMITH"},{"data":"Echo Form","floor":52,"key":"SMITH"}],"circlet_count":0,"master_deck":["Defend_B","Defend_B","Defend_B","Defend_B","Zap+1","Dualcast+1","Gash","Gash","FTL","Coolheaded+1","Chill+1","Steam+1","Creative AI+1","Echo Form+1","Go for the Eyes","Beam Cell","Heatsinks+1","Creative AI+1","Loop+1","Seek+1","Hologram+1","Chill+1","Heatsinks+1","Go for the Eyes"],"relics":["Cracked Core","Regal Pillow","MawBank","Mummified Hand","Thread and Needle","Busted Crown","Toxic Egg 2","DollysMirror","Omamori","Calipers","Empty Cage","War Paint","Smiling Mask","Pantograph","MealTicket","Incense Burner","Oddly Smooth Stone","Bronze Scales"],"acts_visited":["Exordium","TheCity","TheBeyond","TheEnding"],"potions_floor_usage":[3,14,14,16,18,33,33,40,54,55,55],"damage_taken":[{"damage":2,"enemies":"Small Slimes","floor":1,"turns":3},{"damage":0,"enemies":"2 Louse","floor":3,"turns":2},{"damage":0,"enemies":"Cultist","floor":5,"turns":3},{"damage":21,"enemies":"Lagavulin","floor":7,"turns":5},{"damage":21,"enemies":"3 Sentries","floor":10,"turns":7},{"damage":7,"enemies":"Large Slime","floor":11,"turns":5},{"damage":5,"enemies":"2 Fungi Beasts","floor":12,"turns":3},{"damage":0,"enemies":"3 Louse","floor":13,"turns":2},{"damage":7,"enemies":"Lagavulin","floor":14,"turns":6},{"damage":13,"enemies":"Slime Boss","floor":16,"turns":8},{"damage":9,"enemies":"2 Thieves","floor":18,"turns":4},{"damage":0,"enemies":"Shell Parasite","floor":22,"turns":4},{"damage":27,"enemies":"Slavers","floor":23,"turns":3},{"damage":10,"enemies":"Snake Plant","floor":28,"turns":4},{"damage":9,"enemies":"Sentry and Sphere","floor":29,"turns":5},{"damage":0,"enemies":"3 Cultists","floor":30,"turns":4},{"damage":18,"enemies":"Automaton","floor":33,"turns":9},{"damage":0,"enemies":"3 Shapes","floor":35,"turns":4},{"damage":0,"enemies":"Orb Walker","floor":36,"turns":4},{"damage":0,"enemies":"4 Shapes","floor":37,"turns":5},{"damage":7,"enemies":"Sphere and 2 Shapes","floor":38,"turns":3},{"damage":0,"enemies":"3 Darklings","floor":39,"turns":5},{"damage":22,"enemies":"Nemesis","floor":40,"turns":7},{"damage":0,"enemies":"Giant Head","floor":42,"turns":7},{"damage":0,"enemies":"Nemesis","floor":44,"turns":7},{"damage":11,"enemies":"Mind Bloom Boss Battle","floor":46,"turns":5},{"damage":0,"enemies":"4 Shapes","floor":48,"turns":4},{"damage":0,"enemies":"Awakened One","floor":50,"turns":8},{"damage":13,"enemies":"Shield and Spear","floor":54,"turns":6},{"damage":7,"enemies":"The Heart","floor":55,"turns":8}],"seed_played":"-1586942444493031467","potions_obtained":[{"floor":3,"key":"Fruit Juice"},{"floor":7,"key":"SkillPotion"},{"floor":10,"key":"GamblersBrew"},{"floor":13,"key":"SkillPotion"},{"floor":14,"key":"FocusPotion"},{"floor":16,"key":"Strength Potion"},{"floor":30,"key":"SpeedPotion"},{"floor":33,"key":"FairyPotion"},{"floor":36,"key":"PotionOfCapacity"},{"floor":46,"key":"Fire Potion"}],"is_trial":false,"path_per_floor":["M","?","M","?","M","R","E","R","T","E","M","M","M","E","R","B",null,"M","?","?","?","M","E","$","R","T","R","M","M","M","$","R","B",null,"M","M","M","M","M","E","R","E","T","E","$","?","?","M","R","B",null,"R","$","E","B",null],"character_chosen":"DEFECT","items_purchased":["Heatsinks","DollysMirror","EntropicBrew","Calipers","MealTicket","Oddly Smooth Stone","Go for the Eyes"],"campfire_rested":2,"item_purchase_floors":[24,24,24,31,45,53,53],"current_hp_per_floor":[73,73,78,70,70,70,49,49,49,28,21,16,16,9,48,35,80,71,71,71,71,71,44,44,44,44,44,34,25,25,25,64,46,80,80,80,80,73,73,51,51,51,51,51,51,65,65,65,65,80,80,80,80,67,73],"gold":50,"neow_bonus":"UPGRADE_CARD","is_daily":false,"chose_seed":false,"campfire_upgraded":6,"win_rate":0.0,"timestamp":1612877015,"path_taken":["M","?","M","?","M","R","E","R","T","E","M","M","?","E","R","BOSS","M","?","?","?","?","E","$","R","T","R","?","M","M","$","R","BOSS","M","M","M","M","M","E","R","E","T","E","$","?","?","M","R","BOSS","R","$","E","BOSS"],"items_purchased_type":["Card","Relic","Potion","Relic","Relic","Relic","Card"],"build_version":"2020-12-22","purchased_purges":2,"victory":true,"max_hp_per_floor":[75,75,80,80,80,80,80,80,80,80,80,80,80,80,80,80,80,80,80,80,80,80,80,80,80,80,80,80,80,80,80,80,80,80,80,80,80,80,80,80,80,80,80,80,80,80,80,80,80,80,80,80,80,80,80],"card_choices":[{"not_picked":["Rebound","Streamline"],"picked":"Gash","floor":1},{"not_picked":["Hologram","Sunder"],"picked":"Gash","floor":3},{"not_picked":["Leap","Redo"],"picked":"Streamline","floor":5},{"not_picked":["Streamline","Amplify"],"picked":"FTL","floor":7},{"not_picked":["Aggregate","Reinforced Body"],"picked":"Coolheaded","floor":10},{"not_picked":["Redo","Darkness"],"picked":"Chill","floor":11},{"not_picked":["Sunder","Coolheaded"],"picked":"Steam","floor":12},{"not_picked":["Coolheaded","Conserve Battery","Stack"],"picked":"SKIP","floor":13},{"not_picked":["FTL","Darkness"],"picked":"Creative AI","floor":14},{"not_picked":["Buffer","Multi-Cast"],"picked":"Echo Form","floor":16},{"not_picked":[],"picked":"Go for the Eyes","floor":18},{"not_picked":[],"picked":"Beam Cell","floor":22},{"not_picked":["Rip and Tear"],"picked":"SKIP","floor":23},{"not_picked":[],"picked":"Loop+1","floor":28},{"not_picked":["Undo+1"],"picked":"SKIP","floor":29},{"not_picked":["Stack+1"],"picked":"SKIP","floor":30},{"not_picked":[],"picked":"Seek+1","floor":33},{"not_picked":[],"picked":"Hologram+1","floor":35},{"not_picked":[],"picked":"Chill+1","floor":36},{"not_picked":["Leap+1"],"picked":"SKIP","floor":37},{"not_picked":["Rip and Tear+1"],"picked":"SKIP","floor":38},{"not_picked":["Chaos+1"],"picked":"SKIP","floor":39},{"not_picked":["Lockon"],"picked":"SKIP","floor":40},{"not_picked":["Darkness+1"],"picked":"SKIP","floor":42},{"not_picked":[],"picked":"Heatsinks+1","floor":44},{"not_picked":["Streamline+1"],"picked":"SKIP","floor":48},{"not_picked":["Genetic Algorithm+1"],"picked":"SKIP","floor":54}],"player_experience":920353,"relics_obtained":[{"floor":7,"key":"Regal Pillow"},{"floor":9,"key":"MawBank"},{"floor":10,"key":"Mummified Hand"},{"floor":14,"key":"Thread and Needle"},{"floor":23,"key":"Toxic Egg 2"},{"floor":26,"key":"Omamori"},{"floor":40,"key":"War Paint"},{"floor":42,"key":"Smiling Mask"},{"floor":44,"key":"Pantograph"},{"floor":46,"key":"Incense Burner"},{"floor":54,"key":"Bronze Scales"}],"event_choices":[{"cards_removed":["Strike_B"],"damage_healed":0,"gold_gain":0,"player_choice":"Card Removal","damage_taken":0,"max_hp_gain":0,"max_hp_loss":0,"event_name":"The Cleric","floor":2,"gold_loss":50},{"damage_healed":0,"gold_gain":0,"player_choice":"Damaged","damage_taken":8,"max_hp_gain":0,"max_hp_loss":0,"event_name":"Wheel of Change","floor":4,"gold_loss":0},{"damage_healed":0,"gold_gain":99,"player_choice":"Stole From Cult","damage_taken":0,"max_hp_gain":0,"max_hp_loss":0,"event_name":"Nest","floor":19,"gold_loss":0},{"damage_healed":0,"gold_gain":0,"player_choice":"Ignored","damage_taken":0,"max_hp_gain":0,"max_hp_loss":0,"event_name":"Cursed Tome","floor":20,"gold_loss":0},{"damage_healed":0,"gold_gain":0,"player_choice":"0 cards matched","damage_taken":0,"max_hp_gain":0,"max_hp_loss":0,"event_name":"Match and Keep!","floor":21,"gold_loss":0,"cards_obtained":[]},{"damage_healed":0,"gold_gain":0,"player_choice":"Fight","damage_taken":0,"max_hp_gain":0,"max_hp_loss":0,"event_name":"MindBloom","floor":46,"gold_loss":0},{"damage_healed":0,"gold_gain":0,"player_choice":"Ignored","damage_taken":0,"max_hp_gain":0,"max_hp_loss":0,"event_name":"Tomb of Lord Red Mask","floor":47,"gold_loss":0}],"is_beta":false,"boss_relics":[{"not_picked":["Runic Pyramid","Velvet Choker"],"picked":"Busted Crown"},{"not_picked":["Cursed Key","Runic Dome"],"picked":"Empty Cage"}],"items_purged_floors":[24,45],"is_endless":false,"potions_floor_spawned":[3,7,10,13,14,16,30,33,36,38,39,46],"ascension_level":1}}