{"host":"ydh61a5ftgdajrbo","time":1612864171,"event":{"mods":["100% Spire Juice","BaseMod","Colored Map","DeckTracker","Downfall","HololiveMod","Minty Spire (QoL Compilation)","Prisma Mod","Spire Arcade","StSLib","The Alterego","The Cursed","The Gatherer","The Jungle","The Mystic","The Servant 0.9.4","WarShipGirlsR/??¤Ö¤kR mod"],"gold_per_floor":[109,129,129,79,90,90,116,136,136,150,165,165,183,193,193,291,291,303,403,268,268,12,42,42,75,75,93,93,93,111,127,127,224,224,224],"floor_reached":34,"language":"ZHS","playtime":1509,"items_purged":["rmod:defend"],"score":419,"play_id":"723f8b25-85ba-4222-973b-e584c9723a14","local_time":"20210209174931","is_ascension_mode":false,"campfire_choices":[{"data":"rmod:maingunfire","floor":6.0,"key":"SMITH"},{"data":"rmod:luckystar","floor":15.0,"key":"SMITH"},{"data":"rmod:openingtorpedo","floor":24,"key":"SMITH"},{"data":"rmod:acesubmarine","floor":32,"key":"SMITH"}],"circlet_count":0,"master_deck":["rmod:strick","rmod:strick","rmod:defend","rmod:defend","rmod:basicallowance","rmod:maingunfire+1","rmod:diamondstrike","rmod:firesupport","rmod:supportaircraftcarrier","rmod:mineteam","rmod:fletcherpendant","rmod:advancebysurprise","rmod:chargemoney+1","rmod:luckystar+1","rmod:acesubmarine+1","CurseOfTheBell","rmod:steelsupply+1","rmod:maintain","rmod:openingtorpedo+1","rmod:wolves","rmod:salvage","rmod:steelsupply+1","rmod:fletcherpendant","rmod:fletcher"],"relics":["Potion Belt","Gremlin Horn","Calling Bell","PreservedInsect","rmod:equipmentrecovery","Ginger","theJungle:Flamango","Akabeko","Bird Faced Urn","Meat on the Bone","HornCleat","rmod:mogul"],"acts_visited":["Exordium","Exordium","TheBeyond"],"potions_floor_usage":[30],"damage_taken":[{"damage":6.0,"enemies":"Cultist","floor":1.0,"turns":4.0},{"damage":0.0,"enemies":"Small Slimes","floor":2.0,"turns":3.0},{"damage":0.0,"enemies":"2 Louse","floor":5.0,"turns":2.0},{"damage":11.0,"enemies":"Lagavulin","floor":7.0,"turns":6.0},{"damage":6.0,"enemies":"Red Slaver","floor":8.0,"turns":2.0},{"damage":6.0,"enemies":"Blue Slaver","floor":10.0,"turns":3.0},{"damage":7.0,"enemies":"Looter","floor":11.0,"turns":3.0},{"damage":0.0,"enemies":"2 Fungi Beasts","floor":13.0,"turns":1.0},{"damage":6.0,"enemies":"3 Louse","floor":14.0,"turns":3.0},{"damage":29.0,"enemies":"The Guardian","floor":16.0,"turns":7.0},{"damage":16.0,"enemies":"Shell Parasite","floor":18.0,"turns":4.0},{"damage":6,"enemies":"theJungle:2_Phrogs","floor":23,"turns":3},{"damage":0,"enemies":"theJungle:MamaSnecko","floor":25,"turns":2},{"damage":2,"enemies":"theJungle:MUSHROOMGANG","floor":27,"turns":2},{"damage":25,"enemies":"theJungle:2_Flameangoes","floor":30,"turns":6},{"damage":8,"enemies":"theJungle:SlimyTreeVines","floor":31,"turns":3},{"damage":16,"enemies":"theJungle:FunGuy","floor":33,"turns":5}],"seed_played":"-1047401661325799996","potions_obtained":[{"floor":8.0,"key":"AttackPotion"},{"floor":10.0,"key":"Weak Potion"},{"floor":14.0,"key":"LiquidMemories"},{"floor":18.0,"key":"CultistPotion"},{"floor":23,"key":"Regen Potion"},{"floor":30,"key":"Fruit Juice"}],"is_trial":false,"path_per_floor":["M","M","?","?","M","R","E","M","T","M","M","?","M","M","R","B",null,"M","?","?","?","$","E","R","E","T","M","$","?","M","M","R","B",null],"character_chosen":"PRAEFECT","items_purchased":["rmod:maintain","Akabeko"],"campfire_rested":0,"item_purchase_floors":[22,22],"current_hp_per_floor":[76,76,69,69,69,69,58,52,52,46,39,39,39,33,33,4,82,66,61,61,61,61,55,55,59,59,59,59,59,55,49,49,49,87,87],"gold":224,"neow_bonus":"TEN_PERCENT_HP_BONUS","is_daily":false,"chose_seed":false,"campfire_upgraded":4,"win_rate":0.0,"timestamp":1612864171,"path_taken":["M","M","?","?","M","R","E","M","T","M","M","?","?","M","R","BOSS","M","?","?","?","$","E","R","E","T","?","$","?","M","M","R","BOSS"],"items_purchased_type":["Card","Relic"],"build_version":"2020-12-22","purchased_purges":1,"victory":false,"max_hp_per_floor":[82,82,82,82,82,82,82,82,82,82,82,82,82,82,82,82,82,82,82,82,82,82,82,82,82,82,82,82,82,87,87,87,87,87,87],"card_choices":[{"not_picked":["rmod:victimresponsibility","rmod:capitalist"],"picked":"rmod:diamondstrike","floor":1.0},{"not_picked":["rmod:diamondstrike","rmod:victimresponsibility"],"picked":"rmod:firesupport","floor":2.0},{"not_picked":["rmod:fletcherpendant","rmod:gendarmerie"],"picked":"rmod:supportaircraftcarrier","floor":5.0},{"not_picked":["rmod:aggressivemary","rmod:victimresponsibility"],"picked":"rmod:mineteam","floor":7.0},{"not_picked":["rmod:diamondstrike","rmod:fuelsupply"],"picked":"rmod:fletcherpendant","floor":8.0},{"not_picked":["rmod:luckystar","rmod:timeschanged"],"picked":"rmod:advancebysurprise","floor":10.0},{"not_picked":["rmod:rockthrower","rmod:unsinkable"],"picked":"rmod:chargemoney","floor":11.0},{"not_picked":["rmod:mineteam","rmod:ring","rmod:supportescort"],"picked":"SKIP","floor":13.0},{"not_picked":["rmod:victimresponsibility","rmod:firesupport"],"picked":"rmod:luckystar","floor":14.0},{"not_picked":["rmod:desperatesituation","rmod:expeditionaryescort"],"picked":"rmod:acesubmarine","floor":16.0},{"not_picked":["rmod:aviationdawn","rmod:intelligenceanalysis"],"picked":"rmod:steelsupply+1","floor":18.0},{"not_picked":["rmod:tearstotiara","rmod:punchline"],"picked":"rmod:openingtorpedo","floor":23},{"not_picked":["rmod:smokecover","rmod:luckystar"],"picked":"rmod:wolves","floor":25},{"not_picked":["rmod:mineteam","rmod:victimresponsibility"],"picked":"rmod:salvage","floor":27},{"not_picked":["rmod:goodsister+1","rmod:diamondstrike+1"],"picked":"rmod:steelsupply+1","floor":30},{"not_picked":["rmod:diamondstrike+1","rmod:slowdown"],"picked":"rmod:fletcherpendant","floor":31},{"not_picked":["rmod:stealaluminum","rmod:expeditionaryescort"],"picked":"rmod:fletcher","floor":33}],"player_experience":375362,"relics_obtained":[{"floor":7.0,"key":"Potion Belt"},{"floor":9.0,"key":"Gremlin Horn"},{"floor":17.0,"key":"PreservedInsect"},{"floor":17.0,"key":"rmod:equipmentrecovery"},{"floor":17.0,"key":"Ginger"},{"floor":23,"key":"Bird Faced Urn"},{"floor":25,"key":"Meat on the Bone"},{"floor":26,"key":"HornCleat"}],"event_choices":[{"cards_removed":["rmod:strick"],"damage_healed":0.0,"max_hp_gain":0.0,"max_hp_loss":0.0,"gold_gain":0.0,"event_name":"Golden Wing","player_choice":"Card Removal","floor":3.0,"gold_loss":0.0,"damage_taken":7.0},{"cards_removed":["rmod:defend"],"damage_healed":0.0,"max_hp_gain":0.0,"max_hp_loss":0.0,"gold_gain":0.0,"event_name":"The Cleric","player_choice":"Card Removal","floor":4.0,"gold_loss":50.0,"damage_taken":0.0},{"cards_removed":["rmod:strick"],"damage_healed":0.0,"max_hp_gain":0.0,"max_hp_loss":0.0,"gold_gain":0.0,"event_name":"Bonfire Elementals","player_choice":"Offered Basic","floor":12.0,"gold_loss":0.0,"damage_taken":0.0},{"damage_healed":0,"gold_gain":0,"player_choice":"Upgraded","damage_taken":0,"max_hp_gain":0,"max_hp_loss":0,"event_name":"Upgrade Shrine","floor":21,"gold_loss":0,"cards_upgraded":["rmod:chargemoney"]}],"is_beta":false,"boss_relics":[{"not_picked":["Fusion Hammer","Ectoplasm"],"picked":"Calling Bell"},{"not_picked":["SlaversCollar","bronze:MakeshiftBattery"],"picked":"rmod:mogul"}],"items_purged_floors":[22],"is_endless":false,"potions_floor_spawned":[8,10,14,18,23,30],"ascension_level":0}}