{"host":"ibgtsljv18d2rnte","time":1612845645,"event":{"mods":["AchievementEnabler","BaseMod","Better Match","Hermit","Koishi","Marisa????????","Minty Spire (QoL Compilation)","Prisma Mod","Reliquary","StSLib","The Alterego","The Fake Hero","The Marked","The Servant 0.9.4","Waifu the Spire","Yakumo Yukari mod","everything is the same but u backflip on backflip","slay the spire mod where everything is the same but ironclad has a cowboy hat"],"gold_per_floor":[138,71,71,87,97,131,101,128,205,205,205,205,224,244,244,345,345,365,110,70,88,105,133,83,83,107,107,117,131,131,165,165,269,269,281,581,433,483,195,222,222,222,222],"floor_reached":42,"language":"ENG","playtime":3579,"items_purged":[],"score":552,"play_id":"d3639a43-336d-4dda-a4ad-a530e0d494bc","local_time":"20210208214045","is_ascension_mode":false,"campfire_choices":[{"floor":10,"key":"REST"},{"floor":12,"key":"REST"},{"data":"RuptureOfTimeAndSpace_purple","floor":15,"key":"SMITH"},{"floor":25,"key":"REST"},{"data":"OmniscientAndOmnipotent_Monster_purple","floor":27,"key":"SMITH"},{"floor":32,"key":"RECALL"},{"data":"Bait_HighSpeedFlying_purple","floor":41,"key":"SMITH"}],"circlet_count":0,"master_deck":["AT_purpleEX","AT_purpleEX","AT_purpleEX","AT_purpleEX","Defend_purpleEX","Defend_purpleEX","Defend_purpleEX","Defend_purpleEX+1","Observe_purple_1","Observe_purple_2","Boundary_DreamRealityDamnation_purple","Fantasy_PerpetualMotionMachine_purple","OmniscientAndOmnipotent_Monster_purple+1","MonsterNeedle_purple","DimensionStaggered_purple+1","StateErode_purple","RuptureOfTimeAndSpace_purple+1","Charmbait_purple","Mirror_FormAndEmptin_purple","BarrageBoundary_PipeDream_purple+1","RuleDissolution_purple","Fantasy_PerpetualMotionMachine_purple","EighthInstrument_OneDividesIntoTwo_purple","Shallow_ocean_purpleEX","Worldmountain_purple","DimensionStaggered_purple","Shallow_ocean_purpleEX","Shallow_ocean_purpleEX","Human_Monster_Realm_purple","WeekHit_purple+1","Bait_HighSpeedFlying_purple+1","OpenedBox_purple"],"relics":["Boundary_crack","Memoryfragments_purpleEX","NeowsBlessing","Parasol_purpleEX","Oddly Smooth Stone","Ornamental Fan","Busted Crown","reliquary:PartyBalloon","Kunai","Red Mask","SlaversCollar","reliquary:TuningFork","TungstenRod","Antimatter_spacedebris","Unceasing Top"],"acts_visited":["Exordium","TheCity","TheBeyond"],"potions_floor_usage":[8,16,16,16,28,33,40,42,42],"damage_taken":[{"damage":0,"enemies":"Small Slimes","floor":1,"turns":1},{"damage":0,"enemies":"2 Louse","floor":4,"turns":1},{"damage":0,"enemies":"Jaw Worm","floor":5,"turns":1},{"damage":41,"enemies":"Lagavulin","floor":6,"turns":7},{"damage":7,"enemies":"Looter","floor":7,"turns":4},{"damage":27,"enemies":"Gremlin Nob","floor":8,"turns":4},{"damage":8,"enemies":"Gremlin Gang","floor":13,"turns":5},{"damage":1,"enemies":"3 Louse","floor":14,"turns":3},{"damage":0,"enemies":"Hexaghost","floor":16,"turns":5},{"damage":2,"enemies":"Shell Parasite","floor":18,"turns":2},{"damage":0,"enemies":"Spheric Guardian","floor":21,"turns":2},{"damage":14,"enemies":"Snecko","floor":22,"turns":4},{"damage":47,"enemies":"Slavers","floor":23,"turns":4},{"damage":1,"enemies":"3 Cultists","floor":28,"turns":5},{"damage":4,"enemies":"Centurion and Healer","floor":29,"turns":4},{"damage":0,"enemies":"Masked Bandits","floor":31,"turns":2},{"damage":20,"enemies":"Collector","floor":33,"turns":4},{"damage":0,"enemies":"Orb Walker","floor":35,"turns":2},{"damage":10,"enemies":"Mind Bloom Boss Battle","floor":38,"turns":5},{"damage":20,"enemies":"Giant Head","floor":40,"turns":6},{"damage":68,"enemies":"Giant Head","floor":42,"turns":14}],"seed_played":"-165257988066273642","potions_obtained":[{"floor":1,"key":"Regen Potion"},{"floor":8,"key":"Energy Potion"},{"floor":13,"key":"RealmPotion"},{"floor":14,"key":"PanachePotion"},{"floor":18,"key":"SkillPotion"},{"floor":28,"key":"SteroidPotion"},{"floor":29,"key":"PowerPotion"},{"floor":33,"key":"Ancient Potion"},{"floor":38,"key":"BlessingOfTheForge"}],"is_trial":false,"path_per_floor":["M","$","?","M","M","E","M","E","T","R","?","R","M","M","R","B",null,"M","$","?","M","M","E","?","R","T","R","M","M","?","?","R","B",null,"M","?","$","?","$","E","R","?"],"character_chosen":"Youkari","items_purchased":["Fantasy_PerpetualMotionMachine_purple","reliquary:PartyBalloon","Fantasy_PerpetualMotionMachine_purple","EighthInstrument_OneDividesIntoTwo_purple","reliquary:TuningFork","Antimatter_spacedebris","Bait_HighSpeedFlying_purple","OpenedBox_purple"],"campfire_rested":3,"item_purchase_floors":[2,19,19,19,37,39,39,39],"current_hp_per_floor":[70,70,75,75,75,36,33,21,21,43,28,50,46,48,48,50,75,75,75,75,75,66,22,22,44,44,44,45,41,41,43,43,26,75,75,75,75,70,70,51,51,0,0],"gold":222,"neow_bonus":"THREE_ENEMY_KILL","is_daily":false,"chose_seed":false,"campfire_upgraded":3,"win_rate":0.0,"timestamp":1612845645,"path_taken":["M","$","?","M","M","E","M","E","T","R","?","R","?","M","R","BOSS","M","$","?","M","?","E","?","R","T","R","?","M","?","?","R","BOSS","M","?","?","?","$","E","R","?"],"items_purchased_type":["Card","Relic","Card","Card","Relic","Relic","Card","Card"],"build_version":"2020-12-22","purchased_purges":0,"victory":false,"max_hp_per_floor":[70,70,75,75,75,75,75,75,75,75,75,75,75,75,75,75,75,75,75,75,75,75,75,75,75,75,75,75,75,75,75,75,75,75,75,75,75,75,75,75,75,75,75],"card_choices":[{"not_picked":["Mirror_FormAndEmptin_purple","Mirror_WaveAndshot_purple"],"picked":"Boundary_DreamRealityDamnation_purple","floor":1},{"not_picked":["Anti_communist_purple","Line_surface_state_purple"],"picked":"OmniscientAndOmnipotent_Monster_purple","floor":4},{"not_picked":["Fantasy_PerpetualMotionMachine_purple","Shallow_ocean_purpleEX"],"picked":"MonsterNeedle_purple","floor":5},{"not_picked":["ExistenceContinue_purple","MeetDecomposer_purple"],"picked":"DimensionStaggered_purple","floor":6},{"not_picked":["StretchesForeverDream_purple","MeetDecomposer_purple"],"picked":"StateErode_purple","floor":7},{"not_picked":["ExternalForce_HighSpeedFlying_purple","Realm_recovery_purpleEX"],"picked":"RuptureOfTimeAndSpace_purple","floor":8},{"not_picked":["MetroBOOM_purple","LoveAcrossDimensions_purple"],"picked":"Charmbait_purple","floor":13},{"not_picked":["MetroBOOM_purple","Boundary_DreamRealityDamnation_purple"],"picked":"Mirror_FormAndEmptin_purple","floor":14},{"not_picked":["LoveAcrossDimensions_purple","ContainerChange_purple"],"picked":"BarrageBoundary_PipeDream_purple","floor":16},{"not_picked":[],"picked":"RuleDissolution_purple","floor":18},{"not_picked":["Mirror_FormAndEmptin_purple"],"picked":"SKIP","floor":21},{"not_picked":[],"picked":"Shallow_ocean_purpleEX","floor":22},{"not_picked":[],"picked":"Worldmountain_purple","floor":23},{"not_picked":[],"picked":"DimensionStaggered_purple","floor":28},{"not_picked":[],"picked":"Shallow_ocean_purpleEX","floor":29},{"not_picked":[],"picked":"Shallow_ocean_purpleEX","floor":31},{"not_picked":[],"picked":"Human_Monster_Realm_purple","floor":33},{"not_picked":[],"picked":"WeekHit_purple+1","floor":35},{"not_picked":["Mirror_FourBoundary_purple+1"],"picked":"SKIP","floor":40}],"player_experience":102994,"relics_obtained":[{"floor":6,"key":"Parasol_purpleEX"},{"floor":8,"key":"Oddly Smooth Stone"},{"floor":9,"key":"Ornamental Fan"},{"floor":23,"key":"Kunai"},{"floor":31,"key":"Red Mask"},{"floor":38,"key":"TungstenRod"},{"floor":40,"key":"Unceasing Top"}],"event_choices":[{"damage_healed":0,"gold_gain":0,"player_choice":"Entered Light","damage_taken":15,"max_hp_gain":0,"max_hp_loss":0,"event_name":"Shining Light","floor":11,"gold_loss":0,"cards_upgraded":["Defend_purpleEX","DimensionStaggered_purple"]},{"damage_healed":0,"gold_gain":0,"player_choice":"Upgrade","damage_taken":0,"max_hp_gain":0,"max_hp_loss":0,"event_name":"Designer","floor":20,"gold_loss":40,"cards_upgraded":["BarrageBoundary_PipeDream_purple"]},{"damage_healed":0,"gold_gain":0,"player_choice":"Bet on Murderer","damage_taken":0,"max_hp_gain":0,"max_hp_loss":0,"event_name":"The Joust","floor":24,"gold_loss":50},{"damage_healed":0,"gold_gain":0,"player_choice":"Ignored","damage_taken":0,"max_hp_gain":0,"max_hp_loss":0,"event_name":"Vampires","floor":30,"gold_loss":0},{"damage_healed":0,"gold_gain":0,"player_choice":"Fought Bandits","damage_taken":0,"max_hp_gain":0,"max_hp_loss":0,"event_name":"Masked Bandits","floor":31,"gold_loss":0},{"damage_healed":0,"gold_gain":300,"player_choice":"Gold","damage_taken":0,"max_hp_gain":0,"max_hp_loss":0,"event_name":"Wheel of Change","floor":36,"gold_loss":0},{"damage_healed":0,"gold_gain":0,"player_choice":"Fight","damage_taken":0,"max_hp_gain":0,"max_hp_loss":0,"event_name":"MindBloom","floor":38,"gold_loss":0}],"is_beta":false,"boss_relics":[{"not_picked":["reliquary:Craggleroot","Snecko Eye"],"picked":"Busted Crown"},{"not_picked":["reliquary:RedCape","reliquary:Ember"],"picked":"SlaversCollar"}],"items_purged_floors":[],"is_endless":false,"potions_floor_spawned":[1,8,13,14,18,28,29,33,38],"killed_by":"Giant Head","ascension_level":0}}