{"host":"smu9wvm056kwtog1","time":1612861884,"event":{"mods":["BaseMod","Downfall","Minty Spire (QoL Compilation)","Robot Space Explorer","StSLib"],"gold_per_floor":[99,111,130,143,160,160,160,260,260,270,270,298,58,76,94,94,94,94],"floor_reached":16,"language":"ENG","playtime":1021,"items_purged":["Slimebound:Strike_Slimebound"],"score":104,"play_id":"4c63d4b8-13f9-496c-a6aa-aa33049564bc","local_time":"20210209011124","is_ascension_mode":false,"campfire_choices":[{"data":"Slimebound:Split","floor":1,"key":"SMITH"},{"data":"Slimebound:RainOfGoop","floor":6,"key":"SMITH"},{"data":"Slimebound:RejuvenatingLick","floor":9,"key":"SMITH"}],"circlet_count":0,"master_deck":["Slimebound:Strike_Slimebound","Slimebound:Strike_Slimebound","Slimebound:Tackle","Slimebound:Defend_Slimebound","Slimebound:Defend_Slimebound","Slimebound:Defend_Slimebound","Slimebound:Defend_Slimebound","Slimebound:Split+1","Slimebound:CorrosiveSpit","Slimebound:RejuvenatingLick+1","Slimebound:SplitAcid","Slimebound:RainOfGoop+1","Slimebound:HauntingLick","Slimebound:Gluttony","Slimebound:Gluttony","Slimebound:Nibble","Slimebound:OneTwoCombo","Slimebound:PressTheAttack","Slimebound:Schlurp"],"relics":["Slimebound:AbsorbEndCombat","PreservedInsect","Darkstone Periapt","Lantern"],"acts_visited":["Exordium"],"potions_floor_usage":[13],"damage_taken":[{"damage":5,"enemies":"Jaw Worm","floor":2,"turns":4},{"damage":3,"enemies":"Cultist","floor":3,"turns":4},{"damage":0,"enemies":"2 Louse","floor":4,"turns":3},{"damage":8,"enemies":"Red Slaver","floor":5,"turns":3},{"damage":13,"enemies":"Exordium Thugs","floor":10,"turns":3},{"damage":18,"enemies":"Gremlin Nob","floor":12,"turns":3},{"damage":10,"enemies":"downfall:FleeingMerchant","floor":13,"turns":4},{"damage":4,"enemies":"Blue Slaver","floor":14,"turns":3},{"damage":3,"enemies":"2 Fungi Beasts","floor":15,"turns":2},{"damage":55,"enemies":"IC_STATUS_ARCHETYPE","floor":16,"turns":8}],"seed_played":"-3620637696560544750","potions_obtained":[{"floor":3,"key":"DuplicationPotion"},{"floor":4,"key":"SteroidPotion"},{"floor":15,"key":"Guardian:BlockOnCardUsePotion"}],"is_trial":false,"path_per_floor":["R","M","M","M","M","R","T","?","R","M","?","E","$","M","M","B"],"character_chosen":"SLIMEBOUND","items_purchased":["Lantern"],"campfire_rested":0,"item_purchase_floors":[13],"current_hp_per_floor":[71,69,70,70,64,64,64,64,64,57,57,45,43,43,44,0,0,0],"gold":94,"neow_bonus":"TEN_PERCENT_HP_BONUS","is_daily":false,"chose_seed":false,"campfire_upgraded":3,"win_rate":0.0,"timestamp":1612861884,"path_taken":["R","M","M","M","M","R","T","?","R","M","?","E","$","?","M","BOSS"],"items_purchased_type":["Relic"],"build_version":"2020-12-22","purchased_purges":1,"victory":false,"max_hp_per_floor":[71,71,71,71,71,71,71,71,71,71,71,71,71,71,71,71,71,71],"card_choices":[{"not_picked":["Slimebound:ComboTackle","Slimebound:LeechingTouch"],"picked":"Slimebound:RejuvenatingLick","floor":2},{"not_picked":["Slimebound:ItLooksTasty","Slimebound:FinishingTackle"],"picked":"Slimebound:SplitAcid","floor":3},{"not_picked":["Slimebound:SplitMire","Slimebound:PressTheAttack"],"picked":"Slimebound:RainOfGoop","floor":4},{"not_picked":["Slimebound:LeechEnergy","Slimebound:BestDefense"],"picked":"Slimebound:HauntingLick","floor":5},{"not_picked":["Slimebound:Dissolve","Slimebound:SplitBruiser"],"picked":"Slimebound:Gluttony","floor":10},{"not_picked":["Slimebound:SlimeSpikes","Slimebound:ItLooksTasty"],"picked":"Slimebound:Nibble","floor":12},{"not_picked":["Slimebound:SplitLeeching","Slimebound:FlameTackle"],"picked":"Slimebound:OneTwoCombo","floor":13},{"not_picked":["Slimebound:ComboTackle","Slimebound:Chomp"],"picked":"Slimebound:PressTheAttack","floor":14},{"not_picked":["Slimebound:GoopTackle","Slimebound:GoopSpray"],"picked":"Slimebound:Schlurp","floor":15}],"player_experience":1112987,"relics_obtained":[{"floor":7,"key":"PreservedInsect"},{"floor":12,"key":"Darkstone Periapt"}],"event_choices":[],"is_beta":false,"boss_relics":[],"items_purged_floors":[13],"is_endless":false,"potions_floor_spawned":[3,4,15],"killed_by":"IC_STATUS_ARCHETYPE","ascension_level":0}}