{"host":"dcj2yvrgcvh5dl2s","time":1612830500,"event":{"mods":["BaseMod","Bestiary","Better Note","Block Reminder","Colored Powertips","Curses Come First","DeckTracker","Minty Spire (QoL Compilation)","Quick Restart","Rare Cards Sparkle","Relic Stats","StSLib"],"gold_per_floor":[19,19,33,48,198,198,198,198],"floor_reached":7,"language":"ENG","playtime":303,"items_purged":[],"score":82,"play_id":"f5cfca6f-475a-4a39-8118-940b8a2746ca","local_time":"20210209102820","is_ascension_mode":true,"campfire_choices":[{"data":"Whirlwind","floor":6,"key":"SMITH"}],"circlet_count":0,"master_deck":["AscendersBane","Strike_R","Strike_R","Strike_R","Defend_R","Defend_R","Defend_R","Defend_R","Bash","Clash","Disarm","Whirlwind+1","Inflame","Doubt"],"relics":["Burning Blood","Golden Idol"],"acts_visited":[],"potions_floor_usage":[7],"damage_taken":[{"damage":4,"enemies":"Cultist","floor":1,"turns":4},{"damage":0,"enemies":"2 Louse","floor":3,"turns":2},{"damage":13,"enemies":"Small Slimes","floor":4,"turns":3},{"damage":51,"enemies":"Lagavulin","floor":7,"turns":8}],"seed_played":"-8765551221803419917","potions_obtained":[{"floor":3,"key":"SpeedPotion"}],"is_trial":false,"path_per_floor":["M","?","M","M","?","R","E"],"character_chosen":"IRONCLAD","items_purchased":[],"campfire_rested":0,"item_purchase_floors":[],"current_hp_per_floor":[70,44,50,43,43,43,0,0],"gold":198,"neow_bonus":"TRANSFORM_TWO_CARDS","is_daily":false,"chose_seed":false,"campfire_upgraded":1,"win_rate":0.0,"timestamp":1612830500,"path_taken":["M","?","M","M","?","R","E"],"items_purchased_type":[],"build_version":"2020-12-22","purchased_purges":0,"victory":false,"max_hp_per_floor":[75,75,75,75,75,75,75,75],"relic_stats":{"counters":[4,17],"Golden Idol":6,"obtain_stats":[{"Golden Idol":2,"Burning Blood":0},{"Golden Idol":1,"Burning Blood":0},{"Golden Idol":4,"Burning Blood":0}],"Burning Blood":18},"card_choices":[{"not_picked":["Flex","Blood for Blood"],"picked":"Whirlwind","floor":1},{"not_picked":["Armaments","Headbutt"],"picked":"Inflame","floor":3},{"not_picked":["Reckless Charge","Dual Wield","Armaments"],"picked":"SKIP","floor":4}],"player_experience":2335632,"relics_obtained":[],"event_choices":[{"damage_healed":0,"gold_gain":0,"player_choice":"Take Damage","damage_taken":26,"relics_obtained":["Golden Idol"],"max_hp_gain":0,"max_hp_loss":0,"event_name":"Golden Idol","floor":2,"gold_loss":0},{"damage_healed":0,"gold_gain":150,"player_choice":"AGREE","damage_taken":0,"max_hp_gain":0,"max_hp_loss":0,"event_name":"Liars Game","floor":5,"gold_loss":0,"cards_obtained":["Doubt"]}],"is_beta":false,"boss_relics":[],"items_purged_floors":[],"is_endless":false,"potions_floor_spawned":[3],"killed_by":"Lagavulin","ascension_level":20}}