{"host":"soyfmymeou4emntr","time":1612854022,"event":{"mods":["BaseMod","Minty Spire (QoL Compilation)","Permanent Neow","Relic Sorter","Relic Stats","StSLib"],"gold_per_floor":[119,130,130,141,141,141,172,185,257,292,303,303,41,55,55,130,130,147,147,158,169,186,186,211,211,235,0,0,27,27,27,27,27,27],"floor_reached":33,"language":"ENG","playtime":2821,"items_purged":[],"score":590,"play_id":"a8dc59c3-8a27-44d2-aff1-5263355a72fd","local_time":"20210209000022","is_ascension_mode":true,"campfire_choices":[{"data":"Terror","floor":6.0,"key":"SMITH"},{"data":"Caltrops","floor":15.0,"key":"SMITH"},{"floor":23.0,"key":"REST"},{"floor":25.0,"key":"REST"},{"data":"Footwork","floor":30.0,"key":"SMITH"},{"floor":32.0,"key":"REST"}],"circlet_count":0,"master_deck":["AscendersBane","Strike_G","Strike_G","Strike_G","Strike_G","Defend_G","Defend_G","Defend_G","Defend_G","Defend_G","Survivor","Neutralize","Storm of Steel+1","Dagger Spray","Footwork+1","Terror+1","Caltrops+1","Blade Dance","Backflip","Well Laid Plans+1","Venomology","Tools of the Trade+1","Flechettes","Outmaneuver","Well Laid Plans+1","Flying Knee","Infinite Blades+1"],"relics":["Ring of the Snake","Lizard Tail","Frozen Egg 2","Centennial Puzzle","Mummified Hand","SlaversCollar","Ancient Tea Set","Juzu Bracelet","Blood Vial","Ninja Scroll"],"acts_visited":["Exordium","TheCity"],"potions_floor_usage":[33],"damage_taken":[{"damage":14.0,"enemies":"Cultist","floor":1.0,"turns":5.0},{"damage":0.0,"enemies":"Small Slimes","floor":2.0,"turns":3.0},{"damage":1.0,"enemies":"2 Louse","floor":4.0,"turns":4.0},{"damage":23.0,"enemies":"3 Sentries","floor":7.0,"turns":11.0},{"damage":0.0,"enemies":"Large Slime","floor":8.0,"turns":2.0},{"damage":6.0,"enemies":"Gremlin Nob","floor":10.0,"turns":3.0},{"damage":12.0,"enemies":"Lots of Slimes","floor":11.0,"turns":3.0},{"damage":5.0,"enemies":"Gremlin Gang","floor":14.0,"turns":2.0},{"damage":18.0,"enemies":"The Guardian","floor":16.0,"turns":11.0},{"damage":12.0,"enemies":"3 Byrds","floor":18.0,"turns":5.0},{"damage":8.0,"enemies":"Chosen","floor":20.0,"turns":5.0},{"damage":26.0,"enemies":"Snake Plant","floor":21.0,"turns":6.0},{"damage":30.0,"enemies":"Shelled Parasite and Fungi","floor":22.0,"turns":5.0},{"damage":37.0,"enemies":"Slavers","floor":24.0,"turns":4.0},{"damage":9.0,"enemies":"Book of Stabbing","floor":29.0,"turns":4.0},{"damage":96,"enemies":"Champ","floor":33,"turns":11}],"seed_played":"7129797385442884741","potions_obtained":[{"floor":7.0,"key":"Swift Potion"},{"floor":8.0,"key":"ColorlessPotion"},{"floor":11.0,"key":"FearPotion"},{"floor":22.0,"key":"CunningPotion"},{"floor":28.0,"key":"Weak Potion"},{"floor":28.0,"key":"SteroidPotion"}],"is_trial":false,"path_per_floor":["M","M","?","M","?","R","E","M","T","E","M","?","$","M","R","B",null,"M","?","M","M","M","R","E","R","T","$","?","E","R","$","R","B"],"character_chosen":"THE_SILENT","items_purchased":["Mummified Hand","Blood Vial","Infinite Blades+1"],"campfire_rested":3,"item_purchase_floors":[13,27,27],"current_hp_per_floor":[45,45,45,44,44,44,21,21,21,15,3,25,25,20,20,2,50,38,38,30,4,7,26,24,43,43,43,43,36,36,36,55,0,0],"gold":27,"neow_bonus":"ONE_RANDOM_RARE_CARD","is_daily":false,"chose_seed":false,"campfire_upgraded":3,"win_rate":0.0,"timestamp":1612854022,"path_taken":["M","?","?","M","?","R","E","M","T","E","M","?","$","M","R","BOSS","M","?","M","?","?","R","E","R","T","$","?","E","R","$","R","BOSS"],"items_purchased_type":["Relic","Relic","Card"],"build_version":"2020-12-22","purchased_purges":0,"victory":false,"max_hp_per_floor":[66,66,66,66,66,66,66,66,66,66,66,66,66,66,66,66,66,66,66,66,66,66,66,66,66,66,66,66,66,66,66,66,66,66],"relic_stats":{"Blood Vial":4,"Lizard Tail":33,"Centennial Puzzle":[30],"counters":[16,84],"Mummified Hand":[34],"Juzu Bracelet":0,"obtain_stats":[{"Blood Vial":27,"SlaversCollar":17,"Lizard Tail":7,"Centennial Puzzle":10,"Mummified Hand":13,"Ninja Scroll":29,"Juzu Bracelet":26,"Frozen Egg 2":9,"Ancient Tea Set":24,"Ring of the Snake":0},{"Blood Vial":14,"SlaversCollar":9,"Lizard Tail":4,"Centennial Puzzle":6,"Mummified Hand":7,"Ninja Scroll":15,"Juzu Bracelet":14,"Frozen Egg 2":5,"Ancient Tea Set":14,"Ring of the Snake":0},{"Blood Vial":69,"SlaversCollar":44,"Lizard Tail":23,"Centennial Puzzle":28,"Mummified Hand":31,"Ninja Scroll":73,"Juzu Bracelet":69,"Frozen Egg 2":25,"Ancient Tea Set":69,"Ring of the Snake":0}],"Ring of the Snake":[32]},"card_choices":[{"not_picked":["Deadly Poison","PiercingWail"],"picked":"Dagger Spray","floor":1.0},{"not_picked":["Well Laid Plans","Prepared"],"picked":"Footwork","floor":2.0},{"not_picked":["Deadly Poison","Caltrops"],"picked":"Terror","floor":4.0},{"not_picked":["Outmaneuver","Deadly Poison"],"picked":"Caltrops","floor":7.0},{"not_picked":["Bouncing Flask","Expertise"],"picked":"Blade Dance","floor":8.0},{"not_picked":["Underhanded Strike","Bane"],"picked":"Backflip","floor":10.0},{"not_picked":["Poisoned Stab","Dodge and Roll"],"picked":"Well Laid Plans+1","floor":11.0},{"not_picked":["Dagger Throw","Bane"],"picked":"Venomology","floor":14.0},{"not_picked":["Glass Knife","Phantasmal Killer"],"picked":"Tools of the Trade+1","floor":16.0},{"not_picked":["Escape Plan","Acrobatics"],"picked":"Flechettes","floor":18.0},{"not_picked":["Acrobatics","Poisoned Stab","Deflect"],"picked":"SKIP","floor":20.0},{"not_picked":["Catalyst","Sucker Punch"],"picked":"Outmaneuver","floor":21.0},{"not_picked":["Outmaneuver","Escape Plan"],"picked":"Well Laid Plans+1","floor":22.0},{"not_picked":["Distraction","Masterful Stab"],"picked":"Flying Knee","floor":24.0},{"not_picked":["Slice","Backstab","Dagger Spray"],"picked":"SKIP","floor":29.0}],"player_experience":3150635,"relics_obtained":[{"floor":7.0,"key":"Lizard Tail"},{"floor":9.0,"key":"Frozen Egg 2"},{"floor":10.0,"key":"Centennial Puzzle"},{"floor":24.0,"key":"Ancient Tea Set"},{"floor":26.0,"key":"Juzu Bracelet"},{"floor":29.0,"key":"Ninja Scroll"}],"event_choices":[{"damage_healed":0.0,"max_hp_gain":0.0,"max_hp_loss":0.0,"gold_gain":0.0,"event_name":"Living Wall","player_choice":"Grow","floor":3.0,"gold_loss":0.0,"damage_taken":0.0,"cards_upgraded":["Storm of Steel"]},{"damage_healed":0.0,"max_hp_gain":0.0,"max_hp_loss":0.0,"gold_gain":0.0,"event_name":"Liars Game","player_choice":"Ignored","floor":5.0,"gold_loss":0.0,"damage_taken":0.0},{"damage_healed":22.0,"max_hp_gain":0.0,"max_hp_loss":0.0,"gold_gain":0.0,"event_name":"Big Fish","player_choice":"Banana","floor":12.0,"gold_loss":0.0,"damage_taken":0.0},{"cards_removed":["Strike_G"],"damage_healed":0.0,"max_hp_gain":0.0,"max_hp_loss":0.0,"gold_gain":0.0,"event_name":"Bonfire Elementals","player_choice":"Offered Basic","floor":19.0,"gold_loss":0.0,"damage_taken":0.0},{"damage_healed":0.0,"max_hp_gain":0.0,"max_hp_loss":0.0,"gold_gain":0.0,"event_name":"Lab","player_choice":"Got Potions","floor":28.0,"gold_loss":0.0,"damage_taken":0.0}],"is_beta":false,"boss_relics":[{"not_picked":["Runic Dome","Tiny House"],"picked":"SlaversCollar"}],"items_purged_floors":[],"is_endless":false,"potions_floor_spawned":[7,8,11,18,22],"killed_by":"Champ","ascension_level":20}}