{"host":"szp1d6dso4pv7ddl","time":1612838267,"event":{"mods":["AchievementEnabler","Alarm Clock","BaseMod","Bestiary","Block Reminder","Colored Map","Colored Powertips","Curses Come First","Dark Map","Displayed Cursed Tome","Highlight Path","Minty Spire (QoL Compilation)","Permanent Neow","Quick Restart","Relic Sorter","Relic Stats","StSLib","Synergy Search"],"gold_per_floor":[111,121,131,206,38,38,65,65,65,133,147,162,162,162,162,239,239,259,279,194,194,60,60,95,105,132,132,147,164,164,164],"floor_reached":30,"language":"ENG","playtime":2812,"items_purged":["Decay"],"score":475,"play_id":"809146ea-beb5-4044-a1e1-d0e1151d5237","local_time":"20210208183747","is_ascension_mode":true,"campfire_choices":[{"floor":6,"key":"REST"},{"floor":8,"key":"REST"},{"data":"Footwork","floor":13,"key":"SMITH"},{"data":"Unload","floor":15,"key":"SMITH"},{"floor":23,"key":"REST"},{"floor":27,"key":"REST"}],"circlet_count":0,"master_deck":["AscendersBane","Survivor","Neutralize","All Out Attack","PiercingWail","Night Terror","Skewer","Night Terror","Escape Plan","Unload+1","Underhanded Strike","Bouncing Flask","Dash","PiercingWail","Dash","Footwork+1","Dagger Throw+1","Wraith Form v2","Quick Slash+1","Tactician+1","Prepared","Corpse Explosion","Backflip"],"relics":["Pandora\u0027s Box","Regal Pillow","Vajra","Darkstone Periapt","Philosopher\u0027s Stone","Singing Bowl","Whetstone","Smiling Mask"],"acts_visited":["Exordium","TheCity"],"potions_floor_usage":[18,24,24,29,29],"damage_taken":[{"damage":1,"enemies":"2 Louse","floor":1,"turns":2},{"damage":10,"enemies":"Small Slimes","floor":2,"turns":4},{"damage":6,"enemies":"Jaw Worm","floor":3,"turns":3},{"damage":33,"enemies":"Gremlin Nob","floor":7,"turns":6},{"damage":6,"enemies":"Red Slaver","floor":11,"turns":3},{"damage":3,"enemies":"Looter","floor":12,"turns":4},{"damage":36,"enemies":"Slime Boss","floor":16,"turns":12},{"damage":23,"enemies":"3 Byrds","floor":18,"turns":3},{"damage":14,"enemies":"Shell Parasite","floor":19,"turns":8},{"damage":23,"enemies":"Slavers","floor":24,"turns":6},{"damage":14,"enemies":"Centurion and Healer","floor":25,"turns":8},{"damage":3,"enemies":"3 Cultists","floor":28,"turns":3},{"damage":24,"enemies":"Cultist and Chosen","floor":29,"turns":4},{"damage":38,"enemies":"Shelled Parasite and Fungi","floor":30,"turns":4}],"seed_played":"-3997021416393325896","potions_obtained":[{"floor":1,"key":"GhostInAJar"},{"floor":3,"key":"LiquidBronze"},{"floor":19,"key":"FearPotion"},{"floor":24,"key":"SteroidPotion"},{"floor":25,"key":"Explosive Potion"},{"floor":28,"key":"EntropicBrew"}],"is_trial":false,"path_per_floor":["M","M","M","?","$","R","E","R","T","?","M","M","R","?","R","B",null,"M","M","?","?","$","R","E","M","T","R","M","M","M"],"character_chosen":"THE_SILENT","items_purchased":["Regal Pillow","Prepared"],"campfire_rested":4,"item_purchase_floors":[5,22],"current_hp_per_floor":[58,48,42,31,31,65,32,66,66,66,60,57,57,57,57,21,55,32,18,18,24,24,60,39,25,25,62,61,37,0,0],"gold":164,"neow_bonus":"BOSS_RELIC","is_daily":false,"chose_seed":false,"campfire_upgraded":2,"win_rate":0.0,"timestamp":1612838267,"path_taken":["M","M","M","?","$","R","E","R","T","?","M","M","R","?","R","BOSS","M","M","?","?","$","R","E","?","T","R","M","M","M"],"items_purchased_type":["Relic","Card"],"build_version":"2020-12-22","purchased_purges":1,"victory":false,"max_hp_per_floor":[66,66,66,66,66,66,66,66,66,66,66,66,66,66,66,66,66,66,66,66,72,72,72,74,74,74,74,76,76,76,76],"relic_stats":{"Darkstone Periapt":6,"Regal Pillow":60,"Singing Bowl":4,"counters":[14,70],"Pandora\u0027s Box":["Expertise","All Out Attack","PiercingWail","Night Terror","Skewer","Night Terror","Escape Plan","Unload","Underhanded Strike","Bouncing Flask"],"Whetstone":["Quick Slash","Dagger Throw"],"Smiling Mask":0,"obtain_stats":[{"Darkstone Periapt":9,"Regal Pillow":5,"Singing Bowl":20,"Vajra":7,"Pandora\u0027s Box":0,"Philosopher\u0027s Stone":17,"Whetstone":24,"Smiling Mask":26,"Ring of the Snake":0},{"Darkstone Periapt":4,"Regal Pillow":3,"Singing Bowl":9,"Vajra":4,"Pandora\u0027s Box":0,"Philosopher\u0027s Stone":7,"Whetstone":10,"Smiling Mask":11,"Ring of the Snake":0},{"Darkstone Periapt":15,"Regal Pillow":9,"Singing Bowl":45,"Vajra":15,"Pandora\u0027s Box":0,"Philosopher\u0027s Stone":34,"Whetstone":51,"Smiling Mask":59,"Ring of the Snake":0}]},"card_choices":[{"not_picked":["Catalyst","PiercingWail"],"picked":"Dash","floor":1},{"not_picked":["Sucker Punch","Riddle With Holes"],"picked":"PiercingWail","floor":2},{"not_picked":["Finisher","Deadly Poison","Reflex"],"picked":"SKIP","floor":3},{"not_picked":["Slice","Sucker Punch"],"picked":"Dash","floor":7},{"not_picked":["Bane","Accuracy"],"picked":"Footwork","floor":11},{"not_picked":["Backstab","Blade Dance"],"picked":"Dagger Throw","floor":12},{"not_picked":["Die Die Die","Burst"],"picked":"Wraith Form v2","floor":16},{"not_picked":["Poisoned Stab","Predator"],"picked":"Quick Slash","floor":18},{"not_picked":["Blade Dance","Slice"],"picked":"Tactician+1","floor":19},{"not_picked":["Dagger Throw","Dagger Spray","Slice"],"picked":"Singing Bowl","floor":24},{"not_picked":["Cloak And Dagger","Crippling Poison"],"picked":"Corpse Explosion","floor":25},{"not_picked":["Quick Slash","Backstab","Catalyst"],"picked":"Singing Bowl","floor":28},{"not_picked":["Sucker Punch","Deadly Poison"],"picked":"Backflip","floor":29}],"player_experience":1406500,"relics_obtained":[{"floor":7,"key":"Vajra"},{"floor":9,"key":"Darkstone Periapt"},{"floor":24,"key":"Whetstone"},{"floor":26,"key":"Smiling Mask"}],"event_choices":[{"damage_healed":0,"gold_gain":75,"player_choice":"Gather Gold","damage_taken":11,"max_hp_gain":0,"max_hp_loss":0,"event_name":"World of Goop","floor":4,"gold_loss":0},{"damage_healed":0,"gold_gain":68,"player_choice":"Gained Gold","damage_taken":0,"max_hp_gain":0,"max_hp_loss":0,"event_name":"Golden Wing","floor":10,"gold_loss":0},{"cards_removed":["Expertise"],"damage_healed":0,"gold_gain":0,"player_choice":"Purged","damage_taken":0,"max_hp_gain":0,"max_hp_loss":0,"event_name":"Purifier","floor":14,"gold_loss":0},{"damage_healed":0,"gold_gain":0,"player_choice":"Obtained Relic","damage_taken":0,"relics_obtained":["Singing Bowl"],"max_hp_gain":0,"max_hp_loss":0,"event_name":"Addict","floor":20,"gold_loss":85},{"damage_healed":0,"gold_gain":0,"player_choice":"Smashed Altar","damage_taken":0,"max_hp_gain":0,"max_hp_loss":0,"event_name":"Forgotten Altar","floor":21,"gold_loss":0,"cards_obtained":["Decay"]}],"is_beta":false,"boss_relics":[{"not_picked":["Astrolabe","Calling Bell"],"picked":"Philosopher\u0027s Stone"}],"items_purged_floors":[22],"is_endless":false,"potions_floor_spawned":[1,3,12,19,24,25,28],"killed_by":"Shelled Parasite and Fungi","ascension_level":18}}