{"host":"c4wbe3youf5363qr","time":1612834659,"event":{"mods":["BaseMod","Colored Powertips","Minty Spire (QoL Compilation)","Morshu Shopkeeper","Rare Cards Sparkle","Relic Stats","Reliquary","StSLib","The Cursed"],"gold_per_floor":[116,191,210,210,224,224,224,224],"floor_reached":7,"language":"ENG","playtime":280,"items_purged":[],"score":41,"play_id":"c0880319-87ab-4920-9c3c-895e6abae7f4","local_time":"20210208173739","is_ascension_mode":false,"campfire_choices":[{"data":"Bash","floor":6,"key":"SMITH"}],"circlet_count":0,"master_deck":["Strike_R","Strike_R","Strike_R","Strike_R","Strike_R","Defend_R","Defend_R","Defend_R","Defend_R","Bash+1","CurseOfTheBell","Pommel Strike","Cleave"],"relics":["Calling Bell","Lizard Tail","Blood Vial","Sundial"],"acts_visited":["Exordium"],"potions_floor_usage":[],"damage_taken":[{"damage":9,"enemies":"Jaw Worm","floor":1,"turns":5},{"damage":9,"enemies":"2 Louse","floor":3,"turns":3},{"damage":9,"enemies":"Small Slimes","floor":5,"turns":4},{"damage":38,"enemies":"3 Sentries","floor":7,"turns":7}],"seed_played":"-5137258469402240922","potions_obtained":[{"floor":3,"key":"Block Potion"}],"is_trial":false,"path_per_floor":["M","?","M","?","M","R","E"],"character_chosen":"IRONCLAD","items_purchased":[],"campfire_rested":0,"item_purchase_floors":[],"current_hp_per_floor":[71,60,53,53,46,46,10,10],"gold":224,"neow_bonus":"BOSS_RELIC","is_daily":false,"chose_seed":false,"campfire_upgraded":1,"win_rate":0.0,"timestamp":1612834659,"path_taken":["M","?","M","?","?","R","E"],"items_purchased_type":[],"build_version":"2020-12-22","purchased_purges":0,"victory":false,"max_hp_per_floor":[80,80,80,80,80,80,80,80],"relic_stats":{"Blood Vial":6,"Lizard Tail":0,"counters":[4,19],"Sundial":[4],"obtain_stats":[{"Calling Bell":0,"Blood Vial":0,"Lizard Tail":0,"Sundial":0,"Burning Blood":0},{"Calling Bell":0,"Blood Vial":0,"Lizard Tail":0,"Sundial":0,"Burning Blood":0},{"Calling Bell":0,"Blood Vial":0,"Lizard Tail":0,"Sundial":0,"Burning Blood":0}]},"card_choices":[{"not_picked":["Armaments","Sword Boomerang"],"picked":"Pommel Strike","floor":1},{"not_picked":["Clothesline","Havoc","Body Slam"],"picked":"SKIP","floor":3},{"not_picked":["Inflame","Juggernaut"],"picked":"Cleave","floor":5}],"player_experience":305662,"relics_obtained":[{"floor":0,"key":"Lizard Tail"},{"floor":0,"key":"Blood Vial"},{"floor":0,"key":"Sundial"}],"event_choices":[{"damage_healed":0,"gold_gain":75,"player_choice":"Gather Gold","damage_taken":11,"max_hp_gain":0,"max_hp_loss":0,"event_name":"World of Goop","floor":2,"gold_loss":0},{"damage_healed":0,"gold_gain":0,"player_choice":"Leave","damage_taken":0,"max_hp_gain":0,"max_hp_loss":0,"event_name":"The Cleric","floor":4,"gold_loss":0}],"is_beta":false,"boss_relics":[],"items_purged_floors":[],"is_endless":false,"potions_floor_spawned":[3],"killed_by":"3 Sentries","ascension_level":0}}