{"host":"7sni158j623xchr2","time":1612859252,"event":{"mods":["BaseMod","Colored Map","Highlight Path","Minty Spire (QoL Compilation)","Permanent Neow","Potion Indicator Mod","Rare Cards Sparkle","Relic Sorter","Relic Stats","StSLib","everything is the same but u backflip on backflip"],"gold_per_floor":[118,43,53,53,53,79,97,108,108,108,138,157,175,210,210,314,314,325,356,369,729,749,774,774,788,788,788,798,810,117,117,117,213,213,226,246,20,40,40,66,66,98,98,98,113,147,147,163,163,163,163,163,85,113,113],"floor_reached":56,"language":"ENG","playtime":2209,"items_purged":["Defend_G","Strike_G","Strike_G"],"score":1429,"play_id":"96fac5b6-bff3-4c6f-8d00-8f62b087b715","local_time":"20210209022732","is_ascension_mode":true,"campfire_choices":[{"data":"Skewer","floor":10,"key":"SMITH"},{"data":"Neutralize","floor":15,"key":"SMITH"},{"floor":24,"key":"REST"},{"floor":27,"key":"REST"},{"data":"Bouncing Flask","floor":32,"key":"SMITH"},{"floor":41,"key":"RECALL"},{"data":"Tactician","floor":44,"key":"SMITH"},{"data":"Malaise","floor":49,"key":"SMITH"},{"data":"Footwork","floor":52,"key":"SMITH"}],"circlet_count":0,"master_deck":["Strike_G","Strike_G","Strike_G","Defend_G","Defend_G","Defend_G","Defend_G","Survivor","Neutralize+1","Adrenaline+1","Skewer+1","Footwork+1","Poisoned Stab","Acrobatics","Glass Knife","PiercingWail+1","Prepared+1","Malaise+1","PiercingWail+1","Tactician+1","Bouncing Flask+1","Deflect","Terror","Catalyst+1","Outmaneuver+1","Doubt","Catalyst"],"relics":["Ring of the Snake","CultistMask","HornCleat","Singing Bowl","Akabeko","Snake Skull","HoveringKite","Red Mask","StrikeDummy","Blood Vial","Torii","Orrery","Runic Pyramid","Letter Opener","Gremlin Horn","Blue Candle","Orichalcum"],"acts_visited":["Exordium","TheCity","TheBeyond","TheEnding"],"potions_floor_usage":[6,11,23,25,29,33,33,38,46,48,55,55,55],"damage_taken":[{"damage":0,"enemies":"2 Louse","floor":1,"turns":4},{"damage":0,"enemies":"Small Slimes","floor":3,"turns":3},{"damage":0,"enemies":"Gremlin Nob","floor":6,"turns":3},{"damage":0,"enemies":"Cultist","floor":7,"turns":2},{"damage":0,"enemies":"3 Louse","floor":8,"turns":3},{"damage":1,"enemies":"Lagavulin","floor":11,"turns":7},{"damage":0,"enemies":"Looter","floor":12,"turns":1},{"damage":0,"enemies":"Exordium Thugs","floor":13,"turns":4},{"damage":6,"enemies":"3 Sentries","floor":14,"turns":7},{"damage":47,"enemies":"The Guardian","floor":16,"turns":14},{"damage":5,"enemies":"3 Byrds","floor":18,"turns":4},{"damage":15,"enemies":"Masked Bandits","floor":19,"turns":5},{"damage":0,"enemies":"Chosen","floor":20,"turns":3},{"damage":0,"enemies":"Snecko","floor":22,"turns":2},{"damage":14,"enemies":"Gremlin Leader","floor":23,"turns":9},{"damage":10,"enemies":"Sentry and Sphere","floor":25,"turns":8},{"damage":2,"enemies":"Shelled Parasite and Fungi","floor":28,"turns":5},{"damage":5,"enemies":"Cultist and Chosen","floor":29,"turns":4},{"damage":46,"enemies":"Champ","floor":33,"turns":11},{"damage":2,"enemies":"3 Darklings","floor":35,"turns":4},{"damage":0,"enemies":"3 Shapes","floor":36,"turns":4},{"damage":7,"enemies":"Jaw Worm Horde","floor":38,"turns":4},{"damage":42,"enemies":"Giant Head","floor":40,"turns":10},{"damage":14,"enemies":"Nemesis","floor":42,"turns":7},{"damage":0,"enemies":"3 Darklings","floor":45,"turns":4},{"damage":12,"enemies":"Giant Head","floor":46,"turns":8},{"damage":8,"enemies":"4 Shapes","floor":48,"turns":5},{"damage":87,"enemies":"Donu and Deca","floor":50,"turns":11},{"damage":2,"enemies":"Shield and Spear","floor":54,"turns":5},{"damage":43,"enemies":"The Heart","floor":55,"turns":7}],"seed_played":"-2505702166375687108","potions_obtained":[{"floor":1,"key":"CunningPotion"},{"floor":6,"key":"LiquidBronze"},{"floor":7,"key":"Weak Potion"},{"floor":14,"key":"EssenceOfSteel"},{"floor":20,"key":"Weak Potion"},{"floor":22,"key":"GhostInAJar"},{"floor":25,"key":"Energy Potion"},{"floor":31,"key":"Dexterity Potion"},{"floor":35,"key":"CunningPotion"},{"floor":38,"key":"BlessingOfTheForge"},{"floor":42,"key":"DuplicationPotion"},{"floor":46,"key":"Fruit Juice"},{"floor":48,"key":"Dexterity Potion"}],"is_trial":false,"path_per_floor":["M","$","M","?","?","E","M","M","T","R","E","M","M","E","R","B",null,"M","?","M","?","M","E","R","M","T","R","M","M","$","?","R","B",null,"M","M","$","M","?","E","R","E","T","R","M","E","?","M","R","B",null,"R","$","E","B",null],"character_chosen":"THE_SILENT","items_purchased":["Torii","Bouncing Flask","Orrery","DuplicationPotion","GhostInAJar","Catalyst"],"campfire_rested":2,"item_purchase_floors":[30,30,30,30,37,53],"current_hp_per_floor":[63,63,63,63,63,63,63,63,63,63,64,66,68,64,64,17,71,66,53,55,19,19,5,27,17,17,39,39,38,48,48,48,6,89,89,91,91,84,84,44,44,34,34,34,36,26,93,92,92,7,100,100,100,100,59],"gold":113,"neow_bonus":"THREE_RARE_CARDS","is_daily":false,"chose_seed":false,"campfire_upgraded":6,"win_rate":0.0,"timestamp":1612859252,"path_taken":["M","$","M","?","?","E","M","M","T","R","E","M","?","E","R","BOSS","M","?","M","?","M","E","R","M","T","R","M","?","$","?","R","BOSS","M","?","$","M","?","E","R","E","T","R","M","E","?","M","R","BOSS","R","$","E","BOSS"],"items_purchased_type":["Relic","Card","Relic","Potion","Potion","Card"],"build_version":"2020-12-22","purchased_purges":3,"victory":true,"max_hp_per_floor":[63,63,63,63,63,63,63,63,63,63,65,67,69,71,71,71,71,71,73,75,75,75,75,75,75,75,75,75,77,87,87,87,89,89,91,91,91,91,91,91,91,93,93,93,93,93,93,100,100,100,100,100,100,102,102],"relic_stats":{"Blood Vial":20,"Singing Bowl":34,"Torii":38,"Gremlin Horn":[8,8],"counters":[30,168],"Blue Candle":[3],"HoveringKite":[67],"Snake Skull":[147],"Letter Opener":[207],"Orichalcum":[24],"obtain_stats":[{"Singing Bowl":9,"Torii":30,"Gremlin Horn":42,"Blue Candle":46,"HoveringKite":17,"Snake Skull":14,"Letter Opener":40,"Orichalcum":54,"Akabeko":11,"Blood Vial":26,"HornCleat":6,"Orrery":30,"CultistMask":5,"Red Mask":19,"StrikeDummy":23,"Ring of the Snake":0,"Runic Pyramid":34},{"Singing Bowl":5,"Torii":18,"Gremlin Horn":24,"Blue Candle":26,"HoveringKite":10,"Snake Skull":9,"Letter Opener":23,"Orichalcum":29,"Akabeko":6,"Blood Vial":16,"HornCleat":3,"Orrery":18,"CultistMask":2,"Red Mask":12,"StrikeDummy":15,"Ring of the Snake":0,"Runic Pyramid":19},{"Singing Bowl":15,"Torii":88,"Gremlin Horn":128,"Blue Candle":140,"HoveringKite":48,"Snake Skull":34,"Letter Opener":121,"Orichalcum":161,"Akabeko":22,"Blood Vial":79,"HornCleat":10,"Orrery":88,"CultistMask":7,"Red Mask":57,"StrikeDummy":71,"Ring of the Snake":0,"Runic Pyramid":99}],"Ring of the Snake":[60]},"card_choices":[{"not_picked":["Venomology","Phantasmal Killer"],"picked":"Adrenaline","floor":0},{"not_picked":["Sucker Punch","Escape Plan"],"picked":"Skewer","floor":1},{"not_picked":["Flying Knee","Dagger Throw"],"picked":"Footwork","floor":3},{"not_picked":["Dagger Throw","Flechettes"],"picked":"Poisoned Stab","floor":6},{"not_picked":["Dagger Throw","Riddle With Holes"],"picked":"Acrobatics","floor":7},{"not_picked":["Prepared","Noxious Fumes","Bane"],"picked":"SKIP","floor":8},{"not_picked":["Sucker Punch","Choke","Poisoned Stab"],"picked":"Singing Bowl","floor":11},{"not_picked":["Heel Hook","Reflex","Slice"],"picked":"Singing Bowl","floor":12},{"not_picked":["Cloak And Dagger","Underhanded Strike","Skewer"],"picked":"Singing Bowl","floor":13},{"not_picked":["Footwork","Dagger Spray","Noxious Fumes"],"picked":"Singing Bowl","floor":14},{"not_picked":["Wraith Form v2","A Thousand Cuts"],"picked":"Glass Knife","floor":16},{"not_picked":["Cloak And Dagger","Prepared+1"],"picked":"PiercingWail+1","floor":18},{"not_picked":["Riddle With Holes","Slice","Acrobatics"],"picked":"Singing Bowl","floor":19},{"not_picked":["Bane","Infinite Blades+1","Masterful Stab+1"],"picked":"Singing Bowl","floor":20},{"not_picked":["Deflect","Blade Dance"],"picked":"Prepared+1","floor":22},{"not_picked":["Tools of the Trade","Expertise"],"picked":"Malaise","floor":23},{"not_picked":["Underhanded Strike+1","Footwork"],"picked":"PiercingWail+1","floor":25},{"not_picked":["Slice","Quick Slash"],"picked":"Tactician","floor":28},{"not_picked":["Riddle With Holes","Poisoned Stab+1","Dodge and Roll"],"picked":"Singing Bowl","floor":29},{"not_picked":["Crippling Poison","Bouncing Flask","Bane+1"],"picked":"Singing Bowl","floor":30},{"not_picked":["Crippling Poison","Poisoned Stab+1","Quick Slash"],"picked":"Singing Bowl","floor":30},{"not_picked":["All Out Attack","Choke","Sucker Punch"],"picked":"Singing Bowl","floor":30},{"not_picked":["Well Laid Plans","Noxious Fumes","Deadly Poison"],"picked":"Singing Bowl","floor":30},{"not_picked":["Flechettes","Accuracy","Slice+1"],"picked":"Singing Bowl","floor":30},{"not_picked":["Die Die Die","A Thousand Cuts","Wraith Form v2"],"picked":"Singing Bowl","floor":33},{"not_picked":["Underhanded Strike","Skewer","Blade Dance"],"picked":"Singing Bowl","floor":35},{"not_picked":["Underhanded Strike+1","Slice"],"picked":"Deflect","floor":36},{"not_picked":["Finisher","Infinite Blades+1"],"picked":"Footwork+1","floor":38},{"not_picked":["Bane+1","Dagger Spray"],"picked":"Terror","floor":40},{"not_picked":["Blade Dance+1","Riddle With Holes+1","Unload"],"picked":"Singing Bowl","floor":42},{"not_picked":["Footwork","Infinite Blades+1"],"picked":"Catalyst+1","floor":45},{"not_picked":["Poisoned Stab+1","Dagger Throw+1"],"picked":"Outmaneuver+1","floor":46},{"not_picked":["Outmaneuver+1","Slice+1","Backflip"],"picked":"Singing Bowl","floor":48},{"not_picked":["Flechettes","Dagger Throw","Poisoned Stab"],"picked":"Singing Bowl","floor":54}],"player_experience":1760732,"relics_obtained":[{"floor":6,"key":"HornCleat"},{"floor":9,"key":"Singing Bowl"},{"floor":11,"key":"Akabeko"},{"floor":14,"key":"Snake Skull"},{"floor":19,"key":"Red Mask"},{"floor":23,"key":"StrikeDummy"},{"floor":26,"key":"Blood Vial"},{"floor":40,"key":"Letter Opener"},{"floor":42,"key":"Gremlin Horn"},{"floor":46,"key":"Blue Candle"},{"floor":54,"key":"Orichalcum"}],"event_choices":[{"damage_healed":0,"gold_gain":0,"player_choice":"Grow","damage_taken":0,"max_hp_gain":0,"max_hp_loss":0,"event_name":"Living Wall","floor":4,"gold_loss":0,"cards_upgraded":["Adrenaline"]},{"damage_healed":0,"gold_gain":0,"player_choice":"Trade","damage_taken":0,"relics_obtained":["CultistMask"],"max_hp_gain":0,"max_hp_loss":0,"event_name":"FaceTrader","floor":5,"gold_loss":0},{"damage_healed":0,"gold_gain":0,"player_choice":"Fought Bandits","damage_taken":0,"max_hp_gain":0,"max_hp_loss":0,"event_name":"Masked Bandits","floor":19,"gold_loss":0},{"damage_healed":0,"gold_gain":360,"player_choice":"GOLD GOLD GOLD GOLD ","damage_taken":36,"max_hp_gain":0,"max_hp_loss":0,"event_name":"Knowing Skull","floor":21,"potions_obtained":[],"gold_loss":0,"cards_obtained":[]},{"damage_healed":0,"gold_gain":0,"player_choice":"Got Potions","damage_taken":0,"max_hp_gain":0,"max_hp_loss":0,"event_name":"Lab","floor":31,"gold_loss":0},{"cards_removed":["Footwork"],"damage_healed":0,"gold_gain":0,"player_choice":"Removed Power","damage_taken":0,"max_hp_gain":0,"max_hp_loss":0,"event_name":"Falling","floor":39,"gold_loss":0},{"damage_healed":67,"gold_gain":0,"player_choice":"Heal","damage_taken":0,"max_hp_gain":0,"max_hp_loss":0,"event_name":"MindBloom","floor":47,"gold_loss":0,"cards_obtained":["Doubt"]}],"is_beta":false,"boss_relics":[{"not_picked":["Pandora\u0027s Box","Calling Bell"],"picked":"HoveringKite"},{"not_picked":["WristBlade","Runic Dome"],"picked":"Runic Pyramid"}],"items_purged_floors":[2,30,37],"is_endless":false,"potions_floor_spawned":[1,6,7,14,20,22,25,35,38,42,46,48],"ascension_level":1}}