{"host":"mytek2nu1hrzdnew","time":1612830155,"event":{"mods":["AchievementEnabler","Aspiration","BaseMod","Conspire","GifTheSpireLib","Gold Saver","Hubris","Infinite Spire","Minty Spire (QoL Compilation)","Replay The Spire","StSLib","Stuff the Spire","The Death Knight","Uncapped"],"gold_per_floor":[112,127,77,77,77,102,115,115,142,172,186,186,186,221,221,221,221],"floor_reached":16,"language":"ENG","playtime":1102,"items_purged":[],"score":150,"play_id":"0a8426f6-98fb-48ab-b6eb-6b10a64647f6","local_time":"20210208192235","is_ascension_mode":true,"campfire_choices":[{"floor":8,"key":"REST"},{"floor":12,"key":"REST"},{"floor":15,"key":"REST"}],"circlet_count":0,"master_deck":["DeathKnight:Strike_DeathKnight","DeathKnight:Strike_DeathKnight","DeathKnight:Strike_DeathKnight","DeathKnight:Strike_DeathKnight","DeathKnight:Strike_DeathKnight","DeathKnight:Defend_DeathKnight","DeathKnight:Defend_DeathKnight","DeathKnight:Defend_DeathKnight","DeathKnight:Defend_DeathKnight","DeathKnight:RuneTap","DeathKnight:RuneStrike","DeathKnight:UnholyFrenzy","DeathKnight:GargoyleSkin","DeathKnight:MutagenicPlague","DeathKnight:PathOfFrost","DeathKnight:DeathCoil","DeathKnight:DeathsAdvance"],"relics":["DeathKnight:BrokenRuneblade","aspiration:Nostalgia","Ring of the Snake","hubris:ToyBattleship","StuffTheSpire:OldFever","Replay:Mystery Machine","Golden Idol","hubris:DisguiseKit"],"acts_visited":["Exordium"],"potions_floor_usage":[16,16],"damage_taken":[{"damage":1,"enemies":"Small Slimes","floor":1,"turns":4},{"damage":2,"enemies":"2 Louse","floor":2,"turns":4},{"damage":49,"enemies":"Gremlin Nob","floor":6,"turns":6},{"damage":0,"enemies":"Jaw Worm","floor":7,"turns":4},{"damage":26,"enemies":"3 Sentries","floor":10,"turns":10},{"damage":6,"enemies":"Blue Slaver","floor":11,"turns":5},{"damage":0,"enemies":"Replay:BlueRogue","floor":14,"turns":5},{"damage":55,"enemies":"Slime Boss","floor":16,"turns":10}],"seed_played":"3510466954773534494","potions_obtained":[{"floor":1,"key":"Languid Potion"},{"floor":11,"key":"Energy Potion"}],"is_trial":false,"path_per_floor":["M","M","?","?","?","E","M","R","T","E","M","R","?","E","R","B"],"character_chosen":"DEATH_KNIGHT","items_purchased":[],"campfire_rested":3,"item_purchase_floors":[],"current_hp_per_floor":[74,72,72,72,72,23,23,45,45,19,13,35,35,35,55,0,0],"gold":221,"neow_bonus":"NOSTALGIA","is_daily":false,"chose_seed":false,"campfire_upgraded":0,"win_rate":0.0,"timestamp":1612830155,"path_taken":["M","M","?","?","?","E","M","R","T","E","?","R","?","E","R","BOSS"],"items_purchased_type":[],"build_version":"2020-12-22","purchased_purges":0,"victory":false,"max_hp_per_floor":[75,75,75,75,75,75,75,75,75,75,75,75,69,69,69,69,69],"card_choices":[{"not_picked":["DeathKnight:HartStrike","DeathKnight:DeathGrip"],"picked":"DeathKnight:UnholyFrenzy","floor":1},{"not_picked":["DeathKnight:DeathGrip","DeathKnight:BloodEchoes"],"picked":"DeathKnight:GargoyleSkin","floor":2},{"not_picked":["DeathKnight:Ossuary","DeathKnight:GargoyleSkin"],"picked":"DeathKnight:MutagenicPlague","floor":6},{"not_picked":["DeathKnight:AntiMagicShell","DeathKnight:HartStrike","DeathKnight:BoneSpear"],"picked":"SKIP","floor":7},{"not_picked":["DeathKnight:DeathRune","DeathKnight:BludPresence"],"picked":"DeathKnight:PathOfFrost","floor":10},{"not_picked":["DeathKnight:Parry","DeathKnight:IcyTouch"],"picked":"DeathKnight:DeathCoil","floor":11},{"not_picked":["DeathKnight:WraithWalk","DeathKnight:Obliterate"],"picked":"DeathKnight:DeathsAdvance","floor":14}],"player_experience":1067249,"relics_obtained":[{"floor":6,"key":"hubris:ToyBattleship"},{"floor":9,"key":"StuffTheSpire:OldFever"},{"floor":10,"key":"Replay:Mystery Machine"},{"floor":14,"key":"hubris:DisguiseKit"}],"event_choices":[{"cards_removed":["DeathKnight:Defend_DeathKnight"],"damage_healed":0,"gold_gain":0,"player_choice":"Card Removal","damage_taken":0,"max_hp_gain":0,"max_hp_loss":0,"event_name":"The Cleric","floor":3,"gold_loss":50},{"damage_healed":0,"gold_gain":0,"player_choice":"Ignored","damage_taken":0,"max_hp_gain":0,"max_hp_loss":0,"event_name":"Liars Game","floor":5,"gold_loss":0},{"damage_healed":0,"gold_gain":0,"player_choice":"Lose Max HP","damage_taken":0,"relics_obtained":["Golden Idol"],"max_hp_gain":0,"max_hp_loss":6,"event_name":"Golden Idol","floor":13,"gold_loss":0}],"is_beta":false,"boss_relics":[],"items_purged_floors":[],"is_endless":false,"potions_floor_spawned":[1,6,10,11],"killed_by":"Slime Boss","ascension_level":1}}