{"host":"1bvadgc0hovl67h4","time":1612841927,"event":{"mods":["BaseMod","Colored Map","Downfall","Hermit","Minty Spire (QoL Compilation)","Morshu Shopkeeper","Morshu Shopkeeper - ENHANCED","StSLib","The Cursed"],"gold_per_floor":[99,116,116,127,227,127,127,155,174,190,203,220,235,685,703,703,703,703],"floor_reached":16,"language":"ENG","playtime":767,"items_purged":[],"score":111,"play_id":"1742eebf-e756-4175-8a50-8ed56ca94aff","local_time":"20210208193847","is_ascension_mode":true,"campfire_choices":[{"floor":1,"key":"RECALL"},{"data":"champ:Taunt","floor":6,"key":"SMITH"}],"circlet_count":0,"master_deck":["champ:Strike","champ:Strike","champ:Strike","champ:Defend","champ:Defend","champ:Defend","champ:Defend","champ:Execute","champ:Taunt+1","champ:CrownThrow","champ:PreciseThrust","champ:RageSigil","champ:Haymaker","champ:EnragedBash","champ:StanceDance","champ:FaceSlap","downfall:Icky","downfall:Icky","downfall:Icky","champ:GutPunch"],"relics":["champ:ChampionCrown","Lizard Tail","downfall:HeartBlessingRed","Calipers","Toy Ornithopter"],"acts_visited":["Exordium"],"potions_floor_usage":[9,11,13,16,16],"damage_taken":[{"damage":12,"enemies":"2 Louse","floor":2,"turns":2},{"damage":15,"enemies":"Small Slimes","floor":4,"turns":3},{"damage":28,"enemies":"Gremlin Nob","floor":8,"turns":4},{"damage":25,"enemies":"Jaw Worm","floor":9,"turns":2},{"damage":11,"enemies":"2 Fungi Beasts","floor":10,"turns":3},{"damage":51,"enemies":"Gremlin Gang","floor":11,"turns":5},{"damage":18,"enemies":"3 Louse","floor":12,"turns":3},{"damage":15,"enemies":"Exordium Thugs","floor":13,"turns":5},{"damage":22,"enemies":"Blue Slaver","floor":15,"turns":2},{"damage":55,"enemies":"DF_ARCHETYPE_STREAMLINE","floor":16,"turns":4}],"seed_played":"8337688267938448565","potions_obtained":[{"floor":2,"key":"Slimebound:ThreeZeroPotion"},{"floor":9,"key":"Block Potion"},{"floor":12,"key":"Dexterity Potion"},{"floor":13,"key":"DistilledChaos"},{"floor":15,"key":"champ:CounterPotion"}],"is_trial":false,"path_per_floor":["R","M","?","M","?","R","T","E","M","M","M","M","M","?","M","B"],"character_chosen":"THE_CHAMP","items_purchased":[],"campfire_rested":0,"item_purchase_floors":[],"current_hp_per_floor":[81,79,79,74,74,74,74,56,61,50,19,12,12,12,45,0,0,0],"gold":703,"neow_bonus":"ONE_RARE_RELIC","is_daily":false,"chose_seed":false,"campfire_upgraded":1,"win_rate":0.0,"timestamp":1612841927,"path_taken":["R","M","?","M","?","R","T","E","M","M","M","M","M","?","M","BOSS"],"items_purchased_type":[],"build_version":"2020-12-22","purchased_purges":0,"victory":false,"max_hp_per_floor":[81,81,81,81,81,81,81,81,81,81,81,81,81,81,81,81,81,81],"card_choices":[{"not_picked":["champ:Haymaker","champ:EnGarde"],"picked":"champ:CrownThrow","floor":2},{"not_picked":["champ:Endure","champ:BladeFlurry"],"picked":"champ:PreciseThrust","floor":4},{"not_picked":["champ:CrownThrow","champ:FalseCounter"],"picked":"champ:RageSigil","floor":8},{"not_picked":["champ:FlashCut","champ:Encircle"],"picked":"champ:Haymaker","floor":9},{"not_picked":["champ:EndlessRage","champ:LastStand"],"picked":"champ:EnragedBash","floor":10},{"not_picked":["champ:FocusedBerserking","champ:BerserkersShout","champ:Shatter"],"picked":"SKIP","floor":11},{"not_picked":["champ:FancyFootwork","champ:PerfectedStrike"],"picked":"champ:StanceDance","floor":12},{"not_picked":["champ:EnragedBash","champ:PerfectedStrike"],"picked":"champ:FaceSlap","floor":13},{"not_picked":["champ:FanOfKnives","champ:CrownThrow"],"picked":"champ:GutPunch","floor":15}],"player_experience":262861,"relics_obtained":[{"floor":7,"key":"Calipers"},{"floor":8,"key":"Toy Ornithopter"}],"event_choices":[],"is_beta":false,"boss_relics":[],"items_purged_floors":[],"is_endless":false,"potions_floor_spawned":[2,9,12,13,15],"killed_by":"DF_ARCHETYPE_STREAMLINE","ascension_level":1}}