{"host":"2i0myh7fqij2ti1z","time":1612837988,"event":{"mods":["Aspiration","BaseMod","Better Third Choice","Colored Powertips","Conspire","Evolution","FoggyMod","GifTheSpireLib","Highlight Path","Hubris","Minty Spire (QoL Compilation)","Permanent Neow","Quick Restart","Random Character Button","Random Character Mod","Replay The Spire","Shop Mod","Spicy Shops","StSLib","Stuff the Spire","Wandering Minibosses","óô»ðÖ¸ÄÏ"],"gold_per_floor":[116,191,116,116,116,116,143,143,143,172,72,72,113,148,148,248,248,1006,1006,1006,1006,1006,1033,908,908,935,693,693,518,544,544,544,648,648,664,664,23,23,23],"floor_reached":38,"language":"ENG","playtime":1925,"items_purged":["Defend_R","Defend_R","Defend_R","Strike_R","Defend_R","StuffTheSpire:Incineration+1","Wild Strike"],"score":1024,"play_id":"fc58d8ca-16eb-4ad5-89a7-c6e6d357bd92","local_time":"20210209103308","is_ascension_mode":true,"campfire_choices":[{"data":"Iron Wave","floor":6.0,"key":"SMITH"},{"data":"Barricade","floor":32.0,"key":"SMITH"}],"circlet_count":0,"master_deck":["AscendersBane","Iron Wave+1","Cleave+1","Bash","Burning Pact+1","StuffTheSpire:Slingshot","StuffTheSpire:BloodClot","Exhume+1","J.A.X.+1","Barricade+1","Panacea+1","Disarm+1","Offering+1","Sword Boomerang+1","Reaper"],"relics":["EVO:Axolotl","Electric Blood","Black Star","Juzu Bracelet","hubris:Towel","hubris:TenFootPole","hubris:ChampionShield","Toxic Egg 2","Red Skull","MealTicket","Replay:Multitool","hubris:TinFlute","Magic Flower","Ice Cream","Replay:Bronze Core","wanderingMiniBosses:MasterThiefsPresence","ReplayTheSpireMod:Ring of Challenge","Toy Ornithopter","Chameleon Ring","hubris:Icosahedron","StuffTheSpire:Experiment12","Replay:Bottled Snecko","aspiration:RitualStick","Pocketwatch","Replay:Wax Seal","Turnip","StuffTheSpire:BottledEssence"],"acts_visited":["Exordium","TheCity","TheBeyond"],"potions_floor_usage":[],"damage_taken":[{"damage":6.0,"enemies":"conspire:RoseBush","floor":1.0,"turns":3.0},{"damage":17.0,"enemies":"3 Sentries","floor":7.0,"turns":4.0},{"damage":11.0,"enemies":"Gremlin Nob","floor":10.0,"turns":3.0},{"damage":17.0,"enemies":"conspire:MimicChest","floor":13.0,"turns":5.0},{"damage":12.0,"enemies":"Lagavulin","floor":14.0,"turns":5.0},{"damage":26.0,"enemies":"Fading Forest","floor":16.0,"turns":11.0},{"damage":12.0,"enemies":"Spheric Guardian","floor":18.0,"turns":6.0},{"damage":3.0,"enemies":"Replay:Snechameleon","floor":23.0,"turns":1.0},{"damage":7.0,"enemies":"conspire:Head Lice","floor":30.0,"turns":3.0},{"damage":19.0,"enemies":"Pondfish","floor":33.0,"turns":6.0},{"damage":14.0,"enemies":"Orb Walker","floor":35.0,"turns":2.0},{"damage":17.0,"enemies":"Mind Bloom Boss Battle","floor":38.0,"turns":5.0}],"seed_played":"5175895373478777150","potions_obtained":[{"floor":16.0,"key":"Cursed Concoction"},{"floor":19.0,"key":"Explosive Potion"},{"floor":19.0,"key":"Strength Potion"},{"floor":19.0,"key":"Block Potion"},{"floor":33.0,"key":"Milkshake"},{"floor":35.0,"key":"SkillPotion"}],"is_trial":false,"path_per_floor":["M","?","$","?","?","R","E","?","T","E","$","T","?","E","R","B",null,"M","?","?","?","?","E","R","?","T","$","T","$","E","?","R","B",null,"M","?","$","?"],"character_chosen":"IRONCLAD","items_purchased":["Panacea+1","Reaper","StuffTheSpire:BottledEssence"],"campfire_rested":0,"item_purchase_floors":[27,37,37],"current_hp_per_floor":[66,55,55,39,44,44,27,27,27,16,31,31,14,2,27,13,67,55,55,55,55,46,43,43,35,35,50,50,65,58,58,58,63,80,66,66,81,84,84],"gold":23,"neow_bonus":"BOSS_RELIC","is_daily":false,"chose_seed":false,"campfire_upgraded":2,"win_rate":0.0,"timestamp":1612837988,"path_taken":["M","?","$","?","?","R","E","?","T","E","?","?","?","E","R","BOSS","M","?","?","?","?","E","R","?","T","$","?","?","E","?","R","BOSS","M","?","$","?"],"items_purchased_type":["Card","Card","Relic"],"build_version":"2020-12-22","purchased_purges":7,"victory":false,"max_hp_per_floor":[80,80,80,80,85,85,85,85,85,85,85,85,85,85,85,85,85,85,85,85,85,85,85,85,85,85,85,85,85,85,85,85,85,85,85,85,85,85,85],"card_choices":[{"not_picked":["True Grit","Anger"],"picked":"Burning Pact","floor":1.0},{"not_picked":["Shrug It Off","hubris:CleavingFinish"],"picked":"StuffTheSpire:Slingshot","floor":7.0},{"not_picked":["Massacre","Pommel Strike","Wild Strike"],"picked":"SKIP","floor":10.0},{"not_picked":["ReplayTheSpireMod:Strike From Hell","Sever Soul","Metallicize"],"picked":"SKIP","floor":14.0},{"not_picked":["Fiend Fire","Corruption"],"picked":"Exhume+1","floor":16.0},{"not_picked":["StuffTheSpire:Resist","Iron Wave","Sword Boomerang+1"],"picked":"SKIP","floor":18.0},{"not_picked":["Immolate","Power Through+1"],"picked":"Barricade","floor":23.0},{"not_picked":["Shrug It Off+1","Warcry+1"],"picked":"Disarm+1","floor":30.0},{"not_picked":["conspire:HitWhereItHurts","Immolate"],"picked":"Offering+1","floor":33.0},{"not_picked":["Anger","Rage+1"],"picked":"Sword Boomerang+1","floor":35.0}],"player_experience":329343,"relics_obtained":[{"floor":7.0,"key":"hubris:TenFootPole"},{"floor":7.0,"key":"hubris:ChampionShield"},{"floor":9.0,"key":"Toxic Egg 2"},{"floor":10.0,"key":"Red Skull"},{"floor":10.0,"key":"MealTicket"},{"floor":12.0,"key":"Replay:Multitool"},{"floor":13.0,"key":"hubris:TinFlute"},{"floor":14.0,"key":"Magic Flower"},{"floor":14.0,"key":"Ice Cream"},{"floor":18.0,"key":"wanderingMiniBosses:MasterThiefsPresence"},{"floor":19.0,"key":"ReplayTheSpireMod:Ring of Addiction"},{"floor":19.0,"key":"ReplayTheSpireMod:Ring of Challenge"},{"floor":19.0,"key":"Toy Ornithopter"},{"floor":19.0,"key":"Chameleon Ring"},{"floor":23.0,"key":"StuffTheSpire:Experiment12"},{"floor":23.0,"key":"Replay:Bottled Snecko"},{"floor":28.0,"key":"Pocketwatch"},{"floor":30.0,"key":"Replay:Wax Seal"},{"floor":30.0,"key":"Turnip"}],"event_choices":[{"damage_healed":0.0,"max_hp_gain":0.0,"max_hp_loss":0.0,"gold_gain":75.0,"event_name":"betterThird:BetterGoop","player_choice":"Gold","floor":2.0,"gold_loss":0.0,"damage_taken":11.0},{"damage_healed":55.0,"max_hp_gain":0.0,"max_hp_loss":80.0,"gold_gain":0.0,"event_name":"betterThird:BetterShining","player_choice":"Upgrade","floor":4.0,"gold_loss":0.0,"damage_taken":16.0,"cards_upgraded":["StuffTheSpire:Incineration","Cleave"]},{"damage_healed":0.0,"max_hp_gain":5.0,"max_hp_loss":0.0,"gold_gain":0.0,"event_name":"Big Fish","player_choice":"Donut","floor":5.0,"gold_loss":0.0,"damage_taken":0.0},{"damage_healed":0.0,"max_hp_gain":0.0,"max_hp_loss":0.0,"gold_gain":0.0,"event_name":"Drug Dealer","player_choice":"Obtain J.A.X.","floor":20.0,"gold_loss":0.0,"damage_taken":0.0,"cards_obtained":["J.A.X."]},{"damage_healed":0.0,"max_hp_gain":0.0,"max_hp_loss":0.0,"gold_gain":0.0,"event_name":"Vampires","player_choice":"Ignored","floor":31.0,"gold_loss":0.0,"damage_taken":0.0},{"damage_healed":0.0,"max_hp_gain":0.0,"max_hp_loss":0.0,"gold_gain":0.0,"event_name":"conspire:Investor","player_choice":"Leave","floor":36.0,"gold_loss":0.0,"damage_taken":0.0},{"damage_healed":0.0,"max_hp_gain":0.0,"max_hp_loss":0.0,"gold_gain":0.0,"event_name":"MindBloom","player_choice":"Fight","floor":38.0,"gold_loss":0.0,"damage_taken":0.0}],"is_beta":false,"boss_relics":[{"not_picked":["Replay:Ancient Bell","Ectoplasm"],"picked":"Replay:Bronze Core"},{"not_picked":["ReplayTheSpireMod:DimensionalGlitch","aspiration:WatcherSkillbook","StuffTheSpire:RunicConfusion"]}],"items_purged_floors":[3,11,24,27,29,37,37],"is_endless":false,"potions_floor_spawned":[16,23,30,33,35],"ascension_level":10}}