{"host":"815dqs41i1y8uxms","time":1612884278,"event":{"mods":["2.2 Compatiblity","A Penny For Your Troubles","Act Like it!","BaseMod","Dark Map","Elementarium","Fox Events","Jorbs\u0027s Wanderer Trilogy","Minty Spire (QoL Compilation)","Rare Cards Sparkle","Shop Mod","Spire Arcade","StSLib","The Cursed","The Hierophant","The Marked","Wandering Minibosses"],"gold_per_floor":[122,122,122,17,17,68,99,133,133,133,172,172,17,74,74,50,50],"floor_reached":16,"language":"ENG","playtime":768,"items_purged":[],"score":108,"play_id":"ccd1e58b-5661-4b4f-b81f-87ff898c9b5b","local_time":"20210209162438","is_ascension_mode":false,"campfire_choices":[{"floor":10,"key":"REST"},{"data":"hierophant:Doubloon","floor":12,"key":"SMITH"},{"floor":15,"key":"REST"}],"circlet_count":0,"master_deck":["hierophant:Strike_Hierophant","hierophant:Strike_Hierophant+1","hierophant:Strike_Hierophant","hierophant:Strike_Hierophant","hierophant:Punish","hierophant:Defend_Hierophant","hierophant:Defend_Hierophant","hierophant:Defend_Hierophant","hierophant:Defend_Hierophant","hierophant:ChurchCoffers","hierophant:Doubloon+1","hierophant:CoinFling","hierophant:Upheaval+1","Injury","hierophant:Doubloon","hierophant:Dazzle","hierophant:HammerAndAnvil","hierophant:SealAway","hierophant:Doubloon","hierophant:CursedGold","hierophant:PassingBell"],"relics":["hierophant:PropheticMaskRelic","Golden Idol","Meat on the Bone","Pen Nib","MerchantsRug","Nunchaku"],"acts_visited":["Exordium"],"potions_floor_usage":[4,11,14,16],"damage_taken":[{"damage":0,"enemies":"2 Louse","floor":1,"turns":3},{"damage":34,"enemies":"3 Sentries","floor":6,"turns":9},{"damage":1,"enemies":"Jaw Worm","floor":7,"turns":4},{"damage":5,"enemies":"Small Slimes","floor":8,"turns":3},{"damage":0,"enemies":"2 Fungi Beasts","floor":11,"turns":2},{"damage":41,"enemies":"Gremlin Nob","floor":14,"turns":5},{"damage":70,"enemies":"Slime Boss","floor":16,"turns":11}],"seed_played":"-890287093697504846","potions_obtained":[{"floor":6,"key":"SteroidPotion"},{"floor":8,"key":"SneckoOil"},{"floor":14,"key":"GamblersBrew"}],"is_trial":false,"path_per_floor":["M","?","?","$","?","E","M","M","T","R","M","R","$","E","R","B"],"character_chosen":"HIEROPHANT","items_purchased":["Fruit Juice","MerchantsRug"],"campfire_rested":2,"item_purchase_floors":[4,13],"current_hp_per_floor":[75,75,60,65,65,31,42,49,49,73,73,73,73,44,68,0,0],"gold":50,"neow_bonus":"THREE_CARDS","is_daily":false,"chose_seed":false,"campfire_upgraded":1,"win_rate":0.0,"timestamp":1612884278,"path_taken":["M","?","?","?","?","E","M","M","T","R","M","R","$","E","R","BOSS"],"items_purchased_type":["Potion","Relic"],"build_version":"2020-12-22","purchased_purges":0,"victory":false,"max_hp_per_floor":[75,75,75,80,80,80,80,80,80,80,80,80,80,80,80,80,80],"card_choices":[{"not_picked":["hierophant:Sermon","hierophant:DisplayOfPower"],"picked":"hierophant:CoinFling","floor":0},{"not_picked":["hierophant:RepressedViolence","hierophant:FieryStrike"],"picked":"hierophant:Upheaval","floor":1},{"not_picked":["hierophant:Alms","hierophant:Sermon"],"picked":"hierophant:Dazzle","floor":6},{"not_picked":["hierophant:Zeal","hierophant:CoinFling"],"picked":"hierophant:HammerAndAnvil","floor":7},{"not_picked":["hierophant:RustyCrate","hierophant:Determination"],"picked":"hierophant:SealAway","floor":8},{"not_picked":["hierophant:FlamingChariot","hierophant:Upheaval"],"picked":"hierophant:CursedGold","floor":11},{"not_picked":["hierophant:Alms","hierophant:FlamingChariot"],"picked":"hierophant:PassingBell","floor":14}],"player_experience":4167976,"relics_obtained":[{"floor":6,"key":"Meat on the Bone"},{"floor":9,"key":"Pen Nib"},{"floor":14,"key":"Nunchaku"}],"event_choices":[{"damage_healed":0,"gold_gain":0,"player_choice":"Take Wound","damage_taken":0,"relics_obtained":["Golden Idol"],"max_hp_gain":0,"max_hp_loss":0,"event_name":"Golden Idol","floor":2,"gold_loss":0,"cards_obtained":["Injury"]},{"damage_healed":0,"gold_gain":0,"player_choice":"Entered Light","damage_taken":15,"max_hp_gain":0,"max_hp_loss":0,"event_name":"Shining Light","floor":3,"gold_loss":0,"cards_upgraded":["hierophant:Strike_Hierophant","hierophant:Upheaval"]},{"damage_healed":0,"gold_gain":0,"player_choice":"Ignored","damage_taken":0,"max_hp_gain":0,"max_hp_loss":0,"event_name":"Golden Wing","floor":5,"gold_loss":0}],"is_beta":false,"boss_relics":[],"items_purged_floors":[],"is_endless":false,"potions_floor_spawned":[6,8,14],"killed_by":"Slime Boss","ascension_level":0}}