{"host":"ul3z8ex5o8l5j7mh","time":1612902565,"event":{"mods":["AchievementEnabler","BaseMod","Bestiary","Colored Map","Colored Powertips","DeckTracker","Keyboard Shortcuts","Minty Spire (QoL Compilation)","Relic Sorter","Relic Stats","SuperFastMode"],"gold_per_floor":[118,138,67,80,45,45,75,75,100,100,100,100,130,34,34,129,129,143,163,181,197,214,214,214,214],"floor_reached":24,"language":"ENG","playtime":1303,"items_purged":[],"score":241,"play_id":"49dfdd6e-12b2-4cbc-8f14-3e7c71e509c5","local_time":"20210209212925","is_ascension_mode":true,"campfire_choices":[{"data":"Static Discharge","floor":6.0,"key":"SMITH"},{"data":"Double Energy","floor":8.0,"key":"SMITH"},{"data":"Ball Lightning","floor":11.0,"key":"SMITH"},{"data":"Forethought","floor":15.0,"key":"SMITH"},{"floor":23,"key":"REST"}],"circlet_count":0,"master_deck":["Strike_B","Strike_B","Strike_B","Strike_B","Defend_B","Defend_B","Defend_B","Defend_B","Zap","Dualcast","Double Energy+1","Ball Lightning+1","Static Discharge+1","Cold Snap","Forethought+1","Creative AI","Storm","Coolheaded+1","Recycle","Amplify","Cold Snap"],"relics":["Cracked Core","Calling Bell","Omamori","Tiny Chest","Akabeko","Matryoshka","PreservedInsect","Pear","FossilizedHelix"],"acts_visited":["Exordium","TheCity"],"potions_floor_usage":[22],"damage_taken":[{"damage":1.0,"enemies":"Cultist","floor":1.0,"turns":4.0},{"damage":6.0,"enemies":"Jaw Worm","floor":2.0,"turns":3.0},{"damage":5.0,"enemies":"Small Slimes","floor":4.0,"turns":3.0},{"damage":26.0,"enemies":"Lagavulin","floor":7.0,"turns":5.0},{"damage":8.0,"enemies":"3 Sentries","floor":13.0,"turns":2.0},{"damage":18.0,"enemies":"Slime Boss","floor":16.0,"turns":9.0},{"damage":26.0,"enemies":"Shell Parasite","floor":18.0,"turns":4.0},{"damage":25.0,"enemies":"2 Thieves","floor":19.0,"turns":3.0},{"damage":8.0,"enemies":"Snecko","floor":20.0,"turns":4.0},{"damage":0.0,"enemies":"Sentry and Sphere","floor":21.0,"turns":8.0},{"damage":30,"enemies":"Shelled Parasite and Fungi","floor":22,"turns":5},{"damage":33,"enemies":"Centurion and Healer","floor":24,"turns":4}],"seed_played":"-324737068291018875","potions_obtained":[{"floor":7.0,"key":"PowerPotion"},{"floor":16.0,"key":"Ancient Potion"},{"floor":20.0,"key":"EntropicBrew"}],"is_trial":false,"path_per_floor":["M","M","$","M","?","R","E","R","T","?","R","?","E","$","R","B",null,"M","M","M","M","M","R","M"],"character_chosen":"DEFECT","items_purchased":["Static Discharge","Forethought"],"campfire_rested":1,"item_purchase_floors":[3,14],"current_hp_per_floor":[81,75,75,70,82,82,56,56,56,49,49,54,46,46,46,28,92,66,41,33,33,3,30,0,0],"gold":214,"neow_bonus":"TEN_PERCENT_HP_BONUS","is_daily":false,"chose_seed":false,"campfire_upgraded":4,"win_rate":0.0,"timestamp":1612902565,"path_taken":["M","M","$","M","?","R","E","R","T","?","R","?","E","$","R","BOSS","M","M","?","M","M","R","M"],"items_purchased_type":["Card","Card"],"build_version":"2020-12-22","purchased_purges":0,"victory":false,"max_hp_per_floor":[82,82,82,82,82,82,82,82,82,82,82,82,82,82,82,82,92,92,92,92,92,92,92,92,92],"relic_stats":{"counters":[12,54],"Tiny Chest":0,"PreservedInsect":0,"obtain_stats":[{"Calling Bell":17,"Matryoshka":13,"Pear":17,"Tiny Chest":10,"PreservedInsect":17,"Omamori":9,"Cracked Core":0,"Akabeko":7,"FossilizedHelix":17},{"Calling Bell":6,"Matryoshka":5,"Pear":6,"Tiny Chest":4,"PreservedInsect":6,"Omamori":4,"Cracked Core":0,"Akabeko":4,"FossilizedHelix":6},{"Calling Bell":26,"Matryoshka":17,"Pear":26,"Tiny Chest":15,"PreservedInsect":26,"Omamori":15,"Cracked Core":0,"Akabeko":15,"FossilizedHelix":26}]},"card_choices":[{"not_picked":["Compile Driver","Stack"],"picked":"Double Energy","floor":1.0},{"not_picked":["Chaos","Rebound"],"picked":"Ball Lightning","floor":2.0},{"not_picked":["Turbo","Sweeping Beam","Hologram"],"picked":"SKIP","floor":4.0},{"not_picked":["Streamline","Stack"],"picked":"Barrage","floor":7.0},{"not_picked":["Chill","Go for the Eyes"],"picked":"Cold Snap","floor":13.0},{"not_picked":["Fission","Multi-Cast"],"picked":"Creative AI","floor":16.0},{"not_picked":["Conserve Battery","Turbo"],"picked":"Storm","floor":18.0},{"not_picked":["Streamline","Gash"],"picked":"Coolheaded+1","floor":19.0},{"not_picked":["Redo","Reinforced Body+1"],"picked":"Recycle","floor":20.0},{"not_picked":["Go for the Eyes","Leap+1"],"picked":"Amplify","floor":21.0},{"not_picked":["Beam Cell","Compile Driver+1"],"picked":"Cold Snap","floor":22}],"player_experience":341081,"relics_obtained":[{"floor":7.0,"key":"Akabeko"},{"floor":9.0,"key":"Omamori"},{"floor":13.0,"key":"Matryoshka"},{"floor":17.0,"key":"PreservedInsect"},{"floor":17.0,"key":"Pear"},{"floor":17.0,"key":"FossilizedHelix"}],"event_choices":[{"damage_healed":20.0,"max_hp_gain":0.0,"max_hp_loss":0.0,"gold_gain":0.0,"event_name":"The Cleric","player_choice":"Healed","floor":5.0,"gold_loss":35.0,"damage_taken":0.0},{"damage_healed":0.0,"max_hp_gain":0.0,"max_hp_loss":0.0,"gold_gain":0.0,"event_name":"Scrap Ooze","player_choice":"Success","floor":10.0,"gold_loss":0.0,"damage_taken":7.0,"relics_obtained":["Tiny Chest"]},{"cards_removed":["Barrage"],"damage_healed":5.0,"max_hp_gain":0.0,"max_hp_loss":0.0,"gold_gain":0.0,"event_name":"Bonfire Elementals","player_choice":"Offered Common","floor":12.0,"gold_loss":0.0,"damage_taken":0.0},{"cards_removed":["Barrage"],"damage_healed":5.0,"max_hp_gain":0.0,"max_hp_loss":0.0,"gold_gain":0.0,"event_name":"Bonfire Elementals","player_choice":"Offered Special","floor":12.0,"gold_loss":0.0,"damage_taken":0.0}],"is_beta":false,"boss_relics":[{"not_picked":["Black Star","Snecko Eye"],"picked":"Calling Bell"}],"items_purged_floors":[],"is_endless":false,"potions_floor_spawned":[7,16,20],"killed_by":"Centurion and Healer","ascension_level":1}}