{"host":"nptej036rrbiurf5","time":1612835263,"event":{"mods":["BaseMod","Colored Map","Colored Powertips","DeckTracker","Minty Spire (QoL Compilation)","StSLib","SuperFastMode"],"gold_per_floor":[113,130,144,144,94,125,143,143,169,181,204,229,241,265,277,386,398,423,450,474,72,82,110,124,150,175,100,118,118,46,59,59,163,163,181,0,10,30,42,77,77,94,165,176,226,242,262,19,19,19],"floor_reached":51,"language":"KOR","playtime":1755,"items_purged":["Fire Breathing","Parasite"],"score":779,"play_id":"43162f7f-ae0f-4878-8054-065ce399d225","local_time":"20210209104743","is_ascension_mode":false,"campfire_choices":[{"data":"Evolve","floor":8,"key":"SMITH"},{"data":"Reaper","floor":10,"key":"SMITH"},{"data":"Bash","floor":13,"key":"SMITH"},{"data":"Heavy Blade","floor":15,"key":"SMITH"},{"data":"Apotheosis","floor":29,"key":"SMITH"},{"data":"Dark Embrace","floor":32,"key":"SMITH"},{"data":"Demon Form","floor":49,"key":"SMITH"}],"circlet_count":0,"master_deck":["Bash+1","Reaper+1","Flex+1","Pummel","Battle Trance+1","Evolve+1","Sword Boomerang","Heavy Blade+1","Limit Break","Seeing Red","Thunderclap","Feel No Pain","Intimidate","Feed","Power Through","Dark Embrace+1","Apotheosis+1","Spot Weakness","Exhume","True Grit+1","Dual Wield+1","Flex+1","Shrug It Off+1","Second Wind+1","Demon Form+1"],"relics":["Burning Blood","Regal Pillow","War Paint","MawBank","Pandora\u0027s Box","Oddly Smooth Stone","Dream Catcher","Red Skull","Bag of Marbles","Cursed Key","Red Mask","FossilizedHelix","InkBottle","Thread and Needle"],"acts_visited":["Exordium","TheCity","TheBeyond"],"potions_floor_usage":[16,23,24,25,33,40,50,50],"damage_taken":[{"damage":5,"enemies":"2 Louse","floor":1,"turns":4},{"damage":11,"enemies":"Jaw Worm","floor":2,"turns":4},{"damage":0,"enemies":"Small Slimes","floor":3,"turns":3},{"damage":53,"enemies":"Lagavulin","floor":6,"turns":8},{"damage":7,"enemies":"2 Fungi Beasts","floor":7,"turns":3},{"damage":0,"enemies":"3 Louse","floor":11,"turns":3},{"damage":21,"enemies":"Large Slime","floor":12,"turns":6},{"damage":22,"enemies":"Exordium Wildlife","floor":14,"turns":4},{"damage":52,"enemies":"Slime Boss","floor":16,"turns":10},{"damage":12,"enemies":"Shell Parasite","floor":18,"turns":5},{"damage":17,"enemies":"3 Byrds","floor":19,"turns":4},{"damage":18,"enemies":"3 Cultists","floor":20,"turns":4},{"damage":20,"enemies":"Snake Plant","floor":22,"turns":5},{"damage":55,"enemies":"Slavers","floor":23,"turns":6},{"damage":46,"enemies":"Chosen and Byrds","floor":24,"turns":6},{"damage":24,"enemies":"Book of Stabbing","floor":25,"turns":4},{"damage":2,"enemies":"Snecko","floor":28,"turns":4},{"damage":17,"enemies":"Centurion and Healer","floor":31,"turns":4},{"damage":75,"enemies":"Collector","floor":33,"turns":7},{"damage":18,"enemies":"3 Darklings","floor":35,"turns":3},{"damage":7,"enemies":"Orb Walker","floor":37,"turns":3},{"damage":51,"enemies":"Sphere and 2 Shapes","floor":38,"turns":4},{"damage":41,"enemies":"4 Shapes","floor":39,"turns":3},{"damage":60,"enemies":"Reptomancer","floor":40,"turns":5},{"damage":13,"enemies":"3 Darklings","floor":42,"turns":3},{"damage":1,"enemies":"Maw","floor":44,"turns":6},{"damage":0,"enemies":"Mind Bloom Boss Battle","floor":45,"turns":5},{"damage":62,"enemies":"Sphere and 2 Shapes","floor":46,"turns":4},{"damage":11,"enemies":"Writhing Mass","floor":47,"turns":4},{"damage":88,"enemies":"Donu and Deca","floor":50,"turns":8}],"seed_played":"865719697030163410","potions_obtained":[{"floor":2,"key":"Explosive Potion"},{"floor":6,"key":"Explosive Potion"},{"floor":7,"key":"HeartOfIron"},{"floor":11,"key":"Block Potion"},{"floor":18,"key":"BloodPotion"},{"floor":22,"key":"Regen Potion"},{"floor":28,"key":"Explosive Potion"},{"floor":37,"key":"SteroidPotion"},{"floor":38,"key":"ColorlessPotion"},{"floor":40,"key":"CultistPotion"},{"floor":45,"key":"BloodPotion"}],"is_trial":false,"path_per_floor":["M","M","M","?","?","E","M","R","T","R","M","M","R","M","R","B",null,"M","M","M","$","M","E","M","E","T","?","M","R","$","M","R","B",null,"M","?","M","M","M","E","?","M","T","M","?","M","M","$","R","B",null],"character_chosen":"IRONCLAD","items_purchased":["Apotheosis","Oddly Smooth Stone","DistilledChaos","Demon Form"],"campfire_rested":0,"item_purchase_floors":[21,21,30,48],"current_hp_per_floor":[72,67,72,60,60,19,34,34,34,34,55,46,46,40,40,12,72,72,72,66,66,61,34,39,33,33,33,59,59,59,78,78,41,87,79,79,78,33,62,44,44,94,94,94,102,59,74,74,74,52],"gold":19,"neow_bonus":"THREE_RARE_CARDS","is_daily":false,"chose_seed":false,"campfire_upgraded":7,"win_rate":0.0,"timestamp":1612835263,"path_taken":["M","M","M","?","?","E","M","R","T","R","M","M","R","M","R","BOSS","M","M","M","$","M","E","M","E","T","?","M","R","$","M","R","BOSS","M","?","M","M","M","E","?","M","T","M","?","M","M","$","R","BOSS"],"items_purchased_type":["Card","Relic","Potion","Card"],"build_version":"2020-12-22","purchased_purges":2,"victory":true,"max_hp_per_floor":[72,72,72,72,72,72,72,72,72,72,72,72,72,72,72,72,72,72,72,75,75,75,79,83,83,83,83,83,83,83,87,87,87,87,91,91,91,91,94,94,94,94,94,94,102,105,105,102,102,106],"card_choices":[{"not_picked":["Demon Form","Juggernaut"],"picked":"Reaper","floor":0},{"not_picked":["Cleave","Perfected Strike"],"picked":"Flex","floor":1},{"not_picked":["Twin Strike","Rage"],"picked":"Pummel","floor":2},{"not_picked":["Second Wind","Infernal Blade"],"picked":"Battle Trance","floor":3},{"not_picked":["Entrench","Headbutt","Blood for Blood"],"picked":"SKIP","floor":6},{"not_picked":["Perfected Strike","Blood for Blood"],"picked":"Evolve","floor":7},{"not_picked":["Anger","Cleave"],"picked":"Sword Boomerang","floor":11},{"not_picked":["Dropkick","Second Wind","Rage"],"picked":"SKIP","floor":12},{"not_picked":["True Grit","Clothesline"],"picked":"Heavy Blade","floor":14},{"not_picked":["Barricade","Double Tap"],"picked":"Limit Break","floor":16},{"not_picked":["Havoc","Sword Boomerang","Iron Wave"],"picked":"SKIP","floor":18},{"not_picked":["Evolve","Iron Wave"],"picked":"Dark Embrace","floor":19},{"not_picked":["Rampage","Headbutt","Rupture"],"picked":"SKIP","floor":20},{"not_picked":["Shrug It Off+1","Clothesline+1"],"picked":"Spot Weakness","floor":22},{"not_picked":["Cleave","Dual Wield"],"picked":"Exhume","floor":23},{"not_picked":["Fire Breathing","Feel No Pain"],"picked":"True Grit+1","floor":24},{"not_picked":["Battle Trance","Clothesline","Wild Strike"],"picked":"SKIP","floor":25},{"not_picked":["Cleave","Shrug It Off","True Grit"],"picked":"SKIP","floor":28},{"not_picked":["Pummel+1","Brutality"],"picked":"Dual Wield+1","floor":31},{"not_picked":["Heavy Blade","Sword Boomerang+1"],"picked":"Flex+1","floor":35},{"not_picked":["Iron Wave+1","Rage+1","Heavy Blade"],"picked":"SKIP","floor":37},{"not_picked":["Hemokinesis","Twin Strike+1","Brutality"],"picked":"SKIP","floor":38},{"not_picked":["Pommel Strike","Thunderclap+1"],"picked":"Shrug It Off+1","floor":39},{"not_picked":["Reckless Charge","Iron Wave+1","Anger"],"picked":"SKIP","floor":40},{"not_picked":["Clothesline","Evolve","Havoc"],"picked":"SKIP","floor":42},{"not_picked":["Shrug It Off","Power Through+1","Body Slam"],"picked":"SKIP","floor":44},{"not_picked":["Armaments+1","Wild Strike"],"picked":"Second Wind+1","floor":46},{"not_picked":["Carnage+1","Dropkick+1","Sever Soul"],"picked":"SKIP","floor":47}],"player_experience":914040,"relics_obtained":[{"floor":6,"key":"War Paint"},{"floor":9,"key":"MawBank"},{"floor":23,"key":"Dream Catcher"},{"floor":25,"key":"Red Skull"},{"floor":26,"key":"Bag of Marbles"},{"floor":40,"key":"FossilizedHelix"},{"floor":43,"key":"InkBottle"},{"floor":45,"key":"Thread and Needle"}],"event_choices":[{"damage_healed":0,"gold_gain":0,"player_choice":"Success","damage_taken":12,"relics_obtained":["Regal Pillow"],"max_hp_gain":0,"max_hp_loss":0,"event_name":"Scrap Ooze","floor":4,"gold_loss":0},{"cards_removed":["Strike_R"],"damage_healed":0,"gold_gain":0,"player_choice":"Card Removal","damage_taken":0,"max_hp_gain":0,"max_hp_loss":0,"event_name":"The Cleric","floor":5,"gold_loss":50},{"cards_removed":["Heavy Blade"],"damage_healed":0,"gold_gain":0,"player_choice":"Gave Gold","damage_taken":0,"max_hp_gain":0,"max_hp_loss":0,"event_name":"Beggar","floor":27,"gold_loss":75},{"damage_healed":0,"gold_gain":0,"player_choice":"Paid","damage_taken":0,"relics_obtained":["Red Mask"],"max_hp_gain":0,"max_hp_loss":0,"event_name":"Tomb of Lord Red Mask","floor":36,"gold_loss":181},{"damage_healed":0,"gold_gain":0,"player_choice":"Ignored","damage_taken":0,"max_hp_gain":0,"max_hp_loss":0,"event_name":"The Moai Head","floor":41,"gold_loss":0},{"damage_healed":0,"gold_gain":0,"player_choice":"Fight","damage_taken":0,"max_hp_gain":0,"max_hp_loss":0,"event_name":"MindBloom","floor":45,"gold_loss":0}],"is_beta":false,"boss_relics":[{"not_picked":["Snecko Eye","Coffee Dripper"],"picked":"Pandora\u0027s Box"},{"not_picked":["Empty Cage","SacredBark"],"picked":"Cursed Key"}],"items_purged_floors":[21,48],"is_endless":false,"potions_floor_spawned":[2,6,7,11,14,18,19,22,28,37,38,40,45],"ascension_level":0}}