{"host":"f55nj4gldpx3ksju","time":1612872581,"event":{"mods":["BaseMod","Colored Map","Highlight Path","Minty Spire (QoL Compilation)"],"gold_per_floor":[118,43,43,118,42,42,75,75,98,110,133,145,177,199,211,296,308,333,359,381,149,149,149,160,160,205,205,217,234,72,72,72,72,72],"floor_reached":33,"language":"ZHS","playtime":821,"items_purged":["Zap"],"score":500,"play_id":"a2d69c04-5b8b-430b-bf9e-ba3e74e83596","local_time":"20210209200941","is_ascension_mode":true,"campfire_choices":[{"data":"Self Repair","floor":6.0,"key":"SMITH"},{"data":"Loop","floor":8.0,"key":"SMITH"},{"data":"Redo","floor":10.0,"key":"SMITH"},{"data":"Conserve Battery","floor":12.0,"key":"SMITH"},{"data":"Conserve Battery","floor":15.0,"key":"SMITH"},{"data":"Redo","floor":23.0,"key":"SMITH"},{"data":"Core Surge","floor":25.0,"key":"SMITH"},{"data":"Dualcast","floor":27.0,"key":"SMITH"},{"floor":32.0,"key":"REST"}],"circlet_count":0,"master_deck":["AscendersBane","Strike_B","Strike_B","Strike_B","Defend_B","Defend_B","Defend_B","Defend_B","Dualcast+1","Redo+1","Self Repair+1","Loop+1","Conserve Battery+1","Doom and Gloom","Conserve Battery+1","Redo+1","Core Surge+1","Self Repair+1","Shame"],"relics":["Cracked Core","NeowsBlessing","Ancient Tea Set","MawBank","SlaversCollar","Lee\u0027s Waffle","Bag of Marbles","Regal Pillow","Lantern"],"acts_visited":["Exordium","TheCity"],"potions_floor_usage":[33,33],"damage_taken":[{"damage":0.0,"enemies":"Cultist","floor":1.0,"turns":1.0},{"damage":0.0,"enemies":"3 Sentries","floor":7.0,"turns":1.0},{"damage":0.0,"enemies":"2 Louse","floor":11.0,"turns":1.0},{"damage":7.0,"enemies":"Jaw Worm","floor":13.0,"turns":3.0},{"damage":11.0,"enemies":"Blue Slaver","floor":14.0,"turns":4.0},{"damage":31.0,"enemies":"Slime Boss","floor":16.0,"turns":4.0},{"damage":23.0,"enemies":"Shell Parasite","floor":18.0,"turns":4.0},{"damage":23.0,"enemies":"3 Byrds","floor":19.0,"turns":5.0},{"damage":16.0,"enemies":"Snake Plant","floor":20.0,"turns":4.0},{"damage":48.0,"enemies":"Cultist and Chosen","floor":24.0,"turns":6.0},{"damage":20.0,"enemies":"Centurion and Healer","floor":28.0,"turns":6.0},{"damage":31.0,"enemies":"3 Cultists","floor":29.0,"turns":5.0},{"damage":76,"enemies":"Automaton","floor":33,"turns":6}],"seed_played":"3171736854435248831","potions_obtained":[{"floor":13.0,"key":"BlessingOfTheForge"},{"floor":14.0,"key":"Dexterity Potion"},{"floor":16.0,"key":"PowerPotion"},{"floor":19.0,"key":"Block Potion"},{"floor":29.0,"key":"ColorlessPotion"}],"is_trial":false,"path_per_floor":["M","?","?","?","$","R","E","R","T","R","M","R","M","M","R","B",null,"M","M","M","$","?","R","M","R","T","R","M","M","$","?","R","B"],"character_chosen":"DEFECT","items_purchased":["Self Repair","Lee\u0027s Waffle","Regal Pillow"],"campfire_rested":1,"item_purchase_floors":[5,21,30],"current_hp_per_floor":[64,64,69,58,58,58,58,58,58,58,58,58,61,60,60,29,64,51,38,32,83,83,83,45,45,45,45,35,14,14,14,53,0,0],"gold":72,"neow_bonus":"THREE_ENEMY_KILL","is_daily":false,"chose_seed":false,"campfire_upgraded":8,"win_rate":0.0,"timestamp":1612872581,"path_taken":["M","?","?","?","$","R","E","R","T","R","M","R","M","M","R","BOSS","M","M","M","$","?","R","?","R","T","R","M","M","$","?","R","BOSS"],"items_purchased_type":["Card","Relic","Relic"],"build_version":"2020-12-22","purchased_purges":1,"victory":false,"max_hp_per_floor":[71,71,76,76,76,76,76,76,76,76,76,76,76,76,76,76,76,76,76,76,83,83,83,83,83,83,83,83,83,83,83,83,83,83],"card_choices":[{"not_picked":["Conserve Battery","Beam Cell"],"picked":"Redo","floor":1.0},{"not_picked":["Self Repair","Sweeping Beam"],"picked":"Loop","floor":7.0},{"not_picked":["Double Energy","Leap"],"picked":"Conserve Battery","floor":11.0},{"not_picked":["Turbo","Stack"],"picked":"Doom and Gloom","floor":13.0},{"not_picked":["Ball Lightning","Steam"],"picked":"Conserve Battery","floor":14.0},{"not_picked":["Tempest","Coolheaded","Ball Lightning"],"picked":"SKIP","floor":18.0},{"not_picked":["Capacitor","Go for the Eyes"],"picked":"Redo","floor":19.0},{"not_picked":["Fusion+1","Doom and Gloom","Streamline"],"picked":"SKIP","floor":20.0},{"not_picked":["Hologram","Undo","Turbo"],"picked":"SKIP","floor":24.0},{"not_picked":["Coolheaded","Sweeping Beam","Defragment"],"picked":"SKIP","floor":28.0},{"not_picked":["Loop","Thunder Strike"],"picked":"Self Repair+1","floor":29.0}],"player_experience":392725,"relics_obtained":[{"floor":7.0,"key":"Ancient Tea Set"},{"floor":9.0,"key":"MawBank"},{"floor":26.0,"key":"Bag of Marbles"}],"event_choices":[{"cards_removed":["Strike_B"],"damage_healed":0.0,"max_hp_gain":0.0,"max_hp_loss":0.0,"gold_gain":0.0,"event_name":"The Cleric","player_choice":"Card Removal","floor":2.0,"gold_loss":75.0,"damage_taken":0.0},{"damage_healed":0.0,"max_hp_gain":5.0,"max_hp_loss":0.0,"gold_gain":0.0,"event_name":"Big Fish","player_choice":"Donut","floor":3.0,"gold_loss":0.0,"damage_taken":0.0},{"damage_healed":0.0,"max_hp_gain":0.0,"max_hp_loss":0.0,"gold_gain":75.0,"event_name":"World of Goop","player_choice":"Gather Gold","floor":4.0,"gold_loss":0.0,"damage_taken":11.0},{"damage_healed":0.0,"max_hp_gain":0.0,"max_hp_loss":0.0,"gold_gain":0.0,"event_name":"Match and Keep!","player_choice":"1 cards matched","floor":22.0,"gold_loss":0.0,"damage_taken":0.0,"cards_obtained":["Core Surge"]},{"damage_healed":0.0,"max_hp_gain":0.0,"max_hp_loss":0.0,"gold_gain":0.0,"event_name":"Addict","player_choice":"Stole Relic","floor":31.0,"gold_loss":0.0,"damage_taken":0.0,"relics_obtained":["Lantern"],"cards_obtained":["Shame"]}],"is_beta":false,"boss_relics":[{"not_picked":["Snecko Eye","Runic Dome"],"picked":"SlaversCollar"}],"items_purged_floors":[21],"is_endless":false,"potions_floor_spawned":[13,14,16,19,29],"killed_by":"Automaton","ascension_level":17}}