{"host":"mal0jdk4f6ubgyb8","time":1612890803,"event":{"mods":["100% Spire Juice","Act Like it!","Aspiration","BaseMod","Gensokyo","KinomotoSakuraMod(木之本樱)","Luminous","Marisa（F雨　魔理沙）","Minty Spire (QoL Compilation)","Quick Restart","Relic Stats","Reliquary","Remilia（蕾米莉亚）","Replay The Spire","StSLib","WarShipGirlsR/战舰少女R mod","Yakumo Yukari mod"],"gold_per_floor":[110,127,127,20,95,129,129,158,184,215,113,123,47,76,76,175,55,70,88,88,98,98,169,169,169,169,5,68,95,95,156,156,255,255,265,265,265,265,329,354,354,380,455,103,120,92,108,136,136,181,181,181,70,96,96],"floor_reached":56,"language":"ZHS","playtime":3096,"items_purged":["Moonworks:RagingMadness"],"score":1671,"play_id":"ba279943-0273-4250-9a62-db61ead8ecb6","local_time":"20210210011323","is_ascension_mode":true,"campfire_choices":[{"data":"Moonworks:IndiscriminateFireSupport","floor":7.0,"key":"SMITH"},{"data":"Moonworks:SubspaceTunnel","floor":15.0,"key":"SMITH"},{"data":"Apotheosis","floor":30.0,"key":"SMITH"},{"floor":41,"key":"RECALL"},{"data":"Moonworks:EvilMastermind+1","floor":49,"key":"PURGE"},{"data":"Moonworks:RagingMadness","floor":52,"key":"SMITH"}],"circlet_count":1,"master_deck":["Moonworks:Strike+1","Moonworks:Strike+1","Moonworks:Strike+1","Moonworks:Strike+1","Moonworks:Defend+1","Moonworks:Defend+1","Moonworks:Defend+1","Moonworks:Defend+1","Moonworks:Ambush+1","Moonworks:LongDistanceShot+1","Moonworks:NicePresent+1","Moonworks:SweetBattle+1","Moonworks:IndiscriminateFireSupport+1","Moonworks:MiracleRedBeanIceCream+1","Moonworks:MiracleRedBeanIceCream+1","Moonworks:LuckyCharm+1","Moonworks:SubspaceTunnel+1","Moonworks:NicePresent+1","Moonworks:SinkOrSwim+1","Moonworks:MiracleRedBeanIceCream+1","Moonworks:CompletionReward+1","Moonworks:EvilSpyWorkPreparation+1","Moonworks:SinkOrSwim+1","Apotheosis+1","Moonworks:IndiscriminateFireSupport+1","Moonworks:EvilSpyWorkPreparation+1","Moonworks:NicePresent+1","Moonworks:HolyNight+1","Moonworks:EvilSpyWorkPreparation+1","Secret Technique+1","Crow Ritual+1","Moonworks:IndiscriminateFireSupport+1","Moonworks:AwakeningOfTalent+1","Moonworks:CookingTime+1","Moonworks:SweetBattle+1","Moonworks:RagingMadness+1"],"relics":["Moonworks:BrokenBomb","Moonworks:Homemark","NeowsBlessing","Pen Nib","reliquary:WeakTea","Bronze Scales","Replay:Mystery Machine","Calling Bell","Smiling Mask","aspiration:FrozenJewel","Lizard Tail","aspiration:RitualStick","Ring of Peace","ReplayTheSpireMod:Ring of Challenge","Pear","reliquary:BallBearing","Incense Burner","reliquary:RoseTintedGlasses","Circlet","ReplayFunnel","aspiration:PoetsPen_weak","Garlic","CaptainsWheel","Question Card","Gremlin Horn","Membership Card","Snack Pack","Ancient Tea Set","The Courier","Simple Rune"],"acts_visited":["Exordium","TheCity","TheBeyond","TheEnding"],"potions_floor_usage":[50,50,55,55,55],"damage_taken":[{"damage":0.0,"enemies":"Cultist","floor":1.0,"turns":1.0},{"damage":0.0,"enemies":"2 Louse","floor":2.0,"turns":2.0},{"damage":0.0,"enemies":"Jaw Worm","floor":4.0,"turns":1.0},{"damage":4.0,"enemies":"Replay:BlueRogue","floor":6.0,"turns":5.0},{"damage":0.0,"enemies":"Gremlin Nob","floor":8.0,"turns":2.0},{"damage":25.0,"enemies":"Lagavulin","floor":10.0,"turns":4.0},{"damage":11.0,"enemies":"Looter","floor":11.0,"turns":2.0},{"damage":0.0,"enemies":"Large Slime","floor":12.0,"turns":3.0},{"damage":6.0,"enemies":"Gremlin Nob","floor":14.0,"turns":3.0},{"damage":0.0,"enemies":"Slime Boss","floor":16.0,"turns":3.0},{"damage":0.0,"enemies":"Chosen","floor":18.0,"turns":3.0},{"damage":1.0,"enemies":"3 Byrds","floor":19.0,"turns":3.0},{"damage":0.0,"enemies":"Centurion and Healer","floor":21.0,"turns":1.0},{"damage":31.0,"enemies":"Slavers","floor":23.0,"turns":3.0},{"damage":21.0,"enemies":"Book of Stabbing","floor":27.0,"turns":3.0},{"damage":9.0,"enemies":"Snecko","floor":28.0,"turns":5.0},{"damage":8.0,"enemies":"Cultist and Chosen","floor":31.0,"turns":4.0},{"damage":5.0,"enemies":"Automaton","floor":33.0,"turns":6.0},{"damage":12.0,"enemies":"3 Shapes","floor":35.0,"turns":2.0},{"damage":110.0,"enemies":"3 Shapes","floor":38.0,"turns":10.0},{"damage":44,"enemies":"3 Darklings","floor":39,"turns":4},{"damage":0,"enemies":"R_Hoarder","floor":40,"turns":4},{"damage":0,"enemies":"Nemesis","floor":42,"turns":5},{"damage":13,"enemies":"4 Shapes","floor":45,"turns":2},{"damage":0,"enemies":"Spire Growth","floor":47,"turns":4},{"damage":0,"enemies":"Giant Head","floor":48,"turns":4},{"damage":54,"enemies":"Awakened One","floor":50,"turns":5},{"damage":15,"enemies":"Shield and Spear","floor":54,"turns":3},{"damage":109,"enemies":"The Heart","floor":55,"turns":6}],"seed_played":"-125336825956096075","potions_obtained":[{"floor":1.0,"key":"Elixir"},{"floor":2.0,"key":"Energy Potion"},{"floor":6.0,"key":"Strength Potion"},{"floor":11.0,"key":"Fire Potion"},{"floor":19.0,"key":"Cursed Concoction"},{"floor":23.0,"key":"PanachePotion"},{"floor":27.0,"key":"SkillPotion"},{"floor":28.0,"key":"AttackPotion"},{"floor":31.0,"key":"AttackPotion"},{"floor":33.0,"key":"Elixir"},{"floor":35.0,"key":"Weak Potion"},{"floor":39,"key":"Weak Potion"},{"floor":45,"key":"Death Potion"},{"floor":47,"key":"Toxic Potion"}],"is_trial":false,"path_per_floor":["M","M","?","M","?","E","R","E","T","E","M","M","$","E","R","B",null,"M","M","?","M","?","E","?","?","T","E","M","T","R","M","R","B",null,"M","T","?","?","M","E","R","E","T","$","M","$","M","E","R","B",null,"R","$","E","B",null],"character_chosen":"THE_STARBREAKER","items_purchased":["Moonworks:SubspaceTunnel","Membership Card","Snack Pack","Ancient Tea Set","Moonworks:RagingMadness","CultistPotion","FearPotion"],"campfire_rested":0,"item_purchase_floors":[13,44,44,44,46,53,53],"current_hp_per_floor":[60,60,60,60,49,45,45,45,45,22,16,26,26,25,25,35,60,60,60,48,48,48,37,37,37,37,26,32,32,32,29,29,39,70,58,58,48,70,46,51,51,70,70,70,57,57,70,70,70,60,70,70,70,69,5],"gold":96,"neow_bonus":"THREE_ENEMY_KILL","is_daily":false,"chose_seed":false,"campfire_upgraded":4,"win_rate":0.0,"timestamp":1612890803,"path_taken":["M","?","?","M","?","E","R","E","T","E","M","M","$","E","R","BOSS","M","M","?","M","?","E","?","?","T","E","M","?","R","?","R","BOSS","M","?","?","?","M","E","R","E","T","$","?","$","M","E","R","BOSS","R","$","E","BOSS"],"items_purchased_type":["Card","Relic","Relic","Relic","Card","Potion","Potion"],"build_version":"2020-12-22","purchased_purges":1,"victory":true,"max_hp_per_floor":[60,60,60,60,60,60,60,60,60,60,60,60,60,60,60,60,60,60,60,60,60,60,70,70,70,70,70,70,70,70,70,70,70,70,70,70,70,70,70,70,70,70,70,70,70,70,70,70,70,70,70,70,70,70,70],"relic_stats":{"Lizard Tail":35,"Gremlin Horn":[3,4],"counters":[29,103],"Bronze Scales":[271],"Pen Nib":[34],"Smiling Mask":-20,"Question Card":4,"obtain_stats":[{"ReplayFunnel":31,"Gremlin Horn":43,"aspiration:PoetsPen_weak":34,"Incense Burner":27,"Replay:Mystery Machine":14,"Smiling Mask":17,"Ancient Tea Set":44,"aspiration:RitualStick":20,"BranchBurnRelic":30,"Lizard Tail":17,"Ring of Peace":22,"reliquary:RoseTintedGlasses":29,"Pear":23,"NeowsBlessing":0,"Dead Branch":26,"Circlet":0,"Pen Nib":6,"The Courier":48,"reliquary:WeakTea":8,"Question Card":42,"aspiration:FrozenJewel":17,"Calling Bell":17,"CaptainsWheel":40,"Moonworks:Homemark":0,"Bronze Scales":10,"Simple Rune":54,"reliquary:BallBearing":25,"Garlic":36,"Snack Pack":44,"Membership Card":44,"ReplayTheSpireMod:Ring of Challenge":22,"Moonworks:BrokenBomb":0},{"ReplayFunnel":17,"Gremlin Horn":23,"aspiration:PoetsPen_weak":18,"Incense Burner":15,"Replay:Mystery Machine":9,"Smiling Mask":10,"Ancient Tea Set":23,"aspiration:RitualStick":12,"BranchBurnRelic":16,"Lizard Tail":10,"Ring of Peace":13,"reliquary:RoseTintedGlasses":16,"Pear":14,"NeowsBlessing":0,"Dead Branch":14,"Circlet":0,"Pen Nib":4,"The Courier":26,"reliquary:WeakTea":5,"Question Card":23,"aspiration:FrozenJewel":10,"Calling Bell":10,"CaptainsWheel":22,"Moonworks:Homemark":0,"Bronze Scales":6,"Simple Rune":28,"reliquary:BallBearing":14,"Garlic":19,"Snack Pack":23,"Membership Card":23,"ReplayTheSpireMod:Ring of Challenge":13,"Moonworks:BrokenBomb":0},{"ReplayFunnel":48,"Gremlin Horn":79,"aspiration:PoetsPen_weak":54,"Incense Burner":39,"Replay:Mystery Machine":23,"Smiling Mask":26,"Ancient Tea Set":79,"aspiration:RitualStick":32,"BranchBurnRelic":44,"Lizard Tail":26,"Ring of Peace":33,"reliquary:RoseTintedGlasses":44,"Pear":36,"NeowsBlessing":0,"Dead Branch":36,"Circlet":0,"Pen Nib":9,"The Courier":89,"reliquary:WeakTea":11,"Question Card":79,"aspiration:FrozenJewel":26,"Calling Bell":26,"CaptainsWheel":74,"Moonworks:Homemark":0,"Bronze Scales":15,"Simple Rune":97,"reliquary:BallBearing":36,"Garlic":56,"Snack Pack":79,"Membership Card":79,"ReplayTheSpireMod:Ring of Challenge":33,"Moonworks:BrokenBomb":0}],"aspiration:RitualStick":[9]},"card_choices":[{"not_picked":["Moonworks:RagingMadness","Moonworks:Heat300Percent"],"picked":"Moonworks:NicePresent","floor":1.0},{"not_picked":["Moonworks:SelfDestruct","Moonworks:DeployBits"],"picked":"Moonworks:SweetBattle","floor":2.0},{"not_picked":["Moonworks:BigMagnum","Moonworks:Heat300Percent"],"picked":"Moonworks:IndiscriminateFireSupport","floor":4.0},{"not_picked":["Moonworks:BigMagnum","Moonworks:IntelligenceOfficer"],"picked":"Moonworks:EvilMastermind","floor":6.0},{"not_picked":["Moonworks:BigMagnum","Moonworks:SakisCookie","Moonworks:JonathanRush"],"picked":"SKIP","floor":8.0},{"not_picked":["Moonworks:SakisCookie","Moonworks:FullSpeedAlicianrone"],"picked":"Moonworks:MiracleRedBeanIceCream","floor":10.0},{"not_picked":["Moonworks:SakisCookie","Moonworks:StiffCrystal"],"picked":"Moonworks:MiracleRedBeanIceCream","floor":11.0},{"not_picked":["Moonworks:BigMagnum","Moonworks:Assault"],"picked":"Moonworks:LuckyCharm","floor":12.0},{"not_picked":["Moonworks:LeapThroughSpace","Moonworks:FinalBattle"],"picked":"Moonworks:NicePresent","floor":14.0},{"not_picked":["Moonworks:GoAway","Moonworks:Encore"],"picked":"Moonworks:SinkOrSwim","floor":16.0},{"not_picked":["Moonworks:BigMagnum","Moonworks:IndiscriminateFireSupport"],"picked":"Moonworks:MiracleRedBeanIceCream","floor":18.0},{"not_picked":["Moonworks:SelfDestruct","Moonworks:DeployBits"],"picked":"Moonworks:CompletionReward","floor":19.0},{"not_picked":["Moonworks:LuckyCharm","Moonworks:NicePresent"],"picked":"Moonworks:EvilSpyWorkPreparation","floor":21.0},{"not_picked":["Moonworks:UnpaidWork","Moonworks:FullSpeedAlicianrone+1"],"picked":"Moonworks:SinkOrSwim","floor":23.0},{"not_picked":["Moonworks:JonathanRush","Moonworks:Assault"],"picked":"Moonworks:IndiscriminateFireSupport","floor":27.0},{"not_picked":["Moonworks:x16BigRocket+1","Moonworks:LulusLuckyEgg"],"picked":"Moonworks:EvilSpyWorkPreparation+1","floor":28.0},{"not_picked":["Moonworks:CloudOfSeagulls","Moonworks:ImOnFire+1"],"picked":"Moonworks:NicePresent","floor":31.0},{"not_picked":["Moonworks:FinalBattle","Moonworks:OutOfAmmo"],"picked":"Moonworks:HolyNight","floor":33.0},{"not_picked":["Moonworks:NicePresent","Moonworks:SelfDestruct"],"picked":"Moonworks:EvilSpyWorkPreparation+1","floor":35.0},{"not_picked":["PanicButton","Madness"],"picked":"Secret Technique","floor":37.0},{"not_picked":["Blind","ReplayTheSpireMod:Uncanny Aura"],"picked":"Crow Ritual","floor":37.0},{"not_picked":["Moonworks:CloudOfSeagulls","Moonworks:Heat300Percent+1"],"picked":"Moonworks:IndiscriminateFireSupport+1","floor":38.0},{"not_picked":["Moonworks:LulusLuckyEgg","Moonworks:TacticalRetreat"],"picked":"Moonworks:AwakeningOfTalent+1","floor":39},{"not_picked":["Moonworks:BigMagnum","Moonworks:ReproductionOfRecords+1"],"picked":"Moonworks:CookingTime+1","floor":40},{"not_picked":["Moonworks:ReflectiveShell","Moonworks:LulusLuckyEgg"],"picked":"Moonworks:SweetBattle+1","floor":42},{"not_picked":["Moonworks:SealedMemories+1","Moonworks:ImOnFire+1","Moonworks:CloudOfSeagulls","Moonworks:UnpaidWork+1"],"picked":"SKIP","floor":45},{"not_picked":["Moonworks:ReproductionOfRecords","Moonworks:JonathanRush+1","Moonworks:SealedMemories+1","Moonworks:CloudOfSeagulls"],"picked":"SKIP","floor":47},{"not_picked":["Moonworks:Poppoformation+1","Moonworks:TacticalRetreat","Moonworks:Flamethrower+1","Moonworks:SelfDestruct"],"picked":"SKIP","floor":48},{"not_picked":["Moonworks:StiffCrystal","Moonworks:Heat300Percent","Moonworks:TacticalRetreat","Moonworks:CloudOfSeagulls+1"],"picked":"SKIP","floor":54}],"player_experience":299659,"relics_obtained":[{"floor":6.0,"key":"Pen Nib"},{"floor":8.0,"key":"reliquary:WeakTea"},{"floor":10.0,"key":"Bronze Scales"},{"floor":14.0,"key":"Replay:Mystery Machine"},{"floor":17.0,"key":"Smiling Mask"},{"floor":17.0,"key":"aspiration:FrozenJewel"},{"floor":17.0,"key":"Lizard Tail"},{"floor":22.0,"key":"Ring of Peace"},{"floor":22.0,"key":"ReplayTheSpireMod:Ring of Challenge"},{"floor":23.0,"key":"Pear"},{"floor":26.0,"key":"Dead Branch"},{"floor":27.0,"key":"Incense Burner"},{"floor":29.0,"key":"reliquary:RoseTintedGlasses"},{"floor":31.0,"key":"ReplayFunnel"},{"floor":36.0,"key":"Garlic"},{"floor":40,"key":"CaptainsWheel"},{"floor":42,"key":"Question Card"},{"floor":43,"key":"Gremlin Horn"},{"floor":48,"key":"The Courier"},{"floor":54,"key":"Simple Rune"}],"event_choices":[{"damage_healed":0.0,"max_hp_gain":0.0,"max_hp_loss":0.0,"gold_gain":0.0,"event_name":"Living Wall","player_choice":"Grow","floor":3.0,"gold_loss":0.0,"damage_taken":0.0,"cards_upgraded":["Moonworks:Ambush"]},{"damage_healed":0.0,"max_hp_gain":0.0,"max_hp_loss":0.0,"gold_gain":75.0,"event_name":"World of Goop","player_choice":"Gather Gold","floor":5.0,"gold_loss":0.0,"damage_taken":11.0},{"damage_healed":0.0,"max_hp_gain":0.0,"max_hp_loss":0.0,"gold_gain":0.0,"event_name":"The Mausoleum","player_choice":"Opened","floor":25.0,"gold_loss":0.0,"damage_taken":0.0,"relics_obtained":["reliquary:BallBearing"]},{"damage_healed":0.0,"max_hp_gain":0.0,"max_hp_loss":0.0,"gold_gain":0.0,"event_name":"SensoryStone","player_choice":"Memory 3","floor":37.0,"gold_loss":0.0,"damage_taken":10.0}],"is_beta":false,"boss_relics":[{"not_picked":["Abe\u0027s Treasure","Ring of Chaos"],"picked":"Calling Bell"},{"not_picked":["aspiration:MarisaSkillbook","Runic Dome"],"picked":"aspiration:PoetsPen_weak"}],"items_purged_floors":[53],"is_endless":false,"potions_floor_spawned":[1,2,6,11,19,23,27,28,31,33,35,39,45,47],"ascension_level":2}}