{"host":"tpad8qsc9e0g0pa5","time":1612874427,"event":{"mods":["BaseMod","Minty Spire (QoL Compilation)","Quick Restart","StSLib","The Bug Knight"],"gold_per_floor":[115,126,126,126,150,184,184,207,230,249,249,263,287,130,130,130,130],"floor_reached":16,"language":"ZHS","playtime":1513,"items_purged":["HollowMod:NailStrikeStart"],"score":120,"play_id":"28d92885-de83-46d3-8c2b-320cee92a3f5","local_time":"20210209204027","is_ascension_mode":true,"campfire_choices":[{"data":"HollowMod:BrokenVessel","floor":7.0,"key":"SMITH"},{"floor":15,"key":"REST"}],"circlet_count":0,"master_deck":["HollowMod:NailStrikeStart","HollowMod:NailStrikeStart","HollowMod:NailStrikeStart","HollowMod:QuickDashStart","HollowMod:QuickDashStart","HollowMod:QuickDashStart","HollowMod:QuickDashStart","HollowMod:FocusHealStart","HollowMod:PogoStrike","HollowMod:NewJinnsSoul","HollowMod:PerfectDash","HollowMod:BrokenVessel+1","HollowMod:MantisMark","HollowMod:HowlingWraiths","HollowMod:InfectedCysts","HollowMod:InfectedAttack","HollowMod:BrokenVessel","HollowMod:SoulSplash"],"relics":["HollowMod:VesselMask","NeowsBlessing","Golden Idol","Nunchaku","Pen Nib","Dream Catcher"],"acts_visited":["Exordium"],"potions_floor_usage":[10],"damage_taken":[{"damage":0.0,"enemies":"Cultist","floor":1.0,"turns":1.0},{"damage":0.0,"enemies":"Jaw Worm","floor":2.0,"turns":1.0},{"damage":0.0,"enemies":"Small Slimes","floor":5.0,"turns":1.0},{"damage":5.0,"enemies":"3 Sentries","floor":6.0,"turns":7.0},{"damage":4.0,"enemies":"3 Louse","floor":8.0,"turns":3.0},{"damage":18,"enemies":"Exordium Thugs","floor":10,"turns":5},{"damage":8,"enemies":"Red Slaver","floor":12,"turns":5},{"damage":3,"enemies":"3 Louse","floor":13,"turns":3},{"damage":51,"enemies":"Slime Boss","floor":16,"turns":6}],"seed_played":"-8086545696329947692","potions_obtained":[{"floor":4.0,"key":"BlessingOfTheForge"},{"floor":4.0,"key":"EssenceOfSteel"},{"floor":4.0,"key":"Explosive Potion"},{"floor":8.0,"key":"PowerPotion"}],"is_trial":false,"path_per_floor":["M","M","?","?","M","E","R","M","T","M","?","M","M","$","R","B"],"character_chosen":"THE_BUGKNIGHT","items_purchased":["HollowMod:BrokenVessel"],"campfire_rested":1,"item_purchase_floors":[14],"current_hp_per_floor":[75,75,57,57,57,58,58,54,54,36,29,21,18,18,40,0,0],"gold":130,"neow_bonus":"THREE_ENEMY_KILL","is_daily":false,"chose_seed":false,"campfire_upgraded":1,"win_rate":0.0,"timestamp":1612874427,"path_taken":["M","?","?","?","?","E","R","M","T","M","?","M","M","$","R","BOSS"],"items_purchased_type":["Card"],"build_version":"2020-12-22","purchased_purges":1,"victory":false,"max_hp_per_floor":[75,75,75,75,75,75,75,75,75,75,75,75,75,75,75,75,75],"card_choices":[{"not_picked":["HollowMod:DoubleDash","HollowMod:NewLittleFool"],"picked":"HollowMod:NewJinnsSoul","floor":1.0},{"not_picked":["HollowMod:DoubleDash","HollowMod:ShadowDash"],"picked":"HollowMod:PerfectDash","floor":2.0},{"not_picked":["HollowMod:InfectedCysts","HollowMod:ShadowDash"],"picked":"HollowMod:BrokenVessel","floor":5.0},{"not_picked":["HollowMod:DoubleDash","HollowMod:DesolateDive"],"picked":"HollowMod:MantisMark","floor":6.0},{"not_picked":["HollowMod:DashSlash","HollowMod:SiblingsSouls"],"picked":"HollowMod:HowlingWraiths","floor":8.0},{"not_picked":["HollowMod:VengefulSpirit","HollowMod:SharpenedShadows","HollowMod:SiblingsSouls"],"picked":"SKIP","floor":10},{"not_picked":["HollowMod:ChannelNail","HollowMod:LifebloodCocoon"],"picked":"HollowMod:InfectedCysts","floor":12},{"not_picked":["HollowMod:AwokenDreamNail","HollowMod:Grubsong"],"picked":"HollowMod:InfectedAttack","floor":13},{"not_picked":["HollowMod:SharpenedShadows","HollowMod:InfectedCysts"],"picked":"HollowMod:SoulSplash","floor":15}],"player_experience":321211,"relics_obtained":[{"floor":6.0,"key":"Nunchaku"},{"floor":9.0,"key":"Pen Nib"}],"event_choices":[{"damage_healed":0.0,"max_hp_gain":0.0,"max_hp_loss":0.0,"gold_gain":0.0,"event_name":"Golden Idol","player_choice":"Take Damage","floor":3.0,"gold_loss":0.0,"damage_taken":18.0,"relics_obtained":["Golden Idol"]},{"damage_healed":0.0,"max_hp_gain":0.0,"max_hp_loss":0.0,"gold_gain":0.0,"event_name":"Lab","player_choice":"Got Potions","floor":4.0,"gold_loss":0.0,"damage_taken":0.0},{"damage_healed":0,"gold_gain":0,"player_choice":"Success","damage_taken":7,"relics_obtained":["Dream Catcher"],"max_hp_gain":0,"max_hp_loss":0,"event_name":"Scrap Ooze","floor":11,"gold_loss":0}],"is_beta":false,"boss_relics":[],"items_purged_floors":[14],"is_endless":false,"potions_floor_spawned":[5,8],"killed_by":"Slime Boss","ascension_level":3}}