{"host":"uv5ws9rdk87e8i5k","time":1612852280,"event":{"mods":["AchievementEnabler","BaseMod","Colored Map","Minty Spire (QoL Compilation)","Permanent Neow","Quick Restart","StSLib","SuperFastMode","The Necromancer"],"gold_per_floor":[111,127,140,156,168,168,201,201,227,260,260,279,290,320,320,320,320],"floor_reached":16,"language":"ENG","playtime":252,"items_purged":[],"score":174,"play_id":"7290cc21-9eb3-46ae-be24-afffa7574236","local_time":"20210209003120","is_ascension_mode":true,"campfire_choices":[{"data":"Immolate","floor":6.0,"key":"SMITH"},{"data":"Rampage","floor":8.0,"key":"SMITH"},{"data":"Fiend Fire","floor":15,"key":"SMITH"}],"circlet_count":0,"master_deck":["Strike_R","Strike_R","Strike_R","Strike_R","Strike_R","Defend_R","Defend_R","Defend_R","Defend_R","Bash","Immolate+1","Iron Wave","Iron Wave","Fiend Fire+1","Anger","Spot Weakness","Rampage+1","Havoc","Uppercut"],"relics":["Burning Blood","Letter Opener","Potion Belt","Pen Nib","Regal Pillow"],"acts_visited":["Exordium"],"potions_floor_usage":[12,14],"damage_taken":[{"damage":1.0,"enemies":"Cultist","floor":1.0,"turns":4.0},{"damage":0.0,"enemies":"Small Slimes","floor":2.0,"turns":3.0},{"damage":7.0,"enemies":"Jaw Worm","floor":3.0,"turns":2.0},{"damage":16.0,"enemies":"Large Slime","floor":4.0,"turns":4.0},{"damage":3.0,"enemies":"3 Louse","floor":5.0,"turns":3.0},{"damage":15.0,"enemies":"Gremlin Nob","floor":7.0,"turns":3.0},{"damage":37.0,"enemies":"Lagavulin","floor":10.0,"turns":5.0},{"damage":2,"enemies":"Looter","floor":12,"turns":3},{"damage":0,"enemies":"Exordium Wildlife","floor":13,"turns":3},{"damage":5,"enemies":"3 Sentries","floor":14,"turns":3},{"damage":45,"enemies":"The Guardian","floor":16,"turns":8}],"seed_played":"-1184937411154782471","potions_obtained":[{"floor":5.0,"key":"DistilledChaos"},{"floor":7.0,"key":"Swift Potion"},{"floor":10.0,"key":"SteroidPotion"},{"floor":13,"key":"BlessingOfTheForge"}],"is_trial":false,"path_per_floor":["M","M","M","M","M","R","E","R","T","E","?","M","M","E","R","B"],"character_chosen":"IRONCLAD","items_purchased":[],"campfire_rested":0,"item_purchase_floors":[],"current_hp_per_floor":[77,80,79,69,72,72,63,63,63,32,32,36,42,43,43,0,0],"gold":320,"neow_bonus":"ONE_RANDOM_RARE_CARD","is_daily":false,"chose_seed":false,"campfire_upgraded":3,"win_rate":0.0,"timestamp":1612852280,"path_taken":["M","M","M","M","?","R","E","R","T","E","?","M","M","E","R","BOSS"],"items_purchased_type":[],"build_version":"2020-12-22","purchased_purges":0,"victory":false,"max_hp_per_floor":[80,80,80,80,80,80,80,80,80,80,80,80,80,80,80,80,80],"card_choices":[{"not_picked":["Perfected Strike","Body Slam"],"picked":"Iron Wave","floor":1.0},{"not_picked":["Perfected Strike","Body Slam"],"picked":"Iron Wave","floor":1.0},{"not_picked":["Perfected Strike","Anger"],"picked":"Fiend Fire","floor":2.0},{"not_picked":["Sword Boomerang","Twin Strike"],"picked":"Anger","floor":3.0},{"not_picked":["Sword Boomerang","Thunderclap"],"picked":"Spot Weakness","floor":4.0},{"not_picked":["Evolve","Perfected Strike"],"picked":"Rampage","floor":5.0},{"not_picked":["Wild Strike","Sentinel","Perfected Strike"],"picked":"SKIP","floor":7.0},{"not_picked":["True Grit","Second Wind","Bludgeon"],"picked":"SKIP","floor":10.0},{"not_picked":["Bloodletting","True Grit"],"picked":"Havoc","floor":12},{"not_picked":["Heavy Blade","Sword Boomerang","Thunderclap"],"picked":"SKIP","floor":13},{"not_picked":["Body Slam","Iron Wave"],"picked":"Uppercut","floor":14}],"player_experience":282519,"relics_obtained":[{"floor":7.0,"key":"Letter Opener"},{"floor":9.0,"key":"Potion Belt"},{"floor":10.0,"key":"Pen Nib"},{"floor":14,"key":"Regal Pillow"}],"event_choices":[{"damage_healed":0.0,"max_hp_gain":0.0,"max_hp_loss":0.0,"gold_gain":0.0,"event_name":"Liars Game","player_choice":"Ignored","floor":11.0,"gold_loss":0.0,"damage_taken":0.0}],"is_beta":false,"boss_relics":[],"items_purged_floors":[],"is_endless":false,"potions_floor_spawned":[5,7,10,13],"killed_by":"The Guardian","ascension_level":8}}