{"host":"6a9c3xws62y7efyw","time":1612856236,"event":{"mods":["BaseMod","Colored Map","Minty Spire (QoL Compilation)","Relic Stats","StSLib"],"gold_per_floor":[118,131,131,146,164,197,197,216,216,58,82,107,182,195,195,267,267,284,295,295,308,61,96,110,110,110,125,141,141,156,171,171,242,242,262,262,273,7,7,36,36,65,89,123,123,149,161,188,188,188,188,188,188,21,46,46],"floor_reached":57,"language":"ENG","playtime":3920,"items_purged":["Strike_G","Pain","Defend_G"],"score":3043,"play_id":"19d8feea-1cb0-41f7-8344-c3afa0adb50c","local_time":"20210208233716","is_ascension_mode":true,"campfire_choices":[{"data":"Glass Knife","floor":7,"key":"SMITH"},{"data":"Footwork","floor":15,"key":"SMITH"},{"floor":25,"key":"REST"},{"data":"Catalyst","floor":32,"key":"SMITH"},{"data":"Catalyst","floor":41,"key":"SMITH"},{"floor":49,"key":"RECALL"},{"data":"Burst","floor":53,"key":"SMITH"}],"circlet_count":0,"master_deck":["AscendersBane","Strike_G+1","Defend_G+1","Defend_G","Defend_G","Defend_G","Survivor","Neutralize","Flying Knee","Dagger Spray","Glass Knife+1","Leg Sweep","Poisoned Stab","Calculated Gamble","Leg Sweep+1","Deadly Poison","Catalyst+1","Catalyst+1","Footwork+1","Poisoned Stab+1","Envenom","Backflip+1","Expertise+1","Calculated Gamble+1","Well Laid Plans+1","Cloak And Dagger","Dagger Spray+1","Backflip","Venomology","Backflip","Malaise","Predator+1","Dodge and Roll+1","Outmaneuver","Predator+1","Burst+1","Footwork+1"],"relics":["Ring of the Snake","NeowsBlessing","Snake Skull","InkBottle","Orrery","Odd Mushroom","Matryoshka","Philosopher\u0027s Stone","Molten Egg 2","TwistedFunnel","Frozen Egg 2","Toy Ornithopter","Letter Opener","Snecko Eye","WarpedTongs","Lantern","Omamori","Torii","Whetstone","Bird Faced Urn","Darkstone Periapt","War Paint","Strawberry","Incense Burner"],"acts_visited":["Exordium","TheCity","TheBeyond","TheEnding"],"potions_floor_usage":[6,8,11,12,23,30,31,37,37,40,42,44,50,50,51,51,56],"damage_taken":[{"damage":0,"enemies":"Small Slimes","floor":1,"turns":1},{"damage":0,"enemies":"Cultist","floor":2,"turns":1},{"damage":0,"enemies":"Jaw Worm","floor":4,"turns":1},{"damage":10,"enemies":"Large Slime","floor":5,"turns":6},{"damage":9,"enemies":"3 Sentries","floor":6,"turns":7},{"damage":0,"enemies":"Red Slaver","floor":8,"turns":6},{"damage":2,"enemies":"The Mushroom Lair","floor":11,"turns":4},{"damage":0,"enemies":"Gremlin Nob","floor":12,"turns":3},{"damage":0,"enemies":"Exordium Wildlife","floor":14,"turns":2},{"damage":17,"enemies":"The Guardian","floor":16,"turns":9},{"damage":0,"enemies":"Spheric Guardian","floor":18,"turns":3},{"damage":0,"enemies":"Chosen","floor":19,"turns":3},{"damage":6,"enemies":"Snecko","floor":21,"turns":6},{"damage":39,"enemies":"Slavers","floor":23,"turns":9},{"damage":0,"enemies":"Centurion and Healer","floor":24,"turns":7},{"damage":8,"enemies":"Shelled Parasite and Fungi","floor":27,"turns":5},{"damage":0,"enemies":"Cultist and Chosen","floor":28,"turns":5},{"damage":0,"enemies":"Sentry and Sphere","floor":30,"turns":3},{"damage":0,"enemies":"Snake Plant","floor":31,"turns":4},{"damage":6,"enemies":"Automaton","floor":33,"turns":6},{"damage":0,"enemies":"3 Shapes","floor":35,"turns":6},{"damage":28,"enemies":"3 Darklings","floor":37,"turns":4},{"damage":0,"enemies":"Reptomancer","floor":40,"turns":3},{"damage":0,"enemies":"Giant Head","floor":42,"turns":5},{"damage":2,"enemies":"Reptomancer","floor":44,"turns":7},{"damage":0,"enemies":"Giant Head","floor":46,"turns":6},{"damage":1,"enemies":"4 Shapes","floor":47,"turns":4},{"damage":16,"enemies":"Reptomancer","floor":48,"turns":6},{"damage":24,"enemies":"Donu and Deca","floor":50,"turns":8},{"damage":18,"enemies":"Awakened One","floor":51,"turns":11},{"damage":20,"enemies":"Shield and Spear","floor":55,"turns":8},{"damage":39,"enemies":"The Heart","floor":56,"turns":5}],"seed_played":"2069668342129789072","potions_obtained":[{"floor":1,"key":"SneckoOil"},{"floor":2,"key":"LiquidMemories"},{"floor":8,"key":"Energy Potion"},{"floor":11,"key":"SneckoOil"},{"floor":16,"key":"LiquidBronze"},{"floor":19,"key":"Weak Potion"},{"floor":27,"key":"DistilledChaos"},{"floor":28,"key":"SkillPotion"},{"floor":37,"key":"Swift Potion"},{"floor":40,"key":"Swift Potion"}],"is_trial":false,"path_per_floor":["M","M","?","M","M","E","R","M","T","$","?","E","?","M","R","B",null,"M","M","?","M","$","E","M","R","T","M","M","?","M","M","R","B",null,"M","?","M","$","T","E","R","E","T","E","$","E","M","E","R","B","B",null,"R","$","E","B",null],"character_chosen":"THE_SILENT","items_purchased":["Orrery","TwistedFunnel","Lantern","Footwork+1"],"campfire_rested":1,"item_purchase_floors":[10,22,38,54],"current_hp_per_floor":[59,59,59,59,49,40,40,40,40,40,38,38,27,27,27,10,52,52,52,52,46,46,7,7,26,26,18,18,18,23,28,28,22,55,55,55,37,37,37,42,42,47,47,56,56,62,65,61,61,51,49,67,67,67,55,27],"gold":46,"neow_bonus":"THREE_ENEMY_KILL","is_daily":false,"chose_seed":false,"campfire_upgraded":5,"win_rate":0.0,"timestamp":1612856236,"path_taken":["M","M","?","M","?","E","R","M","T","$","?","E","?","M","R","BOSS","M","M","?","M","$","E","?","R","T","M","M","?","M","M","R","BOSS","M","?","?","$","?","E","R","E","T","E","?","E","M","E","R","BOSS","BOSS","R","$","E","BOSS"],"items_purchased_type":["Relic","Relic","Relic","Card"],"build_version":"2020-12-22","purchased_purges":3,"victory":true,"max_hp_per_floor":[66,66,66,66,66,66,66,66,66,66,66,66,66,66,66,66,66,66,66,66,66,66,66,66,66,66,66,66,66,66,66,66,66,66,66,66,66,66,66,66,66,66,66,66,66,66,66,73,73,73,73,73,73,73,73,73],"relic_stats":{"Darkstone Periapt":0,"Torii":19,"counters":[32,164],"Snake Skull":[294],"Letter Opener":[616],"Whetstone":["Strike_G","Poisoned Stab"],"War Paint":["Defend_G","Leg Sweep"],"WarpedTongs":[67],"Bird Faced Urn":[45],"Snecko Eye":[189,196,188,166],"obtain_stats":[{"TwistedFunnel":22,"Darkstone Periapt":44,"Lantern":38,"NeowsBlessing":0,"Torii":39,"Snake Skull":6,"Omamori":39,"Incense Burner":55,"Letter Opener":26,"Whetstone":40,"Odd Mushroom":11,"Frozen Egg 2":23,"War Paint":46,"WarpedTongs":36,"Matryoshka":12,"Bird Faced Urn":42,"Strawberry":48,"Orrery":10,"Snecko Eye":34,"Philosopher\u0027s Stone":17,"Molten Egg 2":20,"InkBottle":9,"Toy Ornithopter":26,"Ring of the Snake":0},{"TwistedFunnel":13,"Darkstone Periapt":25,"Lantern":22,"NeowsBlessing":0,"Torii":22,"Snake Skull":5,"Omamori":22,"Incense Burner":31,"Letter Opener":15,"Whetstone":23,"Odd Mushroom":7,"Frozen Egg 2":14,"War Paint":26,"WarpedTongs":21,"Matryoshka":8,"Bird Faced Urn":24,"Strawberry":28,"Orrery":6,"Snecko Eye":20,"Philosopher\u0027s Stone":10,"Molten Egg 2":12,"InkBottle":6,"Toy Ornithopter":15,"Ring of the Snake":0},{"TwistedFunnel":52,"Darkstone Periapt":116,"Lantern":101,"NeowsBlessing":0,"Torii":101,"Snake Skull":16,"Omamori":101,"Incense Burner":159,"Letter Opener":68,"Whetstone":104,"Odd Mushroom":26,"Frozen Egg 2":61,"War Paint":122,"WarpedTongs":97,"Matryoshka":29,"Bird Faced Urn":109,"Strawberry":132,"Orrery":22,"Snecko Eye":91,"Philosopher\u0027s Stone":40,"Molten Egg 2":46,"InkBottle":22,"Toy Ornithopter":68,"Ring of the Snake":0}],"InkBottle":[63],"Toy Ornithopter":60,"Ring of the Snake":[64]},"card_choices":[{"not_picked":["Tactician","Slice"],"picked":"Flying Knee","floor":1},{"not_picked":["Backflip","Finisher"],"picked":"Dagger Spray","floor":2},{"not_picked":["Riddle With Holes","Bouncing Flask"],"picked":"Glass Knife","floor":4},{"not_picked":["Finisher","Calculated Gamble"],"picked":"Leg Sweep","floor":5},{"not_picked":["Blur","Deflect","Underhanded Strike"],"picked":"SKIP","floor":6},{"not_picked":["Backflip","Dagger Throw"],"picked":"Poisoned Stab","floor":8},{"not_picked":["Sucker Punch","Backflip"],"picked":"Calculated Gamble","floor":10},{"not_picked":["PiercingWail","Setup"],"picked":"Leg Sweep","floor":10},{"not_picked":["Infinite Blades","Dagger Spray"],"picked":"Deadly Poison","floor":10},{"not_picked":["Endless Agony","Slice"],"picked":"Catalyst","floor":10},{"not_picked":["Dash","Dodge and Roll"],"picked":"Catalyst","floor":10},{"not_picked":["Infinite Blades","Storm of Steel"],"picked":"Footwork","floor":11},{"not_picked":["Underhanded Strike","Bane"],"picked":"Poisoned Stab","floor":12},{"not_picked":["Caltrops","Dodge and Roll","Prepared"],"picked":"SKIP","floor":14},{"not_picked":["Storm of Steel","Night Terror"],"picked":"Envenom","floor":16},{"not_picked":["Dagger Spray","Poisoned Stab"],"picked":"Backflip+1","floor":18},{"not_picked":["Flying Knee","Leg Sweep"],"picked":"Expertise+1","floor":19},{"not_picked":["Deflect","Dodge and Roll"],"picked":"Calculated Gamble+1","floor":21},{"not_picked":["Slice+1","Eviscerate+1","Blur"],"picked":"SKIP","floor":23},{"not_picked":["Infinite Blades+1","Endless Agony+1"],"picked":"Well Laid Plans+1","floor":24},{"not_picked":["Expertise","Deflect+1"],"picked":"Cloak And Dagger","floor":27},{"not_picked":["Dagger Throw+1","Eviscerate+1"],"picked":"Dagger Spray+1","floor":28},{"not_picked":["Unload+1","PiercingWail"],"picked":"Backflip","floor":30},{"not_picked":["Deadly Poison","Poisoned Stab+1","Flying Knee+1"],"picked":"SKIP","floor":31},{"not_picked":["Deadly Poison","Poisoned Stab+1","Flying Knee+1"],"picked":"SKIP","floor":31},{"not_picked":["Die Die Die+1","Phantasmal Killer"],"picked":"Malaise","floor":33},{"not_picked":["Cloak And Dagger","Prepared","Dodge and Roll"],"picked":"SKIP","floor":35},{"not_picked":["Heel Hook+1","Cloak And Dagger"],"picked":"Predator+1","floor":37},{"not_picked":["PiercingWail","Prepared","Cloak And Dagger"],"picked":"SKIP","floor":40},{"not_picked":["Backflip","Setup"],"picked":"Dodge and Roll+1","floor":42},{"not_picked":["Slice+1","Grand Finale+1","Cloak And Dagger"],"picked":"SKIP","floor":44},{"not_picked":["Quick Slash+1","PiercingWail"],"picked":"Outmaneuver","floor":46},{"not_picked":["Poisoned Stab+1","Deflect"],"picked":"Predator+1","floor":47},{"not_picked":["Footwork+1","Riddle With Holes+1"],"picked":"Burst","floor":48},{"not_picked":["Poisoned Stab+1","Reflex+1","Bane+1"],"picked":"SKIP","floor":55}],"player_experience":1507287,"relics_obtained":[{"floor":6,"key":"Snake Skull"},{"floor":9,"key":"InkBottle"},{"floor":11,"key":"Odd Mushroom"},{"floor":12,"key":"Matryoshka"},{"floor":23,"key":"Frozen Egg 2"},{"floor":26,"key":"Toy Ornithopter"},{"floor":26,"key":"Letter Opener"},{"floor":39,"key":"Omamori"},{"floor":39,"key":"Torii"},{"floor":40,"key":"Whetstone"},{"floor":42,"key":"Bird Faced Urn"},{"floor":44,"key":"Darkstone Periapt"},{"floor":46,"key":"War Paint"},{"floor":48,"key":"Strawberry"},{"floor":55,"key":"Incense Burner"}],"event_choices":[{"cards_removed":["Strike_G"],"damage_healed":0,"gold_gain":0,"player_choice":"Offered Basic","damage_taken":0,"max_hp_gain":0,"max_hp_loss":0,"event_name":"Bonfire Elementals","floor":3,"gold_loss":0},{"damage_healed":0,"gold_gain":0,"player_choice":"Fought Mushrooms","damage_taken":0,"max_hp_gain":0,"max_hp_loss":0,"event_name":"Mushrooms","floor":11,"gold_loss":0},{"damage_healed":0,"gold_gain":75,"player_choice":"Gather Gold","damage_taken":11,"max_hp_gain":0,"max_hp_loss":0,"event_name":"World of Goop","floor":13,"gold_loss":0},{"damage_healed":0,"gold_gain":0,"player_choice":"Gave Potion","damage_taken":0,"relics_obtained":["Molten Egg 2"],"max_hp_gain":0,"max_hp_loss":0,"event_name":"WeMeetAgain","floor":20,"gold_loss":0},{"damage_healed":0,"gold_gain":0,"cards_transformed":["Strike_G","Strike_G"],"player_choice":"Became Test Subject","damage_taken":0,"max_hp_gain":0,"max_hp_loss":0,"event_name":"Drug Dealer","floor":29,"gold_loss":0,"cards_obtained":["Backflip","Venomology"]},{"damage_healed":0,"gold_gain":0,"player_choice":"Rummage","damage_taken":0,"relics_obtained":["WarpedTongs"],"max_hp_gain":0,"max_hp_loss":0,"event_name":"Accursed Blacksmith","floor":36,"gold_loss":0,"cards_obtained":["Pain"]}],"is_beta":false,"boss_relics":[{"not_picked":["Ectoplasm","Ring of the Serpent"],"picked":"Philosopher\u0027s Stone"},{"not_picked":["Empty Cage","Velvet Choker"],"picked":"Snecko Eye"}],"items_purged_floors":[22,38,54],"is_endless":false,"potions_floor_spawned":[1,2,8,11,16,19,27,28,37,40],"ascension_level":20}}