{"host":"9czo1ewqehy3yunx","time":1612871797,"event":{"mods":["Act Like it!","BaseMod","CapriCore","Colored Powertips","DeckTracker","GifTheSpireLib","Keyboard Shortcuts","Lobotomy","Minty Spire (QoL Compilation)","Permanent Neow","Quick Restart","StSLib","SuperFastMode"],"gold_per_floor":[118,293,368,381,394,394,426,426,426,438,62,62,81,94,94,94,94],"floor_reached":16,"language":"KOR","playtime":904,"items_purged":[],"score":102,"play_id":"2d150b8c-20fe-4bce-bae5-58788c998465","local_time":"20210209205637","is_ascension_mode":false,"campfire_choices":[{"data":"Shrug It Off","floor":6,"key":"SMITH"},{"data":"Body Slam","floor":8,"key":"SMITH"},{"data":"Metallicize","floor":12,"key":"SMITH"},{"data":"Juggernaut","floor":15,"key":"SMITH"}],"circlet_count":0,"master_deck":["Strike_R","Strike_R","Strike_R","Strike_R","Strike_R","Defend_R","Defend_R","Defend_R","Defend_R","Bash","QueenBee","Body Slam","Doubt","CrumblingArmor","Body Slam+1","Variant","Shrug It Off+1","ShyLook","Battle Trance","Murderer","Body Slam","Metallicize+1","MHz","Sentinel","VoidDream","Juggernaut+1"],"relics":["Burning Blood","CogitoBucket","HornCleat","Shuriken","Anchor","Orichalcum","Theresia"],"acts_visited":["Exordium"],"potions_floor_usage":[],"damage_taken":[{"damage":7,"enemies":"Small Slimes","floor":1,"turns":4},{"damage":7,"enemies":"2 Louse","floor":4,"turns":2},{"damage":5,"enemies":"Jaw Worm","floor":5,"turns":3},{"damage":13,"enemies":"Lagavulin","floor":7,"turns":9},{"damage":6,"enemies":"Gremlin Gang","floor":10,"turns":5},{"damage":0,"enemies":"3 Louse","floor":13,"turns":6},{"damage":0,"enemies":"Large Slime","floor":14,"turns":4},{"damage":81,"enemies":"The Guardian","floor":16,"turns":7}],"seed_played":"-6543630191477057014","potions_obtained":[{"floor":5,"key":"Fire Potion"},{"floor":10,"key":"GamblersBrew"},{"floor":13,"key":"Strength Potion"}],"is_trial":false,"path_per_floor":["M","?","?","M","M","R","E","R","T","M","$","R","M","M","R","B"],"character_chosen":"IRONCLAD","items_purchased":["Metallicize","Anchor","Orichalcum"],"campfire_rested":0,"item_purchase_floors":[11,11,11],"current_hp_per_floor":[79,79,68,67,68,68,61,61,61,61,61,61,67,73,73,0,0],"gold":94,"neow_bonus":"","is_daily":false,"chose_seed":false,"campfire_upgraded":4,"win_rate":0.0,"timestamp":1612871797,"path_taken":["M","?","?","M","M","R","E","R","T","?","$","R","?","M","R","BOSS"],"items_purchased_type":["Card","Relic","Relic"],"build_version":"2020-12-22","purchased_purges":0,"victory":false,"max_hp_per_floor":[80,80,80,80,80,80,80,80,80,80,80,80,80,80,80,80,80],"card_choices":[{"not_picked":["CherryBlossoms","GreedKing"],"picked":"QueenBee","floor":1},{"not_picked":["Cleave","Anger"],"picked":"Body Slam","floor":1},{"not_picked":["PunishingBird","OSAHOGD"],"picked":"CrumblingArmor","floor":4},{"not_picked":["Anger","Spot Weakness"],"picked":"Body Slam","floor":4},{"not_picked":["BigBird","Scorched"],"picked":"Variant","floor":5},{"not_picked":["Pommel Strike","Perfected Strike"],"picked":"Shrug It Off","floor":5},{"not_picked":["Bloodbath","DreamingCurrent"],"picked":"ShyLook","floor":7},{"not_picked":["Flame Barrier","Havoc"],"picked":"Battle Trance","floor":7},{"not_picked":["LittleHelper","Laetitia"],"picked":"Murderer","floor":10},{"not_picked":["Seeing Red","Metallicize"],"picked":"Body Slam","floor":10},{"not_picked":["Scorched","BeautyBeast"],"picked":"MHz","floor":13},{"not_picked":["Anger","Twin Strike"],"picked":"Sentinel","floor":13},{"not_picked":["Bloodbath","HeroicMonk"],"picked":"VoidDream","floor":14},{"not_picked":["Cleave","Flame Barrier"],"picked":"Juggernaut","floor":14}],"player_experience":204871,"relics_obtained":[{"floor":7,"key":"HornCleat"},{"floor":9,"key":"Shuriken"}],"event_choices":[{"damage_healed":0,"gold_gain":175,"player_choice":"AGREE","damage_taken":0,"max_hp_gain":0,"max_hp_loss":0,"event_name":"Liars Game","floor":2,"gold_loss":0,"cards_obtained":["Doubt"]},{"damage_healed":0,"gold_gain":75,"player_choice":"Gather Gold","damage_taken":11,"max_hp_gain":0,"max_hp_loss":0,"event_name":"World of Goop","floor":3,"gold_loss":0}],"is_beta":false,"boss_relics":[],"items_purged_floors":[],"is_endless":false,"potions_floor_spawned":[5,10,13],"killed_by":"The Guardian","ascension_level":0}}