{"host":"85rg8sallz0lemh6","time":1612907132,"event":{"mods":["BaseMod","Bestiary","Colored Powertips","Highlight Path","Minty Spire (QoL Compilation)","Quick Restart"],"gold_per_floor":[113,113,188,201,201,201,228,228,278,229,404,429,439,450,450,549,549,569,580,95,20,20,55,55,55,101,128,154,172,207,227,227,327,327,346,396,696,712,722,722,271,271,271,297,325,356,373,406,406,406],"floor_reached":51,"language":"ENG","playtime":1486,"items_purged":[],"score":1147,"play_id":"8d91ef5a-6450-4b2d-9213-07ed50614fdb","local_time":"20210209154532","is_ascension_mode":true,"campfire_choices":[{"data":"Dualcast","floor":6,"key":"SMITH"},{"data":"Zap","floor":8,"key":"SMITH"},{"data":"Loop","floor":15,"key":"SMITH"},{"data":"Defragment","floor":25,"key":"SMITH"},{"data":"Loop","floor":32,"key":"SMITH"},{"data":"Biased Cognition","floor":42,"key":"SMITH"},{"floor":49,"key":"REST"}],"circlet_count":0,"master_deck":["Strike_B","Strike_B","Strike_B","Defend_B+1","Defend_B+1","Defend_B","Zap+1","Dualcast+1","Loop+1","Loop+1","Leap+1","Hologram+1","Electrodynamics","Defragment+1","Coolheaded+1","Consume+1","Biased Cognition+1","Cold Snap","Skim+1"],"relics":["Cracked Core","NeowsBlessing","Toxic Egg 2","StrikeDummy","Centennial Puzzle","Dream Catcher","Empty Cage","DataDisk","Pantograph","MutagenicStrength","White Beast Statue","Oddly Smooth Stone","Tiny Chest","Blood Vial","Strawberry","Busted Crown","FossilizedHelix","WingedGreaves","Runic Capacitor","Meat on the Bone","Ice Cream","Bag of Preparation","Unceasing Top","TungstenRod","War Paint"],"acts_visited":["Exordium","TheCity","TheBeyond"],"potions_floor_usage":[30,33,35,50,50,50],"damage_taken":[{"damage":0,"enemies":"Small Slimes","floor":1,"turns":1},{"damage":0,"enemies":"Jaw Worm","floor":4,"turns":1},{"damage":0,"enemies":"Lagavulin","floor":7,"turns":1},{"damage":14,"enemies":"3 Sentries","floor":12,"turns":7},{"damage":0,"enemies":"2 Louse","floor":13,"turns":3},{"damage":4,"enemies":"Exordium Wildlife","floor":14,"turns":4},{"damage":37,"enemies":"Hexaghost","floor":16,"turns":10},{"damage":0,"enemies":"3 Byrds","floor":18,"turns":2},{"damage":7,"enemies":"Chosen","floor":19,"turns":4},{"damage":24,"enemies":"Slavers","floor":23,"turns":2},{"damage":0,"enemies":"Gremlin Leader","floor":28,"turns":5},{"damage":18,"enemies":"Snecko","floor":29,"turns":5},{"damage":18,"enemies":"Book of Stabbing","floor":30,"turns":6},{"damage":0,"enemies":"Centurion and Healer","floor":31,"turns":4},{"damage":25,"enemies":"Collector","floor":33,"turns":6},{"damage":26,"enemies":"3 Darklings","floor":35,"turns":2},{"damage":0,"enemies":"Mind Bloom Boss Battle","floor":36,"turns":4},{"damage":0,"enemies":"3 Shapes","floor":38,"turns":2},{"damage":0,"enemies":"Transient","floor":39,"turns":5},{"damage":16,"enemies":"Reptomancer","floor":44,"turns":6},{"damage":0,"enemies":"Nemesis","floor":45,"turns":7},{"damage":0,"enemies":"Giant Head","floor":46,"turns":11},{"damage":10,"enemies":"4 Shapes","floor":47,"turns":2},{"damage":25,"enemies":"Reptomancer","floor":48,"turns":4},{"damage":0,"enemies":"Donu and Deca","floor":50,"turns":6}],"seed_played":"-2108339041757445875","potions_obtained":[{"floor":1,"key":"FocusPotion"},{"floor":4,"key":"SkillPotion"},{"floor":14,"key":"GamblersBrew"},{"floor":18,"key":"DuplicationPotion"},{"floor":29,"key":"Regen Potion"},{"floor":30,"key":"Explosive Potion"},{"floor":33,"key":"SkillPotion"},{"floor":35,"key":"LiquidBronze"},{"floor":38,"key":"DistilledChaos"}],"is_trial":false,"path_per_floor":["M","$","?","M","T","R","E","R","T","$","?","E","M","M","R","B",null,"M","M","$","?","?","E","?","R","T","T","E","M","E","M","R","B",null,"M","?","?","M","M","T","$","R","T","E","E","E","M","E","R","B",null],"character_chosen":"DEFECT","items_purchased":["Leap+1","Defragment","DataDisk","Pantograph","Runic Capacitor","Cold Snap","Meat on the Bone"],"campfire_rested":1,"item_purchase_floors":[10,20,20,20,41,41,41],"current_hp_per_floor":[75,75,64,64,64,64,64,64,64,64,64,50,50,46,46,9,75,75,68,68,68,68,44,44,44,44,44,44,28,34,36,36,38,82,56,82,82,82,82,82,82,82,82,66,68,70,62,51,75,82],"gold":406,"neow_bonus":"THREE_ENEMY_KILL","is_daily":false,"chose_seed":false,"campfire_upgraded":6,"win_rate":0.0,"timestamp":1612907132,"path_taken":["M","$","?","M","?","R","E","R","T","$","?","E","?","M","R","BOSS","M","M","$","?","?","E","?","R","T","?","E","M","E","M","R","BOSS","M","?","?","M","?","?","$","R","T","E","E","E","M","E","R","BOSS"],"items_purchased_type":["Card","Card","Relic","Relic","Relic","Card","Relic"],"build_version":"2020-12-22","purchased_purges":0,"victory":true,"max_hp_per_floor":[75,75,75,75,75,75,75,75,75,75,75,75,75,75,75,75,75,75,75,75,75,75,75,75,75,75,75,75,75,82,82,82,82,82,82,82,82,82,82,82,82,82,82,82,82,82,82,82,82,82],"card_choices":[{"not_picked":["Turbo","Gash"],"picked":"Loop","floor":1},{"not_picked":["Scrape","Steam","Hologram"],"picked":"SKIP","floor":4},{"not_picked":["Aggregate+1","Recycle+1"],"picked":"Loop","floor":7},{"not_picked":["Streamline","Beam Cell","Rip and Tear"],"picked":"SKIP","floor":12},{"not_picked":["Darkness+1","Loop"],"picked":"Hologram+1","floor":13},{"not_picked":["Compile Driver","Fusion+1","Go for the Eyes"],"picked":"SKIP","floor":14},{"not_picked":["Echo Form","Machine Learning"],"picked":"Electrodynamics","floor":16},{"not_picked":["Coolheaded+1","Recycle+1","Genetic Algorithm+1"],"picked":"SKIP","floor":18},{"not_picked":["Streamline","Double Energy+1","Sunder+1"],"picked":"SKIP","floor":19},{"not_picked":["Skim+1","Chaos+1"],"picked":"Coolheaded+1","floor":23},{"not_picked":["Redo+1","Static Discharge+1","Beam Cell"],"picked":"SKIP","floor":28},{"not_picked":["FTL","Turbo+1","Force Field+1"],"picked":"SKIP","floor":29},{"not_picked":["Fission+1","Redo+1","All For One"],"picked":"SKIP","floor":30},{"not_picked":["BootSequence+1","Doom and Gloom"],"picked":"Consume+1","floor":31},{"not_picked":["Buffer","Multi-Cast+1"],"picked":"Biased Cognition","floor":33},{"not_picked":["Barrage+1"],"picked":"SKIP","floor":35},{"not_picked":["Coolheaded+1"],"picked":"SKIP","floor":38},{"not_picked":["Reinforced Body+1"],"picked":"SKIP","floor":39},{"not_picked":["Conserve Battery+1"],"picked":"SKIP","floor":44},{"not_picked":[],"picked":"Skim+1","floor":45},{"not_picked":["Compile Driver"],"picked":"SKIP","floor":46},{"not_picked":["Hologram+1"],"picked":"SKIP","floor":47},{"not_picked":["Fusion+1"],"picked":"SKIP","floor":48}],"player_experience":87254,"relics_obtained":[{"floor":5,"key":"Toxic Egg 2"},{"floor":7,"key":"StrikeDummy"},{"floor":9,"key":"Centennial Puzzle"},{"floor":12,"key":"Dream Catcher"},{"floor":23,"key":"White Beast Statue"},{"floor":26,"key":"Oddly Smooth Stone"},{"floor":27,"key":"Tiny Chest"},{"floor":28,"key":"Blood Vial"},{"floor":30,"key":"Strawberry"},{"floor":36,"key":"FossilizedHelix"},{"floor":40,"key":"WingedGreaves"},{"floor":43,"key":"Ice Cream"},{"floor":44,"key":"Bag of Preparation"},{"floor":45,"key":"Unceasing Top"},{"floor":46,"key":"TungstenRod"},{"floor":48,"key":"War Paint"}],"event_choices":[{"damage_healed":0,"gold_gain":75,"player_choice":"Gather Gold","damage_taken":11,"max_hp_gain":0,"max_hp_loss":0,"event_name":"World of Goop","floor":3,"gold_loss":0},{"damage_healed":0,"gold_gain":175,"player_choice":"AGREE","damage_taken":0,"max_hp_gain":0,"max_hp_loss":0,"event_name":"Liars Game","floor":11,"gold_loss":0,"cards_obtained":["Doubt"]},{"cards_removed":["Strike_B"],"damage_healed":0,"gold_gain":0,"player_choice":"Gave Gold","damage_taken":0,"max_hp_gain":0,"max_hp_loss":0,"event_name":"Beggar","floor":21,"gold_loss":75},{"damage_healed":0,"gold_gain":0,"player_choice":"Inject Mutagens","damage_taken":0,"relics_obtained":["MutagenicStrength"],"max_hp_gain":0,"max_hp_loss":0,"event_name":"Drug Dealer","floor":22,"gold_loss":0},{"damage_healed":0,"gold_gain":0,"player_choice":"Ignored","damage_taken":0,"max_hp_gain":0,"max_hp_loss":0,"event_name":"Cursed Tome","floor":24,"gold_loss":0},{"damage_healed":0,"gold_gain":0,"player_choice":"Fight","damage_taken":0,"max_hp_gain":0,"max_hp_loss":0,"event_name":"MindBloom","floor":36,"gold_loss":0},{"damage_healed":0,"gold_gain":300,"player_choice":"Gold","damage_taken":0,"max_hp_gain":0,"max_hp_loss":0,"event_name":"Wheel of Change","floor":37,"gold_loss":0}],"is_beta":false,"boss_relics":[{"not_picked":["Snecko Eye","Astrolabe"],"picked":"Empty Cage"},{"not_picked":["Tiny House","Runic Dome"],"picked":"Busted Crown"}],"items_purged_floors":[],"is_endless":false,"potions_floor_spawned":[1,4,14,18,19,28,29,30,31,33,35,36,38,39,44,45,46,47,48],"ascension_level":2}}