{"host":"nwtxriuk34b069je","time":1612836329,"event":{"mods":["AchievementEnabler","BaseMod","Better Skull","Colored Map","Colored Powertips","Hermit","Minty Spire (QoL Compilation)","Relic Stats","StSLib"],"gold_per_floor":[116,41,41,41,64,64,64,77,77,91,127,141,41,65,65,65,65],"floor_reached":16,"language":"ENG","playtime":276,"items_purged":["Defend_R","Defend_R"],"score":152,"play_id":"c8727c75-cfa2-470c-bb95-893fc63d98d3","local_time":"20210208200529","daily_mods":["DeadlyEvents"],"is_ascension_mode":false,"campfire_choices":[{"data":"Flex","floor":6,"key":"SMITH"},{"floor":15,"key":"REST"}],"circlet_count":0,"master_deck":["Strike_R","Strike_R","Strike_R","Strike_R","Strike_R","Defend_R","Defend_R","Bash","Flex+1","Flex","Thunderclap","Cleave"],"relics":["Unceasing Top","Centennial Puzzle","Golden Idol","MealTicket","Frozen Egg 2","Darkstone Periapt"],"acts_visited":["Exordium"],"potions_floor_usage":[14,14],"damage_taken":[{"damage":0,"enemies":"Small Slimes","floor":1,"turns":3},{"damage":0,"enemies":"2 Louse","floor":5,"turns":3},{"damage":0,"enemies":"Cultist","floor":8,"turns":2},{"damage":20,"enemies":"3 Louse","floor":10,"turns":3},{"damage":16,"enemies":"Gremlin Nob","floor":11,"turns":3},{"damage":10,"enemies":"Looter","floor":12,"turns":2},{"damage":28,"enemies":"Gremlin Gang","floor":14,"turns":2},{"damage":26,"enemies":"Hexaghost","floor":16,"turns":4}],"seed_played":"-6198904368165762255","potions_obtained":[{"floor":1,"key":"Dexterity Potion"},{"floor":8,"key":"ColorlessPotion"}],"is_trial":true,"path_per_floor":["M","$","?","?","M","R","T","M","T","M","E","M","$","M","R","B"],"character_chosen":"IRONCLAD","items_purchased":[],"campfire_rested":1,"item_purchase_floors":[],"current_hp_per_floor":[80,80,62,62,62,62,62,62,62,42,26,16,31,3,25,0,0],"gold":65,"neow_bonus":"","is_daily":false,"chose_seed":false,"campfire_upgraded":1,"win_rate":0.0,"timestamp":1612836329,"path_taken":["M","$","?","?","M","R","?","M","T","M","E","M","$","M","R","BOSS"],"items_purchased_type":[],"build_version":"2020-12-22","purchased_purges":2,"victory":false,"max_hp_per_floor":[80,80,80,74,74,74,74,74,74,74,74,74,74,74,74,74,74],"relic_stats":{"Darkstone Periapt":0,"Centennial Puzzle":[15],"counters":[8,22],"Golden Idol":26,"MealTicket":15,"obtain_stats":[{"Darkstone Periapt":11,"Centennial Puzzle":3,"Golden Idol":4,"MealTicket":7,"Frozen Egg 2":9,"Unceasing Top":0},{"Darkstone Periapt":5,"Centennial Puzzle":1,"Golden Idol":1,"MealTicket":2,"Frozen Egg 2":3,"Unceasing Top":0},{"Darkstone Periapt":14,"Centennial Puzzle":3,"Golden Idol":3,"MealTicket":6,"Frozen Egg 2":8,"Unceasing Top":0}],"Unceasing Top":[2]},"card_choices":[{"not_picked":["Combust","Shockwave","Hemokinesis"],"picked":"SKIP","floor":1},{"not_picked":["Heavy Blade","Shockwave"],"picked":"Flex","floor":5},{"not_picked":["Uppercut","Power Through","Headbutt"],"picked":"SKIP","floor":8},{"not_picked":["Feel No Pain+1","Rage"],"picked":"Flex","floor":10},{"not_picked":["Flex","Anger"],"picked":"Thunderclap","floor":11},{"not_picked":["Searing Blow","Perfected Strike"],"picked":"Cleave","floor":12},{"not_picked":["Burning Pact","Pommel Strike","Flame Barrier"],"picked":"SKIP","floor":14}],"player_experience":530347,"relics_obtained":[{"floor":7,"key":"MealTicket"},{"floor":9,"key":"Frozen Egg 2"},{"floor":11,"key":"Darkstone Periapt"}],"event_choices":[{"damage_healed":0,"gold_gain":0,"player_choice":"Success","damage_taken":18,"relics_obtained":["Centennial Puzzle"],"max_hp_gain":0,"max_hp_loss":0,"event_name":"Scrap Ooze","floor":3,"gold_loss":0},{"damage_healed":0,"gold_gain":0,"player_choice":"Lose Max HP","damage_taken":0,"relics_obtained":["Golden Idol"],"max_hp_gain":0,"max_hp_loss":6,"event_name":"Golden Idol","floor":4,"gold_loss":0}],"is_beta":false,"boss_relics":[],"items_purged_floors":[2,13],"is_endless":true,"potions_floor_spawned":[1,8],"killed_by":"Hexaghost","ascension_level":0}}