{"host":"oehe2dxjvdgux73m","time":1612887253,"event":{"mods":["AchievementEnabler","BaseMod","Colored Map","Colored Powertips","DeckTracker","Keyboard Shortcuts","Minty Spire (QoL Compilation)","Permanent Neow","Quick Restart","StSLib","SuperFastMode"],"gold_per_floor":[368,388,398,40,60,85,85,117,144,144,163,163,163,8,8,104,104,124,24,24,24,24,24,34,48,75,85,101,120,120,148,148,245,245,263,263,22,76,126,126,159,159,159,159,186,197,197,197,197,197],"floor_reached":51,"language":"KOR","playtime":1392,"items_purged":["Defend_P","Strike_P","Strike_P+1"],"score":833,"play_id":"205bdaad-7fc7-4375-812b-71363a3beea9","local_time":"20210210011413","is_ascension_mode":true,"campfire_choices":[{"data":"Eruption","floor":7.0,"key":"SMITH"},{"data":"Tantrum","floor":10.0,"key":"SMITH"},{"floor":15.0,"key":"REST"},{"data":"RitualDagger","floor":23.0,"key":"SMITH"},{"data":"Prostrate","floor":30.0,"key":"SMITH"},{"floor":32.0,"key":"REST"},{"floor":40.0,"key":"DIG"},{"data":"1","floor":42.0,"key":"LIFT"},{"data":"2","floor":44.0,"key":"LIFT"},{"data":"3","floor":47,"key":"LIFT"},{"floor":49,"key":"DIG"}],"circlet_count":0,"master_deck":["Strike_P+1","Strike_P+1","Defend_P+1","Defend_P+1","Defend_P+1","Eruption+1","Vigilance+1","Prostrate+1","Tantrum+1","Prostrate+1","Adaptation+1","EmptyBody","MentalFortress+1","LessonLearned","CurseOfTheBell","Collect","RitualDagger+1","CrushJoints+1","Crescendo+1","Meditate+1","BowlingBash+1","Halt+1","EmptyBody+1","Scrawl+1","InnerPeace","MentalFortress+1","ThirdEye+1","Prostrate+1","Sanctity+1"],"relics":["PureWater","Akabeko","Bronze Scales","Potion Belt","Bag of Preparation","Anchor","Chemical X","Calling Bell","Lantern","Mummified Hand","Lizard Tail","Centennial Puzzle","Vajra","VioletLotus","Shovel","Du-Vu Doll","Girya","Question Card","Turnip","Strawberry","Incense Burner"],"acts_visited":["Exordium","TheCity","TheBeyond"],"potions_floor_usage":[50,50,50,50,50],"damage_taken":[{"damage":3.0,"enemies":"Jaw Worm","floor":1.0,"turns":4.0},{"damage":0.0,"enemies":"Small Slimes","floor":2.0,"turns":2.0},{"damage":8.0,"enemies":"2 Louse","floor":3.0,"turns":4.0},{"damage":1.0,"enemies":"Red Slaver","floor":5.0,"turns":2.0},{"damage":15.0,"enemies":"Gremlin Nob","floor":6.0,"turns":3.0},{"damage":14.0,"enemies":"3 Sentries","floor":8.0,"turns":4.0},{"damage":0.0,"enemies":"2 Fungi Beasts","floor":11.0,"turns":2.0},{"damage":14.0,"enemies":"The Guardian","floor":16.0,"turns":8.0},{"damage":0.0,"enemies":"Chosen","floor":18.0,"turns":4.0},{"damage":10.0,"enemies":"2 Thieves","floor":24.0,"turns":3.0},{"damage":0.0,"enemies":"Centurion and Healer","floor":25.0,"turns":3.0},{"damage":0.0,"enemies":"Snecko","floor":27.0,"turns":2.0},{"damage":21.0,"enemies":"Snake Plant","floor":28.0,"turns":3.0},{"damage":0.0,"enemies":"Sentry and Sphere","floor":29.0,"turns":1.0},{"damage":15.0,"enemies":"Gremlin Leader","floor":31.0,"turns":4.0},{"damage":27.0,"enemies":"Champ","floor":33.0,"turns":5.0},{"damage":0.0,"enemies":"3 Darklings","floor":35.0,"turns":5.0},{"damage":0.0,"enemies":"2 Orb Walkers","floor":38.0,"turns":3.0},{"damage":0.0,"enemies":"Mind Bloom Boss Battle","floor":39.0,"turns":5.0},{"damage":2.0,"enemies":"Reptomancer","floor":41.0,"turns":6.0},{"damage":17.0,"enemies":"Nemesis","floor":45.0,"turns":5.0},{"damage":0.0,"enemies":"3 Shapes","floor":46.0,"turns":3.0},{"damage":11,"enemies":"Donu and Deca","floor":50,"turns":7}],"seed_played":"6904453803354598159","potions_obtained":[{"floor":1.0,"key":"BottledMiracle"},{"floor":2.0,"key":"Fire Potion"},{"floor":6.0,"key":"DistilledChaos"},{"floor":11.0,"key":"PowerPotion"},{"floor":18.0,"key":"AttackPotion"},{"floor":28.0,"key":"GamblersBrew"},{"floor":31.0,"key":"Swift Potion"},{"floor":33.0,"key":"Weak Potion"},{"floor":39.0,"key":"Swift Potion"},{"floor":45.0,"key":"EntropicBrew"},{"floor":46.0,"key":"DistilledChaos"}],"is_trial":false,"path_per_floor":["M","M","M","$","M","E","R","E","T","R","M","?","?","$","R","B",null,"M","$","?","?","?","R","M","M","T","M","M","M","R","E","R","B",null,"M","?","$","?","?","R","E","R","T","R","E","M","R","?","R","B",null],"character_chosen":"WATCHER","items_purchased":["Prostrate","Akabeko","Tantrum","Chemical X","InnerPeace","MentalFortress"],"campfire_rested":2,"item_purchase_floors":[4,4,4,14,37,37],"current_hp_per_floor":[62,62,54,54,53,38,38,24,24,24,24,29,26,26,47,33,70,70,70,70,64,64,64,54,54,54,54,33,33,33,18,39,12,70,70,70,70,70,70,70,68,68,68,68,58,58,58,58,58,47],"gold":197,"neow_bonus":"TWO_FIFTY_GOLD","is_daily":false,"chose_seed":false,"campfire_upgraded":4,"win_rate":0.0,"timestamp":1612887253,"path_taken":["M","M","M","$","M","E","R","E","T","R","M","?","?","$","R","BOSS","M","$","?","?","?","R","M","M","T","M","M","M","R","E","R","BOSS","M","?","$","?","?","R","E","R","T","R","E","M","R","?","R","BOSS"],"items_purchased_type":["Card","Relic","Card","Relic","Card","Card"],"build_version":"2020-12-22","purchased_purges":3,"victory":true,"max_hp_per_floor":[65,65,65,65,65,65,65,65,65,65,65,70,70,70,70,70,70,70,70,70,70,70,70,70,70,70,70,70,70,70,70,70,70,70,70,70,70,70,70,70,70,70,70,70,77,77,77,73,73,73],"card_choices":[{"not_picked":["Worship","Consecrate","Vengeance"],"picked":"SKIP","floor":1.0},{"not_picked":["Protect","Pray","EmptyBody"],"picked":"SKIP","floor":2.0},{"not_picked":["CutThroughFate","Consecrate","ThirdEye"],"picked":"SKIP","floor":3.0},{"not_picked":["Protect","FollowUp"],"picked":"Prostrate","floor":5.0},{"not_picked":["DeceiveReality","Protect"],"picked":"Adaptation","floor":6.0},{"not_picked":["Tantrum","Perseverance"],"picked":"EmptyBody","floor":8.0},{"not_picked":["WreathOfFlame","EmptyFist"],"picked":"MentalFortress","floor":11.0},{"not_picked":["DeusExMachina","Vault"],"picked":"LessonLearned","floor":16.0},{"not_picked":["Study","Evaluate+1"],"picked":"Collect","floor":18.0},{"not_picked":["Weave","FearNoEvil"],"picked":"CrushJoints+1","floor":24.0},{"not_picked":["FearNoEvil","JustLucky"],"picked":"Crescendo+1","floor":25.0},{"not_picked":["Fasting2","Weave"],"picked":"Meditate+1","floor":27.0},{"not_picked":["Protect","SpiritShield"],"picked":"BowlingBash+1","floor":28.0},{"not_picked":["ClearTheMind","ThirdEye"],"picked":"Halt+1","floor":29.0},{"not_picked":["Prostrate","CutThroughFate+1"],"picked":"EmptyBody+1","floor":31.0},{"not_picked":["Ragnarok","Establishment"],"picked":"Scrawl","floor":33.0},{"not_picked":["PathToVictory+1","SignatureMove","ThirdEye"],"picked":"SKIP","floor":35.0},{"not_picked":["Meditate+1","CrushJoints"],"picked":"ThirdEye+1","floor":38.0},{"not_picked":["MentalFortress","Protect"],"picked":"Prostrate+1","floor":39.0},{"not_picked":["Swivel","FlurryOfBlows","FollowUp+1"],"picked":"SKIP","floor":41.0},{"not_picked":["EmptyFist+1","FearNoEvil","FollowUp+1","CutThroughFate"],"picked":"SKIP","floor":45.0},{"not_picked":["Halt","Ragnarok","WreathOfFlame+1"],"picked":"Sanctity+1","floor":46.0}],"player_experience":442123,"relics_obtained":[{"floor":6.0,"key":"Bronze Scales"},{"floor":8.0,"key":"Potion Belt"},{"floor":9.0,"key":"Bag of Preparation"},{"floor":17.0,"key":"Lantern"},{"floor":17.0,"key":"Mummified Hand"},{"floor":17.0,"key":"Lizard Tail"},{"floor":26.0,"key":"Centennial Puzzle"},{"floor":31.0,"key":"Vajra"},{"floor":38.0,"key":"Shovel"},{"floor":39.0,"key":"Du-Vu Doll"},{"floor":40.0,"key":"Girya"},{"floor":41.0,"key":"Question Card"},{"floor":43.0,"key":"Turnip"},{"floor":45.0,"key":"Strawberry"},{"floor":49,"key":"Incense Burner"}],"event_choices":[{"damage_healed":0.0,"max_hp_gain":5.0,"max_hp_loss":0.0,"gold_gain":0.0,"event_name":"Big Fish","player_choice":"Donut","floor":12.0,"gold_loss":0.0,"damage_taken":0.0},{"damage_healed":0.0,"max_hp_gain":0.0,"max_hp_loss":0.0,"gold_gain":0.0,"event_name":"Scrap Ooze","player_choice":"Success","floor":13.0,"gold_loss":0.0,"damage_taken":3.0,"relics_obtained":["Anchor"]},{"damage_healed":0.0,"max_hp_gain":0.0,"max_hp_loss":0.0,"gold_gain":0.0,"event_name":"Nest","player_choice":"Joined the Cult","floor":21.0,"gold_loss":0.0,"damage_taken":6.0,"cards_obtained":["RitualDagger"]},{"damage_healed":0.0,"max_hp_gain":0.0,"max_hp_loss":0.0,"gold_gain":0.0,"event_name":"Back to Basics","player_choice":"Simplicity","floor":22.0,"gold_loss":0.0,"damage_taken":0.0,"cards_upgraded":["Strike_P","Strike_P","Strike_P","Defend_P","Defend_P","Defend_P"]},{"damage_healed":0.0,"max_hp_gain":0.0,"max_hp_loss":0.0,"gold_gain":0.0,"event_name":"Tomb of Lord Red Mask","player_choice":"Ignored","floor":36.0,"gold_loss":0.0,"damage_taken":0.0},{"damage_healed":0.0,"max_hp_gain":0.0,"max_hp_loss":0.0,"gold_gain":0.0,"event_name":"Mysterious Sphere","player_choice":"Fight","floor":38.0,"gold_loss":0.0,"damage_taken":0.0},{"damage_healed":0.0,"max_hp_gain":0.0,"max_hp_loss":0.0,"gold_gain":0.0,"event_name":"MindBloom","player_choice":"Fight","floor":39.0,"gold_loss":0.0,"damage_taken":0.0},{"damage_healed":0,"gold_gain":0,"player_choice":"Max HP","damage_taken":0,"max_hp_gain":0,"max_hp_loss":4,"event_name":"Winding Halls","floor":48,"gold_loss":0}],"is_beta":false,"boss_relics":[{"not_picked":["SlaversCollar","Busted Crown"],"picked":"Calling Bell"},{"not_picked":["Philosopher\u0027s Stone","Empty Cage"],"picked":"VioletLotus"}],"items_purged_floors":[4,19,37],"is_endless":false,"potions_floor_spawned":[1,2,6,11,18,28,31,33,39,45,46],"ascension_level":3}}