{"host":"6p0attdrtjqaih7v","time":1612846801,"event":{"mods":["2.2 Compatiblity","AchievementEnabler","Bard","BaseMod","Better Skull","Better Third Choice","Colored Powertips","Hermit","Highlight Path","Key Reminder","Minty Spire (QoL Compilation)","Permanent Neow","Quick Restart","Random Character Button","Relic Stats","Reliquary","Replay The Spire","Robot Space Explorer","StSLib","The Hayseed","The Witch"],"gold_per_floor":[118,131,131,27,40,52,87,87,157,186,202,202,202,220,220,295,295,314,314,289,177,188,188,202,202,250,269,269,298,318,337,337,337,337],"floor_reached":33,"language":"ENG","playtime":1771,"items_purged":["Strike_G"],"score":562,"play_id":"173f2144-1afb-4462-9664-3d43a8ed6b89","local_time":"20210209000001","is_ascension_mode":true,"campfire_choices":[{"data":"Noxious Fumes","floor":8,"key":"SMITH"},{"data":"Leg Sweep","floor":13,"key":"SMITH"},{"floor":15,"key":"REST"},{"floor":23,"key":"REST"},{"floor":28,"key":"REST"},{"floor":32,"key":"REST"}],"circlet_count":0,"master_deck":["AscendersBane","Strike_G","Strike_G","Strike_G","Strike_G","Defend_G","Defend_G","Defend_G","Defend_G","Defend_G","Survivor","Noxious Fumes+1","Calculated Gamble","Dagger Throw","Leg Sweep+1","Dagger Spray","Underhanded Strike","ReplayTheSpireMod:From All Sides","Caltrops","Poisoned Stab","After Image","Dagger Throw","Heel Hook","Bouncing Flask","Blade Dance","Poisoned Stab","Leg Sweep"],"relics":["Ring of the Serpent","Lizard Tail","reliquary:FeatherDuster","Lantern","Replay:Mystery Machine","reliquary:Knoch"],"acts_visited":["Exordium","TheCity"],"potions_floor_usage":[6,7,10,22,29,29,31,33],"damage_taken":[{"damage":2,"enemies":"Jaw Worm","floor":1,"turns":5},{"damage":0,"enemies":"Cultist","floor":2,"turns":4},{"damage":4,"enemies":"Small Slimes","floor":5,"turns":5},{"damage":1,"enemies":"2 Fungi Beasts","floor":6,"turns":5},{"damage":10,"enemies":"Replay:BlueRogue","floor":7,"turns":10},{"damage":27,"enemies":"Gremlin Nob","floor":10,"turns":6},{"damage":0,"enemies":"Lots of Slimes","floor":11,"turns":2},{"damage":9,"enemies":"Exordium Thugs","floor":14,"turns":6},{"damage":6,"enemies":"Hexaghost","floor":16,"turns":9},{"damage":10,"enemies":"3 Byrds","floor":18,"turns":5},{"damage":9,"enemies":"2 Thieves","floor":20,"turns":4},{"damage":23,"enemies":"Cultist and Chosen","floor":22,"turns":9},{"damage":9,"enemies":"Snecko","floor":24,"turns":6},{"damage":21,"enemies":"Shelled Parasite and Fungi","floor":27,"turns":9},{"damage":32,"enemies":"Book of Stabbing","floor":29,"turns":7},{"damage":0,"enemies":"Centurion and Healer","floor":30,"turns":6},{"damage":15,"enemies":"Snecko","floor":31,"turns":5},{"damage":35,"enemies":"Automaton","floor":33,"turns":8}],"seed_played":"-5028010483576590474","potions_obtained":[{"floor":1,"key":"Adrenaline Potion"},{"floor":5,"key":"Ancient Potion"},{"floor":6,"key":"Milkshake"},{"floor":10,"key":"Reflective Coating"},{"floor":18,"key":"Dexterity Potion"},{"floor":25,"key":"GamblersBrew"},{"floor":25,"key":"Ancient Potion"},{"floor":27,"key":"Adrenaline Potion"},{"floor":29,"key":"Toxic Potion"},{"floor":31,"key":"SpeedPotion"}],"is_trial":false,"path_per_floor":["M","M","?","$","M","M","E","R","T","E","M","?","R","M","R","B",null,"M","?","M","$","M","R","M","?","T","M","R","E","M","M","R","B"],"character_chosen":"THE_SILENT","items_purchased":["Dagger Throw","Leg Sweep","Bouncing Flask"],"campfire_rested":4,"item_purchase_floors":[4,4,21],"current_hp_per_floor":[57,57,58,58,54,53,43,43,43,16,16,16,16,7,26,20,55,45,45,36,36,13,32,23,23,23,2,21,23,23,8,27,0,0],"gold":337,"neow_bonus":"THREE_CARDS","is_daily":false,"chose_seed":false,"campfire_upgraded":2,"win_rate":0.0,"timestamp":1612846801,"path_taken":["M","M","?","$","M","?","E","R","T","E","M","?","R","M","R","BOSS","M","?","M","$","M","R","M","?","T","M","R","E","?","M","R","BOSS"],"items_purchased_type":["Card","Card","Card"],"build_version":"2020-12-22","purchased_purges":1,"victory":false,"max_hp_per_floor":[66,66,66,66,66,66,66,66,66,66,66,66,66,66,66,66,66,66,66,66,66,66,66,66,66,66,66,66,66,66,66,66,66,66],"relic_stats":{"Lizard Tail":33,"counters":[18,111],"obtain_stats":[{"reliquary:FeatherDuster":9,"Lizard Tail":7,"Lantern":10,"reliquary:Knoch":29,"Replay:Mystery Machine":26,"Ring of the Serpent":17,"Ring of the Snake":0},{"reliquary:FeatherDuster":5,"Lizard Tail":5,"Lantern":6,"reliquary:Knoch":15,"Replay:Mystery Machine":13,"Ring of the Serpent":9,"Ring of the Snake":0},{"reliquary:FeatherDuster":29,"Lizard Tail":29,"Lantern":35,"reliquary:Knoch":92,"Replay:Mystery Machine":76,"Ring of the Serpent":52,"Ring of the Snake":0}]},"card_choices":[{"not_picked":["Replay:Poison Smokescreen","Terror"],"picked":"Noxious Fumes","floor":0},{"not_picked":["ReplayTheSpireMod:Speed Training","Eviscerate"],"picked":"Calculated Gamble","floor":1},{"not_picked":["Acrobatics","Infinite Blades","Toxin Wave"],"picked":"SKIP","floor":2},{"not_picked":["Accuracy","Escape Plan"],"picked":"Dagger Spray","floor":5},{"not_picked":["Bane","Cloak And Dagger"],"picked":"Underhanded Strike","floor":6},{"not_picked":["Outmaneuver","Quick Slash"],"picked":"ReplayTheSpireMod:From All Sides","floor":7},{"not_picked":["Flying Knee","Endless Agony","Backflip"],"picked":"SKIP","floor":10},{"not_picked":["Expertise","Prepared"],"picked":"Caltrops","floor":11},{"not_picked":["PiercingWail","Flechettes"],"picked":"Poisoned Stab","floor":14},{"not_picked":["Night Terror","A Thousand Cuts"],"picked":"After Image","floor":16},{"not_picked":["Underhanded Strike","Caltrops"],"picked":"Dagger Throw","floor":18},{"not_picked":["Slice","Dagger Throw+1","Dagger Spray"],"picked":"SKIP","floor":20},{"not_picked":["Riddle With Holes","Outmaneuver","Backflip"],"picked":"SKIP","floor":22},{"not_picked":["Sucker Punch","Dodge and Roll","Night Terror"],"picked":"SKIP","floor":24},{"not_picked":["Dagger Spray","Dagger Throw","Bouncing Flask"],"picked":"SKIP","floor":27},{"not_picked":["PiercingWail","Dagger Throw"],"picked":"Blade Dance","floor":29},{"not_picked":["Dagger Spray","Glass Knife"],"picked":"Poisoned Stab","floor":30},{"not_picked":["Toxin Wave","Replay:Poison Smokescreen"],"picked":"Leg Sweep","floor":31}],"player_experience":1083295,"relics_obtained":[{"floor":7,"key":"Lizard Tail"},{"floor":9,"key":"reliquary:FeatherDuster"},{"floor":10,"key":"Lantern"},{"floor":26,"key":"Replay:Mystery Machine"},{"floor":29,"key":"reliquary:Knoch"}],"event_choices":[{"damage_healed":1,"gold_gain":0,"player_choice":"LEAVE ","damage_taken":0,"relics_obtained":[],"max_hp_gain":0,"max_hp_loss":0,"event_name":"betterSkull:BetterSkull","floor":3,"gold_loss":0,"cards_upgraded":[]},{"damage_healed":0,"gold_gain":0,"player_choice":"Read","damage_taken":0,"max_hp_gain":0,"max_hp_loss":0,"event_name":"The Library","floor":19,"gold_loss":0,"cards_obtained":["Heel Hook"]},{"damage_healed":0,"gold_gain":0,"player_choice":"Got Potions","damage_taken":0,"max_hp_gain":0,"max_hp_loss":0,"event_name":"Lab","floor":25,"gold_loss":0}],"is_beta":false,"boss_relics":[{"not_picked":["SacredBark","reliquary:KinkedSpring"],"picked":"Ring of the Serpent"}],"items_purged_floors":[21],"is_endless":false,"potions_floor_spawned":[1,5,6,10,18,27,29,31],"killed_by":"Automaton","ascension_level":20}}