{"host":"4jkyggjfmxcpengt","time":1612860192,"event":{"mods":["AchievementEnabler","BaseMod","Better Note","Block Reminder","Colored Powertips","Fiend Mod","Hermit","Minty Spire (QoL Compilation)","Quick Restart","Replay The Spire","SacredBarkPlus","StSLib","The Animator","Transform Curses","Unceasing Turn Reminder"],"gold_per_floor":[119,119,119,139,156,156,175,175,175,185,201,201,201,217,217,322,322,340,113,127,141,159,159,159,159,159,159,84,104,44,56,56,153,153,164,182,197,209,209,209,227,227,227,241,241,259,278,85,85,85],"floor_reached":51,"language":"SPA","playtime":3672,"items_purged":["Doubt"],"score":925,"play_id":"73c00c4d-2631-4b47-9388-d7a1179a64ba","local_time":"20210209094312","is_ascension_mode":true,"campfire_choices":[{"data":"Streamline","floor":6,"key":"SMITH"},{"data":"ReplayTheSpireMod:Private Reserves","floor":8,"key":"SMITH"},{"data":"Go for the Eyes","floor":13,"key":"SMITH"},{"data":"Zap","floor":15,"key":"SMITH"},{"data":"Double Energy","floor":23,"key":"SMITH"},{"data":"Hologram","floor":25,"key":"SMITH"},{"data":"Coolheaded","floor":27,"key":"SMITH"},{"floor":32,"key":"REST"},{"data":"Loop","floor":40,"key":"SMITH"},{"data":"ReplayTheSpireMod:Calculation Training","floor":42,"key":"SMITH"},{"floor":49,"key":"REST"}],"circlet_count":0,"master_deck":["AscendersBane","Strike_B+1","Strike_B+1","Defend_B+1","Defend_B+1","Defend_B+1","Defend_B+1","Zap+1","Dualcast","ReplayTheSpireMod:Private Reserves+1","Streamline+1","Ball Lightning","Go for the Eyes+1","FTL","Cold Snap","Conserve Battery","Electrodynamics+1","Hologram+1","Double Energy+1","Coolheaded+1","Go for the Eyes","ReplayTheSpireMod:Calculation Training+1","Fission+1","Loop+1","Auto Shields+1","Steam+1","ReplayTheSpireMod:Private Reserves","Coolheaded+1"],"relics":["Cracked Core","ReplayTheSpireMod:Ring of Collecting","Golden Egg","Painkiller Herb","DataDisk","Meat on the Bone","Ring of Peace","Inserter","Bottled Tornado"],"acts_visited":["Exordium","TheCity","TheBeyond"],"potions_floor_usage":[16,33,41,41,46],"damage_taken":[{"damage":5,"enemies":"2 Louse","floor":1,"turns":3},{"damage":0,"enemies":"Small Slimes","floor":4,"turns":3},{"damage":0,"enemies":"Cultist","floor":5,"turns":4},{"damage":2,"enemies":"Large Slime","floor":7,"turns":4},{"damage":1,"enemies":"Looter","floor":10,"turns":3},{"damage":6,"enemies":"3 Louse","floor":11,"turns":3},{"damage":7,"enemies":"Blue Slaver","floor":14,"turns":3},{"damage":32,"enemies":"Slime Boss","floor":16,"turns":13},{"damage":0,"enemies":"Spheric Guardian","floor":18,"turns":3},{"damage":11,"enemies":"3 Byrds","floor":20,"turns":4},{"damage":1,"enemies":"Cultist and Chosen","floor":21,"turns":3},{"damage":6,"enemies":"Chosen and Byrds","floor":22,"turns":4},{"damage":0,"enemies":"Snake Plant","floor":29,"turns":4},{"damage":0,"enemies":"Shelled Parasite and Fungi","floor":31,"turns":4},{"damage":49,"enemies":"Automaton","floor":33,"turns":13},{"damage":0,"enemies":"3 Shapes","floor":35,"turns":5},{"damage":0,"enemies":"Orb Walker","floor":36,"turns":4},{"damage":0,"enemies":"3 Darklings","floor":37,"turns":2},{"damage":14,"enemies":"Sphere and 2 Shapes","floor":38,"turns":4},{"damage":32,"enemies":"Writhing Mass","floor":41,"turns":7},{"damage":13,"enemies":"Maw","floor":44,"turns":8},{"damage":0,"enemies":"Transient","floor":46,"turns":5},{"damage":0,"enemies":"4 Shapes","floor":47,"turns":4},{"damage":4,"enemies":"Awakened One","floor":50,"turns":19}],"seed_played":"7238111103205135197","potions_obtained":[{"floor":1,"key":"ColorlessPotion"},{"floor":7,"key":"Block Potion"},{"floor":16,"key":"Weak Potion"},{"floor":18,"key":"Explosive Potion"},{"floor":37,"key":"EssenceOfSteel"},{"floor":44,"key":"Explosive Potion"}],"is_trial":false,"path_per_floor":["M","?","?","M","M","R","M","R","T","M","M","?","R","M","R","B",null,"?","T","?","?","?","T","?","T","T","T","?","?","?","?","T","B",null,"?","?","?","?","?","T","?","T","T","?","?","?","?","T","T","B",null],"character_chosen":"DEFECT","items_purchased":["DataDisk","Coolheaded+1","FairyPotion","Energy Potion"],"campfire_rested":2,"item_purchase_floors":[19,48,48,48],"current_hp_per_floor":[63,63,63,63,63,63,61,61,61,60,54,59,59,52,52,20,65,65,65,54,53,47,47,47,47,47,47,47,47,47,47,71,34,69,69,69,69,55,55,55,35,35,35,34,34,46,46,46,70,66],"gold":85,"neow_bonus":"RANDOM_COLORLESS","is_daily":false,"chose_seed":false,"campfire_upgraded":9,"win_rate":0.0,"timestamp":1612860192,"path_taken":["M","?","?","M","M","R","M","R","T","?","M","?","R","M","R","BOSS","?","T","?","?","?","T","?","T","T","T","?","?","?","?","T","BOSS","?","?","?","?","?","T","?","T","T","?","?","?","?","T","T","BOSS"],"items_purchased_type":["Relic","Card","Potion","Potion"],"build_version":"2020-12-22","purchased_purges":1,"victory":true,"max_hp_per_floor":[75,75,75,75,75,75,75,75,75,75,75,80,80,80,80,80,80,80,80,80,80,80,80,80,80,80,80,80,80,80,80,80,80,80,80,80,80,80,80,80,80,80,80,80,80,80,80,80,80,80],"card_choices":[{"not_picked":["Forethought","Dark Shackles"],"picked":"ReplayTheSpireMod:Private Reserves","floor":0},{"not_picked":["Static Discharge","Sweeping Beam"],"picked":"Streamline","floor":1},{"not_picked":["Panic Button","Skim","Compile Driver"],"picked":"SKIP","floor":4},{"not_picked":["Stack","Panic Button"],"picked":"Ball Lightning","floor":5},{"not_picked":["Stack","ReplayTheSpireMod:Reroute Power"],"picked":"Go for the Eyes","floor":7},{"not_picked":["Consume","Reinforced Body"],"picked":"FTL","floor":10},{"not_picked":["Chill","Panic Button"],"picked":"Cold Snap","floor":11},{"not_picked":["Steam","ReplaySolidLightProjector"],"picked":"Conserve Battery","floor":14},{"not_picked":["Multi-Cast","Rainbow"],"picked":"Electrodynamics","floor":16},{"not_picked":["Beam Cell","Ball Lightning"],"picked":"Hologram","floor":18},{"not_picked":["Cold Snap+1","Static Discharge"],"picked":"Double Energy","floor":20},{"not_picked":["Compile Driver","Barrage"],"picked":"Coolheaded","floor":21},{"not_picked":["Tempest","Beam Cell"],"picked":"Go for the Eyes","floor":22},{"not_picked":["Coolheaded","ReplayRNGCard","Gash"],"picked":"SKIP","floor":29},{"not_picked":["Leap+1","Stack"],"picked":"ReplayTheSpireMod:Calculation Training","floor":31},{"not_picked":["Multi-Cast","Biased Cognition"],"picked":"Fission","floor":33},{"not_picked":["Panic Button+1","BasicCrystalCard"],"picked":"Loop","floor":35},{"not_picked":["Leap","Rebound","Reinforced Body+1"],"picked":"SKIP","floor":36},{"not_picked":["BasicCrystalCard","Panic Button+1"],"picked":"Auto Shields+1","floor":37},{"not_picked":["Reinforced Body","Reprogram+1","Streamline+1"],"picked":"SKIP","floor":38},{"not_picked":["Sweeping Beam+1","Rebound"],"picked":"Steam+1","floor":41},{"not_picked":["ReplayTheSpireMod:System Scan","Ball Lightning","Streamline"],"picked":"SKIP","floor":44},{"not_picked":["HandOfGreed","Chrysalis"],"picked":"ReplayTheSpireMod:Private Reserves","floor":45},{"not_picked":["Rebound+1","Streamline","Panic Button"],"picked":"SKIP","floor":46},{"not_picked":["ReplayTheSpireMod:System Scan","Ball Lightning","ReplayTheSpireMod:Reroute Power"],"picked":"SKIP","floor":47}],"player_experience":1028817,"relics_obtained":[{"floor":2,"key":"ReplayTheSpireMod:Ring of Collecting"},{"floor":9,"key":"Golden Egg"},{"floor":26,"key":"Meat on the Bone"},{"floor":26,"key":"Ring of Peace"},{"floor":43,"key":"Bottled Tornado"}],"event_choices":[{"cards_removed":["Strike_B"],"damage_healed":0,"gold_gain":0,"player_choice":"Purged","damage_taken":0,"max_hp_gain":0,"max_hp_loss":0,"event_name":"Purifier","floor":3,"gold_loss":0},{"damage_healed":0,"gold_gain":0,"player_choice":"Donut","damage_taken":0,"max_hp_gain":5,"max_hp_loss":0,"event_name":"Big Fish","floor":12,"gold_loss":0},{"damage_healed":0,"gold_gain":0,"player_choice":"Simplicity","damage_taken":0,"max_hp_gain":0,"max_hp_loss":0,"event_name":"Back to Basics","floor":24,"gold_loss":0,"cards_upgraded":["Strike_B","Strike_B","Strike_B","Defend_B","Defend_B","Defend_B","Defend_B"]},{"cards_removed":["Strike_B"],"damage_healed":0,"gold_gain":0,"player_choice":"Gave Gold","damage_taken":0,"max_hp_gain":0,"max_hp_loss":0,"event_name":"Beggar","floor":28,"gold_loss":75},{"damage_healed":0,"gold_gain":0,"player_choice":"Ignored","damage_taken":0,"max_hp_gain":0,"max_hp_loss":0,"event_name":"Tomb of Lord Red Mask","floor":39,"gold_loss":0},{"damage_healed":0,"gold_gain":0,"player_choice":"Memory 1","damage_taken":0,"max_hp_gain":0,"max_hp_loss":0,"event_name":"SensoryStone","floor":45,"gold_loss":0}],"is_beta":false,"boss_relics":[{"not_picked":["Cursed Key","Replay:Bronze Core"],"picked":"Painkiller Herb"},{"not_picked":["Runic Dome","Replay:Grab Bag"],"picked":"Inserter"}],"items_purged_floors":[19],"is_endless":false,"potions_floor_spawned":[1,7,16,18,22,31,37,44],"ascension_level":11}}