{"host":"8ki4rp59nppvqwda","time":1612910398,"event":{"mods":["AlwaysNeverKeys","BaseMod","Hermit","Minty Spire (QoL Compilation)","Robot Space Explorer","SacredBarkPlus","StSLib","The Cursed","The Necromancer","The Trickster"],"gold_per_floor":[113,133,148,148,159,159,194,194,219,219,242,269,290,311,311,424,424,441,113,130,130,140,140,174,174,225,236,267,277,31,47,47,159,159,170,184,203,220,0,9,9,9,33,71,103,141,162,245,266,278,278],"floor_reached":50,"language":"ENG","playtime":2630,"items_purged":["theTrickster:Strike_Brown"],"score":824,"play_id":"5e8ef28a-6e2d-4489-885c-4067ee7e8261","local_time":"20210209173958","is_ascension_mode":true,"campfire_choices":[{"data":"theTrickster:Feint","floor":6.0,"key":"SMITH"},{"data":"theTrickster:Efficiency","floor":8.0,"key":"SMITH"},{"data":"theTrickster:SuperiorTactics","floor":10.0,"key":"SMITH"},{"data":"theTrickster:SmokeOfConfusion","floor":15.0,"key":"SMITH"},{"data":"theTrickster:MentalStrength","floor":23.0,"key":"SMITH"},{"data":"theTrickster:Anticipation","floor":25.0,"key":"SMITH"},{"data":"theTrickster:SuperiorTactics+1","floor":32.0,"key":"SMITH"},{"floor":40.0,"key":"REST"},{"floor":42.0,"key":"REST"},{"floor":47.0,"key":"REST"},{"floor":49.0,"key":"REST"}],"circlet_count":0,"master_deck":["theTrickster:Strike_Brown","theTrickster:Strike_Brown+1","theTrickster:Strike_Brown+1","theTrickster:Strike_Brown","theTrickster:Defend_Brown","theTrickster:Defend_Brown","theTrickster:Defend_Brown","theTrickster:Defend_Brown","theTrickster:DaringSlash","theTrickster:BackStep","theTrickster:IntrepidRush","theTrickster:SuperiorTactics+2","theTrickster:Feint+1","theTrickster:Efficiency+1","theTrickster:SmokeOfConfusion+1","theTrickster:Handicraft","theTrickster:NickAndSkid","theTrickster:MentalStrength+1","theTrickster:Anticipation+1","theTrickster:KeepCool","theTrickster:Distract+1","theTrickster:Decoy+1","theTrickster:DejaVu","theTrickster:Feint+1","theTrickster:Decoy+1"],"relics":["theTrickster:OpticalIllusionRelic","Whetstone","CeramicFish","Busted Crown","Singing Bowl","Vajra","Dream Catcher","Juzu Bracelet","Bag of Marbles","Gremlin Horn","Fusion Hammer","Red Mask","MawBank","StrikeDummy","Darkstone Periapt"],"acts_visited":["Exordium","TheCity","TheBeyond"],"potions_floor_usage":[50,50],"damage_taken":[{"damage":0.0,"enemies":"Cultist","floor":1.0,"turns":3.0},{"damage":0.0,"enemies":"Small Slimes","floor":2.0,"turns":3.0},{"damage":5.0,"enemies":"2 Louse","floor":3.0,"turns":2.0},{"damage":0.0,"enemies":"Blue Slaver","floor":5.0,"turns":4.0},{"damage":5.0,"enemies":"Lagavulin","floor":7.0,"turns":5.0},{"damage":0.0,"enemies":"Looter","floor":11.0,"turns":2.0},{"damage":0.0,"enemies":"Exordium Thugs","floor":12.0,"turns":3.0},{"damage":0.0,"enemies":"Gremlin Gang","floor":13.0,"turns":2.0},{"damage":0.0,"enemies":"3 Louse","floor":14.0,"turns":2.0},{"damage":15.0,"enemies":"Slime Boss","floor":16.0,"turns":9.0},{"damage":15.0,"enemies":"Spheric Guardian","floor":18.0,"turns":4.0},{"damage":1.0,"enemies":"Shell Parasite","floor":20.0,"turns":4.0},{"damage":0.0,"enemies":"3 Cultists","floor":22.0,"turns":4.0},{"damage":0.0,"enemies":"Book of Stabbing","floor":24.0,"turns":5.0},{"damage":1.0,"enemies":"Snake Plant","floor":27.0,"turns":5.0},{"damage":0.0,"enemies":"Gremlin Leader","floor":28.0,"turns":6.0},{"damage":0.0,"enemies":"Centurion and Healer","floor":29.0,"turns":5.0},{"damage":5.0,"enemies":"Snecko","floor":31.0,"turns":5.0},{"damage":35.0,"enemies":"Champ","floor":33.0,"turns":12.0},{"damage":6.0,"enemies":"Orb Walker","floor":35.0,"turns":4.0},{"damage":33.0,"enemies":"3 Darklings","floor":36.0,"turns":5.0},{"damage":26.0,"enemies":"Sphere and 2 Shapes","floor":37.0,"turns":4.0},{"damage":9.0,"enemies":"Jaw Worm Horde","floor":38.0,"turns":3.0},{"damage":0.0,"enemies":"Reptomancer","floor":44.0,"turns":5.0},{"damage":2.0,"enemies":"Writhing Mass","floor":45.0,"turns":6.0},{"damage":4.0,"enemies":"3 Darklings","floor":46.0,"turns":3.0},{"damage":127,"enemies":"Time Eater","floor":50,"turns":11}],"seed_played":"-8877324479070702290","potions_obtained":[{"floor":2.0,"key":"Explosive Potion"},{"floor":3.0,"key":"Explosive Potion"},{"floor":5.0,"key":"Regen Potion"},{"floor":13.0,"key":"theTrickster:PresciencePotion"},{"floor":14.0,"key":"FearPotion"},{"floor":16.0,"key":"Block Potion"},{"floor":22.0,"key":"BlessingOfTheForge"},{"floor":24.0,"key":"Dexterity Potion"},{"floor":31.0,"key":"SpeedPotion"},{"floor":36.0,"key":"Strength Potion"},{"floor":37.0,"key":"ColorlessPotion"},{"floor":44.0,"key":"Ancient Potion"}],"is_trial":false,"path_per_floor":["M","M","M","?","M","R","E","R","T","R","M","M","M","M","R","B",null,"M","$","M","T","M","R","E","R","T","M","E","M","$","M","R","B",null,"M","M","M","M","?","R","?","R","T","E","M","M","R","T","R","B"],"character_chosen":"THE_TRICKSTER","items_purchased":["Singing Bowl","Gremlin Horn"],"campfire_rested":4,"item_purchase_floors":[19,30],"current_hp_per_floor":[75,75,70,62,62,62,71,71,71,71,71,71,71,71,71,56,76,61,61,62,62,64,64,66,66,66,67,69,71,71,68,68,33,80,76,45,21,14,14,45,45,78,78,80,78,74,106,106,108,0,0],"gold":278,"neow_bonus":"TEN_PERCENT_HP_BONUS","is_daily":false,"chose_seed":false,"campfire_upgraded":7,"win_rate":0.0,"timestamp":1612910398,"path_taken":["M","?","M","?","M","R","E","R","T","R","M","M","M","M","R","BOSS","M","$","?","?","M","R","E","R","T","M","E","M","?","M","R","BOSS","M","M","M","M","?","R","?","R","T","E","M","M","R","?","R","BOSS"],"items_purchased_type":["Relic","Relic"],"build_version":"2020-12-22","purchased_purges":1,"victory":false,"max_hp_per_floor":[82,82,82,82,82,82,82,82,82,82,82,82,82,82,82,82,82,82,82,84,84,86,86,88,88,88,90,92,94,94,96,96,96,96,98,100,102,104,104,104,104,106,106,108,108,108,108,108,108,108,108],"card_choices":[{"not_picked":["theTrickster:TrickyDefend","theTrickster:RampingUpDefend"],"picked":"theTrickster:IntrepidRush","floor":1.0},{"not_picked":["theTrickster:ImpulsiveDefend","theTrickster:StudiedSnipe"],"picked":"theTrickster:SuperiorTactics","floor":2.0},{"not_picked":["theTrickster:RampingUpDefend","theTrickster:OminousSmile"],"picked":"theTrickster:Feint","floor":3.0},{"not_picked":["theTrickster:DivingSlice","theTrickster:Decoy","theTrickster:OminousSmile"],"picked":"SKIP","floor":5.0},{"not_picked":["theTrickster:Impale","theTrickster:DejaVu"],"picked":"theTrickster:Efficiency","floor":7.0},{"not_picked":["theTrickster:RampingUpDefend","theTrickster:TrickyDefend"],"picked":"theTrickster:SmokeOfConfusion","floor":11.0},{"not_picked":["theTrickster:Firecrackers","theTrickster:ImpulsiveDefend"],"picked":"theTrickster:Handicraft","floor":12.0},{"not_picked":["theTrickster:SmokeOfConfusion","theTrickster:KillThemAll"],"picked":"theTrickster:NickAndSkid","floor":13.0},{"not_picked":["theTrickster:PlayingWithFire","theTrickster:ImpulsiveDefend"],"picked":"theTrickster:MentalStrength","floor":14.0},{"not_picked":["theTrickster:HiddenPistol","theTrickster:Safeguard"],"picked":"theTrickster:Anticipation","floor":16.0},{"not_picked":["theTrickster:TickingPackage"],"picked":"SKIP","floor":18.0},{"not_picked":["theTrickster:Frenzy"],"picked":"Singing Bowl","floor":20.0},{"not_picked":["theTrickster:DebilitatingShot"],"picked":"Singing Bowl","floor":22.0},{"not_picked":["theTrickster:SmokeOfConfusion"],"picked":"Singing Bowl","floor":24.0},{"not_picked":["theTrickster:Audacity"],"picked":"Singing Bowl","floor":27.0},{"not_picked":["theTrickster:SwiftSlash"],"picked":"Singing Bowl","floor":28.0},{"not_picked":["theTrickster:KillThemAll"],"picked":"Singing Bowl","floor":29.0},{"not_picked":["theTrickster:KillThemAll+1"],"picked":"Singing Bowl","floor":31.0},{"not_picked":[],"picked":"theTrickster:KeepCool","floor":33.0},{"not_picked":["theTrickster:RampingUpDefend"],"picked":"Singing Bowl","floor":35.0},{"not_picked":["theTrickster:SwiftSlash"],"picked":"Singing Bowl","floor":36.0},{"not_picked":["theTrickster:SwiftSlash"],"picked":"Singing Bowl","floor":37.0},{"not_picked":["theTrickster:ThickVest+1"],"picked":"Singing Bowl","floor":38.0},{"not_picked":[],"picked":"theTrickster:Distract+1","floor":40.0},{"not_picked":["theTrickster:ThickVest+1"],"picked":"Singing Bowl","floor":42.0},{"not_picked":["theTrickster:Audacity+1"],"picked":"Singing Bowl","floor":44.0},{"not_picked":[],"picked":"theTrickster:Decoy+1","floor":45.0},{"not_picked":[],"picked":"theTrickster:DejaVu","floor":46.0},{"not_picked":[],"picked":"theTrickster:Feint+1","floor":47.0},{"not_picked":[],"picked":"theTrickster:Decoy+1","floor":49.0}],"player_experience":1300544,"relics_obtained":[{"floor":7.0,"key":"Whetstone"},{"floor":9.0,"key":"CeramicFish"},{"floor":21.0,"key":"Vajra"},{"floor":24.0,"key":"Dream Catcher"},{"floor":26.0,"key":"Juzu Bracelet"},{"floor":28.0,"key":"Bag of Marbles"},{"floor":43.0,"key":"MawBank"},{"floor":44.0,"key":"StrikeDummy"},{"floor":48.0,"key":"Darkstone Periapt"}],"event_choices":[{"damage_healed":0.0,"max_hp_gain":0.0,"max_hp_loss":0.0,"gold_gain":0.0,"event_name":"Wheel of Change","player_choice":"Damaged","floor":4.0,"gold_loss":0.0,"damage_taken":8.0},{"damage_healed":0.0,"max_hp_gain":0.0,"max_hp_loss":0.0,"gold_gain":0.0,"event_name":"Tomb of Lord Red Mask","player_choice":"Paid","floor":39.0,"gold_loss":220.0,"damage_taken":0.0,"relics_obtained":["Red Mask"]},{"cards_removed":["theTrickster:Defend_Brown"],"damage_healed":0.0,"max_hp_gain":0.0,"max_hp_loss":0.0,"gold_gain":0.0,"event_name":"Falling","player_choice":"Removed Skill","floor":41.0,"gold_loss":0.0,"damage_taken":0.0}],"is_beta":false,"boss_relics":[{"not_picked":["Astrolabe","Runic Pyramid"],"picked":"Busted Crown"},{"not_picked":["Tiny House","Philosopher\u0027s Stone"],"picked":"Fusion Hammer"}],"items_purged_floors":[19],"is_endless":false,"potions_floor_spawned":[2,3,5,13,14,16,22,24,31,36,37,44],"killed_by":"Time Eater","ascension_level":6}}