{"host":"19r1ww88x2tc73i0","time":1612891660,"event":{"mods":["BaseMod","BetterRewards","Colored Map","Minty Spire (QoL Compilation)","Relic Stats","StSLib","SuperFastMode","slay the spire mod where everything is the same but ironclad has a cowboy hat"],"gold_per_floor":[112,112,122,139,157,157,172,202,227,240,315,315,315],"floor_reached":12,"language":"ENG","playtime":305,"items_purged":[],"score":164,"play_id":"5f2efd16-5190-409b-9e60-9783a1b61afa","local_time":"25640210002740","is_ascension_mode":true,"campfire_choices":[{"data":"Gash","floor":6,"key":"SMITH"}],"circlet_count":0,"master_deck":["AscendersBane","Strike_B","Strike_B","Strike_B+1","Strike_B+1","Defend_B","Defend_B","Defend_B","Defend_B","Zap+1","Dualcast","Gash+1","Gash","Ball Lightning","Capacitor","Scrape","Cold Snap"],"relics":["Cracked Core","Smiling Mask","Whetstone","Tiny Chest"],"acts_visited":["Exordium"],"potions_floor_usage":[8,8],"damage_taken":[{"damage":0,"enemies":"Small Slimes","floor":1,"turns":3},{"damage":1,"enemies":"Cultist","floor":3,"turns":3},{"damage":0,"enemies":"2 Louse","floor":4,"turns":2},{"damage":20,"enemies":"Lots of Slimes","floor":5,"turns":4},{"damage":6,"enemies":"Looter","floor":7,"turns":2},{"damage":12,"enemies":"Lagavulin","floor":8,"turns":6},{"damage":9,"enemies":"Exordium Thugs","floor":10,"turns":3},{"damage":0,"enemies":"Gremlin Nob","floor":12,"turns":2}],"seed_played":"3814555388966285838","potions_obtained":[{"floor":1,"key":"Fire Potion"},{"floor":5,"key":"Dexterity Potion"},{"floor":10,"key":"PotionOfCapacity"}],"is_trial":false,"path_per_floor":["M","?","M","M","M","R","M","E","T","M","?","E"],"character_chosen":"DEFECT","items_purchased":[],"campfire_rested":0,"item_purchase_floors":[],"current_hp_per_floor":[64,64,63,63,43,43,37,25,25,16,5,5,5],"gold":315,"neow_bonus":"UPGRADE_CARD","is_daily":false,"chose_seed":false,"campfire_upgraded":1,"win_rate":0.0,"timestamp":1612891660,"path_taken":["M","?","M","M","M","R","?","E","T","?","?","E"],"items_purchased_type":[],"build_version":"2020-12-22","purchased_purges":0,"victory":false,"max_hp_per_floor":[71,71,71,71,71,71,71,71,71,71,71,71,71],"relic_stats":{"counters":[8,25],"Tiny Chest":0,"Whetstone":["Strike_B","Strike_B"],"Smiling Mask":0,"obtain_stats":[{"Tiny Chest":9,"Whetstone":8,"Cracked Core":0,"Smiling Mask":2},{"Tiny Chest":6,"Whetstone":6,"Cracked Core":0,"Smiling Mask":1},{"Tiny Chest":20,"Whetstone":20,"Cracked Core":0,"Smiling Mask":3}]},"card_choices":[{"not_picked":["Aggregate","Steam"],"picked":"Cold Snap","floor":1},{"not_picked":["Redo","Go for the Eyes"],"picked":"Gash","floor":3},{"not_picked":["Buffer","Recycle"],"picked":"Gash","floor":4},{"not_picked":["Barrage","Rebound"],"picked":"Ball Lightning","floor":5},{"not_picked":["Self Repair","Skim"],"picked":"Capacitor","floor":7},{"not_picked":["Tempest","Skim"],"picked":"Scrape","floor":8},{"not_picked":["Capacitor","Redo"],"picked":"Cold Snap","floor":10}],"player_experience":1035415,"relics_obtained":[{"floor":8,"key":"Whetstone"},{"floor":9,"key":"Tiny Chest"}],"event_choices":[{"cards_removed":["Cold Snap"],"damage_healed":0,"gold_gain":0,"player_choice":"Gave Card","damage_taken":0,"relics_obtained":["Smiling Mask"],"max_hp_gain":0,"max_hp_loss":0,"event_name":"WeMeetAgain","floor":2,"gold_loss":0},{"damage_healed":0,"gold_gain":75,"player_choice":"Gather Gold","damage_taken":11,"max_hp_gain":0,"max_hp_loss":0,"event_name":"World of Goop","floor":11,"gold_loss":0}],"is_beta":false,"boss_relics":[],"items_purged_floors":[],"is_endless":false,"potions_floor_spawned":[1,5,10],"killed_by":"Gremlin Nob","ascension_level":20}}