{"host":"og21o26alpnbwmz8","time":1612908556,"event":{"mods":["Act Like it!","Aspiration","BaseMod","Beaked The Cultist","Conspire","Downfall","Gensokyo","Halation","Hubris","Jedi Mod","Mimic Mod","Minty Spire (QoL Compilation)","Pale of the Ancients","Reliquary","Replay The Spire","Shop Mod","Spikes Relics","StSLib","The Alterego","The Blackbeard","The Blue Laboratory","The Bug Knight","The Hierophant","The Spell Scribe","Waifu the Spire"],"gold_per_floor":[117,135,135,135,155,155,188,188,225,257,267,286,316,331,331,331,331],"floor_reached":16,"language":"ENG","playtime":786,"items_purged":[],"score":147,"play_id":"11b563aa-a2db-42d3-92e3-c625000a1690","local_time":"20210209170916","is_ascension_mode":false,"campfire_choices":[{"data":"theScribe:ForkedBolt","floor":6,"key":"SMITH"},{"data":"theScribe:GlaciesSpellstone","floor":8,"key":"SMITH"},{"data":"theScribe:LightningStrike","floor":15,"key":"SMITH"}],"circlet_count":0,"master_deck":["theScribe:LightningStrike+1","theScribe:StarterDefend","theScribe:StarterDefend","theScribe:StarterDefend","theScribe:IcyDefend","theScribe:IcyDefend","theScribe:StarterModifier","theScribe:Incendio","theScribe:GlaciesSpellstone+1","Finisher","ReplayTheSpireMod:From All Sides","Dagger Throw","theScribe:ForkedBolt+1","theScribe:ScrollOfShadows+1","theScribe:BlankScroll+1","theScribe:WordsOfPower+1"],"relics":["theScribe:StarterRelic1","NeowsBlessing","halation:PinkSoulGem","Frozen Egg 2","jedi:arcanewood","reliquary:SilkGlove"],"acts_visited":["Exordium"],"potions_floor_usage":[],"damage_taken":[{"damage":0,"enemies":"Gensokyo:3_Fairies","floor":1,"turns":2},{"damage":0,"enemies":"Gensokyo:Gryphon","floor":2,"turns":1},{"damage":0,"enemies":"Gensokyo:Python","floor":5,"turns":1},{"damage":1,"enemies":"Gensokyo:Aya","floor":7,"turns":9},{"damage":0,"enemies":"Gensokyo:Kitsune","floor":9,"turns":8},{"damage":4,"enemies":"Gensokyo:Aya","floor":10,"turns":6},{"damage":8,"enemies":"Gensokyo:Kitsune","floor":11,"turns":5},{"damage":0,"enemies":"Gensokyo:LivingMonolith","floor":12,"turns":2},{"damage":0,"enemies":"Gensokyo:Mamizou","floor":13,"turns":8},{"damage":3,"enemies":"Gensokyo:VengefulSpirit","floor":14,"turns":4},{"damage":7,"enemies":"Gensokyo:Reimu","floor":16,"turns":6}],"seed_played":"-4013921500588453426","potions_obtained":[{"floor":7,"key":"blueLaboratory:ImpenetrablePotion"},{"floor":10,"key":"blueLaboratory:CorrosionFlask"},{"floor":11,"key":"Strength Potion"}],"is_trial":false,"path_per_floor":["M","M","?","?","M","R","?","R","MIM","E","M","M","E","M","R","B"],"character_chosen":"THE_SCRIBE","items_purchased":[],"campfire_rested":0,"item_purchase_floors":[],"current_hp_per_floor":[75,75,75,75,75,75,74,74,74,70,62,62,62,59,59,52,52],"gold":331,"neow_bonus":"THREE_ENEMY_KILL","is_daily":false,"chose_seed":false,"campfire_upgraded":3,"win_rate":0.0,"timestamp":1612908556,"path_taken":["M","M","?","?","?","R","?","R","MIM","E","M","M","E","?","R","BOSS"],"items_purchased_type":[],"build_version":"2020-12-22","purchased_purges":0,"victory":false,"max_hp_per_floor":[75,75,75,75,75,75,75,75,75,75,75,75,75,75,75,75,75],"card_choices":[{"not_picked":["theScribe:InvigoratingStrike","theScribe:AmplifyingSpellstone"],"picked":"theScribe:Incendio","floor":1},{"not_picked":["theScribe:ToxicSpellstone","theScribe:ScrollOfPoison"],"picked":"theScribe:GlaciesSpellstone","floor":2},{"not_picked":["theScribe:BluntWeapons","theScribe:FranticSearch"],"picked":"theScribe:ForkedBolt","floor":5},{"not_picked":["theScribe:BluntWeapons","theScribe:FocusingBlow"],"picked":"theScribe:ScrollOfShadows+1","floor":7},{"not_picked":["theScribe:FrostvenomToxin","theScribe:SacrificeRitual"],"picked":"theScribe:BlankScroll+1","floor":10},{"not_picked":["theScribe:TelumSpellstone","theScribe:RecklessResponse"],"picked":"theScribe:WordsOfPower+1","floor":11},{"not_picked":["theScribe:GatherComponents","theScribe:Divination","theScribe:Incendio"],"picked":"SKIP","floor":12},{"not_picked":["theScribe:MirrorImage","theScribe:CrystalShield","theScribe:PiercingBolts"],"picked":"SKIP","floor":13},{"not_picked":["theScribe:Insight","theScribe:WeirdToxin","theScribe:PiercingBolts"],"picked":"SKIP","floor":14}],"player_experience":325610,"relics_obtained":[{"floor":7,"key":"Frozen Egg 2"},{"floor":10,"key":"jedi:arcanewood"},{"floor":13,"key":"reliquary:SilkGlove"}],"event_choices":[],"is_beta":false,"boss_relics":[],"items_purged_floors":[],"is_endless":false,"potions_floor_spawned":[7,10,11],"killed_by":"Gensokyo:Reimu","ascension_level":0}}