{"host":"am551fa6890rb9vo","time":1612900222,"event":{"mods":["BaseMod","DeckTracker","Downfall","Minty Spire (QoL Compilation)","Morshu Shopkeeper - ENHANCED","Rare Cards Sparkle","Relic Stats","Smile Girya","StSLib","The IronCluck","everything is the same but u backflip on backflip","slay the spire mod where everything is the same but ironclad has a cowboy hat"],"gold_per_floor":[115,190,490,504,105,135,135,135,189,223,71,129,182,241,241,241,241],"floor_reached":16,"language":"ENG","playtime":617,"items_purged":["Strike_B","Strike_B"],"score":127,"play_id":"0ce5e0ca-cd5c-4a04-bbe7-fd10574592b0","local_time":"20210209195022","is_ascension_mode":false,"campfire_choices":[{"data":"Aggregate","floor":8,"key":"SMITH"},{"data":"Hologram","floor":15,"key":"SMITH"}],"circlet_count":0,"master_deck":["Strike_B","Defend_B","Defend_B","Defend_B","Defend_B","Zap","Dualcast","Gash","HandOfGreed","Aggregate+1","Hologram+1","Go for the Eyes","Beam Cell","Aggregate"],"relics":["Cracked Core","NeowsBlessing","Old Coin","Oddly Smooth Stone","MealTicket","Centennial Puzzle"],"acts_visited":["Exordium"],"potions_floor_usage":[16,16],"damage_taken":[{"damage":0,"enemies":"Small Slimes","floor":1,"turns":1},{"damage":0,"enemies":"Jaw Worm","floor":4,"turns":1},{"damage":0,"enemies":"3 Sentries","floor":6,"turns":1},{"damage":0,"enemies":"2 Louse","floor":10,"turns":3},{"damage":0,"enemies":"2 Fungi Beasts","floor":12,"turns":2},{"damage":7,"enemies":"Exordium Thugs","floor":13,"turns":4},{"damage":4,"enemies":"Gremlin Gang","floor":14,"turns":4},{"damage":50,"enemies":"Hexaghost","floor":16,"turns":11}],"seed_played":"-2143105764033123669","potions_obtained":[{"floor":10,"key":"Explosive Potion"},{"floor":14,"key":"FearPotion"}],"is_trial":false,"path_per_floor":["M","?","?","M","$","E","?","R","T","M","$","M","M","M","R","B"],"character_chosen":"DEFECT","items_purchased":["HandOfGreed","Oddly Smooth Stone","Go for the Eyes"],"campfire_rested":0,"item_purchase_floors":[5,5,11],"current_hp_per_floor":[75,64,46,46,46,46,46,46,46,46,61,61,54,50,50,0,0],"gold":241,"neow_bonus":"THREE_ENEMY_KILL","is_daily":false,"chose_seed":false,"campfire_upgraded":2,"win_rate":0.0,"timestamp":1612900222,"path_taken":["M","?","?","?","$","E","?","R","T","M","$","M","M","M","R","BOSS"],"items_purchased_type":["Card","Relic","Card"],"build_version":"2020-12-22","purchased_purges":2,"victory":false,"max_hp_per_floor":[75,75,75,75,75,75,75,75,75,75,75,75,75,75,75,75,75],"relic_stats":{"Centennial Puzzle":[9],"counters":[8,27],"MealTicket":15,"obtain_stats":[{"Centennial Puzzle":9,"NeowsBlessing":0,"Oddly Smooth Stone":5,"MealTicket":6,"Cracked Core":0,"Old Coin":3},{"Centennial Puzzle":3,"NeowsBlessing":0,"Oddly Smooth Stone":2,"MealTicket":3,"Cracked Core":0,"Old Coin":1},{"Centennial Puzzle":3,"NeowsBlessing":0,"Oddly Smooth Stone":2,"MealTicket":3,"Cracked Core":0,"Old Coin":1}]},"card_choices":[{"not_picked":["Beam Cell","Steam Power"],"picked":"Gash","floor":1},{"not_picked":["Coolheaded","Darkness","Stack"],"picked":"SKIP","floor":4},{"not_picked":["Streamline","Redo"],"picked":"Aggregate","floor":6},{"not_picked":["Auto Shields","Skim"],"picked":"Hologram","floor":10},{"not_picked":["Darkness","Lockon","Barrage"],"picked":"SKIP","floor":12},{"not_picked":["Compile Driver","Cold Snap"],"picked":"Beam Cell","floor":13},{"not_picked":["Redo","Glacier"],"picked":"Aggregate","floor":14}],"player_experience":68378,"relics_obtained":[{"floor":6,"key":"MealTicket"},{"floor":9,"key":"Centennial Puzzle"}],"event_choices":[{"damage_healed":0,"gold_gain":75,"player_choice":"Gather Gold","damage_taken":11,"max_hp_gain":0,"max_hp_loss":0,"event_name":"World of Goop","floor":2,"gold_loss":0},{"damage_healed":0,"gold_gain":0,"player_choice":"Success","damage_taken":18,"relics_obtained":["Old Coin"],"max_hp_gain":0,"max_hp_loss":0,"event_name":"Scrap Ooze","floor":3,"gold_loss":0},{"cards_removed":["Strike_B"],"damage_healed":0,"gold_gain":0,"player_choice":"Forget","damage_taken":0,"max_hp_gain":0,"max_hp_loss":0,"event_name":"Living Wall","floor":7,"gold_loss":0}],"is_beta":false,"boss_relics":[],"items_purged_floors":[5,11],"is_endless":false,"potions_floor_spawned":[10,14],"killed_by":"Hexaghost","ascension_level":0}}