{"host":"kx62hxkutszy5nb0","time":1612877471,"event":{"mods":["2.2 Compatiblity","AchievementEnabler","Aspiration","BaseMod","Better Altar","Better Match","Better Note","Better Sensory Stone","Better Skull","Better Third Choice","Better Vampires","CCEM2","Colored Map","Colored Powertips","Conspire","Custom Start","Dark Map","Defuse TimeMaze Blight","Displayed Cursed Tome","Downfall","Fiend Mod","Hermit","Hubris","Infinite Spire","Jorbs\u0027s Wanderer Trilogy","Koishi","Marked Mod","Minty Spire (QoL Compilation)","Prisma Mod","Relic Sorter","Relic Stats","Replay The Spire","Shade Mod","Shop Mod","Spikes Relics","StSLib","Td1madao Mod","The Alterego","The Construct","The Cursed","The Exalted","The Forsaken","The Judge","The Jungle","The Marked","TheSwordswoman","TheVacant","Uncapped","Virulent Crown","Yuri Mod","everything is the same but u backflip on backflip"],"gold_per_floor":[99,111,111,111,124,156,213,25,37,49,73,112,138,150,179,191,191,191],"floor_reached":16,"language":"ENG","playtime":674,"items_purged":[],"score":135,"play_id":"238eb155-575e-4334-aa01-afad6ac267bc","local_time":"20210209233111","is_ascension_mode":false,"campfire_choices":[{"floor":1,"key":"RECALL"},{"data":"bronze:Iterate","floor":8,"key":"SMITH"}],"circlet_count":0,"master_deck":["bronze:Strike","bronze:Strike","bronze:Strike","bronze:Strike","bronze:Defend","bronze:Defend","bronze:Defend","bronze:Defend","bronze:Replicate","bronze:Goto+1","bronze:WildBeam+1","Pot Of Greed","bronze:Iterate+1","Pot Of Greed","bronze:Fortify","theForsaken:PlagueCurse","Injury","bronze:Overheat","bronze:BronzeOrb","bronze:DelayedGuard+1","bronze:Turbo+1"],"relics":["bronze:BronzeCore","Grinning Jar","MawBank","downfall:HeartBlessingBlue","downfall:HeartBlessingRed","theForsaken:PlagueMask","Toxic Egg 2","Juzu Bracelet"],"acts_visited":["Exordium"],"potions_floor_usage":[6,15],"damage_taken":[{"damage":1,"enemies":"Jaw Worm","floor":2,"turns":4},{"damage":0,"enemies":"Small Slimes","floor":5,"turns":2},{"damage":18,"enemies":"Gremlin Nob","floor":6,"turns":3},{"damage":0,"enemies":"2 Louse","floor":11,"turns":3},{"damage":41,"enemies":"Lagavulin","floor":12,"turns":4},{"damage":2,"enemies":"Gremlin Gang","floor":13,"turns":4},{"damage":0,"enemies":"Lots of Slimes","floor":15,"turns":2},{"damage":2,"enemies":"SI_SHIV_ARCHETYPE","floor":16,"turns":3}],"seed_played":"7309344985945463353","potions_obtained":[{"floor":5,"key":"Fruit Juice"},{"floor":12,"key":"Weak Potion"},{"floor":13,"key":"FearPotion"}],"is_trial":false,"path_per_floor":["R","M","?","?","M","E","T","R","?","?","M","E","M","$","M","B"],"character_chosen":"THE_AUTOMATON","items_purchased":["Explosive Potion"],"campfire_rested":0,"item_purchase_floors":[14],"current_hp_per_floor":[70,69,63,51,51,38,38,48,48,48,48,7,5,2,2,0,0,0],"gold":191,"neow_bonus":"UPGRADE_CARD","is_daily":false,"chose_seed":false,"campfire_upgraded":1,"win_rate":0.0,"timestamp":1612877471,"path_taken":["R","M","?","?","M","E","T","R","?","?","M","E","M","?","M","BOSS"],"items_purchased_type":["Potion"],"build_version":"2020-12-22","purchased_purges":0,"victory":false,"max_hp_per_floor":[70,70,70,70,70,75,75,85,85,85,85,85,85,85,85,85,85,85],"relic_stats":{"counters":[8,24],"Juzu Bracelet":0,"MawBank":120,"obtain_stats":[{"bronze:BronzeCore":0,"downfall:HeartBlessingRed":8,"downfall:HeartBlessingBlue":8,"Juzu Bracelet":12,"Grinning Jar":4,"Toxic Egg 2":10,"MawBank":6,"theForsaken:PlagueMask":9},{"bronze:BronzeCore":0,"downfall:HeartBlessingRed":3,"downfall:HeartBlessingBlue":3,"Juzu Bracelet":5,"Grinning Jar":1,"Toxic Egg 2":3,"MawBank":3,"theForsaken:PlagueMask":3},{"bronze:BronzeCore":0,"downfall:HeartBlessingRed":9,"downfall:HeartBlessingBlue":9,"Juzu Bracelet":16,"Grinning Jar":4,"Toxic Egg 2":9,"MawBank":9,"theForsaken:PlagueMask":9}]},"card_choices":[{"not_picked":["bronze:Safeguard","bronze:Frontload"],"picked":"bronze:WildBeam","floor":2},{"not_picked":["bronze:Separator","bronze:FineTuning"],"picked":"bronze:Iterate","floor":5},{"not_picked":["bronze:Break","bronze:ShipIt"],"picked":"bronze:Fortify","floor":6},{"not_picked":["bronze:CloningBeam","bronze:Overload+1"],"picked":"bronze:Overheat","floor":11},{"not_picked":["bronze:Branch","bronze:CutThrough"],"picked":"bronze:BronzeOrb","floor":12},{"not_picked":["bronze:CutThrough","bronze:WildBeam"],"picked":"bronze:DelayedGuard+1","floor":13},{"not_picked":["bronze:FollowUp","bronze:DelayedGuard+1"],"picked":"bronze:Turbo+1","floor":15}],"player_experience":751103,"relics_obtained":[{"floor":6,"key":"MawBank"},{"floor":12,"key":"Juzu Bracelet"}],"event_choices":[{"damage_healed":0,"gold_gain":0,"player_choice":"Relic ","damage_taken":12,"max_hp_gain":0,"max_hp_loss":0,"event_name":"betterThird:BetterScrap","floor":4,"gold_loss":0,"cards_obtained":["MarkedMod:ChiBlock"]},{"damage_healed":0,"gold_gain":0,"player_choice":"Obtain Plague Curse","damage_taken":0,"max_hp_gain":0,"max_hp_loss":0,"event_name":"Plague Doctor","floor":9,"gold_loss":0,"cards_obtained":["theForsaken:PlagueCurse"]}],"is_beta":false,"boss_relics":[],"items_purged_floors":[],"is_endless":false,"potions_floor_spawned":[5,12,13],"killed_by":"SI_SHIV_ARCHETYPE","ascension_level":0}}