{"host":"rygl6lff02urotq6","time":1612841364,"event":{"mods":["AchievementEnabler","BaseMod","Bestiary","Better Altar","Better Match","Better Note","Better Sensory Stone","Better Skull","Better Third Choice","BetterRewards","Colored Map","Colored Powertips","Curses Come First","DeckTracker","Minty Spire (QoL Compilation)","Quick Restart","Spicy Shops","StSLib","SuperFastMode","The Bug Knight","Transform Curses"],"gold_per_floor":[113,12,12,30,46,46,61,61,61,61,78,94,94,121,121,220,220,236,65,65,15,15,40,59,59,59,59,59,59,75,75,75,75,75],"floor_reached":33,"language":"ENG","playtime":1393,"items_purged":[],"score":263,"play_id":"11c64e3a-d6cf-4d6f-890c-c64bae8cf5d9","local_time":"20210208222924","is_ascension_mode":false,"campfire_choices":[{"floor":6,"key":"REST"},{"floor":8,"key":"RECALL"},{"data":"HollowMod:MantisMark","floor":10,"key":"SMITH"},{"floor":15,"key":"REST"},{"floor":25,"key":"REST"},{"data":"HollowMod:SlysStrikes","floor":27,"key":"SMITH"},{"floor":32,"key":"REST"}],"circlet_count":0,"master_deck":["HollowMod:NailStrikeStart","HollowMod:NailStrikeStart","HollowMod:NailStrikeStart","HollowMod:NailStrikeStart","HollowMod:QuickDashStart","HollowMod:QuickDashStart","HollowMod:QuickDashStart","HollowMod:QuickDashStart","HollowMod:FocusHealStart","HollowMod:PogoStrike","HollowMod:VengefulVoid","HollowMod:MantisMark+1","HollowMod:VengefulVoid","HollowMod:VengefulVoid","HollowMod:MonarchWings","HollowMod:QuirrelsAssistance","HollowMod:DungDefenderAura","HollowMod:CycloneSlash","HollowMod:SlysStrikes+1","HollowMod:CycloneSlash","HollowMod:DashSlash","HollowMod:CoiledNail+1","HollowMod:LuriensSpire","HollowMod:ShadowDash+1"],"relics":["HollowMod:VesselMask","Strawberry","Juzu Bracelet","Bronze Scales","Strange Spoon","Gremlin Horn","Regal Pillow","Mercury Hourglass","HollowMod:MillibellesNoteRelic","SacredBark","Vajra","GremlinMask","Ornamental Fan","Matryoshka"],"acts_visited":["Exordium","TheCity"],"potions_floor_usage":[33,33],"damage_taken":[{"damage":3,"enemies":"Jaw Worm","floor":1,"turns":3},{"damage":0,"enemies":"Small Slimes","floor":4,"turns":2},{"damage":4,"enemies":"2 Louse","floor":5,"turns":2},{"damage":4,"enemies":"Blue Slaver","floor":7,"turns":2},{"damage":0,"enemies":"3 Louse","floor":11,"turns":2},{"damage":22,"enemies":"Exordium Wildlife","floor":12,"turns":2},{"damage":35,"enemies":"Lagavulin","floor":14,"turns":4},{"damage":12,"enemies":"Slime Boss","floor":16,"turns":6},{"damage":10,"enemies":"3 Byrds","floor":18,"turns":2},{"damage":30,"enemies":"Gremlin Leader","floor":23,"turns":6},{"damage":21,"enemies":"Shell Parasite","floor":24,"turns":4},{"damage":31,"enemies":"Snake Plant","floor":30,"turns":5},{"damage":82,"enemies":"Automaton","floor":33,"turns":6}],"seed_played":"8890204823267088177","potions_obtained":[{"floor":4,"key":"SpeedPotion"},{"floor":5,"key":"SpeedPotion"},{"floor":7,"key":"GamblersBrew"},{"floor":18,"key":"PowerPotion"},{"floor":24,"key":"DistilledChaos"},{"floor":30,"key":"Dexterity Potion"}],"is_trial":false,"path_per_floor":["M","$","?","M","M","R","M","R","T","R","M","M","?","E","R","B",null,"M","$","?","?","$","E","M","R","T","R","?","$","M","$","R","B"],"character_chosen":"THE_BUGKNIGHT","items_purchased":["Strawberry","Juzu Bracelet","Bronze Scales","Strange Spoon","Gremlin Horn","HollowMod:MantisMark","HollowMod:VengefulVoid","Vajra","HollowMod:DashSlash"],"campfire_rested":4,"item_purchase_floors":[0,0,0,0,0,2,2,19,19],"current_hp_per_floor":[55,55,48,48,44,82,78,78,78,78,78,56,61,26,67,55,87,77,77,77,77,77,47,26,67,67,67,72,72,41,41,82,0,0],"gold":75,"neow_bonus":"","is_daily":false,"chose_seed":false,"campfire_upgraded":2,"win_rate":0.0,"timestamp":1612841364,"path_taken":["M","$","?","M","M","R","M","R","T","R","M","M","?","E","R","BOSS","M","$","?","?","?","E","M","R","T","R","?","$","M","?","R","BOSS"],"items_purchased_type":["Relic","Relic","Relic","Relic","Relic","Card","Card","Relic","Card"],"build_version":"2020-12-22","purchased_purges":0,"victory":false,"max_hp_per_floor":[82,82,82,82,82,82,82,82,82,82,82,82,87,87,87,87,87,87,87,87,87,87,87,87,87,87,87,87,87,87,87,87,87,87],"card_choices":[{"not_picked":["HollowMod:SiblingsSouls","HollowMod:LifebloodCocoon"],"picked":"HollowMod:VengefulVoid","floor":1},{"not_picked":["HollowMod:MonomonsArchive","HollowMod:InfectedAttack"],"picked":"HollowMod:VengefulVoid","floor":4},{"not_picked":["HollowMod:NewGlowingWomb","HollowMod:CrystalDash"],"picked":"HollowMod:MonarchWings","floor":5},{"not_picked":["HollowMod:VengefulSpirit","HollowMod:DoubleDash"],"picked":"HollowMod:QuirrelsAssistance","floor":7},{"not_picked":["HollowMod:SoulStrike","HollowMod:NewJinnsSoul"],"picked":"HollowMod:GoodIntentions","floor":11},{"not_picked":["HollowMod:SoulSplash","HollowMod:HeavyBlow"],"picked":"HollowMod:DungDefenderAura","floor":12},{"not_picked":["HollowMod:InfectedAttack","HollowMod:AbyssShriek"],"picked":"HollowMod:CycloneSlash","floor":14},{"not_picked":["HollowMod:ZotesMagnificence","HollowMod:HornetsHelp"],"picked":"HollowMod:SlysStrikes","floor":16},{"not_picked":["HollowMod:GoodIntentions+1","HollowMod:SiblingsSouls+1"],"picked":"HollowMod:CycloneSlash","floor":18},{"not_picked":["HollowMod:Grubsong+1","HollowMod:QuirrelsAssistance"],"picked":"HollowMod:CoiledNail+1","floor":23},{"not_picked":["HollowMod:SoulShaman","HollowMod:TaintedHusks"],"picked":"HollowMod:LuriensSpire","floor":24},{"not_picked":["HollowMod:TaintedHusks+1","HollowMod:InfectedCysts"],"picked":"HollowMod:ShadowDash+1","floor":30}],"player_experience":323491,"relics_obtained":[{"floor":9,"key":"Mercury Hourglass"},{"floor":14,"key":"HollowMod:MillibellesNoteRelic"},{"floor":23,"key":"Ornamental Fan"},{"floor":26,"key":"Matryoshka"}],"event_choices":[{"damage_healed":0,"gold_gain":0,"player_choice":"Relic ","damage_taken":7,"max_hp_gain":0,"max_hp_loss":0,"event_name":"betterThird:BetterScrap","floor":3,"gold_loss":0,"cards_obtained":["Wallop"]},{"damage_healed":0,"gold_gain":0,"player_choice":"Donut","damage_taken":0,"max_hp_gain":5,"max_hp_loss":0,"event_name":"Big Fish","floor":13,"gold_loss":0},{"damage_healed":0,"gold_gain":0,"player_choice":"Trade","damage_taken":0,"relics_obtained":["GremlinMask"],"max_hp_gain":0,"max_hp_loss":0,"event_name":"FaceTrader","floor":20,"gold_loss":0},{"damage_healed":0,"gold_gain":0,"player_choice":"Bet on Murderer","damage_taken":0,"max_hp_gain":0,"max_hp_loss":0,"event_name":"The Joust","floor":21,"gold_loss":50},{"cards_removed":["HollowMod:GoodIntentions"],"damage_healed":5,"gold_gain":0,"player_choice":"Offered Common","damage_taken":0,"max_hp_gain":0,"max_hp_loss":0,"event_name":"Bonfire Elementals","floor":28,"gold_loss":0},{"cards_removed":["HollowMod:GoodIntentions"],"damage_healed":5,"gold_gain":0,"player_choice":"Offered Special","damage_taken":0,"max_hp_gain":0,"max_hp_loss":0,"event_name":"Bonfire Elementals","floor":28,"gold_loss":0}],"is_beta":false,"boss_relics":[{"not_picked":["Snecko Eye","Coffee Dripper"],"picked":"SacredBark"}],"items_purged_floors":[],"is_endless":false,"potions_floor_spawned":[4,5,7,18,24,30],"killed_by":"Automaton","ascension_level":0}}