{"host":"92wx9z21c4p52du4","time":1612837779,"event":{"mods":["Act Like it!","Arknights","Bard","BaseMod","ChefMod","Elementarium","Evolution","Infinite Spire","Lobotomy","Minty Spire (QoL Compilation)","Relic Stats","Reliquary","Robot Space Explorer","StSLib","SuperFastMode","The Blue Laboratory","The Disciple","The Hierophant","The Jungle","The Runesmith","TheSurvivalist"],"gold_per_floor":[117,117,134,59,82,82,101,120,120,120,120],"floor_reached":10,"language":"ENG","playtime":494,"items_purged":["Injury"],"score":58,"play_id":"2e86c783-3b5f-4513-99d6-b6474dfef8c4","local_time":"20210208202939","is_ascension_mode":false,"campfire_choices":[{"data":"chefmod:Escargot","floor":6,"key":"SMITH"}],"circlet_count":0,"master_deck":["chefmod:Strike","chefmod:Strike","chefmod:Strike","chefmod:QuickThaw","chefmod:Defend","chefmod:Defend","chefmod:Defend","chefmod:Defend","chefmod:TodaysSpecial","chefmod:FreezerBurn","chefmod:Escargot+1","chefmod:TwoForOne","chefmod:Granita","chefmod:IceCreamCone"],"relics":["chefmod:TrustyPot","EVO:Axolotl","Turnip","Regal Pillow"],"acts_visited":["Exordium"],"potions_floor_usage":[],"damage_taken":[{"damage":0,"enemies":"2 Louse","floor":1,"turns":4},{"damage":4,"enemies":"Cultist","floor":3,"turns":5},{"damage":8,"enemies":"Jaw Worm","floor":7,"turns":5},{"damage":5,"enemies":"Looter","floor":8,"turns":3},{"damage":66,"enemies":"Gremlin Nob","floor":10,"turns":4}],"seed_played":"3575668916211585208","potions_obtained":[{"floor":3,"key":"FearPotion"},{"floor":8,"key":"blueLaboratory:BottledHope"}],"is_trial":false,"path_per_floor":["M","?","M","$","T","R","M","M","T","E"],"character_chosen":"THE_CHEF","items_purchased":[],"campfire_rested":0,"item_purchase_floors":[],"current_hp_per_floor":[76,76,72,72,72,72,64,59,59,0,0],"gold":120,"neow_bonus":"ONE_RARE_RELIC","is_daily":false,"chose_seed":false,"campfire_upgraded":1,"win_rate":0.0,"timestamp":1612837779,"path_taken":["M","?","?","$","?","R","M","M","T","E"],"items_purchased_type":[],"build_version":"2020-12-22","purchased_purges":1,"victory":false,"max_hp_per_floor":[76,76,76,76,76,76,76,76,76,76,76],"relic_stats":{"Regal Pillow":0,"counters":[5,21],"Turnip":[0],"obtain_stats":[{"chefmod:TrustyPot":0,"Regal Pillow":5,"Turnip":0,"EVO:Axolotl":0},{"chefmod:TrustyPot":0,"Regal Pillow":2,"Turnip":0,"EVO:Axolotl":0},{"chefmod:TrustyPot":0,"Regal Pillow":9,"Turnip":0,"EVO:Axolotl":0}]},"card_choices":[{"not_picked":["chefmod:BaoBuns","chefmod:FireUp"],"picked":"chefmod:FreezerBurn","floor":1},{"not_picked":["chefmod:HotSoup","chefmod:FryPan"],"picked":"chefmod:TwoForOne","floor":3},{"not_picked":["chefmod:ZaruSoba","chefmod:BleedOut"],"picked":"chefmod:Granita","floor":7},{"not_picked":["chefmod:FryPan","chefmod:Sorbet"],"picked":"chefmod:IceCreamCone","floor":8}],"player_experience":232760,"relics_obtained":[{"floor":5,"key":"Regal Pillow"}],"event_choices":[{"damage_healed":0,"gold_gain":0,"cards_transformed":["chefmod:Strike"],"player_choice":"Transformed","damage_taken":0,"max_hp_gain":0,"max_hp_loss":0,"event_name":"Transmorgrifier","floor":2,"gold_loss":0,"cards_obtained":["chefmod:Escargot"]}],"is_beta":false,"boss_relics":[],"items_purged_floors":[4],"is_endless":false,"potions_floor_spawned":[3,8],"killed_by":"Gremlin Nob","ascension_level":0}}