{"host":"a92fqxohjrzqy5rn","time":1612890210,"event":{"mods":["AchievementEnabler","BaseMod","Minty Spire (QoL Compilation)","Relic Sorter","Smile Girya"],"gold_per_floor":[118,118,137,156,173,173,190,190,215,235,235,117,134,59,59,162,212,230,230,230,249,259,259,274,290,290,290,31,31,31,31,31,133,133,150,64,74,90,90,15,15,0,48,64,79,79,79],"floor_reached":46,"language":"ENG","playtime":1738,"items_purged":["Strike_R"],"score":414,"play_id":"cbb870f8-cdf5-4a03-b8e1-4088c8b11f6a","local_time":"20210209170330","is_ascension_mode":false,"campfire_choices":[{"data":"Armaments","floor":6.0,"key":"SMITH"},{"data":"Body Slam","floor":8.0,"key":"SMITH"},{"data":"Body Slam","floor":15.0,"key":"SMITH"},{"data":"RitualDagger","floor":23.0,"key":"SMITH"},{"floor":32.0,"key":"REST"},{"floor":41.0,"key":"REST"}],"circlet_count":0,"master_deck":["Strike_R+1","Strike_R+1","Defend_R","Defend_R","Defend_R","Bash+1","Impervious","Armaments+1","Disarm","Clothesline","Body Slam+1","Spot Weakness","Reaper","Battle Trance","Body Slam+1","Demon Form","Evolve","Heavy Blade","RitualDagger+1","Disarm+1","Double Tap","Blood for Blood","Writhe","Sever Soul","Disarm","Barricade","Rampage","Dramatic Entrance","Inflame","Power Through+1"],"relics":["Burning Blood","Bag of Marbles","Juzu Bracelet","Tiny House","Whetstone","Matryoshka","Vajra","Snecko Eye","Red Mask","MealTicket"],"acts_visited":["Exordium","TheCity","TheBeyond"],"potions_floor_usage":[],"damage_taken":[{"damage":1.0,"enemies":"Cultist","floor":1.0,"turns":3.0},{"damage":13.0,"enemies":"Jaw Worm","floor":3.0,"turns":3.0},{"damage":3.0,"enemies":"Small Slimes","floor":4.0,"turns":4.0},{"damage":12.0,"enemies":"3 Louse","floor":5.0,"turns":5.0},{"damage":11.0,"enemies":"Large Slime","floor":7.0,"turns":4.0},{"damage":10.0,"enemies":"Looter","floor":10.0,"turns":3.0},{"damage":18.0,"enemies":"Exordium Wildlife","floor":13.0,"turns":5.0},{"damage":37.0,"enemies":"Slime Boss","floor":16.0,"turns":10.0},{"damage":10.0,"enemies":"2 Thieves","floor":18.0,"turns":4.0},{"damage":28.0,"enemies":"Shell Parasite","floor":21.0,"turns":5.0},{"damage":17.0,"enemies":"Centurion and Healer","floor":22.0,"turns":6.0},{"damage":14.0,"enemies":"Cultist and Chosen","floor":24.0,"turns":6.0},{"damage":39.0,"enemies":"Shelled Parasite and Fungi","floor":25.0,"turns":7.0},{"damage":54.0,"enemies":"Champ","floor":33.0,"turns":13.0},{"damage":21.0,"enemies":"3 Shapes","floor":35.0,"turns":3.0},{"damage":0.0,"enemies":"Orb Walker","floor":37.0,"turns":1.0},{"damage":49.0,"enemies":"Transient","floor":38.0,"turns":5.0},{"damage":27,"enemies":"Maw","floor":44,"turns":6},{"damage":15,"enemies":"4 Shapes","floor":45,"turns":4},{"damage":70,"enemies":"Reptomancer","floor":46,"turns":3}],"seed_played":"1218735830635886713","potions_obtained":[{"floor":3.0,"key":"Swift Potion"},{"floor":4.0,"key":"Fire Potion"},{"floor":5.0,"key":"LiquidBronze"},{"floor":16.0,"key":"Block Potion"},{"floor":17.0,"key":"DistilledChaos"},{"floor":18.0,"key":"FearPotion"},{"floor":21.0,"key":"SteroidPotion"},{"floor":22.0,"key":"ColorlessPotion"},{"floor":35.0,"key":"AttackPotion"},{"floor":45,"key":"CultistPotion"}],"is_trial":false,"path_per_floor":["M","T","M","M","M","R","M","R","T","M","?","$","M","$","R","B",null,"M","?","?","M","M","R","M","M","T","?","$","?","?","?","R","B",null,"M","$","M","M","?","$","R","?","T","M","M","E"],"character_chosen":"IRONCLAD","items_purchased":["Battle Trance","Body Slam","Matryoshka","Dramatic Entrance","Inflame"],"campfire_rested":2,"item_purchase_floors":[12,12,28,36,40],"current_hp_per_floor":[61,61,54,57,51,51,46,46,46,42,42,42,46,46,46,20,85,81,81,75,64,57,57,66,33,33,33,33,33,33,33,58,10,85,81,81,85,46,46,46,71,71,71,63,56,0,0],"gold":79,"neow_bonus":"THREE_RARE_CARDS","is_daily":false,"chose_seed":false,"campfire_upgraded":4,"win_rate":0.0,"timestamp":1612890210,"path_taken":["M","?","?","M","M","R","M","R","T","M","?","?","M","$","R","BOSS","M","?","?","M","M","R","M","M","T","?","?","?","?","?","R","BOSS","M","$","M","M","?","$","R","?","T","M","M","E"],"items_purchased_type":["Card","Card","Relic","Card","Card"],"build_version":"2020-12-22","purchased_purges":1,"victory":false,"max_hp_per_floor":[80,80,80,80,80,80,80,80,80,80,80,80,80,80,80,80,85,85,85,85,85,85,85,85,85,85,85,85,85,85,85,85,85,85,85,85,85,85,85,85,85,85,85,85,85,85,85],"card_choices":[{"not_picked":["Brutality","Bludgeon"],"picked":"Impervious","floor":0.0},{"not_picked":["Pommel Strike","Warcry"],"picked":"Armaments","floor":1.0},{"not_picked":["Body Slam","Rupture"],"picked":"Disarm","floor":3.0},{"not_picked":["Wild Strike","Anger"],"picked":"Clothesline","floor":4.0},{"not_picked":["True Grit","Headbutt"],"picked":"Body Slam","floor":5.0},{"not_picked":["Evolve","Headbutt"],"picked":"Spot Weakness","floor":7.0},{"not_picked":["Armaments","Body Slam"],"picked":"Reaper","floor":10.0},{"not_picked":["Cleave","Iron Wave","Twin Strike"],"picked":"SKIP","floor":13.0},{"not_picked":["Fiend Fire","Immolate"],"picked":"Demon Form","floor":16.0},{"not_picked":["Thunderclap","Dropkick"],"picked":"Evolve","floor":17.0},{"not_picked":["Metallicize","Wild Strike"],"picked":"Heavy Blade","floor":18.0},{"not_picked":["Whirlwind","Flex"],"picked":"Disarm+1","floor":21.0},{"not_picked":["Carnage","Dropkick","Shrug It Off"],"picked":"SKIP","floor":22.0},{"not_picked":["Dual Wield","Heavy Blade"],"picked":"Double Tap","floor":24.0},{"not_picked":["Iron Wave+1","Wild Strike"],"picked":"Blood for Blood","floor":25.0},{"not_picked":["Impervious","Feed"],"picked":"Barricade","floor":33.0},{"not_picked":["Reckless Charge+1","Flex+1"],"picked":"Rampage","floor":35.0},{"not_picked":["Headbutt+1","Anger+1","Barricade"],"picked":"SKIP","floor":37.0},{"not_picked":["Warcry+1","Clothesline","Clash"],"picked":"SKIP","floor":38.0},{"not_picked":["True Grit+1","Armaments+1","Shrug It Off+1"],"picked":"SKIP","floor":44},{"not_picked":["Armaments+1","Heavy Blade"],"picked":"Power Through+1","floor":45}],"player_experience":224852,"relics_obtained":[{"floor":2.0,"key":"Bag of Marbles"},{"floor":9.0,"key":"Juzu Bracelet"},{"floor":26.0,"key":"Whetstone"},{"floor":43,"key":"MealTicket"}],"event_choices":[{"damage_healed":0.0,"max_hp_gain":0.0,"max_hp_loss":0.0,"gold_gain":0.0,"event_name":"NoteForYourself","player_choice":"Ignored","floor":11.0,"gold_loss":0.0,"damage_taken":0.0},{"damage_healed":0.0,"max_hp_gain":0.0,"max_hp_loss":0.0,"gold_gain":0.0,"event_name":"Ghosts","player_choice":"Ignored","floor":19.0,"gold_loss":0.0,"damage_taken":0.0},{"damage_healed":0.0,"max_hp_gain":0.0,"max_hp_loss":0.0,"gold_gain":0.0,"event_name":"Nest","player_choice":"Joined the Cult","floor":20.0,"gold_loss":0.0,"damage_taken":6.0,"cards_obtained":["RitualDagger"]},{"damage_healed":0.0,"max_hp_gain":0.0,"max_hp_loss":0.0,"gold_gain":0.0,"event_name":"Cursed Tome","player_choice":"Ignored","floor":27.0,"gold_loss":0.0,"damage_taken":0.0},{"damage_healed":0.0,"max_hp_gain":0.0,"max_hp_loss":0.0,"gold_gain":0.0,"event_name":"The Mausoleum","player_choice":"Opened","floor":30.0,"gold_loss":0.0,"damage_taken":0.0,"relics_obtained":["Vajra"],"cards_obtained":["Writhe"]},{"damage_healed":0.0,"max_hp_gain":0.0,"max_hp_loss":0.0,"gold_gain":0.0,"cards_transformed":["Strike_R","Strike_R"],"event_name":"Drug Dealer","player_choice":"Became Test Subject","floor":31.0,"gold_loss":0.0,"damage_taken":0.0,"cards_obtained":["Sever Soul","Disarm"]},{"cards_removed":["Defend_R"],"damage_healed":0.0,"max_hp_gain":0.0,"max_hp_loss":0.0,"gold_gain":0.0,"event_name":"Falling","player_choice":"Removed Skill","floor":39.0,"gold_loss":0.0,"damage_taken":0.0},{"damage_healed":0.0,"max_hp_gain":0.0,"max_hp_loss":0.0,"gold_gain":0.0,"event_name":"Tomb of Lord Red Mask","player_choice":"Paid","floor":42.0,"gold_loss":15.0,"damage_taken":0.0,"relics_obtained":["Red Mask"]}],"is_beta":false,"boss_relics":[{"not_picked":["Runic Pyramid","Fusion Hammer"],"picked":"Tiny House"},{"not_picked":["Coffee Dripper","Runic Dome"],"picked":"Snecko Eye"}],"items_purged_floors":[14],"is_endless":false,"potions_floor_spawned":[3,4,5,16,18,21,22,35,45],"killed_by":"Reptomancer","ascension_level":0}}