{"host":"8nctav4lo34mnono","time":1612891485,"event":{"mods":["BaseMod","Bestiary","Highlight Path","Minty Spire (QoL Compilation)","Relic Stats","Slay the Relics Exporter"],"gold_per_floor":[362,362,25,40,40,68,68,102,127,162,174,185,185,260,260,360,360,371,383,21,41,58,58,58,58,58],"floor_reached":25,"language":"ENG","playtime":708,"items_purged":[],"score":354,"play_id":"5edc089f-e855-4571-9c66-0c0478f13314","local_time":"20210209172445","is_ascension_mode":true,"campfire_choices":[{"data":"Bash","floor":7.0,"key":"SMITH"},{"floor":13.0,"key":"REST"},{"floor":15.0,"key":"REST"},{"floor":23.0,"key":"REST"}],"circlet_count":0,"master_deck":["AscendersBane","Strike_R","Strike_R","Defend_R","Defend_R","Defend_R","Bash+1","Whirlwind","Inflame","Offering","Twin Strike","Dark Shackles","Burning Pact","Wild Strike","Sword Boomerang","Rage","Fire Breathing+1","Impervious","Blood for Blood+1","Fiend Fire+1","Fiend Fire+1","Whirlwind","Flex","Combust+1","Exhume","Immolate","Armaments+1","Corruption+1"],"relics":["Burning Blood","Art of War","Bronze Scales","Akabeko","Frozen Egg 2","Astrolabe"],"acts_visited":["TheCity"],"potions_floor_usage":[25,25],"damage_taken":[{"damage":15.0,"enemies":"Jaw Worm","floor":1.0,"turns":6.0},{"damage":0.0,"enemies":"Small Slimes","floor":4.0,"turns":3.0},{"damage":37.0,"enemies":"3 Sentries","floor":6.0,"turns":3.0},{"damage":16.0,"enemies":"Gremlin Nob","floor":8.0,"turns":3.0},{"damage":19.0,"enemies":"3 Sentries","floor":10.0,"turns":5.0},{"damage":0.0,"enemies":"Cultist","floor":11.0,"turns":3.0},{"damage":0.0,"enemies":"3 Louse","floor":12.0,"turns":1.0},{"damage":43.0,"enemies":"Hexaghost","floor":16.0,"turns":5.0},{"damage":12.0,"enemies":"Chosen","floor":18.0,"turns":2.0},{"damage":28.0,"enemies":"2 Thieves","floor":19.0,"turns":3.0},{"damage":16.0,"enemies":"Cultist and Chosen","floor":21.0,"turns":4.0},{"damage":16.0,"enemies":"Centurion and Healer","floor":22.0,"turns":3.0},{"damage":49,"enemies":"Book of Stabbing","floor":25,"turns":3}],"seed_played":"-7893018330306705691","potions_obtained":[{"floor":1.0,"key":"Block Potion"},{"floor":5.0,"key":"HeartOfIron"},{"floor":5.0,"key":"LiquidBronze"},{"floor":10.0,"key":"Strength Potion"},{"floor":18.0,"key":"FearPotion"},{"floor":21.0,"key":"Fire Potion"}],"is_trial":false,"path_per_floor":["M","?","$","M","?","E","R","E","T","E","M","M","R","?","R","B",null,"M","M","$","M","M","R","?","E"],"character_chosen":"IRONCLAD","items_purchased":["Inflame","Offering","Twin Strike","Dark Shackles","Combust+1","Exhume","SteroidPotion","Immolate"],"campfire_rested":3,"item_purchase_floors":[3,3,3,3,20,20,20,20],"current_hp_per_floor":[63,56,56,62,62,31,31,21,21,8,14,20,41,30,51,14,58,52,30,30,20,10,31,31,0,0],"gold":58,"neow_bonus":"TWO_FIFTY_GOLD","is_daily":false,"chose_seed":false,"campfire_upgraded":1,"win_rate":0.0,"timestamp":1612891485,"path_taken":["M","?","$","M","?","E","R","E","T","E","M","?","R","?","R","BOSS","M","M","$","M","M","R","?","E"],"items_purchased_type":["Card","Card","Card","Card","Card","Card","Potion","Card"],"build_version":"2020-12-22","purchased_purges":0,"victory":false,"max_hp_per_floor":[72,72,72,72,72,72,72,72,72,72,72,72,72,72,72,72,72,72,72,72,72,72,72,72,72,72],"relic_stats":{"counters":[13,44],"Bronze Scales":[84],"Astrolabe":["Blood for Blood","Fiend Fire","Fiend Fire"],"Art of War":[4],"obtain_stats":[{"Bronze Scales":8,"Astrolabe":17,"Art of War":6,"Frozen Egg 2":10,"Burning Blood":0,"Akabeko":9},{"Bronze Scales":4,"Astrolabe":8,"Art of War":3,"Frozen Egg 2":5,"Burning Blood":0,"Akabeko":4},{"Bronze Scales":15,"Astrolabe":29,"Art of War":12,"Frozen Egg 2":20,"Burning Blood":0,"Akabeko":15}],"Burning Blood":72},"card_choices":[{"not_picked":["Heavy Blade","Iron Wave"],"picked":"Whirlwind","floor":1.0},{"not_picked":["Iron Wave","Shockwave"],"picked":"Burning Pact","floor":4.0},{"not_picked":["Sever Soul","Heavy Blade"],"picked":"Wild Strike","floor":6.0},{"not_picked":["Feel No Pain","Headbutt"],"picked":"Sword Boomerang","floor":8.0},{"not_picked":["Headbutt","Sword Boomerang"],"picked":"Rage","floor":10.0},{"not_picked":["Wild Strike","Cleave"],"picked":"Fire Breathing+1","floor":11.0},{"not_picked":["Iron Wave","Perfected Strike","Heavy Blade"],"picked":"SKIP","floor":12.0},{"not_picked":["Juggernaut+1","Immolate"],"picked":"Impervious","floor":16.0},{"not_picked":["Clash","Warcry"],"picked":"Whirlwind","floor":18.0},{"not_picked":["Clash","Warcry"],"picked":"Flex","floor":19.0},{"not_picked":["Havoc","True Grit"],"picked":"Armaments+1","floor":21.0},{"not_picked":["Anger","Iron Wave"],"picked":"Corruption+1","floor":22.0}],"player_experience":368952,"relics_obtained":[{"floor":6.0,"key":"Art of War"},{"floor":8.0,"key":"Bronze Scales"},{"floor":9.0,"key":"Akabeko"},{"floor":10.0,"key":"Frozen Egg 2"}],"event_choices":[{"cards_removed":["Strike_R"],"damage_healed":0.0,"max_hp_gain":0.0,"max_hp_loss":0.0,"gold_gain":0.0,"event_name":"Golden Wing","player_choice":"Card Removal","floor":2.0,"gold_loss":0.0,"damage_taken":7.0},{"damage_healed":0.0,"max_hp_gain":0.0,"max_hp_loss":0.0,"gold_gain":0.0,"event_name":"Lab","player_choice":"Got Potions","floor":5.0,"gold_loss":0.0,"damage_taken":0.0},{"damage_healed":0.0,"max_hp_gain":0.0,"max_hp_loss":0.0,"gold_gain":75.0,"event_name":"World of Goop","player_choice":"Gather Gold","floor":14.0,"gold_loss":0.0,"damage_taken":11.0},{"damage_healed":0.0,"max_hp_gain":0.0,"max_hp_loss":0.0,"gold_gain":0.0,"event_name":"Vampires","player_choice":"Ignored","floor":24.0,"gold_loss":0.0,"damage_taken":0.0}],"is_beta":false,"boss_relics":[{"not_picked":["Busted Crown","Coffee Dripper"],"picked":"Astrolabe"}],"items_purged_floors":[],"is_endless":false,"potions_floor_spawned":[1,6,8,10,18,21],"killed_by":"Book of Stabbing","ascension_level":12}}