{"host":"mqhvlr3kpxebko0t","time":1612881414,"event":{"mods":["AchievementEnabler","BaseMod","Colored Map","Colored Powertips","KOR Keyword Fix","Keyboard Shortcuts","Minty Spire (QoL Compilation)","StSLib","SuperFastMode"],"gold_per_floor":[111,125,140,65,65,96,96,21,21,21,21,55,55,68,68,164,164,179,197,211,234,247,247,247],"floor_reached":23,"language":"KOR","playtime":423,"items_purged":["Strike_R"],"score":456,"play_id":"a5213423-c159-440b-aa1a-a4a1ba0097cf","local_time":"20210209233654","is_ascension_mode":true,"campfire_choices":[{"data":"Searing Blow","floor":7,"key":"SMITH"},{"data":"Searing Blow+1","floor":10,"key":"SMITH"},{"data":"Searing Blow+2","floor":13,"key":"SMITH"},{"data":"Searing Blow+3","floor":15,"key":"SMITH"}],"circlet_count":0,"master_deck":["AscendersBane","Strike_R","Defend_R","Defend_R","Defend_R","Defend_R","Bash","Searing Blow+4","Shrug It Off","Evolve","Seeing Red","Battle Trance"],"relics":["Burning Blood","PreservedInsect","Golden Idol","HornCleat","Pen Nib","StoneCalendar","Empty Cage"],"acts_visited":["Exordium","TheCity"],"potions_floor_usage":[12,12,19,21,21],"damage_taken":[{"damage":2,"enemies":"2 Louse","floor":1,"turns":2},{"damage":7,"enemies":"Small Slimes","floor":2,"turns":4},{"damage":11,"enemies":"Cultist","floor":3,"turns":4},{"damage":31,"enemies":"3 Sentries","floor":6,"turns":9},{"damage":0,"enemies":"Lagavulin","floor":12,"turns":3},{"damage":13,"enemies":"Lots of Slimes","floor":14,"turns":6},{"damage":33,"enemies":"Slime Boss","floor":16,"turns":7},{"damage":14,"enemies":"2 Thieves","floor":18,"turns":4},{"damage":17,"enemies":"Shell Parasite","floor":19,"turns":4},{"damage":21,"enemies":"Snake Plant","floor":20,"turns":3},{"damage":1,"enemies":"Chosen and Byrds","floor":21,"turns":5},{"damage":9,"enemies":"Centurion and Healer","floor":22,"turns":5},{"damage":26,"enemies":"Book of Stabbing","floor":23,"turns":3}],"seed_played":"-8379752073521022980","potions_obtained":[{"floor":1,"key":"EssenceOfSteel"},{"floor":11,"key":"DuplicationPotion"},{"floor":11,"key":"PowerPotion"},{"floor":16,"key":"FearPotion"},{"floor":18,"key":"SkillPotion"},{"floor":19,"key":"Swift Potion"}],"is_trial":false,"path_per_floor":["M","M","M","$","?","E","R","?","T","R","?","E","R","M","R","B",null,"M","M","M","M","M","E"],"character_chosen":"IRONCLAD","items_purchased":[],"campfire_rested":0,"item_purchase_floors":[],"current_hp_per_floor":[72,71,66,66,66,41,41,41,41,41,41,47,47,40,40,13,54,46,35,20,25,22,0,0],"gold":247,"neow_bonus":"RANDOM_COMMON_RELIC","is_daily":false,"chose_seed":false,"campfire_upgraded":4,"win_rate":0.0,"timestamp":1612881414,"path_taken":["M","M","M","$","?","E","R","?","T","R","?","E","R","?","R","BOSS","M","M","M","M","?","E"],"items_purchased_type":[],"build_version":"2020-12-22","purchased_purges":1,"victory":false,"max_hp_per_floor":[75,75,75,75,68,68,68,68,68,68,68,68,68,68,68,68,68,68,68,68,68,68,68,68],"card_choices":[{"not_picked":["Twin Strike","Perfected Strike"],"picked":"Searing Blow","floor":1},{"not_picked":["Entrench","Rampage"],"picked":"Shrug It Off","floor":2},{"not_picked":["Clash","Armaments"],"picked":"Evolve","floor":3},{"not_picked":["Warcry","Clothesline","Clash"],"picked":"SKIP","floor":6},{"not_picked":["Evolve","Burning Pact"],"picked":"Seeing Red","floor":12},{"not_picked":["Rage","Sentinel","Disarm"],"picked":"SKIP","floor":14},{"not_picked":["Havoc+1","Disarm","Clash"],"picked":"SKIP","floor":18},{"not_picked":["Armaments","Perfected Strike","Reckless Charge"],"picked":"SKIP","floor":19},{"not_picked":["Armaments","Perfected Strike","Reckless Charge"],"picked":"SKIP","floor":19},{"not_picked":["Thunderclap+1","Shrug It Off"],"picked":"Battle Trance","floor":20},{"not_picked":["Searing Blow","Warcry","Headbutt"],"picked":"SKIP","floor":21},{"not_picked":["Havoc","Inflame","Perfected Strike"],"picked":"SKIP","floor":22}],"player_experience":701745,"relics_obtained":[{"floor":6,"key":"HornCleat"},{"floor":9,"key":"Pen Nib"},{"floor":12,"key":"StoneCalendar"}],"event_choices":[{"damage_healed":0,"gold_gain":0,"player_choice":"Lose Max HP","damage_taken":0,"relics_obtained":["Golden Idol"],"max_hp_gain":0,"max_hp_loss":7,"event_name":"Golden Idol","floor":5,"gold_loss":0},{"cards_removed":["Strike_R"],"damage_healed":0,"gold_gain":0,"player_choice":"Card Removal","damage_taken":0,"max_hp_gain":0,"max_hp_loss":0,"event_name":"The Cleric","floor":8,"gold_loss":75},{"damage_healed":0,"gold_gain":0,"player_choice":"Got Potions","damage_taken":0,"max_hp_gain":0,"max_hp_loss":0,"event_name":"Lab","floor":11,"gold_loss":0}],"is_beta":false,"boss_relics":[{"not_picked":["SacredBark","Black Blood"],"picked":"Empty Cage"}],"items_purged_floors":[4],"is_endless":false,"potions_floor_spawned":[1,16,18,19],"killed_by":"Book of Stabbing","ascension_level":20}}