{"host":"s6xp7bbqy5sa00x4","time":1612884290,"event":{"mods":["BaseMod","BetterRewards","Downfall","Duelist Mod","Hermit","Infinite Spire","Marisa????????","Minty Spire (QoL Compilation)","Remilia??????","Replay The Spire","Shop Mod","StSLib","The Servant 0.9.4"],"gold_per_floor":[114,114,132,132,146,181,181,181,206,238,254,272,298,62,62,164,164,183,183,183,183,203,203,218,218,218,236,249,264,292,321,321,321,321],"floor_reached":33,"language":"ENG","playtime":2647,"items_purged":[],"score":453,"play_id":"92e5f6ae-43f3-4a7d-9f81-83a0ec00880b","local_time":"20210209102450","is_ascension_mode":true,"campfire_choices":[{"floor":15,"key":"REST"},{"floor":23,"key":"RECALL"}],"circlet_count":0,"master_deck":["Strike_MRS","Strike_MRS","Strike_MRS","Defend_MRS","Defend_MRS","Defend_MRS","Defend_MRS","MasterSpark","UpSweep","EnergyFlow","EnergyFlow+1","LuminesStrike","DoubleSpark","FairyDestructionRay","Hallucinations","NonDirectionalLaser","AbsoluteMagnitude","WitchOfGreed","Parasite","GravityBeat","ManaConvection","PropBag","FinalSpark","GalacticHalo","GalacticHalo","MysteriousBeam","JA","PulseMagic+1","SporeBomb","GrandCross+1","GravityBeat+1","GasGiant","EscapeVelocity","BinaryStars","UnstableBomb"],"relics":["MiniHakkero","Du-Vu Doll","Ring of Hypnosis","Ring of Fangs","Replay:Mystery Machine","ReplayFunnel","Gremlin Horn","ReplayTheSpireMod:TigerMarble","Honey Jar","MutagenicStrength","Mummified Hand","Counterbalance","Letter Opener"],"acts_visited":["Exordium","TheCity"],"potions_floor_usage":[13,27,31,33,33,33,33],"damage_taken":[{"damage":6,"enemies":"2 Louse","floor":1,"turns":2},{"damage":5,"enemies":"Small Slimes","floor":3,"turns":3},{"damage":0,"enemies":"Cultist","floor":5,"turns":3},{"damage":28,"enemies":"Gremlin Nob","floor":6,"turns":4},{"damage":33,"enemies":"Lagavulin","floor":10,"turns":5},{"damage":0,"enemies":"3 Louse","floor":11,"turns":1},{"damage":7,"enemies":"Looter","floor":12,"turns":3},{"damage":11,"enemies":"Gremlin Nob","floor":13,"turns":3},{"damage":11,"enemies":"The Guardian","floor":16,"turns":10},{"damage":16,"enemies":"Chosen","floor":18,"turns":4},{"damage":0,"enemies":"Shell Parasite","floor":22,"turns":2},{"damage":10,"enemies":"Snake Plant","floor":24,"turns":3},{"damage":33,"enemies":"Shelled Parasite and Fungi","floor":27,"turns":3},{"damage":0,"enemies":"Snecko","floor":28,"turns":3},{"damage":0,"enemies":"Cultist and Chosen","floor":29,"turns":2},{"damage":15,"enemies":"Slavers","floor":30,"turns":4},{"damage":0,"enemies":"Centurion and Healer","floor":31,"turns":4},{"damage":43,"enemies":"Champ","floor":33,"turns":8}],"seed_played":"6688746181704447614","potions_obtained":[{"floor":6,"key":"champ:CounterPotion"},{"floor":10,"key":"BlessingOfTheForge"},{"floor":12,"key":"GamblersBrew"},{"floor":13,"key":"Doom Potion"},{"floor":24,"key":"hexamod:SoulburnPotion"},{"floor":25,"key":"Reflective Coating"},{"floor":25,"key":"GamblersBrew"},{"floor":25,"key":"GamblersBrew"},{"floor":27,"key":"PowerPotion"},{"floor":29,"key":"SkillPotion"},{"floor":30,"key":"BottledSpark"},{"floor":31,"key":"Fire Potion"}],"is_trial":false,"path_per_floor":["M","?","M","?","M","E","?","?","T","E","M","M","E","$","R","B",null,"M","?","?","?","M","R","M","?","T","M","M","M","E","M","R","B"],"character_chosen":"MARISA","items_purchased":["EnergyFlow","LuminesStrike","GalacticHalo","ReplayTheSpireMod:TigerMarble","MysteriousBeam"],"campfire_rested":1,"item_purchase_floors":[0,0,14,14,14],"current_hp_per_floor":[69,69,64,64,64,36,54,54,54,21,21,14,3,3,25,14,75,59,59,59,59,59,59,49,49,49,28,28,28,13,13,35,0,0],"gold":321,"neow_bonus":"","is_daily":false,"chose_seed":false,"campfire_upgraded":0,"win_rate":0.0,"timestamp":1612884290,"path_taken":["M","?","M","?","?","E","?","?","T","E","M","?","E","$","R","BOSS","M","?","?","?","?","R","M","?","T","M","?","M","E","M","R","BOSS"],"items_purchased_type":["Card","Card","Card","Relic","Card"],"build_version":"2020-12-22","purchased_purges":0,"victory":false,"max_hp_per_floor":[75,75,75,75,75,75,75,75,75,75,75,75,75,75,75,75,75,75,75,75,75,75,75,75,75,75,75,75,75,75,75,75,75,75],"card_choices":[{"not_picked":["AsteroidBelt","DoubleSpark"],"picked":"FairyDestructionRay","floor":1},{"not_picked":["LuminesStrike","DarkSpark"],"picked":"NonDirectionalLaser","floor":3},{"not_picked":["ShootingEcho","DC"],"picked":"AbsoluteMagnitude","floor":5},{"not_picked":["EnergyFlow","FairyDestructionRay"],"picked":"WitchOfGreed","floor":6},{"not_picked":["ShootingEcho","SprinkleStarSeal"],"picked":"GravityBeat","floor":10},{"not_picked":["NonDirectionalLaser","OpenUniverse"],"picked":"ManaConvection","floor":11},{"not_picked":["UnstableBomb","NonDirectionalLaser"],"picked":"PropBag","floor":12},{"not_picked":["PropBag","SporeBomb"],"picked":"FinalSpark","floor":13},{"not_picked":["BigCrunch","MaximisePower"],"picked":"JA","floor":16},{"not_picked":["MilkyWay+1","GalacticHalo","DoubleSpark"],"picked":"PulseMagic+1","floor":18},{"not_picked":["Acceleration","AsteroidBelt","PowerUp"],"picked":"SporeBomb","floor":22},{"not_picked":["AsteroidBelt+1","ChargeUpSpray","PowerUp"],"picked":"GrandCross+1","floor":24},{"not_picked":["PowerUp","GalacticHalo","AlicesGift+1"],"picked":"GravityBeat","floor":27},{"not_picked":["Acceleration","DragonMeteor","SporeBomb+1"],"picked":"GasGiant","floor":28},{"not_picked":["PulseMagic","LuminesStrike","FairyDestructionRay"],"picked":"EscapeVelocity","floor":29},{"not_picked":["ShootingEcho","WitchLeyline","AsteroidBelt+1"],"picked":"BinaryStars","floor":30},{"not_picked":["DoubleSpark","MeteoricShower","GravityBeat"],"picked":"UnstableBomb","floor":31}],"player_experience":386262,"relics_obtained":[{"floor":2,"key":"Ring of Hypnosis"},{"floor":2,"key":"Ring of Fangs"},{"floor":6,"key":"Replay:Mystery Machine"},{"floor":10,"key":"ReplayFunnel"},{"floor":13,"key":"Gremlin Horn"},{"floor":26,"key":"Mummified Hand"},{"floor":30,"key":"Counterbalance"}],"event_choices":[{"damage_healed":0,"gold_gain":0,"player_choice":"Ignored","damage_taken":0,"max_hp_gain":0,"max_hp_loss":0,"event_name":"Fountain of Cleansing","floor":4,"gold_loss":0},{"damage_healed":18,"gold_gain":0,"player_choice":"Healed and dodged fight","damage_taken":0,"max_hp_gain":0,"max_hp_loss":0,"event_name":"Mushrooms_MRS","floor":7,"gold_loss":0,"cards_obtained":["Parasite"]},{"damage_healed":0,"gold_gain":0,"player_choice":"Upgraded","damage_taken":0,"max_hp_gain":0,"max_hp_loss":0,"event_name":"Upgrade Shrine","floor":8,"gold_loss":0,"cards_upgraded":["EnergyFlow"]},{"damage_healed":0,"gold_gain":0,"player_choice":"Inject Mutagens","damage_taken":0,"relics_obtained":["MutagenicStrength"],"max_hp_gain":0,"max_hp_loss":0,"event_name":"Drug Dealer","floor":19,"gold_loss":0},{"damage_healed":0,"gold_gain":0,"player_choice":"Ignored","damage_taken":0,"max_hp_gain":0,"max_hp_loss":0,"event_name":"Vampires","floor":20,"gold_loss":0},{"damage_healed":0,"gold_gain":0,"player_choice":"Got Potions","damage_taken":0,"max_hp_gain":0,"max_hp_loss":0,"event_name":"Lab","floor":25,"gold_loss":0}],"is_beta":false,"boss_relics":[{"not_picked":["Pandora\u0027s Box","Astrolabe"],"picked":"Honey Jar"}],"items_purged_floors":[],"is_endless":false,"potions_floor_spawned":[6,10,12,13,24,27,29,30,31],"killed_by":"Champ","ascension_level":2}}