{"host":"8z0h4areh8sio1k0","time":1612832525,"event":{"mods":["10 clothes from DAL","Act Like it!","Aspiration","BaseMod","Colored Map","Conspire","Crowbot","Hubris","Library of Ruina Extra","Mimic Mod","Minty Spire (QoL Compilation)","NanayaShiki（七夜志贵）","Replay The Spire","StSLib","TestMod","The Blue Laboratory","The Fake Hero","The Hierophant","TheWitcherMod","[Fun]BeWhatYouAte","theHeart","【功能Mod】精心准备","【遗物Mod】死灵法师NEW","老伊莉雅"],"gold_per_floor":[110,122,122,134,149,149,149],"floor_reached":6,"language":"ZHS","playtime":223,"items_purged":[],"score":38,"play_id":"9910f9d5-1608-4e9d-8f40-e4d9e494327a","local_time":"20210209090205","is_ascension_mode":false,"campfire_choices":[],"circlet_count":0,"master_deck":["LightStrike","LightStrike","LightStrike","LightStrike","HeavyStrike","Defend_Witcher","Defend_Witcher","Defend_Witcher","ThunderBolt","Quen","MagicTrap","Igni","Injury","TawnyOwl+1","EkimmaraDecoction"],"relics":["Witcher:TrialOfGrasses","Witcher:ThunderBoltOral","Witcher:ThunderBoltOral","testmod-TestBox","testmod-BatchProcessingSystem","NeowsBlessing","Toxic Egg 2"],"acts_visited":["Exordium"],"potions_floor_usage":[],"damage_taken":[{"damage":0,"enemies":"2 Louse","floor":1,"turns":1},{"damage":0,"enemies":"Small Slimes","floor":2,"turns":1},{"damage":0,"enemies":"conspire:RoseBush","floor":4,"turns":1},{"damage":7,"enemies":"Blue Slaver","floor":5,"turns":2},{"damage":3,"enemies":"Lagavulin","floor":6,"turns":2}],"seed_played":"-5099534269463362070","potions_obtained":[{"floor":4,"key":"Swift Potion"},{"floor":5,"key":"testmod-TimePotion"}],"is_trial":false,"path_per_floor":["M","M","?","M","M","E"],"character_chosen":"THE_WITCHER","items_purchased":[],"campfire_rested":0,"item_purchase_floors":[],"current_hp_per_floor":[75,75,75,75,68,66,66],"gold":149,"neow_bonus":"THREE_ENEMY_KILL","is_daily":false,"chose_seed":false,"campfire_upgraded":0,"win_rate":0.0,"timestamp":1612832525,"path_taken":["M","M","?","M","M","E"],"items_purchased_type":[],"build_version":"2020-12-22","purchased_purges":0,"victory":false,"max_hp_per_floor":[75,75,75,75,75,75,75],"card_choices":[{"not_picked":["DancingStar","Blizzard_Witcher"],"picked":"MagicTrap","floor":1},{"not_picked":["Slide","Space"],"picked":"Igni","floor":2},{"not_picked":["DancingStar+1","Yrden+1"],"picked":"TawnyOwl+1","floor":4},{"not_picked":["Euphoria+1","Blizzard_Witcher+1"],"picked":"EkimmaraDecoction","floor":5}],"player_experience":547618,"relics_obtained":[],"event_choices":[],"is_beta":false,"boss_relics":[],"items_purged_floors":[],"is_endless":false,"potions_floor_spawned":[4,5],"killed_by":"Lagavulin","ascension_level":0}}