{"host":"fff5e1uasnm04x18","time":1612834615,"event":{"mods":["BaseMod","Highlight Path","Minty Spire (QoL Compilation)","StSLib"],"gold_per_floor":[118,68,68,88,88,88,88,88,156,486,523,404,404,419,419,526,526,539,99,99,117,128,161,161,192,269,297,308,308,347,358,358,464,464,492,510,529,588,370,411,411,421,455,482,517,517,517,535,535,535],"floor_reached":51,"language":"ENG","playtime":11268,"items_purged":["Zap","Strike_B","Strike_B"],"score":887,"play_id":"d92d7481-a644-4074-b2d2-4e073651efc5","local_time":"20210208203655","is_ascension_mode":true,"campfire_choices":[{"data":"Gash","floor":6,"key":"SMITH"},{"data":"Defend_B","floor":8,"key":"SMITH"},{"floor":13,"key":"REST"},{"data":"Gash","floor":15,"key":"SMITH"},{"floor":29,"key":"REST"},{"floor":32,"key":"REST"},{"data":"Scrape","floor":41,"key":"SMITH"},{"floor":47,"key":"REST"},{"data":"Thinking Ahead","floor":49,"key":"SMITH"}],"circlet_count":0,"master_deck":["Strike_B","Defend_B+1","Defend_B+1","Defend_B+1","Dualcast","Gash+1","Hologram+1","Gash+1","Buffer+1","Violence+1","Scrape+1","Echo Form+1","Rebound+1","Madness","Madness","Chill+1","Gash+1","Injury","Thinking Ahead+1","Panacea","Dark Shackles","BootSequence+1"],"relics":["FrozenCore","Juzu Bracelet","CeramicFish","Frozen Egg 2","StrikeDummy","Old Coin","Odd Mushroom","Membership Card","Bag of Marbles","War Paint","Lantern","Bag of Preparation","Letter Opener","Red Mask","Pen Nib","Cursed Key","Calipers","Sling","Orichalcum","Akabeko","Potion Belt","Mummified Hand"],"acts_visited":["Exordium","TheCity","TheBeyond"],"potions_floor_usage":[23,27,33,40,48,50],"damage_taken":[{"damage":0,"enemies":"Small Slimes","floor":1,"turns":3},{"damage":0,"enemies":"Cultist","floor":4,"turns":3},{"damage":20,"enemies":"Gremlin Nob","floor":10,"turns":4},{"damage":9,"enemies":"The Mushroom Lair","floor":11,"turns":4},{"damage":0,"enemies":"2 Louse","floor":14,"turns":2},{"damage":26,"enemies":"The Guardian","floor":16,"turns":10},{"damage":12,"enemies":"3 Byrds","floor":18,"turns":8},{"damage":0,"enemies":"Spheric Guardian","floor":21,"turns":4},{"damage":9,"enemies":"Snake Plant","floor":22,"turns":7},{"damage":14,"enemies":"Slavers","floor":23,"turns":5},{"damage":10,"enemies":"Gremlin Leader","floor":25,"turns":11},{"damage":0,"enemies":"Masked Bandits","floor":27,"turns":4},{"damage":0,"enemies":"Cultist and Chosen","floor":28,"turns":6},{"damage":3,"enemies":"Book of Stabbing","floor":30,"turns":7},{"damage":0,"enemies":"3 Cultists","floor":31,"turns":4},{"damage":0,"enemies":"Champ","floor":33,"turns":9},{"damage":4,"enemies":"3 Darklings","floor":35,"turns":4},{"damage":0,"enemies":"3 Shapes","floor":37,"turns":5},{"damage":0,"enemies":"Mind Bloom Boss Battle","floor":38,"turns":7},{"damage":3,"enemies":"Nemesis","floor":40,"turns":7},{"damage":0,"enemies":"Transient","floor":42,"turns":5},{"damage":0,"enemies":"Giant Head","floor":45,"turns":7},{"damage":0,"enemies":"Jaw Worm Horde","floor":48,"turns":4},{"damage":13,"enemies":"Awakened One","floor":50,"turns":8}],"seed_played":"1721655017035791533","potions_obtained":[{"floor":4,"key":"Swift Potion"},{"floor":10,"key":"CultistPotion"},{"floor":23,"key":"Strength Potion"},{"floor":28,"key":"Fire Potion"},{"floor":30,"key":"PotionOfCapacity"},{"floor":31,"key":"SteroidPotion"},{"floor":37,"key":"DuplicationPotion"},{"floor":40,"key":"LiquidMemories"},{"floor":46,"key":"CultistPotion"},{"floor":46,"key":"ColorlessPotion"},{"floor":46,"key":"FearPotion"},{"floor":48,"key":"Ancient Potion"}],"is_trial":false,"path_per_floor":["M","?","?","M","?","R","T","R","T","E","?","$","R","M","R","B",null,"M","$","?","M","M","E","?","E","T","?","M","R","E","M","R","B",null,"M","?","M","?","$","E","R","M","T","?","E","?","R","M","R","B",null],"character_chosen":"DEFECT","items_purchased":["Gash","Membership Card","Bag of Marbles","War Paint","Violence","Sling","Orichalcum"],"campfire_rested":4,"item_purchase_floors":[12,19,19,19,19,39,39],"current_hp_per_floor":[75,75,75,75,75,75,75,75,75,55,46,46,68,68,68,42,75,63,63,63,63,54,40,40,30,30,30,30,52,49,49,71,71,75,71,62,62,62,62,59,59,59,59,49,49,49,71,71,71,58],"gold":535,"neow_bonus":"RANDOM_COMMON_RELIC","is_daily":false,"chose_seed":false,"campfire_upgraded":5,"win_rate":0.0,"timestamp":1612834615,"path_taken":["M","?","?","M","?","R","?","R","T","E","?","$","R","M","R","BOSS","M","$","?","M","M","E","?","E","T","?","M","R","E","M","R","BOSS","M","?","M","?","$","E","R","M","T","?","E","?","R","M","R","BOSS"],"items_purchased_type":["Card","Relic","Relic","Relic","Card","Relic","Relic"],"build_version":"2020-12-22","purchased_purges":3,"victory":true,"max_hp_per_floor":[75,75,75,75,75,75,75,75,75,75,75,75,75,75,75,75,75,75,75,75,75,75,75,75,75,75,75,75,75,75,75,75,75,75,75,75,75,75,75,75,75,75,75,75,75,75,75,75,75,75],"card_choices":[{"not_picked":["Coolheaded","Tempest","Turbo"],"picked":"SKIP","floor":1},{"not_picked":["Doom and Gloom","Cold Snap"],"picked":"Gash","floor":4},{"not_picked":["Hello World+1","Stack","Beam Cell"],"picked":"SKIP","floor":10},{"not_picked":["Barrage","Sunder"],"picked":"Hologram","floor":11},{"not_picked":["Cold Snap","Chaos","Consume"],"picked":"SKIP","floor":14},{"not_picked":["Amplify","Seek"],"picked":"Buffer+1","floor":16},{"not_picked":["Redo+1","Stack","Compile Driver"],"picked":"SKIP","floor":18},{"not_picked":["Coolheaded","Glacier","Auto Shields"],"picked":"SKIP","floor":21},{"not_picked":["Go for the Eyes","Loop+1","Rip and Tear+1"],"picked":"SKIP","floor":22},{"not_picked":["Stack","Double Energy","Coolheaded"],"picked":"SKIP","floor":23},{"not_picked":["FTL","Auto Shields","Reprogram"],"picked":"SKIP","floor":25},{"not_picked":["Sweeping Beam","Stack","Aggregate+1"],"picked":"SKIP","floor":28},{"not_picked":["Fusion","Stack+1"],"picked":"Scrape","floor":30},{"not_picked":["Skim","Multi-Cast","Hologram"],"picked":"SKIP","floor":31},{"not_picked":["Biased Cognition+1","All For One"],"picked":"Echo Form+1","floor":33},{"not_picked":["Sunder","Beam Cell+1"],"picked":"Rebound+1","floor":35},{"not_picked":["Melter+1","Heatsinks+1","Doom and Gloom+1"],"picked":"SKIP","floor":37},{"not_picked":["Hologram","Stack+1"],"picked":"Chill+1","floor":38},{"not_picked":["Skim+1","Rip and Tear"],"picked":"Gash+1","floor":40},{"not_picked":["Consume","Lockon","Cold Snap+1"],"picked":"SKIP","floor":42},{"not_picked":["Discovery","Sadistic Nature+1"],"picked":"Thinking Ahead","floor":44},{"not_picked":["PanicButton","Discovery"],"picked":"Panacea","floor":44},{"not_picked":["Enlightenment","PanicButton"],"picked":"Dark Shackles","floor":44},{"not_picked":["Sunder+1","Beam Cell+1"],"picked":"BootSequence+1","floor":45},{"not_picked":["Rebound","Redo","Conserve Battery"],"picked":"SKIP","floor":48}],"player_experience":520670,"relics_obtained":[{"floor":7,"key":"Frozen Egg 2"},{"floor":9,"key":"StrikeDummy"},{"floor":10,"key":"Old Coin"},{"floor":11,"key":"Odd Mushroom"},{"floor":23,"key":"Lantern"},{"floor":25,"key":"Bag of Preparation"},{"floor":26,"key":"Letter Opener"},{"floor":27,"key":"Red Mask"},{"floor":30,"key":"Pen Nib"},{"floor":38,"key":"Calipers"},{"floor":40,"key":"Akabeko"},{"floor":43,"key":"Potion Belt"},{"floor":45,"key":"Mummified Hand"}],"event_choices":[{"cards_removed":["Strike_B"],"damage_healed":0,"gold_gain":0,"player_choice":"Card Removal","damage_taken":0,"max_hp_gain":0,"max_hp_loss":0,"event_name":"The Cleric","floor":2,"gold_loss":50},{"damage_healed":0,"gold_gain":0,"player_choice":"Forge","damage_taken":0,"max_hp_gain":0,"max_hp_loss":0,"event_name":"Accursed Blacksmith","floor":3,"gold_loss":0,"cards_upgraded":["Defend_B"]},{"damage_healed":0,"gold_gain":0,"player_choice":"Gave Potion","damage_taken":0,"relics_obtained":["CeramicFish"],"max_hp_gain":0,"max_hp_loss":0,"event_name":"WeMeetAgain","floor":5,"gold_loss":0},{"damage_healed":0,"gold_gain":0,"player_choice":"Fought Mushrooms","damage_taken":0,"max_hp_gain":0,"max_hp_loss":0,"event_name":"Mushrooms","floor":11,"gold_loss":0},{"damage_healed":0,"gold_gain":0,"player_choice":"Upgraded","damage_taken":0,"max_hp_gain":0,"max_hp_loss":0,"event_name":"Upgrade Shrine","floor":20,"gold_loss":0,"cards_upgraded":["Violence"]},{"cards_removed":["Defend_B"],"damage_healed":0,"gold_gain":0,"player_choice":"Purged","damage_taken":0,"max_hp_gain":0,"max_hp_loss":0,"event_name":"Purifier","floor":24,"gold_loss":0},{"damage_healed":0,"gold_gain":0,"player_choice":"Fought Bandits","damage_taken":0,"max_hp_gain":0,"max_hp_loss":0,"event_name":"Masked Bandits","floor":27,"gold_loss":0},{"damage_healed":0,"gold_gain":0,"player_choice":"Embrace Madness","damage_taken":9,"max_hp_gain":0,"max_hp_loss":0,"event_name":"Winding Halls","floor":36,"gold_loss":0,"cards_obtained":["Madness","Madness"]},{"damage_healed":0,"gold_gain":0,"player_choice":"Fight","damage_taken":0,"max_hp_gain":0,"max_hp_loss":0,"event_name":"MindBloom","floor":38,"gold_loss":0},{"damage_healed":0,"gold_gain":0,"player_choice":"Memory 3","damage_taken":10,"max_hp_gain":0,"max_hp_loss":0,"event_name":"SensoryStone","floor":44,"gold_loss":0},{"damage_healed":0,"gold_gain":0,"player_choice":"Got Potions","damage_taken":0,"max_hp_gain":0,"max_hp_loss":0,"event_name":"Lab","floor":46,"gold_loss":0}],"is_beta":false,"boss_relics":[{"not_picked":["Inserter","Nuclear Battery"],"picked":"FrozenCore"},{"not_picked":["Tiny House","Pandora\u0027s Box"],"picked":"Cursed Key"}],"items_purged_floors":[12,19,39],"is_endless":false,"potions_floor_spawned":[4,10,23,28,30,31,37,40,48],"ascension_level":2}}