{"host":"k7udt7atmcuzf6l0","time":1612874178,"event":{"mods":["AchievementEnabler","BaseMod","BetterRewards","Colored Map","Colored Powertips","Highlight Path","Minty Spire (QoL Compilation)","Quick Restart","Rare Cards Sparkle","Relic Stats","StSLib","UnlockEverythingMod"],"gold_per_floor":[113,125,0,0,175,210,229,229,229,229,244,244,244,263,263,361,361,377,377,377,387,406,406,432,448,472,472,487,487,503,516,516,616,616,631,631,651,22,40,40,50,76,99,128,0,26,26,39,39,39,39],"floor_reached":50,"language":"ZHS","playtime":1484,"items_purged":[],"score":654,"play_id":"dc4a1c4a-b562-4f43-a518-e57543781852","local_time":"20210209203618","is_ascension_mode":false,"campfire_choices":[{"data":"Metallicize","floor":10.0,"key":"SMITH"},{"data":"Infernal Blade","floor":13.0,"key":"SMITH"},{"data":"Bash","floor":15.0,"key":"SMITH"},{"data":"Inflame","floor":23.0,"key":"SMITH"},{"data":"Sword Boomerang","floor":27.0,"key":"SMITH"},{"data":"Metallicize","floor":29.0,"key":"SMITH"},{"data":"Bloodletting","floor":32.0,"key":"SMITH"},{"data":"Madness","floor":40.0,"key":"SMITH"},{"data":"Madness","floor":47,"key":"SMITH"},{"data":"Strike_R","floor":49,"key":"SMITH"}],"circlet_count":0,"master_deck":["Strike_R","Strike_R","Strike_R","Strike_R+1","Defend_R","Defend_R","Bash+1","Metallicize+1","Sword Boomerang+1","Flex+1","Bloodletting+1","Iron Wave+1","Infernal Blade+1","Rampage+1","Anger+1","Reaper+1","Headbutt+1","Inflame+1","Hemokinesis+1","Flex+1","Anger+1","Metallicize+1","Cleave+1","Rage+1","Bludgeon+1","Sentinel+1","Reaper+1","Brutality+1","Body Slam+1","Madness+1","Madness+1","Pummel+1","Mind Blast+1","Clash+1","Immolate+1","Seeing Red+1","Metallicize+1","Spot Weakness+1"],"relics":["Burning Blood","NeowsBlessing","Molten Egg 2","Centennial Puzzle","Boot","Coffee Dripper","Ginger","Art of War","Astrolabe","Sling","Bronze Scales","Ornamental Fan","Nunchaku","Bag of Preparation","Mummified Hand","Red Mask","Blue Candle"],"acts_visited":["Exordium","TheCity","TheBeyond"],"potions_floor_usage":[50],"damage_taken":[{"damage":0.0,"enemies":"Cultist","floor":1.0,"turns":1.0},{"damage":0.0,"enemies":"2 Louse","floor":2.0,"turns":1.0},{"damage":0.0,"enemies":"3 Sentries","floor":6.0,"turns":2.0},{"damage":3.0,"enemies":"Jaw Worm","floor":7.0,"turns":3.0},{"damage":11.0,"enemies":"Exordium Thugs","floor":11.0,"turns":5.0},{"damage":2.0,"enemies":"3 Louse","floor":14.0,"turns":2.0},{"damage":3.0,"enemies":"Slime Boss","floor":16.0,"turns":5.0},{"damage":3.0,"enemies":"Chosen","floor":18.0,"turns":3.0},{"damage":6.0,"enemies":"Spheric Guardian","floor":21.0,"turns":3.0},{"damage":14.0,"enemies":"Chosen and Byrds","floor":22.0,"turns":6.0},{"damage":53.0,"enemies":"Book of Stabbing","floor":24.0,"turns":5.0},{"damage":7.0,"enemies":"3 Cultists","floor":25.0,"turns":4.0},{"damage":3.0,"enemies":"Snake Plant","floor":28.0,"turns":2.0},{"damage":24.0,"enemies":"Sentry and Sphere","floor":30.0,"turns":5.0},{"damage":11.0,"enemies":"3 Cultists","floor":31.0,"turns":4.0},{"damage":31.0,"enemies":"Collector","floor":33.0,"turns":6.0},{"damage":13.0,"enemies":"3 Darklings","floor":35.0,"turns":5.0},{"damage":4.0,"enemies":"Orb Walker","floor":37.0,"turns":2.0},{"damage":8.0,"enemies":"Jaw Worm Horde","floor":39.0,"turns":3.0},{"damage":14.0,"enemies":"3 Darklings","floor":41.0,"turns":3.0},{"damage":24.0,"enemies":"Giant Head","floor":42.0,"turns":6.0},{"damage":32.0,"enemies":"Reptomancer","floor":44.0,"turns":4.0},{"damage":25.0,"enemies":"Giant Head","floor":46.0,"turns":6.0},{"damage":12,"enemies":"4 Shapes","floor":48,"turns":3},{"damage":80,"enemies":"Donu and Deca","floor":50,"turns":7}],"seed_played":"-5169713326348553003","potions_obtained":[{"floor":1.0,"key":"SmokeBomb"},{"floor":6.0,"key":"LiquidBronze"},{"floor":14.0,"key":"Swift Potion"},{"floor":16.0,"key":"DistilledChaos"},{"floor":18.0,"key":"ElixirPotion"},{"floor":24.0,"key":"LiquidBronze"},{"floor":25.0,"key":"SpeedPotion"},{"floor":28.0,"key":"Energy Potion"},{"floor":30.0,"key":"Energy Potion"},{"floor":35.0,"key":"SmokeBomb"},{"floor":39.0,"key":"ElixirPotion"},{"floor":42.0,"key":"ElixirPotion"},{"floor":48,"key":"Explosive Potion"}],"is_trial":false,"path_per_floor":["M","M","$","?","?","E","M","?","T","R","M","T","R","M","R","B",null,"M","?","?","M","M","R","E","M","T","R","M","R","M","M","R","B",null,"M","?","M","$","M","R","M","E","T","E","?","E","R","M","R","B"],"character_chosen":"IRONCLAD","items_purchased":["Flex","Bloodletting","Sling","Bronze Scales","Ornamental Fan","Mind Blast+1"],"campfire_rested":0,"item_purchase_floors":[3,3,38,38,38,38],"current_hp_per_floor":[80,80,80,80,80,80,80,73,73,73,68,68,68,72,72,75,80,80,80,80,80,77,77,40,55,55,55,58,58,45,48,48,47,80,80,70,72,72,80,80,80,75,75,80,80,61,61,80,80,0,0],"gold":39,"neow_bonus":"THREE_ENEMY_KILL","is_daily":false,"chose_seed":false,"campfire_upgraded":10,"win_rate":0.0,"timestamp":1612874178,"path_taken":["M","M","$","?","?","E","M","?","T","R","?","?","R","M","R","BOSS","M","?","?","?","M","R","E","M","T","R","M","R","M","M","R","BOSS","M","?","M","$","M","R","M","E","T","E","?","E","R","M","R","BOSS"],"items_purchased_type":["Card","Card","Relic","Relic","Relic","Card"],"build_version":"2020-12-22","purchased_purges":0,"victory":false,"max_hp_per_floor":[80,80,80,80,80,80,80,80,80,80,80,80,80,80,80,80,80,80,80,80,80,80,80,80,80,80,80,80,80,80,80,80,80,80,80,80,80,80,80,80,80,80,80,80,80,80,80,80,80,80,80],"relic_stats":{"counters":[25,95],"Astrolabe":["Sentinel","Reaper","Brutality"],"Blue Candle":[0],"Bag of Preparation":[8],"Ginger":[9],"Boot":[45],"Burning Blood":102,"Centennial Puzzle":[63],"Nunchaku":[5],"Ornamental Fan":[84],"Mummified Hand":[15],"Bronze Scales":[62],"Art of War":[1],"obtain_stats":[{"NeowsBlessing":0,"Astrolabe":34,"Blue Candle":46,"Bag of Preparation":43,"Ginger":24,"Boot":12,"Sling":38,"Burning Blood":0,"Centennial Puzzle":9,"Nunchaku":42,"Ornamental Fan":38,"Mummified Hand":44,"Bronze Scales":38,"Molten Egg 2":6,"Coffee Dripper":17,"Art of War":26,"Red Mask":45},{"NeowsBlessing":0,"Astrolabe":16,"Blue Candle":23,"Bag of Preparation":21,"Ginger":11,"Boot":5,"Sling":18,"Burning Blood":0,"Centennial Puzzle":4,"Nunchaku":21,"Ornamental Fan":18,"Mummified Hand":22,"Bronze Scales":18,"Molten Egg 2":3,"Coffee Dripper":7,"Art of War":12,"Red Mask":22},{"NeowsBlessing":0,"Astrolabe":57,"Blue Candle":86,"Bag of Preparation":76,"Ginger":36,"Boot":12,"Sling":64,"Burning Blood":0,"Centennial Puzzle":7,"Nunchaku":76,"Ornamental Fan":64,"Mummified Hand":80,"Bronze Scales":64,"Molten Egg 2":4,"Coffee Dripper":19,"Art of War":40,"Red Mask":80}]},"card_choices":[{"not_picked":["Power Through","Burning Pact"],"picked":"Metallicize","floor":1.0},{"not_picked":["Intimidate","Twin Strike"],"picked":"Sword Boomerang","floor":2.0},{"not_picked":["Dual Wield","Impervious"],"picked":"Iron Wave+1","floor":6.0},{"not_picked":["Flex","Searing Blow+1"],"picked":"Infernal Blade","floor":7.0},{"not_picked":["Heavy Blade+1","True Grit"],"picked":"Rampage+1","floor":11.0},{"not_picked":["Sword Boomerang+1","Seeing Red"],"picked":"Anger+1","floor":14.0},{"not_picked":["Berserk","Exhume"],"picked":"Reaper+1","floor":16.0},{"not_picked":["Infernal Blade+1","Carnage+1"],"picked":"Headbutt+1","floor":18.0},{"not_picked":["Dual Wield","Rage"],"picked":"Hemokinesis+1","floor":21.0},{"not_picked":["Carnage+1","Searing Blow+1","Entrench"],"picked":"SKIP","floor":22.0},{"not_picked":["Perfected Strike+1","Clothesline+1"],"picked":"Flex+1","floor":24.0},{"not_picked":["Iron Wave+1","Brutality"],"picked":"Anger+1","floor":25.0},{"not_picked":["Thunderclap+1","Armaments"],"picked":"Metallicize","floor":28.0},{"not_picked":["Burning Pact","Sword Boomerang+1"],"picked":"Cleave+1","floor":30.0},{"not_picked":["Shrug It Off","Thunderclap+1"],"picked":"Rage+1","floor":31.0},{"not_picked":["Feed+1","Juggernaut"],"picked":"Bludgeon+1","floor":33.0},{"not_picked":["Shrug It Off+1","Uppercut+1"],"picked":"Body Slam+1","floor":35.0},{"not_picked":["Dark Embrace","Anger+1"],"picked":"Pummel+1","floor":37.0},{"not_picked":["Cleave+1","Disarm+1"],"picked":"Clash+1","floor":39.0},{"not_picked":["Havoc","Hemokinesis+1","Blood for Blood+1"],"picked":"SKIP","floor":41.0},{"not_picked":["Anger+1","Headbutt+1"],"picked":"Immolate+1","floor":42.0},{"not_picked":["Body Slam+1","Havoc"],"picked":"Seeing Red+1","floor":44.0},{"not_picked":["Thunderclap+1","Heavy Blade+1"],"picked":"Metallicize+1","floor":46},{"not_picked":["Reckless Charge+1","Heavy Blade+1"],"picked":"Spot Weakness+1","floor":48}],"player_experience":79840,"relics_obtained":[{"floor":6.0,"key":"Molten Egg 2"},{"floor":9.0,"key":"Centennial Puzzle"},{"floor":12.0,"key":"Boot"},{"floor":24.0,"key":"Ginger"},{"floor":26.0,"key":"Art of War"},{"floor":42.0,"key":"Nunchaku"},{"floor":43.0,"key":"Bag of Preparation"},{"floor":44.0,"key":"Mummified Hand"},{"floor":46,"key":"Blue Candle"}],"event_choices":[{"damage_healed":0.0,"max_hp_gain":0.0,"max_hp_loss":0.0,"gold_gain":0.0,"event_name":"Living Wall","player_choice":"Grow","floor":4.0,"gold_loss":0.0,"damage_taken":0.0,"cards_upgraded":["Flex"]},{"damage_healed":0.0,"max_hp_gain":0.0,"max_hp_loss":0.0,"gold_gain":175.0,"event_name":"Liars Game","player_choice":"AGREE","floor":5.0,"gold_loss":0.0,"damage_taken":0.0,"cards_obtained":["Doubt"]},{"cards_removed":["Doubt"],"damage_healed":0.0,"max_hp_gain":0.0,"max_hp_loss":0.0,"gold_gain":0.0,"event_name":"Golden Wing","player_choice":"Card Removal","floor":8.0,"gold_loss":0.0,"damage_taken":7.0},{"damage_healed":0.0,"max_hp_gain":0.0,"max_hp_loss":0.0,"gold_gain":0.0,"event_name":"The Mausoleum","player_choice":"Ignored","floor":19.0,"gold_loss":0.0,"damage_taken":0.0},{"damage_healed":0.0,"max_hp_gain":0.0,"max_hp_loss":0.0,"gold_gain":0.0,"event_name":"The Library","player_choice":"Read","floor":20.0,"gold_loss":0.0,"damage_taken":0.0,"cards_obtained":["Inflame"]},{"damage_healed":0.0,"max_hp_gain":0.0,"max_hp_loss":0.0,"gold_gain":0.0,"event_name":"Winding Halls","player_choice":"Embrace Madness","floor":36.0,"gold_loss":0.0,"damage_taken":10.0,"cards_obtained":["Madness","Madness"]},{"damage_healed":0.0,"max_hp_gain":0.0,"max_hp_loss":0.0,"gold_gain":0.0,"event_name":"Tomb of Lord Red Mask","player_choice":"Paid","floor":45.0,"gold_loss":128.0,"damage_taken":0.0,"relics_obtained":["Red Mask"]}],"is_beta":false,"boss_relics":[{"not_picked":["Calling Bell","Mark of Pain"],"picked":"Coffee Dripper"},{"not_picked":["Cursed Key","Pandora\u0027s Box"],"picked":"Astrolabe"}],"items_purged_floors":[],"is_endless":false,"potions_floor_spawned":[1,6,14,16,18,24,25,28,30,35,39,42,48],"killed_by":"Donu and Deca","ascension_level":0}}