{"host":"77nx5a0i0k7ns1qu","time":1612847281,"event":{"mods":["2.2 Compatiblity","AchievementEnabler","AlwaysNeverKeys","Ascension Reborn","Ascension Unlocker","Aspiration","Astrologer","BaseMod","Beaked The Cultist","Better Note","BetterRewards","Bossed Relics","Card Filter","Card Forge","Challenge The Spire","Clockwork Mod","Colored Powertips","Colorless Booster Pack","Conspire","Curses Come First","Custom Start","DeckTracker","Defuse TimeMaze Blight","Downfall","Energized Spire","Friendly Minions","GifTheSpireLib","Halation","Highlight Path","Hubris","Hyrulean Relics","Infinite Spire","Marisa????????","Marked Mod","Mimic Mod","Minty Spire (QoL Compilation)","MostiFishMod","Prisma Mod","Random Character Mod","Rare Cards Sparkle","RatMod","Relic Stats","Reliquary","Replay The Spire","Retaliation","Reworked Bosses","Small Relic Pack","Spicy Shops","Spikes Relics","Spire Arcade","StS++","StSLib","Strawberry Spire","Stuff the Spire","The Alterego","The Blue Laboratory","The Cursed","The Jungle","The Marked","The Runesmith","Trackpad","UnlockEverythingMod","Useless Jewels Mod","Wandering Minibosses"],"gold_per_floor":[156,156,192,4,4,43,97,97,97,97,196,283,376,406,406,703,703,739,739,784,784,841,841,841,940,940,1015,1015,1069,1168,1216,1216,1551,1551,1587,42,42,174,213,329,329,449,475,475,542,659,695,763,772,814],"floor_reached":51,"language":"ENG","playtime":3057,"items_purged":[],"score":1295,"play_id":"d6c7d388-3eec-4d87-a94b-6007e7ed9bfb","local_time":"20210209000801","daily_mods":["Specialized","Vintage","Heirloom","downfall:Jewelcrafting","DeadlyEvents","Binary","Elite Swarm","Lethality","Midas","Uncertain Future","Binary"],"is_ascension_mode":false,"campfire_choices":[{"floor":23.0,"key":"REST"},{"floor":28.0,"key":"REST"},{"floor":32.0,"key":"REST"},{"floor":41.0,"key":"REST"},{"floor":49,"key":"REST"}],"circlet_count":0,"master_deck":["bronze:Strike+1","bronze:Strike+1","bronze:Strike+1","bronze:Strike+1","bronze:Strike+1","bronze:Defend+1","bronze:Defend+1","bronze:Defend+1","bronze:Defend+1","theMarked:SoldierOfQuellstein+1","Guardian:ExploitGems+1","Guardian:ExploitGems+1","theMarked:Electrocute+1","theMarked:Electrocute+1","theMarked:Pokerface+1","rat:EchoingStrikes+1","Predator+1","Glass Knife+1","theMarked:Heritage+1","theMarked:ThrowWeapon+1","theMarked:FavorableWinds+1","Pot Of Greed+1","Pot Of Greed+1","theMarked:Abjuration+1","Pot Of Greed+1","theMarked:Toughness+1","OortCloud+1","theMarked:TakeOffHeels+1","theMarked:DispelDoubt+1","theMarked:RogueSparks+1","theMarked:Toughness+1","theMarked:MagusForm+1","theMarked:MysticalArsenal+1","DDmod:MulticlassingSkill+1","theMarked:LightningStrikesTwice+1","theMarked:LightningStrikesTwice+1","Pot Of Greed+1","theMarked:Static+1","strawberrySpire:Fade+1","Shame","theMarked:ShockingTouch+1","theMarked:Defy+1","theMarked:Vacuum+1","theMarked:ResourceFulStrike+1","theMarked:TakeOffHeels+1","theMarked:SuspiciousRaven+1","theMarked:ElectricStrings+1","Decay","Pot Of Greed"],"relics":["theMarked:ArtifactOfAir","Hammer of Thor","Seething Fire","Anvil of the Gods","Busted Crown","Ring of Chaos","replay:Trail_Library","Guardian:PickAxe","bronze:AnalyticalCore","DaveBox","BloodWine","SentryEyes","StSpp:SailorCap","SynthV:TestCard","RollingBoulder","reliquary:Stiletto","halation:AfternoonTea","hubris:OldNail","reliquary:TridentHead","Calipers","bronze:BronzeIdol","Grinning Jar","Blue Doll","Astrolabe","Toy Ornithopter","Centennial Puzzle","ImprovedEquipment","trackpad:PetRock","halation:QuantumPhysicsTextbook","halation:SwordOfLegend","Molten Egg 2","MealTicket","Orichalcum","Replay:Bandana","OriginationStaff","energizedSpire:MagnifyingGlass","CaptainsWheel","Civilization","reliquary:WeakTea","Dream Catcher","StSpp:BoiledEgg","hubris:SlimyHat","halation:TrafficLight","StuffTheSpire:GrapeVine","trackpad:BottledTsunami","hexamod:BolsterEngine","CeramicFish","Replay:Rubber Ducky","StuffTheSpire:Gunfinga","halation:Trompette","reliquary:Aerogel","Boot"],"acts_visited":["Exordium","TheCity","TheBeyond"],"potions_floor_usage":[50,50,50],"damage_taken":[{"damage":0.0,"enemies":"conspire:RoseBush","floor":1.0,"turns":1.0},{"damage":0.0,"enemies":"Small Slimes","floor":3.0,"turns":1.0},{"damage":0.0,"enemies":"Cultist","floor":6.0,"turns":1.0},{"damage":0.0,"enemies":"Exordium Wildlife","floor":7.0,"turns":1.0},{"damage":0.0,"enemies":"Lagavulin","floor":11.0,"turns":2.0},{"damage":0.0,"enemies":"Replay:BlueRogue","floor":12.0,"turns":1.0},{"damage":0.0,"enemies":"3 Sentries","floor":13.0,"turns":2.0},{"damage":0.0,"enemies":"3 Louse","floor":14.0,"turns":1.0},{"damage":0.0,"enemies":"The Guardian","floor":16.0,"turns":2.0},{"damage":0.0,"enemies":"2 Thieves","floor":18.0,"turns":1.0},{"damage":0.0,"enemies":"Spheric Guardian","floor":20.0,"turns":1.0},{"damage":0.0,"enemies":"Cultist and Chosen","floor":22.0,"turns":2.0},{"damage":1.0,"enemies":"conspire:SneckoGhost","floor":25.0,"turns":2.0},{"damage":0.0,"enemies":"Slavers","floor":27.0,"turns":1.0},{"damage":15.0,"enemies":"Shelled Parasite and Fungi","floor":29.0,"turns":2.0},{"damage":0.0,"enemies":"Nightmare","floor":30.0,"turns":1.0},{"damage":0.0,"enemies":"Snake Plant","floor":31.0,"turns":1.0},{"damage":0.0,"enemies":"bossMod:newCollector","floor":33.0,"turns":4.0},{"damage":0.0,"enemies":"Orb Walker","floor":35.0,"turns":1.0},{"damage":16.0,"enemies":"R_Hoarder","floor":38.0,"turns":3.0},{"damage":0.0,"enemies":"3 Darklings","floor":39.0,"turns":1.0},{"damage":43.0,"enemies":"Nightmare","floor":40.0,"turns":5.0},{"damage":13.0,"enemies":"strawberrySpire:EssenceStones","floor":42.0,"turns":2.0},{"damage":0,"enemies":"4 Shapes","floor":45,"turns":1},{"damage":0,"enemies":"Nemesis","floor":46,"turns":1},{"damage":0,"enemies":"Sphere and 2 Shapes","floor":47,"turns":1},{"damage":0,"enemies":"3 Darklings","floor":48,"turns":1},{"damage":3,"enemies":"infinitespire:MassOfShapes","floor":50,"turns":5}],"seed_played":"785043685536810494","potions_obtained":[{"floor":1.0,"key":"LiquidBronze"},{"floor":6.0,"key":"LifebloodPotion"},{"floor":7.0,"key":"Swift Potion"},{"floor":16.0,"key":"sneckomod:MuddlingPotion"},{"floor":20.0,"key":"Weak Potion"},{"floor":22.0,"key":"ColorlessPotion"},{"floor":29.0,"key":"blueLaboratory:FrostheartPotion"},{"floor":40.0,"key":"Weak Potion"},{"floor":42.0,"key":"Milkshake"},{"floor":45,"key":"Languid Potion"},{"floor":47,"key":"blueLaboratory:ImpenetrablePotion"}],"is_trial":true,"path_per_floor":["M","?","M","$","?","M","M","R","T","R","E","E","E","M","R","B",null,"M","AVR","M","?","M","R","?","E","T","E","R","M","NM","M","R","B",null,"M","$","NS","E","M","NM","R","E","T","AVR","M","E","M","M","R","B",null],"character_chosen":"THE_DEFAULT","items_purchased":["reliquary:Stiletto","theMarked:Pokerface","Civilization","theMarked:MysticalArsenal","DDmod:MulticlassingSkill","theMarked:LightningStrikesTwice+1","theMarked:Static+1","strawberrySpire:Fade","reliquary:WeakTea","Dream Catcher","StSpp:BoiledEgg","hubris:SlimyHat","halation:TrafficLight","theMarked:ShockingTouch+1"],"campfire_rested":5,"item_purchase_floors":[4,4,36,36,36,36,36,36,36,36,36,36,36,36],"current_hp_per_floor":[70,70,70,70,70,70,70,70,70,70,70,70,70,70,70,70,70,70,70,70,70,70,70,70,69,69,69,70,55,55,55,70,70,70,70,70,70,55,57,36,70,68,68,68,73,78,83,88,101,106],"gold":814,"neow_bonus":"","is_daily":false,"chose_seed":false,"campfire_upgraded":0,"win_rate":0.0,"timestamp":1612847281,"path_taken":["M","?","M","$","?","M","M","R","T","R","E","?","E","M","R","BOSS","M","AVR","M","?","M","R","?","E","T","?","R","M","NM","M","R","BOSS","M","?","NS","?","M","NM","R","E","T","AVR","M","E","M","M","R","BOSS"],"items_purchased_type":["Relic","Card","Relic","Card","Card","Card","Card","Card","Relic","Relic","Relic","Relic","Relic","Card"],"build_version":"2020-12-22","purchased_purges":0,"victory":true,"max_hp_per_floor":[70,70,70,70,70,70,70,70,70,70,70,70,70,70,70,70,70,70,70,70,70,70,70,70,70,70,70,70,70,70,70,70,70,70,70,70,70,71,73,76,76,81,81,81,86,91,96,101,101,106],"relic_stats":{"Centennial Puzzle":[18],"Dream Catcher":2,"Busted Crown":42,"counters":[28,45],"Astrolabe":[],"CeramicFish":45,"MealTicket":0,"Orichalcum":[18],"Boot":[0],"obtain_stats":[{"Calipers":11,"CeramicFish":42,"BloodWine":0,"Hammer of Thor":0,"Boot":48,"Guardian:PickAxe":0,"Centennial Puzzle":19,"MealTicket":27,"replay:Trail_Library":0,"halation:QuantumPhysicsTextbook":22,"Astrolabe":17,"Ring of Chaos":0,"reliquary:WeakTea":36,"Anvil of the Gods":0,"bronze:AnalyticalCore":0,"SentryEyes":0,"Molten Egg 2":26,"OriginationStaff":31,"energizedSpire:MagnifyingGlass":34,"Grinning Jar":13,"trackpad:BottledTsunami":39,"DaveBox":0,"reliquary:Aerogel":47,"Blue Doll":14,"trackpad:PetRock":21,"StSpp:BoiledEgg":36,"halation:TrafficLight":36,"hubris:SlimyHat":36,"StuffTheSpire:GrapeVine":38,"Replay:Rubber Ducky":43,"reliquary:TridentHead":9,"Civilization":36,"Replay:Bandana":30,"Dream Catcher":36,"StuffTheSpire:Gunfinga":45,"RollingBoulder":3,"StSpp:SailorCap":1,"ImprovedEquipment":20,"Seething Fire":0,"Orichalcum":29,"bronze:BronzeIdol":12,"theMarked:ArtifactOfAir":0,"halation:SwordOfLegend":25,"CaptainsWheel":35,"Busted Crown":0,"SynthV:TestCard":1,"reliquary:Stiletto":4,"halation:AfternoonTea":6,"hexamod:BolsterEngine":40,"hubris:OldNail":7,"Toy Ornithopter":18,"halation:Trompette":46},{"Calipers":5,"CeramicFish":23,"BloodWine":0,"Hammer of Thor":0,"Boot":27,"Guardian:PickAxe":0,"Centennial Puzzle":10,"MealTicket":14,"replay:Trail_Library":0,"halation:QuantumPhysicsTextbook":12,"Astrolabe":9,"Ring of Chaos":0,"reliquary:WeakTea":19,"Anvil of the Gods":0,"bronze:AnalyticalCore":0,"SentryEyes":0,"Molten Egg 2":13,"OriginationStaff":17,"energizedSpire:MagnifyingGlass":18,"Grinning Jar":7,"trackpad:BottledTsunami":21,"DaveBox":0,"reliquary:Aerogel":26,"Blue Doll":8,"trackpad:PetRock":11,"StSpp:BoiledEgg":19,"halation:TrafficLight":19,"hubris:SlimyHat":19,"StuffTheSpire:GrapeVine":20,"Replay:Rubber Ducky":23,"reliquary:TridentHead":4,"Civilization":19,"Replay:Bandana":16,"Dream Catcher":19,"StuffTheSpire:Gunfinga":24,"RollingBoulder":2,"StSpp:SailorCap":1,"ImprovedEquipment":11,"Seething Fire":0,"Orichalcum":15,"bronze:BronzeIdol":6,"theMarked:ArtifactOfAir":0,"halation:SwordOfLegend":13,"CaptainsWheel":19,"Busted Crown":0,"SynthV:TestCard":1,"reliquary:Stiletto":2,"halation:AfternoonTea":3,"hexamod:BolsterEngine":22,"hubris:OldNail":4,"Toy Ornithopter":10,"halation:Trompette":25},{"Calipers":6,"CeramicFish":36,"BloodWine":0,"Hammer of Thor":0,"Boot":40,"Guardian:PickAxe":0,"Centennial Puzzle":12,"MealTicket":18,"replay:Trail_Library":0,"halation:QuantumPhysicsTextbook":15,"Astrolabe":11,"Ring of Chaos":0,"reliquary:WeakTea":26,"Anvil of the Gods":0,"bronze:AnalyticalCore":0,"SentryEyes":0,"Molten Egg 2":17,"OriginationStaff":22,"energizedSpire:MagnifyingGlass":25,"Grinning Jar":8,"trackpad:BottledTsunami":30,"DaveBox":0,"reliquary:Aerogel":39,"Blue Doll":9,"trackpad:PetRock":13,"StSpp:BoiledEgg":26,"halation:TrafficLight":26,"hubris:SlimyHat":26,"StuffTheSpire:GrapeVine":29,"Replay:Rubber Ducky":36,"reliquary:TridentHead":4,"Civilization":26,"Replay:Bandana":21,"Dream Catcher":26,"StuffTheSpire:Gunfinga":37,"RollingBoulder":2,"StSpp:SailorCap":1,"ImprovedEquipment":13,"Seething Fire":0,"Orichalcum":20,"bronze:BronzeIdol":7,"theMarked:ArtifactOfAir":0,"halation:SwordOfLegend":17,"CaptainsWheel":26,"Busted Crown":0,"SynthV:TestCard":1,"reliquary:Stiletto":2,"halation:AfternoonTea":3,"hexamod:BolsterEngine":34,"hubris:OldNail":4,"Toy Ornithopter":12,"halation:Trompette":38}],"Toy Ornithopter":13},"card_choices":[{"not_picked":["theMarked:UnarmedFury"],"picked":"theMarked:ThrowWeapon","floor":11.0},{"not_picked":["theMarked:Snap"],"picked":"theMarked:FavorableWinds","floor":12.0},{"not_picked":["theMarked:ThrowWeapon"],"picked":"theMarked:Abjuration","floor":13.0},{"not_picked":["theMarked:BindingBlade"],"picked":"theMarked:Toughness","floor":16.0},{"not_picked":["theMarked:UnarmedFury"],"picked":"theMarked:TakeOffHeels","floor":25.0},{"not_picked":["theMarked:TakeOffHeels"],"picked":"theMarked:DispelDoubt+1","floor":27.0},{"not_picked":["theMarked:FavorableWinds"],"picked":"theMarked:Toughness","floor":30.0},{"not_picked":["theMarked:ThrowWeapon+1"],"picked":"theMarked:MagusForm","floor":33.0},{"not_picked":["theMarked:Challenge"],"picked":"theMarked:Defy+1","floor":38.0},{"not_picked":["theMarked:DispelDoubt+1"],"picked":"theMarked:Vacuum+1","floor":40.0},{"not_picked":["theMarked:Improvise"],"picked":"theMarked:ResourceFulStrike+1","floor":41.0},{"not_picked":["theMarked:SuspiciousRaven"],"picked":"theMarked:TakeOffHeels","floor":42.0},{"not_picked":["theMarked:Defy+1"],"picked":"theMarked:SuspiciousRaven","floor":46},{"not_picked":["theMarked:Reabsorb"],"picked":"theMarked:ElectricStrings+1","floor":49}],"player_experience":746877,"relics_obtained":[{"floor":1.0,"key":"StSpp:SailorCap"},{"floor":1.0,"key":"SynthV:TestCard"},{"floor":3.0,"key":"RollingBoulder"},{"floor":6.0,"key":"halation:AfternoonTea"},{"floor":7.0,"key":"hubris:OldNail"},{"floor":9.0,"key":"reliquary:TridentHead"},{"floor":11.0,"key":"Calipers"},{"floor":12.0,"key":"bronze:BronzeIdol"},{"floor":13.0,"key":"Grinning Jar"},{"floor":14.0,"key":"Blue Doll"},{"floor":18.0,"key":"Toy Ornithopter"},{"floor":20.0,"key":"ImprovedEquipment"},{"floor":21.0,"key":"trackpad:PetRock"},{"floor":22.0,"key":"halation:QuantumPhysicsTextbook"},{"floor":25.0,"key":"halation:SwordOfLegend"},{"floor":26.0,"key":"Molten Egg 2"},{"floor":27.0,"key":"MealTicket"},{"floor":29.0,"key":"Orichalcum"},{"floor":30.0,"key":"Replay:Bandana"},{"floor":31.0,"key":"OriginationStaff"},{"floor":35.0,"key":"CaptainsWheel"},{"floor":38.0,"key":"StuffTheSpire:GrapeVine"},{"floor":39.0,"key":"trackpad:BottledTsunami"},{"floor":40.0,"key":"hexamod:BolsterEngine"},{"floor":42.0,"key":"CeramicFish"},{"floor":43.0,"key":"Replay:Rubber Ducky"},{"floor":45,"key":"StuffTheSpire:Gunfinga"},{"floor":46,"key":"halation:Trompette"},{"floor":47,"key":"reliquary:Aerogel"},{"floor":48,"key":"Boot"}],"event_choices":[{"damage_healed":0.0,"max_hp_gain":0.0,"max_hp_loss":0.0,"gold_gain":0.0,"event_name":"Shining Light","player_choice":"Ignored","floor":2.0,"gold_loss":0.0,"damage_taken":0.0},{"damage_healed":0.0,"max_hp_gain":0.0,"max_hp_loss":0.0,"gold_gain":0.0,"event_name":"Wheel of Change","player_choice":"Relic","floor":21.0,"gold_loss":0.0,"damage_taken":0.0},{"cards_removed":["theMarked:Toughness"],"damage_healed":0.0,"max_hp_gain":0.0,"max_hp_loss":0.0,"gold_gain":0.0,"event_name":"betterNote:BetterNote","player_choice":"Take \u0026 Give","floor":24.0,"gold_loss":0.0,"damage_taken":0.0,"cards_obtained":["OortCloud"]}],"is_beta":false,"boss_relics":[{"not_picked":["Snecko Eye","GreenFoldingFan"],"picked":"Astrolabe"},{"not_picked":["EE1DDrone","aspiration:FutureDiary"],"picked":"energizedSpire:MagnifyingGlass"}],"items_purged_floors":[],"is_endless":false,"potions_floor_spawned":[1,6,7,16,20,22,27,29,31,40,42,45,46,47],"ascension_level":0}}