{"host":"coame8l8goqx0svj","time":1612907343,"event":{"mods":["BaseMod","Downfall","Minty Spire (QoL Compilation)","StSLib"],"gold_per_floor":[99,115,290,565,581,581,581,597,614,632,632,632,279,279,279,279],"floor_reached":14,"language":"ENG","playtime":659,"items_purged":["Regret"],"score":92,"play_id":"e8ed84a6-874f-49d4-a262-554f3c22dbd0","local_time":"20210209224903","is_ascension_mode":true,"campfire_choices":[{"data":"Mayhem","floor":1,"key":"SMITH"},{"floor":11,"key":"REST"}],"circlet_count":0,"master_deck":["bronze:Strike","bronze:Strike","bronze:Strike","bronze:Strike","bronze:Defend","bronze:Defend","bronze:Defend","bronze:Defend","bronze:Replicate","bronze:Goto","Mayhem+1","bronze:Branch","Doubt","bronze:Fortify","bronze:ChildClass","bronze:Boost","bronze:CloningBeam","bronze:FollowUp","bronze:Repulsor"],"relics":["bronze:BronzeCore","Matryoshka","hexamod:BolsterEngine"],"acts_visited":["Exordium"],"potions_floor_usage":[14,14],"damage_taken":[{"damage":9,"enemies":"Small Slimes","floor":2,"turns":5},{"damage":1,"enemies":"Cultist","floor":5,"turns":3},{"damage":6,"enemies":"2 Louse","floor":8,"turns":4},{"damage":19,"enemies":"2 Fungi Beasts","floor":9,"turns":4},{"damage":16,"enemies":"Large Slime","floor":10,"turns":8},{"damage":6,"enemies":"downfall:FleeingMerchant","floor":13,"turns":4},{"damage":12,"enemies":"Gremlin Nob","floor":14,"turns":3}],"seed_played":"-1954452751936530474","potions_obtained":[{"floor":5,"key":"LiquidMemories"},{"floor":9,"key":"DuplicationPotion"}],"is_trial":false,"path_per_floor":["R","M","?","?","M","?","T","M","M","M","R","?","$","E"],"character_chosen":"THE_AUTOMATON","items_purchased":["hexamod:BolsterEngine","bronze:FollowUp","bronze:Repulsor"],"campfire_rested":1,"item_purchase_floors":[13,13,13],"current_hp_per_floor":[63,54,54,54,53,53,53,47,28,12,30,18,12,0,0,0],"gold":279,"neow_bonus":"RANDOM_COLORLESS_2","is_daily":false,"chose_seed":false,"campfire_upgraded":1,"win_rate":0.0,"timestamp":1612907343,"path_taken":["R","M","?","?","?","?","T","M","M","M","R","?","$","E"],"items_purchased_type":["Relic","Card","Card"],"build_version":"2020-12-22","purchased_purges":1,"victory":false,"max_hp_per_floor":[63,63,63,63,63,63,63,63,63,63,63,63,63,63,63,63],"card_choices":[{"not_picked":["Master of Strategy","Thinking Ahead"],"picked":"Mayhem","floor":0},{"not_picked":["bronze:Separator","bronze:Shield"],"picked":"bronze:Branch","floor":2},{"not_picked":["bronze:BugBarrage","bronze:Overheat"],"picked":"bronze:Fortify","floor":5},{"not_picked":["bronze:WildBeam","bronze:BugBarrage"],"picked":"bronze:ChildClass","floor":8},{"not_picked":["bronze:Separator","bronze:Virus"],"picked":"bronze:Boost","floor":9},{"not_picked":["bronze:OilSpill","bronze:Branch"],"picked":"bronze:CloningBeam","floor":10},{"not_picked":["bronze:WildBeam","bronze:BitShift","bronze:CleanCode"],"picked":"SKIP","floor":13}],"player_experience":1774972,"relics_obtained":[{"floor":7,"key":"Matryoshka"}],"event_choices":[{"damage_healed":0,"gold_gain":0,"player_choice":"Fled","damage_taken":12,"max_hp_gain":0,"max_hp_loss":0,"event_name":"Scrap Ooze","floor":12,"gold_loss":0}],"is_beta":false,"boss_relics":[],"items_purged_floors":[13],"is_endless":false,"potions_floor_spawned":[5,9],"killed_by":"Gremlin Nob","ascension_level":3}}