{"host":"msfr2axb1w9025n0","time":1612847254,"event":{"mods":["BaseMod","Bestiary","Block Reminder","Colored Map","DeckTracker","Minty Spire (QoL Compilation)","Relic Stats","Weighted Paths"],"gold_per_floor":[115,44,44,55,55,83,83,112,112,112,145,67,67,84,84,84,84],"floor_reached":16,"language":"ENG","playtime":423,"items_purged":[],"score":226,"play_id":"713501ca-4f40-4b44-846f-04095a654d70","local_time":"20210209120734","is_ascension_mode":true,"campfire_choices":[{"data":"Genetic Algorithm","floor":7,"key":"SMITH"},{"data":"Conserve Battery","floor":10,"key":"SMITH"},{"floor":13,"key":"REST"},{"data":"Buffer","floor":15,"key":"SMITH"}],"circlet_count":0,"master_deck":["AscendersBane","Strike_B","Strike_B","Strike_B","Strike_B","Defend_B","Defend_B","Defend_B","Defend_B","Zap+1","Dualcast+1","Melter","Static Discharge","Conserve Battery+1","Genetic Algorithm+1","Gash+1","Buffer+1","Hyperbeam+1","Rebound+1"],"relics":["Cracked Core","NeowsBlessing","Pocketwatch","Molten Egg 2","Torii","Mercury Hourglass"],"acts_visited":["Exordium"],"potions_floor_usage":[16],"damage_taken":[{"damage":0,"enemies":"Cultist","floor":1,"turns":1},{"damage":0,"enemies":"2 Louse","floor":4,"turns":1},{"damage":0,"enemies":"Lagavulin","floor":6,"turns":1},{"damage":25,"enemies":"3 Sentries","floor":8,"turns":7},{"damage":31,"enemies":"Gremlin Nob","floor":11,"turns":4},{"damage":0,"enemies":"Small Slimes","floor":14,"turns":2},{"damage":35,"enemies":"Hexaghost","floor":16,"turns":11}],"seed_played":"6188478955355258539","potions_obtained":[{"floor":4,"key":"Block Potion"},{"floor":11,"key":"SpeedPotion"}],"is_trial":false,"path_per_floor":["M","$","?","M","?","E","R","E","T","R","E","$","R","M","R","B"],"character_chosen":"DEFECT","items_purchased":["Static Discharge","Hyperbeam+1"],"campfire_rested":1,"item_purchase_floors":[2,12],"current_hp_per_floor":[68,68,68,68,68,68,68,43,43,43,12,12,34,34,34,0,0],"gold":84,"neow_bonus":"THREE_ENEMY_KILL","is_daily":false,"chose_seed":false,"campfire_upgraded":3,"win_rate":0.0,"timestamp":1612847254,"path_taken":["M","?","?","?","?","E","R","E","T","R","E","?","R","M","R","BOSS"],"items_purchased_type":["Card","Card"],"build_version":"2020-12-22","purchased_purges":0,"victory":false,"max_hp_per_floor":[75,75,75,75,75,75,75,75,75,75,75,75,75,75,75,75,75],"relic_stats":{"Torii":2,"counters":[7,27],"obtain_stats":[{"NeowsBlessing":0,"Torii":9,"Molten Egg 2":8,"Cracked Core":0,"Pocketwatch":6,"Mercury Hourglass":11},{"NeowsBlessing":0,"Torii":4,"Molten Egg 2":4,"Cracked Core":0,"Pocketwatch":3,"Mercury Hourglass":5},{"NeowsBlessing":0,"Torii":10,"Molten Egg 2":10,"Cracked Core":0,"Pocketwatch":3,"Mercury Hourglass":14}],"Pocketwatch":[54],"Mercury Hourglass":[39]},"card_choices":[{"not_picked":["Ball Lightning","Leap"],"picked":"Melter","floor":1},{"not_picked":["Aggregate","Leap"],"picked":"Conserve Battery","floor":4},{"not_picked":["Steam","Beam Cell"],"picked":"Genetic Algorithm","floor":6},{"not_picked":["Consume","Beam Cell+1"],"picked":"Gash+1","floor":8},{"not_picked":["Leap","Compile Driver+1"],"picked":"Buffer","floor":11},{"not_picked":["Steam Power","White Noise"],"picked":"Rebound+1","floor":14}],"player_experience":300084,"relics_obtained":[{"floor":6,"key":"Pocketwatch"},{"floor":8,"key":"Molten Egg 2"},{"floor":9,"key":"Torii"},{"floor":11,"key":"Mercury Hourglass"}],"event_choices":[{"damage_healed":0,"gold_gain":0,"player_choice":"Upgraded","damage_taken":0,"max_hp_gain":0,"max_hp_loss":0,"event_name":"Upgrade Shrine","floor":3,"gold_loss":0,"cards_upgraded":["Dualcast"]},{"damage_healed":0,"gold_gain":0,"player_choice":"Grow","damage_taken":0,"max_hp_gain":0,"max_hp_loss":0,"event_name":"Living Wall","floor":5,"gold_loss":0,"cards_upgraded":["Zap"]}],"is_beta":false,"boss_relics":[],"items_purged_floors":[],"is_endless":false,"potions_floor_spawned":[4,11,14],"killed_by":"Hexaghost","ascension_level":12}}