{"host":"vpaavrwbmey593fx","time":1612835515,"event":{"mods":["AchievementEnabler","BaseMod","Bestiary","Colored Map","Colored Powertips","DeckTracker","Minty Spire (QoL Compilation)","Relic Sorter"],"gold_per_floor":[118,136,152,167,177,177,207,207,231,245,258,274,349,384,384,479,479,497,168,93,107,107,141,153,184,277,289,301,347,374,401,413,526,538,563,593,281,281,301,334,334,334,334,353,386,386,194,212,212,212,212,212,10,38,38,38],"floor_reached":55,"language":"ENG","playtime":6007,"items_purged":["Strike_B","Defend_B"],"score":970,"play_id":"3b4959fa-bf98-4ae2-98da-d3335f7d5c69","local_time":"20210208175155","is_ascension_mode":true,"campfire_choices":[{"data":"Zap","floor":6.0,"key":"SMITH"},{"data":"Dualcast","floor":8.0,"key":"SMITH"},{"data":"White Noise","floor":15.0,"key":"SMITH"},{"data":"Creative AI","floor":24.0,"key":"SMITH"},{"data":"Sunder","floor":27,"key":"SMITH"},{"data":"Go for the Eyes","floor":32,"key":"SMITH"},{"floor":41,"key":"RECALL"},{"data":"Fission","floor":46,"key":"SMITH"},{"data":"Buffer","floor":49,"key":"SMITH"},{"data":"Barrage","floor":52,"key":"SMITH"}],"circlet_count":0,"master_deck":["Strike_B","Strike_B","Strike_B","Defend_B","Defend_B","Zap+1","Dualcast+1","All For One","Cold Snap","Turbo","Conserve Battery","Self Repair","BootSequence","Glacier","Go for the Eyes+1","White Noise+1","Echo Form","Creative AI+1","Defragment+1","Sunder+1","Stack","Buffer+1","Beam Cell","Steam Power","Skim","Fission+1","Barrage+1","BootSequence+1","Defragment+1","Hologram"],"relics":["Cracked Core","Ornamental Fan","Happy Flower","Eternal Feather","Coffee Dripper","Matryoshka","MawBank","Regal Pillow","Question Card","Nloth\u0027s Gift","Gambling Chip","Nuclear Battery","Bag of Preparation","DataDisk","Orichalcum","Lantern","StrikeDummy","DollysMirror"],"acts_visited":["Exordium","TheCity","TheBeyond","TheEnding"],"potions_floor_usage":[33,33,45,50,50,50,54],"damage_taken":[{"damage":1.0,"enemies":"Cultist","floor":1.0,"turns":3.0},{"damage":9.0,"enemies":"2 Louse","floor":2.0,"turns":3.0},{"damage":7.0,"enemies":"Jaw Worm","floor":3.0,"turns":4.0},{"damage":4.0,"enemies":"2 Fungi Beasts","floor":4.0,"turns":3.0},{"damage":2.0,"enemies":"Blue Slaver","floor":5.0,"turns":3.0},{"damage":12.0,"enemies":"3 Sentries","floor":7.0,"turns":7.0},{"damage":0.0,"enemies":"Lots of Slimes","floor":10.0,"turns":5.0},{"damage":6.0,"enemies":"Exordium Wildlife","floor":11.0,"turns":5.0},{"damage":0.0,"enemies":"2 Fungi Beasts","floor":12.0,"turns":3.0},{"damage":38.0,"enemies":"Gremlin Nob","floor":14.0,"turns":5.0},{"damage":19.0,"enemies":"Hexaghost","floor":16.0,"turns":15.0},{"damage":17.0,"enemies":"2 Thieves","floor":18.0,"turns":3.0},{"damage":0.0,"enemies":"Chosen","floor":21.0,"turns":6.0},{"damage":14.0,"enemies":"Book of Stabbing","floor":23.0,"turns":8.0},{"damage":15.0,"enemies":"Centurion and Healer","floor":25.0,"turns":6.0},{"damage":2,"enemies":"Gremlin Leader","floor":29,"turns":8},{"damage":0,"enemies":"Snecko","floor":30,"turns":2},{"damage":12,"enemies":"3 Cultists","floor":31,"turns":3},{"damage":10,"enemies":"Champ","floor":33,"turns":8},{"damage":0,"enemies":"Orb Walker","floor":35,"turns":5},{"damage":0,"enemies":"3 Shapes","floor":36,"turns":6},{"damage":17,"enemies":"Jaw Worm Horde","floor":39,"turns":8},{"damage":2,"enemies":"Nemesis","floor":40,"turns":5},{"damage":15,"enemies":"4 Shapes","floor":44,"turns":3},{"damage":30,"enemies":"Giant Head","floor":45,"turns":11},{"damage":0,"enemies":"Spire Growth","floor":48,"turns":6},{"damage":15,"enemies":"Awakened One","floor":50,"turns":15},{"damage":28,"enemies":"Shield and Spear","floor":54,"turns":8},{"damage":81,"enemies":"The Heart","floor":55,"turns":3}],"seed_played":"6682529754444769409","potions_obtained":[{"floor":1.0,"key":"SpeedPotion"},{"floor":2.0,"key":"EssenceOfDarkness"},{"floor":7.0,"key":"Strength Potion"},{"floor":11.0,"key":"Fruit Juice"},{"floor":14.0,"key":"Block Potion"},{"floor":16.0,"key":"Strength Potion"},{"floor":18.0,"key":"PowerPotion"},{"floor":30,"key":"SkillPotion"},{"floor":33,"key":"DistilledChaos"},{"floor":39,"key":"Block Potion"},{"floor":40,"key":"DuplicationPotion"},{"floor":48,"key":"PowerPotion"}],"is_trial":false,"path_per_floor":["M","M","M","M","M","R","E","R","T","M","M","M","?","E","R","B",null,"M","$","?","M","?","E","R","M","T","R","?","E","M","M","R","B",null,"M","M","$","?","M","E","R","?","T","M","E","R","$","M","R","B",null,"R","$","E","B"],"character_chosen":"DEFECT","items_purchased":["Matryoshka","Steam Power","Bag of Preparation","Barrage","Happy Flower","DollysMirror","SpeedPotion"],"campfire_rested":0,"item_purchase_floors":[19,37,37,47,47,53,53],"current_hp_per_floor":[74,65,58,54,59,59,54,63,63,70,71,75,64,38,50,45,77,60,60,60,67,67,60,72,64,64,76,76,81,81,83,87,84,86,87,87,87,87,84,87,87,87,87,72,56,71,71,78,87,86,87,87,87,59,0,0],"gold":38,"neow_bonus":"ONE_RANDOM_RARE_CARD","is_daily":false,"chose_seed":false,"campfire_upgraded":9,"win_rate":0.0,"timestamp":1612835515,"path_taken":["M","M","M","M","M","R","E","R","T","M","?","M","?","E","R","BOSS","M","$","?","M","?","E","R","M","T","R","?","E","?","M","R","BOSS","M","M","$","?","M","E","R","?","T","M","E","R","?","M","R","BOSS","R","$","E","BOSS"],"items_purchased_type":["Relic","Card","Relic","Card","Relic","Relic","Potion"],"build_version":"2020-12-22","purchased_purges":2,"victory":false,"max_hp_per_floor":[75,75,75,75,75,75,75,75,75,75,75,75,75,87,87,87,87,87,87,87,87,87,87,87,87,87,87,87,87,87,87,87,87,87,87,87,87,87,87,87,87,87,87,87,87,87,87,87,87,87,87,87,87,87,87,87],"card_choices":[{"not_picked":["Darkness","Redo"],"picked":"Cold Snap","floor":1.0},{"not_picked":["Compile Driver","Reprogram"],"picked":"Turbo","floor":2.0},{"not_picked":["Skim","Sweeping Beam"],"picked":"Conserve Battery","floor":3.0},{"not_picked":["Loop","Barrage"],"picked":"Self Repair","floor":4.0},{"not_picked":["Turbo","Barrage"],"picked":"BootSequence","floor":5.0},{"not_picked":["Reinforced Body","Streamline"],"picked":"Glacier","floor":7.0},{"not_picked":["Sweeping Beam","Machine Learning"],"picked":"Go for the Eyes","floor":10.0},{"not_picked":["Leap","Tempest","Cold Snap"],"picked":"SKIP","floor":11.0},{"not_picked":["Genetic Algorithm","Redo"],"picked":"White Noise","floor":12.0},{"not_picked":["Sweeping Beam","Redo"],"picked":"Echo Form","floor":14.0},{"not_picked":["All For One","Core Surge"],"picked":"Creative AI","floor":16.0},{"not_picked":["Cold Snap","Ball Lightning"],"picked":"Defragment+1","floor":18.0},{"not_picked":["Force Field","Cold Snap"],"picked":"Sunder","floor":21.0},{"not_picked":["Hologram","BootSequence+1"],"picked":"Blizzard","floor":23.0},{"not_picked":["Cold Snap","Hologram","Turbo"],"picked":"SKIP","floor":25.0},{"not_picked":["Scrape+1","Reboot","Genetic Algorithm","Biased Cognition"],"picked":"SKIP","floor":29},{"not_picked":["Sweeping Beam","Loop","Streamline","Tempest"],"picked":"SKIP","floor":30},{"not_picked":["Barrage","Conserve Battery","Defragment"],"picked":"Stack","floor":31},{"not_picked":["Hyperbeam","Electrodynamics","Amplify"],"picked":"Buffer","floor":33},{"not_picked":["White Noise","Rebound+1","Double Energy","Conserve Battery+1"],"picked":"SKIP","floor":35},{"not_picked":["Blizzard","Melter+1","Loop+1"],"picked":"Beam Cell","floor":36},{"not_picked":["Streamline","Ball Lightning+1","Gash","Defragment"],"picked":"SKIP","floor":39},{"not_picked":["Loop+1","Heatsinks","Compile Driver+1"],"picked":"Skim","floor":40},{"not_picked":["Recycle+1","Force Field","Melter"],"picked":"Fission","floor":44},{"not_picked":["Creative AI","Go for the Eyes","White Noise","Beam Cell+1"],"picked":"SKIP","floor":45},{"not_picked":["Conserve Battery+1","Scrape+1","Rip and Tear"],"picked":"BootSequence+1","floor":48},{"not_picked":["Fusion+1","Sunder","Reboot"],"picked":"Hologram","floor":54}],"player_experience":336380,"relics_obtained":[{"floor":7.0,"key":"Eternal Feather"},{"floor":14.0,"key":"Strawberry"},{"floor":23.0,"key":"MawBank"},{"floor":26,"key":"Regal Pillow"},{"floor":26,"key":"Question Card"},{"floor":29,"key":"Gambling Chip"},{"floor":40,"key":"DataDisk"},{"floor":43,"key":"Orichalcum"},{"floor":43,"key":"Lantern"},{"floor":45,"key":"StrikeDummy"},{"floor":54,"key":"Ornamental Fan"}],"event_choices":[{"damage_healed":0.0,"max_hp_gain":0.0,"max_hp_loss":0.0,"gold_gain":75.0,"event_name":"World of Goop","player_choice":"Gather Gold","floor":13.0,"gold_loss":0.0,"damage_taken":11.0},{"cards_removed":["Defend_B"],"damage_healed":0.0,"max_hp_gain":0.0,"max_hp_loss":0.0,"gold_gain":0.0,"event_name":"Beggar","player_choice":"Gave Gold","floor":20.0,"gold_loss":75.0,"damage_taken":0.0},{"damage_healed":0.0,"max_hp_gain":0.0,"max_hp_loss":0.0,"gold_gain":0.0,"event_name":"Ghosts","player_choice":"Ignored","floor":22.0,"gold_loss":0.0,"damage_taken":0.0},{"damage_healed":0,"gold_gain":0,"player_choice":"Traded Relic","damage_taken":0,"relics_obtained":["Nloth\u0027s Gift"],"max_hp_gain":0,"max_hp_loss":0,"event_name":"N\u0027loth","floor":28,"relics_lost":["Strawberry"],"gold_loss":0},{"cards_removed":["Blizzard"],"damage_healed":0,"gold_gain":0,"player_choice":"Removed Attack","damage_taken":0,"max_hp_gain":0,"max_hp_loss":0,"event_name":"Falling","floor":38,"gold_loss":0},{"damage_healed":0,"gold_gain":0,"player_choice":"Ignored","damage_taken":0,"max_hp_gain":0,"max_hp_loss":0,"event_name":"Tomb of Lord Red Mask","floor":42,"gold_loss":0}],"is_beta":false,"boss_relics":[{"not_picked":["Runic Dome","Tiny House"],"picked":"Coffee Dripper"},{"not_picked":["Velvet Choker","Calling Bell"],"picked":"Nuclear Battery"}],"items_purged_floors":[19,37],"is_endless":false,"potions_floor_spawned":[1,2,7,11,14,16,18,21,30,33,39,40,48],"killed_by":"The Heart","ascension_level":5}}