{"host":"bf5upntvbdompq33","time":1612889579,"event":{"mods":["BaseMod","Colored Map","Colored Powertips","Curses Come First","Minty Spire (QoL Compilation)","StSLib","The Dragon Tamer","The Hierophant","The Marked","The Mystic","The Servant 0.9.4"],"gold_per_floor":[210,210,223,173,185,217,217,142,167,167,167],"floor_reached":10,"language":"ENG","playtime":417,"items_purged":["Strike_B"],"score":102,"play_id":"957fc865-d15d-467e-8216-06a1a96ae6c8","local_time":"20210209095259","is_ascension_mode":true,"campfire_choices":[{"data":"Streamline","floor":7,"key":"SMITH"}],"circlet_count":0,"master_deck":["AscendersBane","Strike_B","Strike_B","Defend_B","Defend_B","Defend_B","Defend_B","Zap","Dualcast","Ball Lightning","Defragment","Cold Snap","Streamline+1"],"relics":["Cracked Core","Bag of Marbles","Bottled Flame","Centennial Puzzle"],"acts_visited":["Exordium"],"potions_floor_usage":[],"damage_taken":[{"damage":2,"enemies":"Jaw Worm","floor":1,"turns":3},{"damage":0,"enemies":"Small Slimes","floor":3,"turns":2},{"damage":6,"enemies":"Cultist","floor":5,"turns":4},{"damage":46,"enemies":"3 Sentries","floor":6,"turns":12},{"damage":31,"enemies":"Gremlin Nob","floor":10,"turns":3}],"seed_played":"1241529016503439102","potions_obtained":[{"floor":6,"key":"Strength Potion"}],"is_trial":false,"path_per_floor":["M","?","M","?","M","E","R","$","T","E"],"character_chosen":"DEFECT","items_purchased":[],"campfire_rested":0,"item_purchase_floors":[],"current_hp_per_floor":[66,63,63,63,57,11,11,11,11,0,0],"gold":167,"neow_bonus":"HUNDRED_GOLD","is_daily":false,"chose_seed":false,"campfire_upgraded":1,"win_rate":0.0,"timestamp":1612889579,"path_taken":["M","?","M","?","M","E","R","?","T","E"],"items_purchased_type":[],"build_version":"2020-12-22","purchased_purges":1,"victory":false,"max_hp_per_floor":[75,75,75,75,75,75,75,75,75,75,75],"card_choices":[{"not_picked":["Coolheaded","Force Field"],"picked":"Ball Lightning","floor":1},{"not_picked":["Turbo","Scrape"],"picked":"Defragment","floor":3},{"not_picked":["Double Energy","Hologram"],"picked":"Cold Snap","floor":5},{"not_picked":["Steam Power","Gash"],"picked":"Streamline","floor":6}],"player_experience":1529689,"relics_obtained":[{"floor":6,"key":"Bottled Flame"},{"floor":9,"key":"Centennial Puzzle"}],"event_choices":[{"damage_healed":0,"gold_gain":0,"player_choice":"Success","damage_taken":3,"relics_obtained":["Bag of Marbles"],"max_hp_gain":0,"max_hp_loss":0,"event_name":"Scrap Ooze","floor":2,"gold_loss":0},{"cards_removed":["Strike_B"],"damage_healed":0,"gold_gain":0,"player_choice":"Card Removal","damage_taken":0,"max_hp_gain":0,"max_hp_loss":0,"event_name":"The Cleric","floor":4,"gold_loss":50}],"is_beta":false,"boss_relics":[],"items_purged_floors":[8],"is_endless":false,"potions_floor_spawned":[6],"killed_by":"Gremlin Nob","ascension_level":11}}