{"host":"cc6r8m2qe4jvlwua","time":1612907593,"event":{"mods":["BaseMod","Hubris","Marisa????????","Minty Spire (QoL Compilation)","Replay The Spire","Spicy Shops","StSLib","The Cursed","The Marked","The Necromancer"],"gold_per_floor":[213,213,84,84,104,130,149,149,199,199,53,82,82,82,82,179,179,190,190,105,285,305,332,332,366,366,366,432,42,42,42,42,156,156,190,264,298,298,328,376,376,423,450,485,153,153,190,219,219,243,243,243,4,47,59,59],"floor_reached":55,"language":"ENG","playtime":1872,"items_purged":["Strike_B","CommonCold","Defend_B+1","Defend_B+1"],"score":704,"play_id":"d466fbb7-847f-48e9-9885-85ba545c7dcd","local_time":"20210209155313","is_ascension_mode":true,"campfire_choices":[{"data":"Zap","floor":8,"key":"SMITH"},{"data":"Ball Lightning","floor":10,"key":"SMITH"},{"data":"Cold Snap","floor":13,"key":"SMITH"},{"floor":15,"key":"REST"},{"floor":24,"key":"REST"},{"floor":27,"key":"REST"},{"data":"Defend_B","floor":30,"key":"PURGE"},{"floor":32,"key":"REST"},{"data":"Strike_B+1","floor":41,"key":"PURGE"},{"data":"Strike_B+1","floor":46,"key":"PURGE"},{"floor":49,"key":"RECALL"},{"data":"Tempest","floor":52,"key":"SMITH"}],"circlet_count":0,"master_deck":["Defend_B+2","Zap+1","Dualcast+1","Cold Snap+1","Gash+1","Ball Lightning+1","Gash","ReplayGash+1","All For One","Gash+1","Capacitor+1","Capacitor+1","Redo","Tempest+1","Defragment+1","Ball Lightning","Defragment+1"],"relics":["FrozenCore","Ring of Shattering","Gremlin Food","Bag of Preparation","Runic Capacitor","Bottled Flame","Velvet Choker","hubris:Towel","Frozen Egg 2","Whetstone","Replay:Bandana","Carrot","Art of War","Peace Pipe","FossilizedHelix","Happy Flower","hubris:BallOfYels","Pen Nib","Simple Rune"],"acts_visited":["Exordium","TheCity","TheBeyond","TheEnding"],"potions_floor_usage":[33,47,55,55,55],"damage_taken":[{"damage":7,"enemies":"Jaw Worm","floor":1,"turns":3},{"damage":5,"enemies":"Small Slimes","floor":5,"turns":2},{"damage":10,"enemies":"Gremlin Nob","floor":6,"turns":5},{"damage":0,"enemies":"Cultist","floor":7,"turns":3},{"damage":3,"enemies":"3 Sentries","floor":12,"turns":4},{"damage":6,"enemies":"The Guardian","floor":16,"turns":8},{"damage":2,"enemies":"Chosen","floor":18,"turns":3},{"damage":0,"enemies":"Spheric Guardian","floor":22,"turns":3},{"damage":0,"enemies":"Gremlin Leader","floor":23,"turns":6},{"damage":53,"enemies":"Slavers","floor":25,"turns":6},{"damage":52,"enemies":"hubris:MusketHawk","floor":33,"turns":7},{"damage":0,"enemies":"Orb Walker","floor":35,"turns":2},{"damage":0,"enemies":"Mind Bloom Boss Battle","floor":36,"turns":4},{"damage":6,"enemies":"3 Shapes","floor":37,"turns":3},{"damage":0,"enemies":"Sphere and 2 Shapes","floor":39,"turns":5},{"damage":0,"enemies":"Nemesis","floor":40,"turns":7},{"damage":16,"enemies":"R_Hoarder","floor":42,"turns":9},{"damage":0,"enemies":"Spire Growth","floor":44,"turns":4},{"damage":0,"enemies":"Writhing Mass","floor":47,"turns":4},{"damage":18,"enemies":"4 Shapes","floor":48,"turns":4},{"damage":4,"enemies":"Replay:Hell Engine","floor":50,"turns":9},{"damage":42,"enemies":"Shield and Spear","floor":54,"turns":4},{"damage":43,"enemies":"The Heart","floor":55,"turns":3}],"seed_played":"3204401204677039953","potions_obtained":[{"floor":7,"key":"Regen Potion"},{"floor":12,"key":"Milkshake"},{"floor":25,"key":"Venom Potion"},{"floor":28,"key":"SneckoOil"},{"floor":28,"key":"Milkshake"},{"floor":36,"key":"Adrenaline Potion"},{"floor":47,"key":"Reflective Coating"}],"is_trial":false,"path_per_floor":["M","?","$","?","M","E","M","R","T","R","$","E","R","?","R","B",null,"M","?","?","?","M","E","R","E","T","R","?","$","R","$","R","B",null,"M","?","M","?","M","E","R","E","T","M","$","R","M","M","R","B",null,"R","$","E","B"],"character_chosen":"DEFECT","items_purchased":["Gash","Runic Capacitor","Peace Pipe","Pen Nib","Redo","Defragment+1","Ball Lightning"],"campfire_rested":4,"item_purchase_floors":[3,11,29,45,45,53,53],"current_hp_per_floor":[68,68,68,68,63,53,53,53,53,53,53,50,50,50,72,66,75,73,73,73,54,54,54,75,22,22,44,26,26,26,26,48,1,75,75,75,69,69,69,69,69,53,53,53,53,53,53,35,35,31,75,75,75,33,0,0],"gold":59,"neow_bonus":"HUNDRED_GOLD","is_daily":false,"chose_seed":false,"campfire_upgraded":4,"win_rate":0.0,"timestamp":1612907593,"path_taken":["M","?","$","?","M","E","?","R","T","R","?","E","R","?","R","BOSS","M","?","?","?","?","E","R","E","T","R","?","$","R","$","R","BOSS","M","?","M","?","?","E","R","E","T","M","$","R","M","M","R","BOSS","R","$","E","BOSS"],"items_purchased_type":["Card","Relic","Relic","Relic","Card","Card","Card"],"build_version":"2020-12-22","purchased_purges":4,"victory":false,"max_hp_per_floor":[75,75,75,75,75,75,75,75,75,75,75,75,75,75,75,75,75,75,75,75,75,75,75,75,75,75,75,75,75,75,75,75,75,75,75,75,75,75,75,75,75,75,75,75,75,75,75,75,75,75,75,75,75,75,75,75],"card_choices":[{"not_picked":["Darkness","Sweeping Beam"],"picked":"Cold Snap","floor":1},{"not_picked":["Streamline","Conserve Battery","Compile Driver"],"picked":"SKIP","floor":5},{"not_picked":["Recycle","Amplify"],"picked":"Ball Lightning","floor":6},{"not_picked":["Sweeping Beam","Doom and Gloom","Barrage"],"picked":"SKIP","floor":7},{"not_picked":["Redo","Melter"],"picked":"Gash","floor":12},{"not_picked":["Aggregate+1","Streamline+1"],"picked":"ReplayGash+1","floor":18},{"not_picked":["Steam+1","Coolheaded","Undo"],"picked":"SKIP","floor":22},{"not_picked":["hubris:SpecializedCircuitry+1","Hologram","Crystallizer+1"],"picked":"SKIP","floor":23},{"not_picked":["Capacitor+1","Panic Button+1","Meteor Strike"],"picked":"SKIP","floor":25},{"not_picked":["Creative AI+1","Multi-Cast"],"picked":"All For One","floor":33},{"not_picked":["Conserve Battery+1","Rebound+1","Panic Button"],"picked":"SKIP","floor":35},{"not_picked":["Recycle","Ball Lightning"],"picked":"Gash+1","floor":37},{"not_picked":["Steam","Streamline"],"picked":"Capacitor+1","floor":39},{"not_picked":["Turbo","Storm+1","ReplayTheSpireMod:Calculation Training"],"picked":"SKIP","floor":40},{"not_picked":["Force Field","Panic Button","Reinforced Body"],"picked":"SKIP","floor":42},{"not_picked":["Aggregate","Stack"],"picked":"Capacitor+1","floor":44},{"not_picked":["Skim+1","Coolheaded+1","Panic Button+1"],"picked":"SKIP","floor":47},{"not_picked":["Scrape+1","Darkness+1"],"picked":"Tempest","floor":48},{"not_picked":["Capacitor+1","Defragment+1","ReplayGash+1"],"picked":"SKIP","floor":54},{"not_picked":["Capacitor+1","ReplayGash+1"],"picked":"Defragment+1","floor":54}],"player_experience":252902,"relics_obtained":[{"floor":2,"key":"Ring of Shattering"},{"floor":6,"key":"Gremlin Food"},{"floor":9,"key":"Bag of Preparation"},{"floor":12,"key":"Bottled Flame"},{"floor":23,"key":"Whetstone"},{"floor":25,"key":"Replay:Bandana"},{"floor":26,"key":"Carrot"},{"floor":28,"key":"Art of War"},{"floor":36,"key":"FossilizedHelix"},{"floor":40,"key":"Happy Flower"},{"floor":42,"key":"hubris:BallOfYels"},{"floor":54,"key":"Simple Rune"}],"event_choices":[{"cards_removed":["Strike_B"],"damage_healed":0,"gold_gain":0,"player_choice":"Purged","damage_taken":0,"max_hp_gain":0,"max_hp_loss":0,"event_name":"Purifier","floor":4,"gold_loss":0},{"damage_healed":0,"gold_gain":0,"player_choice":"Obtained Relic","damage_taken":0,"relics_obtained":["Frozen Egg 2"],"max_hp_gain":0,"max_hp_loss":0,"event_name":"Addict","floor":20,"gold_loss":85},{"damage_healed":0,"gold_gain":180,"player_choice":"GOLD GOLD ","damage_taken":19,"max_hp_gain":0,"max_hp_loss":0,"event_name":"Knowing Skull","floor":21,"potions_obtained":[],"gold_loss":0,"cards_obtained":[]},{"damage_healed":0,"gold_gain":0,"player_choice":"Fight","damage_taken":0,"max_hp_gain":0,"max_hp_loss":0,"event_name":"MindBloom","floor":36,"gold_loss":0},{"damage_healed":0,"gold_gain":0,"player_choice":"Bought 0 Potions","damage_taken":0,"max_hp_gain":0,"max_hp_loss":0,"event_name":"The Woman in Blue","floor":38,"gold_loss":0}],"is_beta":false,"boss_relics":[{"not_picked":["hubris:ScarierMask","Cursed Key"],"picked":"Velvet Choker"},{"not_picked":["Honey Jar","Replay:Grab Bag"],"picked":"FrozenCore"}],"items_purged_floors":[3,29,45,53],"is_endless":false,"potions_floor_spawned":[7,12,25,36,39,47],"killed_by":"The Heart","ascension_level":2}}