{"host":"zxkjcgzis4pm3za5","time":1612879195,"event":{"mods":["AchievementEnabler","BaseMod","Colored Map","Colored Powertips","Minty Spire (QoL Compilation)","Quick Restart","RNG Fix","Random Character Button","Relic Sorter","Relic Stats","StSLib"],"gold_per_floor":[112,112,127,137,147,147,147],"floor_reached":6,"language":"ENG","playtime":348,"items_purged":[],"score":74,"play_id":"593d7589-ea9e-4198-b573-fd71a6c831ff","local_time":"20210209192955","is_ascension_mode":true,"campfire_choices":[],"circlet_count":0,"master_deck":["AscendersBane","Strike_P","Strike_P","Strike_P","Strike_P","Defend_P","Defend_P+1","Defend_P","Defend_P+1","Eruption+1","Vigilance+1","CurseOfTheBell","CutThroughFate","ForeignInfluence","JustLucky","SignatureMove"],"relics":["Calling Bell","Matryoshka","CaptainsWheel","War Paint"],"acts_visited":["Exordium"],"potions_floor_usage":[6],"damage_taken":[{"damage":7,"enemies":"Jaw Worm","floor":1,"turns":4},{"damage":1,"enemies":"Cultist","floor":3,"turns":4},{"damage":2,"enemies":"2 Louse","floor":4,"turns":2},{"damage":6,"enemies":"Looter","floor":5,"turns":3},{"damage":37,"enemies":"Lagavulin","floor":6,"turns":6}],"seed_played":"-6682786110646479497","potions_obtained":[{"floor":1,"key":"Fire Potion"},{"floor":5,"key":"SpeedPotion"}],"is_trial":false,"path_per_floor":["M","?","M","M","M","E"],"character_chosen":"WATCHER","items_purchased":[],"campfire_rested":0,"item_purchase_floors":[],"current_hp_per_floor":[54,34,33,31,25,0,0],"gold":147,"neow_bonus":"BOSS_RELIC","is_daily":false,"chose_seed":false,"campfire_upgraded":0,"win_rate":0.0,"timestamp":1612879195,"path_taken":["M","?","?","M","M","E"],"items_purchased_type":[],"build_version":"2020-12-22","purchased_purges":0,"victory":false,"max_hp_per_floor":[68,68,68,68,68,68,68],"relic_stats":{"counters":[5,19],"War Paint":["Defend_P","Vigilance"],"obtain_stats":[{"Calling Bell":0,"CaptainsWheel":0,"Matryoshka":0,"PureWater":0,"War Paint":0},{"Calling Bell":0,"CaptainsWheel":0,"Matryoshka":0,"PureWater":0,"War Paint":0},{"Calling Bell":0,"CaptainsWheel":0,"Matryoshka":0,"PureWater":0,"War Paint":0}]},"card_choices":[{"not_picked":["CrushJoints","Perseverance"],"picked":"CutThroughFate","floor":1},{"not_picked":["Study","DeceiveReality"],"picked":"ForeignInfluence","floor":3},{"not_picked":["ThirdEye","ClearTheMind"],"picked":"JustLucky","floor":4},{"not_picked":["Omniscience","JustLucky"],"picked":"SignatureMove","floor":5}],"player_experience":341008,"relics_obtained":[{"floor":0,"key":"Matryoshka"},{"floor":0,"key":"CaptainsWheel"},{"floor":0,"key":"War Paint"}],"event_choices":[{"damage_healed":0,"gold_gain":0,"player_choice":"Entered Light","damage_taken":20,"max_hp_gain":0,"max_hp_loss":0,"event_name":"Shining Light","floor":2,"gold_loss":0,"cards_upgraded":["Defend_P","Eruption"]}],"is_beta":false,"boss_relics":[],"items_purged_floors":[],"is_endless":false,"potions_floor_spawned":[1,5],"killed_by":"Lagavulin","ascension_level":19}}