{"host":"d76q0rb9a0s9bgr5","time":1612901039,"event":{"mods":["BaseMod","Downfall","Hubris","Minty Spire (QoL Compilation)","StSLib"],"gold_per_floor":[99,99,117,27,27,27,27,39,39,39,39,54,154,39,52,52,52,52],"floor_reached":16,"language":"ENG","playtime":927,"items_purged":["bronze:Strike","bronze:Strike"],"score":88,"play_id":"0e9097fa-43e4-44a4-9868-afdfcebbff5d","local_time":"20210209210359","is_ascension_mode":false,"campfire_choices":[{"data":"bronze:Replicate","floor":1,"key":"SMITH"},{"data":"bronze:Iterate","floor":6,"key":"SMITH"},{"data":"Sadistic Nature","floor":9,"key":"SMITH"}],"circlet_count":0,"master_deck":["bronze:Strike","bronze:Strike","bronze:Defend+1","bronze:Defend","bronze:Defend","bronze:Defend","bronze:Replicate+1","bronze:Goto+1","Sadistic Nature+1","bronze:Iterate+1","bronze:Terminator","bronze:ChosenStrike","bronze:ForLoop"],"relics":["bronze:BronzeCore","War Paint"],"acts_visited":["Exordium"],"potions_floor_usage":[],"damage_taken":[{"damage":5,"enemies":"2 Louse","floor":3,"turns":3},{"damage":0,"enemies":"downfall:FleeingMerchant","floor":4,"turns":4},{"damage":10,"enemies":"Small Slimes","floor":8,"turns":3},{"damage":0,"enemies":"Cultist","floor":10,"turns":1},{"damage":0,"enemies":"Exordium Wildlife","floor":12,"turns":3},{"damage":15,"enemies":"downfall:FleeingMerchant","floor":14,"turns":4},{"damage":6,"enemies":"Blue Slaver","floor":15,"turns":3},{"damage":72,"enemies":"IC_STATUS_ARCHETYPE","floor":16,"turns":10}],"seed_played":"-5015141559435776350","potions_obtained":[{"floor":15,"key":"FairyPotion"}],"is_trial":false,"path_per_floor":["R","?","M","$","?","R","T","M","R","M","?","M","?","$","M","B"],"character_chosen":"THE_AUTOMATON","items_purchased":[],"campfire_rested":0,"item_purchase_floors":[],"current_hp_per_floor":[63,63,58,58,63,63,63,53,53,53,68,68,68,53,47,0,0,0],"gold":52,"neow_bonus":"RANDOM_COLORLESS_2","is_daily":false,"chose_seed":false,"campfire_upgraded":3,"win_rate":0.0,"timestamp":1612901039,"path_taken":["R","?","M","$","?","R","T","M","R","M","?","?","?","?","M","BOSS"],"items_purchased_type":[],"build_version":"2020-12-22","purchased_purges":2,"victory":false,"max_hp_per_floor":[63,63,63,63,68,68,68,68,68,68,68,68,68,68,68,68,68,68],"card_choices":[{"not_picked":["Magnetism","Thinking Ahead"],"picked":"Sadistic Nature","floor":0},{"not_picked":["bronze:MaxOutput","bronze:Shield","bronze:Fortify"],"picked":"SKIP","floor":3},{"not_picked":["bronze:BitShift","bronze:ItsAFeature"],"picked":"bronze:Iterate","floor":4},{"not_picked":["bronze:Frontload","bronze:FollowUp","bronze:Overload"],"picked":"SKIP","floor":8},{"not_picked":["bronze:WhirlingStrike","bronze:Turbo"],"picked":"bronze:Terminator","floor":10},{"not_picked":["bronze:Optimize","bronze:Overheat"],"picked":"bronze:ChosenStrike","floor":12},{"not_picked":["bronze:BurnOut","bronze:Backtrace","bronze:Flail"],"picked":"SKIP","floor":14},{"not_picked":["bronze:Overheat","bronze:Repair"],"picked":"bronze:ForLoop","floor":15}],"player_experience":123475,"relics_obtained":[{"floor":7,"key":"War Paint"}],"event_choices":[{"damage_healed":0,"gold_gain":0,"player_choice":"Donut","damage_taken":0,"max_hp_gain":5,"max_hp_loss":0,"event_name":"Big Fish","floor":5,"gold_loss":0},{"damage_healed":15,"gold_gain":0,"player_choice":"Full Heal","damage_taken":0,"max_hp_gain":0,"max_hp_loss":0,"event_name":"Wheel of Change","floor":11,"gold_loss":0}],"is_beta":false,"boss_relics":[],"items_purged_floors":[4,14],"is_endless":false,"potions_floor_spawned":[15],"killed_by":"IC_STATUS_ARCHETYPE","ascension_level":0}}