{"host":"88hg6ocvqrqxrx5h","time":1612845461,"event":{"mods":["2.2 Compatiblity","BaseMod","Bestiary","Block Reminder","Colored Map","DeckTracker","Highlight Path","Minty Spire (QoL Compilation)","Relic Stats","Unceasing Turn Reminder","slay the spire mod where everything is the same but ironclad has a cowboy hat"],"gold_per_floor":[113,113,113,133,151,151,165,199,199,233,233,233,264,21,21,151,151,136,151,36,51,51,51,94,94,94,110,235,276,276,301,301,425,425,440,440,54,67,88,88,104,137,137,137,150,32,32,32],"floor_reached":47,"language":"ENG","playtime":2122,"items_purged":["Strike_R","Regret","Wild Strike","Parasite"],"score":778,"play_id":"0cda65d0-3f28-45f6-bdfc-182ad6f648ba","local_time":"20210208203741","is_ascension_mode":true,"campfire_choices":[{"data":"Bash","floor":6.0,"key":"SMITH"},{"data":"Metallicize","floor":12.0,"key":"SMITH"},{"floor":15.0,"key":"REST"},{"floor":23.0,"key":"REST"},{"data":"Armaments","floor":25.0,"key":"SMITH"},{"floor":30.0,"key":"REST"},{"floor":32.0,"key":"REST"},{"floor":40.0,"key":"REST"},{"floor":44.0,"key":"REST"}],"circlet_count":0,"master_deck":["Bash+1","True Grit","Twin Strike","Reckless Charge","Intimidate","Metallicize+1","Inflame","Blood for Blood","Iron Wave","Inflame","Thunderclap","Immolate","Dual Wield","Intimidate","Reaper","Reaper","Searing Blow","Infernal Blade","Sword Boomerang","Armaments+1","Shrug It Off","Bloodletting","Battle Trance","Rupture","Hemokinesis","Flex","Infernal Blade+1","Impervious","Sadistic Nature","Thunderclap","Uppercut","Clothesline+1","Pummel+1","Entrench+1","Intimidate+1","Limit Break"],"relics":["Burning Blood","NeowsBlessing","PreservedInsect","Golden Idol","Paper Frog","Happy Flower","Bottled Lightning","Bag of Preparation","Membership Card","Pandora\u0027s Box","Nilry\u0027s Codex","Shuriken","Peace Pipe","TungstenRod","Pear","Dream Catcher","Black Star","Pantograph","OrangePellets","FossilizedHelix","Smiling Mask"],"acts_visited":["Exordium","TheCity","TheBeyond"],"potions_floor_usage":[47],"damage_taken":[{"damage":0.0,"enemies":"2 Louse","floor":1.0,"turns":1.0},{"damage":0.0,"enemies":"Cultist","floor":4.0,"turns":1.0},{"damage":0.0,"enemies":"Small Slimes","floor":5.0,"turns":1.0},{"damage":12.0,"enemies":"Looter","floor":7.0,"turns":3.0},{"damage":45.0,"enemies":"3 Sentries","floor":8.0,"turns":9.0},{"damage":1.0,"enemies":"Gremlin Nob","floor":10.0,"turns":3.0},{"damage":16.0,"enemies":"Lagavulin","floor":13.0,"turns":5.0},{"damage":22.0,"enemies":"Hexaghost","floor":16.0,"turns":8.0},{"damage":25.0,"enemies":"2 Thieves","floor":18.0,"turns":4.0},{"damage":28.0,"enemies":"Spheric Guardian","floor":19.0,"turns":4.0},{"damage":33.0,"enemies":"Snecko","floor":21.0,"turns":5.0},{"damage":27.0,"enemies":"Slavers","floor":24.0,"turns":2.0},{"damage":25.0,"enemies":"Centurion and Healer","floor":27.0,"turns":8.0},{"damage":46.0,"enemies":"Colosseum Slavers","floor":28.0,"turns":5.0},{"damage":35.0,"enemies":"Colosseum Nobs","floor":28.0,"turns":5.0},{"damage":41.0,"enemies":"Gremlin Leader","floor":29.0,"turns":6.0},{"damage":31.0,"enemies":"Shelled Parasite and Fungi","floor":31.0,"turns":4.0},{"damage":46.0,"enemies":"Champ","floor":33.0,"turns":9.0},{"damage":36.0,"enemies":"Orb Walker","floor":35.0,"turns":5.0},{"damage":2.0,"enemies":"3 Shapes","floor":38.0,"turns":2.0},{"damage":46.0,"enemies":"Transient","floor":39.0,"turns":5.0},{"damage":15.0,"enemies":"Writhing Mass","floor":41.0,"turns":5.0},{"damage":62.0,"enemies":"Giant Head","floor":42.0,"turns":8.0},{"damage":0.0,"enemies":"Spire Growth","floor":45.0,"turns":3.0},{"damage":39,"enemies":"2 Orb Walkers","floor":47,"turns":4}],"seed_played":"5614379715073892257","potions_obtained":[{"floor":5.0,"key":"SkillPotion"},{"floor":7.0,"key":"DuplicationPotion"},{"floor":8.0,"key":"DuplicationPotion"},{"floor":13.0,"key":"ElixirPotion"},{"floor":16.0,"key":"HeartOfIron"},{"floor":19.0,"key":"Block Potion"},{"floor":21.0,"key":"Weak Potion"},{"floor":24.0,"key":"Regen Potion"},{"floor":28.0,"key":"FearPotion"},{"floor":41.0,"key":"Block Potion"},{"floor":42.0,"key":"AttackPotion"},{"floor":45.0,"key":"Weak Potion"}],"is_trial":false,"path_per_floor":["M","?","?","M","M","R","M","E","T","E","?","R","E","$","R","B",null,"M","M","$","M","?","R","E","R","T","M","?","E","R","M","R","B",null,"M","?","$","M","M","R","M","E","T","R","M","$","?"],"character_chosen":"IRONCLAD","items_purchased":["Membership Card","Inflame","Thunderclap","Shrug It Off","Bloodletting","Pantograph","OrangePellets","Block Potion","Sadistic Nature","Limit Break"],"campfire_rested":6,"item_purchase_floors":[14,14,14,20,20,37,37,37,37,46],"current_hp_per_floor":[78,78,74,74,74,74,68,29,29,34,34,34,24,24,46,30,63,67,51,51,24,8,30,45,45,45,74,47,29,54,47,72,47,75,45,45,45,82,42,67,68,12,12,37,43,43,12,12],"gold":32,"neow_bonus":"THREE_ENEMY_KILL","is_daily":false,"chose_seed":false,"campfire_upgraded":3,"win_rate":0.0,"timestamp":1612845461,"path_taken":["M","?","?","M","M","R","M","E","T","E","?","R","E","$","R","BOSS","M","M","$","?","?","R","E","R","T","M","?","E","R","M","R","BOSS","M","?","$","M","M","R","M","E","T","R","M","$","?"],"items_purchased_type":["Relic","Card","Card","Card","Card","Relic","Relic","Potion","Card","Card"],"build_version":"2020-12-22","purchased_purges":4,"victory":false,"max_hp_per_floor":[80,80,74,74,74,74,74,74,74,74,74,74,74,74,74,74,74,74,74,74,74,74,74,74,74,74,74,84,84,84,84,84,84,84,84,84,84,84,84,84,84,84,84,84,84,81,81,81],"relic_stats":{"Happy Flower":[33],"counters":[25,115],"Golden Idol":179,"PreservedInsect":336,"Bag of Preparation":[36],"Smiling Mask":25,"Burning Blood":126,"Peace Pipe":1,"OrangePellets":[8],"Dream Catcher":4,"Shuriken":[15],"Pantograph":0,"Pandora\u0027s Box":["Dual Wield","Intimidate","Wild Strike","Reaper","Reaper","Searing Blow","Infernal Blade"],"Black Star":1,"obtain_stats":[{"Pear":28,"NeowsBlessing":0,"Happy Flower":9,"Golden Idol":3,"Nilry\u0027s Codex":22,"PreservedInsect":2,"Bag of Preparation":13,"Smiling Mask":42,"Burning Blood":0,"Peace Pipe":26,"OrangePellets":37,"Dream Catcher":29,"Shuriken":24,"Pantograph":37,"Pandora\u0027s Box":17,"Black Star":34,"Bottled Lightning":10,"Membership Card":14,"TungstenRod":28,"FossilizedHelix":42,"Paper Frog":8},{"Pear":15,"NeowsBlessing":0,"Happy Flower":5,"Golden Idol":1,"Nilry\u0027s Codex":11,"PreservedInsect":1,"Bag of Preparation":7,"Smiling Mask":23,"Burning Blood":0,"Peace Pipe":12,"OrangePellets":19,"Dream Catcher":16,"Shuriken":12,"Pantograph":19,"Pandora\u0027s Box":8,"Black Star":18,"Bottled Lightning":6,"Membership Card":7,"TungstenRod":15,"FossilizedHelix":23,"Paper Frog":5},{"Pear":64,"NeowsBlessing":0,"Happy Flower":15,"Golden Idol":1,"Nilry\u0027s Codex":44,"PreservedInsect":1,"Bag of Preparation":23,"Smiling Mask":108,"Burning Blood":0,"Peace Pipe":46,"OrangePellets":88,"Dream Catcher":70,"Shuriken":46,"Pantograph":88,"Pandora\u0027s Box":31,"Black Star":83,"Bottled Lightning":18,"Membership Card":23,"TungstenRod":64,"FossilizedHelix":108,"Paper Frog":15}],"TungstenRod":50},"card_choices":[{"not_picked":["Battle Trance","Whirlwind"],"picked":"True Grit","floor":1.0},{"not_picked":["Warcry","Armaments"],"picked":"Twin Strike","floor":4.0},{"not_picked":["True Grit","Flex"],"picked":"Reckless Charge","floor":5.0},{"not_picked":["Bloodletting","Cleave"],"picked":"Intimidate","floor":7.0},{"not_picked":["Clash","Sword Boomerang"],"picked":"Metallicize","floor":8.0},{"not_picked":["Hemokinesis","Havoc"],"picked":"Inflame","floor":10.0},{"not_picked":["Juggernaut","Anger"],"picked":"Iron Wave","floor":13.0},{"not_picked":["Berserk","Bludgeon"],"picked":"Immolate","floor":16.0},{"not_picked":["Rage","Inflame"],"picked":"Sword Boomerang","floor":18.0},{"not_picked":["Perfected Strike","Pommel Strike"],"picked":"Armaments","floor":19.0},{"not_picked":["Cleave+1","Wild Strike"],"picked":"Battle Trance","floor":21.0},{"not_picked":["Dropkick","Iron Wave"],"picked":"Rupture","floor":24.0},{"not_picked":["Perfected Strike+1","Iron Wave"],"picked":"Hemokinesis","floor":27.0},{"not_picked":["Rampage","Perfected Strike+1","Armaments"],"picked":"SKIP","floor":29.0},{"not_picked":["Havoc","Rupture"],"picked":"Flex","floor":30.0},{"not_picked":["Havoc","Wild Strike","Rage"],"picked":"SKIP","floor":31.0},{"not_picked":["Perfected Strike","Clash"],"picked":"Infernal Blade+1","floor":32.0},{"not_picked":["Reaper","Juggernaut"],"picked":"Impervious","floor":33.0},{"not_picked":["Wild Strike+1","Clash+1","Iron Wave+1"],"picked":"SKIP","floor":35.0},{"not_picked":["Twin Strike","Anger+1"],"picked":"Thunderclap","floor":38.0},{"not_picked":["Body Slam+1","Anger"],"picked":"Uppercut","floor":39.0},{"not_picked":["Twin Strike","Warcry"],"picked":"Clothesline+1","floor":40.0},{"not_picked":["Perfected Strike","Headbutt+1","Heavy Blade"],"picked":"SKIP","floor":41.0},{"not_picked":["Rampage+1","Heavy Blade"],"picked":"Pummel+1","floor":42.0},{"not_picked":["Cleave+1","Iron Wave+1"],"picked":"Entrench+1","floor":44.0},{"not_picked":["Iron Wave","Havoc"],"picked":"Intimidate+1","floor":45.0}],"player_experience":169534,"relics_obtained":[{"floor":8.0,"key":"Paper Frog"},{"floor":9.0,"key":"Happy Flower"},{"floor":10.0,"key":"Bottled Lightning"},{"floor":13.0,"key":"Bag of Preparation"},{"floor":22.0,"key":"Nilry\u0027s Codex"},{"floor":24.0,"key":"Shuriken"},{"floor":26.0,"key":"Peace Pipe"},{"floor":28.0,"key":"TungstenRod"},{"floor":28.0,"key":"Pear"},{"floor":29.0,"key":"Dream Catcher"},{"floor":42.0,"key":"FossilizedHelix"},{"floor":42.0,"key":"Smiling Mask"}],"event_choices":[{"damage_healed":0.0,"max_hp_gain":0.0,"max_hp_loss":0.0,"gold_gain":0.0,"event_name":"Big Fish","player_choice":"Box","floor":2.0,"gold_loss":0.0,"damage_taken":0.0,"relics_obtained":["PreservedInsect"],"cards_obtained":["Regret"]},{"damage_healed":0.0,"max_hp_gain":0.0,"max_hp_loss":6.0,"gold_gain":0.0,"event_name":"Golden Idol","player_choice":"Lose Max HP","floor":3.0,"gold_loss":0.0,"damage_taken":0.0,"relics_obtained":["Golden Idol"]},{"damage_healed":0.0,"max_hp_gain":0.0,"max_hp_loss":0.0,"gold_gain":0.0,"cards_transformed":["Strike_R"],"event_name":"Transmorgrifier","player_choice":"Transformed","floor":11.0,"gold_loss":0.0,"damage_taken":0.0,"cards_obtained":["Blood for Blood"]},{"damage_healed":0.0,"max_hp_gain":0.0,"max_hp_loss":0.0,"gold_gain":0.0,"event_name":"Cursed Tome","player_choice":"Obtained Book","floor":22.0,"gold_loss":0.0,"damage_taken":16.0},{"damage_healed":0.0,"max_hp_gain":0.0,"max_hp_loss":0.0,"gold_gain":0.0,"event_name":"Colosseum","player_choice":"Fight","floor":28.0,"gold_loss":0.0,"damage_taken":0.0},{"damage_healed":0.0,"max_hp_gain":0.0,"max_hp_loss":0.0,"gold_gain":0.0,"event_name":"Colosseum","player_choice":"Fought Nobs","floor":28.0,"gold_loss":0.0,"damage_taken":0.0},{"damage_healed":0.0,"max_hp_gain":0.0,"max_hp_loss":0.0,"gold_gain":0.0,"event_name":"Tomb of Lord Red Mask","player_choice":"Ignored","floor":36.0,"gold_loss":0.0,"damage_taken":0.0},{"damage_healed":0,"gold_gain":0,"player_choice":"Fight","damage_taken":0,"max_hp_gain":0,"max_hp_loss":0,"event_name":"Mysterious Sphere","floor":47,"gold_loss":0}],"is_beta":false,"boss_relics":[{"not_picked":["Tiny House","SacredBark"],"picked":"Pandora\u0027s Box"},{"not_picked":["Velvet Choker","Sozu"],"picked":"Black Star"}],"items_purged_floors":[14,20,37,46],"is_endless":false,"potions_floor_spawned":[5,7,8,13,16,19,21,24,28,41,42,45],"killed_by":"2 Orb Walkers","ascension_level":8}}