{"host":"i7jfea87xc8lz16p","time":1612860222,"event":{"mods":["AchievementEnabler","BaseMod","Colored Powertips","Minty Spire (QoL Compilation)","Relic Stats"],"gold_per_floor":[112,129,148,163,180,180,208,208,231,231,245,245,279,298,298,298,298],"floor_reached":16,"language":"ENG","playtime":568,"items_purged":[],"score":228,"play_id":"b9213a4c-1f97-4c5e-86cc-a49f92982f28","local_time":"20210209094342","is_ascension_mode":true,"campfire_choices":[{"floor":6,"key":"REST"},{"floor":8,"key":"REST"},{"data":"Noxious Fumes","floor":10,"key":"SMITH"},{"data":"Deadly Poison","floor":12,"key":"SMITH"},{"data":"Deadly Poison","floor":15,"key":"SMITH"}],"circlet_count":0,"master_deck":["AscendersBane","Strike_G","Strike_G","Strike_G","Strike_G","Strike_G","Defend_G","Defend_G","Defend_G","Defend_G","Defend_G","Survivor","Neutralize+1","Flying Knee","Dagger Throw","Deadly Poison+1","Noxious Fumes+1","Prepared","Deadly Poison+1"],"relics":["Ring of the Snake","Nunchaku","Pen Nib","Potion Belt"],"acts_visited":["Exordium"],"potions_floor_usage":[7,11,13],"damage_taken":[{"damage":7,"enemies":"Cultist","floor":1,"turns":4},{"damage":0,"enemies":"2 Louse","floor":2,"turns":3},{"damage":7,"enemies":"Jaw Worm","floor":3,"turns":4},{"damage":6,"enemies":"3 Louse","floor":4,"turns":6},{"damage":3,"enemies":"Looter","floor":5,"turns":4},{"damage":26,"enemies":"3 Sentries","floor":7,"turns":8},{"damage":3,"enemies":"Exordium Thugs","floor":11,"turns":5},{"damage":25,"enemies":"Gremlin Nob","floor":13,"turns":4},{"damage":2,"enemies":"2 Fungi Beasts","floor":14,"turns":4},{"damage":19,"enemies":"Hexaghost","floor":16,"turns":7}],"seed_played":"5697919328941461138","potions_obtained":[{"floor":5,"key":"ColorlessPotion"},{"floor":7,"key":"Block Potion"},{"floor":11,"key":"Energy Potion"},{"floor":13,"key":"Energy Potion"}],"is_trial":false,"path_per_floor":["M","M","M","M","M","R","E","R","T","R","M","R","E","M","R","B"],"character_chosen":"THE_SILENT","items_purchased":[],"campfire_rested":2,"item_purchase_floors":[],"current_hp_per_floor":[52,52,45,39,36,55,29,48,48,48,45,45,20,18,18,0,0],"gold":298,"neow_bonus":"UPGRADE_CARD","is_daily":false,"chose_seed":false,"campfire_upgraded":3,"win_rate":0.0,"timestamp":1612860222,"path_taken":["M","M","M","M","M","R","E","R","T","R","?","R","E","M","R","BOSS"],"items_purchased_type":[],"build_version":"2020-12-22","purchased_purges":0,"victory":false,"max_hp_per_floor":[66,66,66,66,66,66,66,66,66,66,66,66,66,66,66,66,66],"relic_stats":{"Nunchaku":[3],"counters":[10,49],"Pen Nib":[3],"obtain_stats":[{"Potion Belt":13,"Nunchaku":7,"Pen Nib":9,"Ring of the Snake":0},{"Potion Belt":8,"Nunchaku":6,"Pen Nib":6,"Ring of the Snake":0},{"Potion Belt":38,"Nunchaku":29,"Pen Nib":29,"Ring of the Snake":0}],"Ring of the Snake":[20]},"card_choices":[{"not_picked":["Outmaneuver","Bane"],"picked":"Flying Knee","floor":1},{"not_picked":["Endless Agony","Bane"],"picked":"Dagger Throw","floor":2},{"not_picked":["Underhanded Strike","Cloak And Dagger"],"picked":"Deadly Poison","floor":3},{"not_picked":["Prepared","Expertise"],"picked":"Noxious Fumes","floor":4},{"not_picked":["Concentrate","Slice","Heel Hook"],"picked":"SKIP","floor":5},{"not_picked":["Flying Knee","Infinite Blades","Dagger Throw"],"picked":"SKIP","floor":7},{"not_picked":["Cloak And Dagger","Tactician"],"picked":"Prepared","floor":11},{"not_picked":["Blade Dance","Bullet Time"],"picked":"Deadly Poison","floor":13},{"not_picked":["Outmaneuver","Eviscerate","Deadly Poison"],"picked":"SKIP","floor":14}],"player_experience":1845326,"relics_obtained":[{"floor":7,"key":"Nunchaku"},{"floor":9,"key":"Pen Nib"},{"floor":13,"key":"Potion Belt"}],"event_choices":[],"is_beta":false,"boss_relics":[],"items_purged_floors":[],"is_endless":false,"potions_floor_spawned":[5,7,11,13],"killed_by":"Hexaghost","ascension_level":20}}