{"host":"65mk3suhfjklhbko","time":1612843267,"event":{"mods":["Astrologer","BaseMod","Downfall","Hermit","Jorbs\u0027s Wanderer Trilogy","Mad Scientist","Minty Spire (QoL Compilation)","Quick Restart","StSLib","The Disciple","The Mystic","The Servant 0.9.4","TheBandit"],"gold_per_floor":[109,109,127,142,142,142,142],"floor_reached":6,"language":"ENG","playtime":400,"items_purged":[],"score":36,"play_id":"1bc379b6-7ab7-4bf0-a5a1-1864a3616715","local_time":"20210208230107","is_ascension_mode":false,"campfire_choices":[],"circlet_count":0,"master_deck":["astrologer:Strike","astrologer:Strike","astrologer:Strike","astrologer:Defend","astrologer:Defend","astrologer:Defend","astrologer:Defend","astrologer:NorthStar","astrologer:TheFool","astrologer:ShiningStar","astrologer:FrozenStar","astrologer:Conjunction"],"relics":["astrologer:SkyMirror","NeowsBlessing","Pantograph"],"acts_visited":["Exordium"],"potions_floor_usage":[],"damage_taken":[{"damage":0.0,"enemies":"Jaw Worm","floor":1.0,"turns":1.0},{"damage":0.0,"enemies":"Cultist","floor":3.0,"turns":1.0},{"damage":0.0,"enemies":"Small Slimes","floor":4.0,"turns":1.0},{"damage":35,"enemies":"Lagavulin","floor":6,"turns":8}],"seed_played":"-5323451300373859693","potions_obtained":[{"floor":3.0,"key":"Swift Potion"}],"is_trial":false,"path_per_floor":["M","?","M","M","?","E"],"character_chosen":"ASTROLOGER","items_purchased":[],"campfire_rested":0,"item_purchase_floors":[],"current_hp_per_floor":[70,70,70,70,67,32,32],"gold":142,"neow_bonus":"THREE_ENEMY_KILL","is_daily":false,"chose_seed":false,"campfire_upgraded":0,"win_rate":0.0,"timestamp":1612843267,"path_taken":["M","?","M","?","?","E"],"items_purchased_type":[],"build_version":"2020-12-22","purchased_purges":0,"victory":false,"max_hp_per_floor":[70,70,70,70,70,70,70],"card_choices":[{"not_picked":["astrologer:ReadTheStars","astrologer:MeteorShower"],"picked":"astrologer:ShiningStar","floor":1.0},{"not_picked":["astrologer:Opposition","astrologer:SpaceDust"],"picked":"astrologer:FrozenStar","floor":3.0},{"not_picked":["astrologer:TheHermit","astrologer:TheLovers"],"picked":"astrologer:Conjunction","floor":4.0}],"player_experience":748350,"relics_obtained":[],"event_choices":[{"cards_removed":["astrologer:Strike"],"damage_healed":0.0,"max_hp_gain":0.0,"max_hp_loss":0.0,"gold_gain":0.0,"event_name":"Bonfire Elementals","player_choice":"Offered Basic","floor":2.0,"gold_loss":0.0,"damage_taken":0.0},{"damage_healed":0.0,"max_hp_gain":0.0,"max_hp_loss":0.0,"gold_gain":0.0,"event_name":"Scrap Ooze","player_choice":"Success","floor":5.0,"gold_loss":0.0,"damage_taken":3.0,"relics_obtained":["Pantograph"]}],"is_beta":false,"boss_relics":[],"items_purged_floors":[],"is_endless":false,"potions_floor_spawned":[3],"killed_by":"Lagavulin","ascension_level":0}}