{"host":"sc0o2qwpf9j16a4i","time":1612866838,"event":{"mods":["AchievementEnabler","BaseMod","BetterRewards","Block Reminder","Colored Map","Colored Powertips","Custom Start","Highlight Path","Minty Spire (QoL Compilation)","Relic Stats"],"gold_per_floor":[118,118,132,150,164,192,216,254,289,335,347,373,15,33,33,133,133,152,1,19,19,31,64,64,76,103,127,127,159,7,34,34,134,134,151,151,151],"floor_reached":36,"language":"ENG","playtime":1290,"items_purged":[],"score":484,"play_id":"715da827-a9b6-41d9-b964-7847ff2ff0a2","local_time":"20210209123358","daily_mods":["Specialized","Purple Cards","Lethality"],"is_ascension_mode":false,"campfire_choices":[{"data":"Sucker Punch","floor":11,"key":"SMITH"},{"data":"TalkToTheHand","floor":15,"key":"SMITH"},{"data":"Establishment","floor":24,"key":"SMITH"},{"floor":32,"key":"REST"}],"circlet_count":0,"master_deck":["Strike_G","Strike_G","Strike_G+1","Strike_G","Strike_G","Defend_G","Defend_G","Defend_G","Defend_G","Defend_G","Survivor","Neutralize","FlurryOfBlows+1","FlurryOfBlows","FlurryOfBlows","FlurryOfBlows","FlurryOfBlows","FlyingSleeves","CrushJoints","Well Laid Plans","FlyingSleeves","Finisher","Wallop","Evaluate","Sucker Punch+1","Swivel+1","TalkToTheHand+1","Sucker Punch","Establishment+1","CurseOfTheBell","Evaluate+1","Conclude","Deflect","Riddle With Holes","Protect","Backflip+1","Omniscience","Adrenaline","Terror+1"],"relics":["Ring of the Snake","Mummified Hand","MawBank","Odd Mushroom","Tiny Chest","Nunchaku","Mango","Calling Bell","MealTicket","Ornamental Fan","Tingsha","StoneCalendar","Happy Flower","Whetstone","Unceasing Top","Membership Card","War Paint","Philosopher\u0027s Stone"],"acts_visited":["Exordium","TheCity","TheBeyond"],"potions_floor_usage":[16,16,22,23,29,31,31,36],"damage_taken":[{"damage":0,"enemies":"Jaw Worm","floor":1,"turns":2},{"damage":0,"enemies":"Cultist","floor":3,"turns":2},{"damage":0,"enemies":"2 Louse","floor":4,"turns":2},{"damage":5,"enemies":"Looter","floor":5,"turns":3},{"damage":10,"enemies":"3 Sentries","floor":6,"turns":5},{"damage":2,"enemies":"Large Slime","floor":7,"turns":3},{"damage":8,"enemies":"The Mushroom Lair","floor":8,"turns":3},{"damage":5,"enemies":"Gremlin Nob","floor":10,"turns":3},{"damage":0,"enemies":"Red Slaver","floor":12,"turns":2},{"damage":0,"enemies":"Blue Slaver","floor":14,"turns":2},{"damage":32,"enemies":"Hexaghost","floor":16,"turns":7},{"damage":21,"enemies":"Spheric Guardian","floor":18,"turns":4},{"damage":2,"enemies":"Shell Parasite","floor":20,"turns":4},{"damage":3,"enemies":"Snecko","floor":22,"turns":4},{"damage":5,"enemies":"Slavers","floor":23,"turns":4},{"damage":37,"enemies":"Snake Plant","floor":25,"turns":3},{"damage":18,"enemies":"Gremlin Leader","floor":29,"turns":5},{"damage":14,"enemies":"Book of Stabbing","floor":31,"turns":4},{"damage":32,"enemies":"Champ","floor":33,"turns":12},{"damage":1,"enemies":"3 Shapes","floor":35,"turns":2},{"damage":0,"enemies":"3 Darklings","floor":36,"turns":2}],"seed_played":"2674712070598854443","potions_obtained":[{"floor":6,"key":"DuplicationPotion"},{"floor":8,"key":"Strength Potion"},{"floor":10,"key":"Explosive Potion"},{"floor":16,"key":"DuplicationPotion"},{"floor":23,"key":"Dexterity Potion"},{"floor":29,"key":"Weak Potion"},{"floor":35,"key":"AttackPotion"}],"is_trial":true,"path_per_floor":["M","?","M","M","M","E","M","?","T","E","R","M","$","M","R","B",null,"M","$","M","$","M","E","R","M","T","T","?","E","$","E","R","B",null,"M","M"],"character_chosen":"THE_SILENT","items_purchased":["TalkToTheHand","Mango","Conclude","DistilledChaos","Membership Card"],"campfire_rested":1,"item_purchase_floors":[13,13,19,19,30],"current_hp_per_floor":[70,70,70,70,65,55,53,45,45,40,40,40,54,54,54,22,84,63,78,76,84,81,76,76,39,39,39,39,21,36,22,47,15,84,83,83,83],"gold":151,"neow_bonus":"","is_daily":false,"chose_seed":false,"campfire_upgraded":3,"win_rate":0.0,"timestamp":1612866838,"path_taken":["M","?","M","M","M","E","M","?","T","E","R","M","?","?","R","BOSS","M","$","M","?","M","E","R","M","T","?","?","E","$","E","R","BOSS","M","M"],"items_purchased_type":["Card","Relic","Card","Potion","Relic"],"build_version":"2020-12-22","purchased_purges":0,"victory":false,"max_hp_per_floor":[70,70,70,70,70,70,70,70,70,70,70,70,84,84,84,84,84,84,84,84,84,84,84,84,84,84,84,84,84,84,84,84,84,84,84,84,84],"relic_stats":{"Happy Flower":[8],"counters":[21,78],"Tingsha":[15],"StoneCalendar":[52],"Whetstone":["Strike_G","FlurryOfBlows"],"War Paint":["Swivel","Evaluate"],"MawBank":84,"Nunchaku":[16],"Mummified Hand":[27],"Ornamental Fan":[120],"Tiny Chest":1,"MealTicket":38,"obtain_stats":[{"Happy Flower":26,"Mango":13,"Tingsha":17,"StoneCalendar":23,"Whetstone":27,"Odd Mushroom":8,"War Paint":31,"MawBank":6,"Calling Bell":17,"Nunchaku":10,"Mummified Hand":2,"Ornamental Fan":17,"Tiny Chest":9,"MealTicket":17,"Philosopher\u0027s Stone":34,"Membership Card":30,"Unceasing Top":29,"Ring of the Snake":0},{"Happy Flower":16,"Mango":9,"Tingsha":11,"StoneCalendar":15,"Whetstone":16,"Odd Mushroom":7,"War Paint":18,"MawBank":5,"Calling Bell":11,"Nunchaku":8,"Mummified Hand":1,"Ornamental Fan":11,"Tiny Chest":7,"MealTicket":11,"Philosopher\u0027s Stone":19,"Membership Card":17,"Unceasing Top":17,"Ring of the Snake":0},{"Happy Flower":53,"Mango":25,"Tingsha":34,"StoneCalendar":50,"Whetstone":53,"Odd Mushroom":20,"War Paint":62,"MawBank":14,"Calling Bell":34,"Nunchaku":23,"Mummified Hand":2,"Ornamental Fan":34,"Tiny Chest":20,"MealTicket":34,"Philosopher\u0027s Stone":74,"Membership Card":58,"Unceasing Top":58,"Ring of the Snake":0}],"Unceasing Top":[6],"Ring of the Snake":[42]},"card_choices":[{"not_picked":["Consecrate","Blade Dance"],"picked":"FlyingSleeves","floor":1},{"not_picked":["Reflex","Slice"],"picked":"CrushJoints","floor":3},{"not_picked":["Meditate","Blade Dance"],"picked":"Well Laid Plans","floor":4},{"not_picked":["FlurryOfBlows","Consecrate"],"picked":"FlyingSleeves","floor":5},{"not_picked":["Indignation","Wish"],"picked":"Finisher","floor":6},{"not_picked":["Leg Sweep","Cloak And Dagger"],"picked":"Wallop","floor":7},{"not_picked":["Flying Knee","Weave"],"picked":"Evaluate","floor":8},{"not_picked":["SashWhip","FearNoEvil"],"picked":"Sucker Punch","floor":10},{"not_picked":["EmptyBody","WaveOfTheHand"],"picked":"Swivel","floor":12},{"not_picked":["Prepared","FlurryOfBlows"],"picked":"Sucker Punch","floor":14},{"not_picked":["DeusExMachina","Unload"],"picked":"Establishment","floor":16},{"not_picked":["Eviscerate","Dash"],"picked":"Evaluate","floor":18},{"not_picked":["Dodge and Roll+1","Crescendo"],"picked":"Deflect","floor":20},{"not_picked":["Outmaneuver","Flying Knee","Riddle With Holes"],"picked":"SKIP","floor":22},{"not_picked":["Outmaneuver","Flying Knee"],"picked":"Riddle With Holes","floor":22},{"not_picked":["FlurryOfBlows","Bane"],"picked":"Protect","floor":23},{"not_picked":["Prepared","Dagger Throw"],"picked":"Backflip+1","floor":25},{"not_picked":["Burst","PiercingWail"],"picked":"Omniscience","floor":29},{"not_picked":["Flying Knee+1","Judgement","Dagger Throw+1"],"picked":"SKIP","floor":31},{"not_picked":["Brilliance","Tools of the Trade"],"picked":"Adrenaline","floor":33},{"not_picked":["Consecrate","Tantrum"],"picked":"Terror+1","floor":35}],"player_experience":1285782,"relics_obtained":[{"floor":6,"key":"MawBank"},{"floor":8,"key":"Odd Mushroom"},{"floor":9,"key":"Tiny Chest"},{"floor":10,"key":"Nunchaku"},{"floor":17,"key":"MealTicket"},{"floor":17,"key":"Ornamental Fan"},{"floor":17,"key":"Tingsha"},{"floor":23,"key":"StoneCalendar"},{"floor":26,"key":"Happy Flower"},{"floor":27,"key":"Whetstone"},{"floor":29,"key":"Unceasing Top"},{"floor":31,"key":"War Paint"}],"event_choices":[{"damage_healed":0,"gold_gain":0,"player_choice":"Box","damage_taken":0,"relics_obtained":["Mummified Hand"],"max_hp_gain":0,"max_hp_loss":0,"event_name":"Big Fish","floor":2,"gold_loss":0,"cards_obtained":["Regret"]},{"damage_healed":0,"gold_gain":0,"player_choice":"Fought Mushrooms","damage_taken":0,"max_hp_gain":0,"max_hp_loss":0,"event_name":"Mushrooms","floor":8,"gold_loss":0},{"cards_removed":["Regret"],"damage_healed":0,"gold_gain":0,"player_choice":"Elegance","damage_taken":0,"max_hp_gain":0,"max_hp_loss":0,"event_name":"Back to Basics","floor":28,"gold_loss":0}],"is_beta":false,"boss_relics":[{"not_picked":["Pandora\u0027s Box","SacredBark"],"picked":"Calling Bell"},{"not_picked":["SlaversCollar","Ring of the Serpent"],"picked":"Philosopher\u0027s Stone"}],"items_purged_floors":[],"is_endless":false,"potions_floor_spawned":[6,8,10,12,16,23,29,35],"killed_by":"3 Darklings","ascension_level":0}}