{"host":"xb2tau8pgi8aflss","time":1612848883,"event":{"mods":["AchievementEnabler","BaseMod","Hermit","Minty Spire (QoL Compilation)","StSLib","SuperFastMode"],"gold_per_floor":[366,275,275,285,297,297,297,297,372,389,20,20,53,68,68,68,68],"floor_reached":16,"language":"KOR","playtime":547,"items_purged":[],"score":120,"play_id":"1bd27953-f6e4-41dc-959c-8920a141651b","local_time":"20210209143443","is_ascension_mode":true,"campfire_choices":[{"data":"hermit:BodyArmor","floor":6,"key":"SMITH"},{"data":"hermit:EternalForm","floor":8,"key":"SMITH"},{"data":"hermit:Covet","floor":12,"key":"SMITH"},{"floor":15,"key":"REST"}],"circlet_count":0,"master_deck":["hermit:Strike_Hermit","hermit:Strike_Hermit","hermit:Strike_Hermit","hermit:Strike_Hermit","hermit:Defend_Hermit","hermit:Defend_Hermit","hermit:Defend_Hermit","hermit:Defend_Hermit","hermit:Snapshot","hermit:Covet+1","hermit:LoneWolf","hermit:HighCaliber","hermit:Brawl","Regret","hermit:BodyArmor+1","hermit:EternalForm+1","hermit:GoldenBullet","hermit:EternalForm+1","hermit:RoundhouseKick","hermit:FatalDesire","hermit:Malice","hermit:Vantage"],"relics":["hermit:Momento","Letter Opener","DollysMirror","Strawberry"],"acts_visited":["Exordium"],"potions_floor_usage":[10,16],"damage_taken":[{"damage":4,"enemies":"2 Louse","floor":1,"turns":3},{"damage":18,"enemies":"Jaw Worm","floor":4,"turns":4},{"damage":5,"enemies":"Cultist","floor":5,"turns":4},{"damage":10,"enemies":"Lots of Slimes","floor":10,"turns":4},{"damage":23,"enemies":"Gremlin Nob","floor":13,"turns":5},{"damage":12,"enemies":"3 Louse","floor":14,"turns":2},{"damage":31,"enemies":"The Guardian","floor":16,"turns":5}],"seed_played":"-4564901553347770316","potions_obtained":[{"floor":5,"key":"AttackPotion"},{"floor":14,"key":"ColorlessPotion"}],"is_trial":false,"path_per_floor":["M","$","?","M","M","R","?","R","T","M","$","R","E","M","R","B"],"character_chosen":"HERMIT","items_purchased":["hermit:HighCaliber","hermit:Brawl","DollysMirror","hermit:RoundhouseKick","hermit:FatalDesire"],"campfire_rested":1,"item_purchase_floors":[2,2,11,11,11],"current_hp_per_floor":[64,64,64,46,41,41,41,41,41,31,31,31,15,3,25,0,0],"gold":68,"neow_bonus":"TWO_FIFTY_GOLD","is_daily":false,"chose_seed":false,"campfire_upgraded":3,"win_rate":0.0,"timestamp":1612848883,"path_taken":["M","$","?","M","M","R","?","R","T","?","$","R","E","?","R","BOSS"],"items_purchased_type":["Card","Card","Relic","Card","Card"],"build_version":"2020-12-22","purchased_purges":0,"victory":false,"max_hp_per_floor":[68,68,68,68,68,68,68,68,68,68,68,68,75,75,75,75,75],"card_choices":[{"not_picked":["hermit:Manifest","hermit:SprayPray"],"picked":"hermit:LoneWolf","floor":1},{"not_picked":["hermit:Vantage","hermit:TrackingShot"],"picked":"hermit:BodyArmor","floor":4},{"not_picked":["hermit:TrackingShot","hermit:Desperado","hermit:ItchyTrigger"],"picked":"SKIP","floor":5},{"not_picked":["hermit:Feint","hermit:Misfire"],"picked":"hermit:GoldenBullet","floor":10},{"not_picked":["hermit:Manifest","hermit:ItchyTrigger"],"picked":"hermit:Malice","floor":13},{"not_picked":["hermit:Headshot","hermit:Quickdraw"],"picked":"hermit:Vantage","floor":14}],"player_experience":819217,"relics_obtained":[{"floor":13,"key":"Strawberry"}],"event_choices":[{"damage_healed":0,"gold_gain":0,"player_choice":"Box","damage_taken":0,"relics_obtained":["Letter Opener"],"max_hp_gain":0,"max_hp_loss":0,"event_name":"Big Fish","floor":3,"gold_loss":0,"cards_obtained":["Regret"]},{"damage_healed":0,"gold_gain":0,"player_choice":"1 cards matched","damage_taken":0,"max_hp_gain":0,"max_hp_loss":0,"event_name":"Match and Keep!","floor":7,"gold_loss":0,"cards_obtained":["hermit:EternalForm"]}],"is_beta":false,"boss_relics":[],"items_purged_floors":[],"is_endless":false,"potions_floor_spawned":[5,14],"killed_by":"The Guardian","ascension_level":4}}