{"host":"bgyhjzqafgkxdxsh","time":1612858865,"event":{"mods":["BaseMod","Colored Map","Minty Spire (QoL Compilation)","Relic Stats","StSLib","everything is the same but u backflip on backflip"],"gold_per_floor":[115,115,40,40,64,64,94,94,94,125,155,31,53,71,71,146,146,158,158,158,175,100,100,127,127,127,127,127,127,127,141,141,215,265,279,279,298,309,334,344,344,344,344,379,390,423,32,32,32],"floor_reached":48,"language":"ENG","playtime":1578,"items_purged":["Defend_G"],"score":1019,"play_id":"6a93f4a8-f0b2-472f-9e82-16a7a134a95a","local_time":"20210209182105","is_ascension_mode":true,"campfire_choices":[{"data":"Neutralize","floor":6,"key":"SMITH"},{"data":"Catalyst","floor":8,"key":"SMITH"},{"data":"Crippling Poison","floor":15,"key":"SMITH"},{"data":"Tools of the Trade","floor":23,"key":"SMITH"},{"data":"Cloak And Dagger","floor":25,"key":"SMITH"},{"data":"Poisoned Stab","floor":27,"key":"SMITH"},{"data":"Backstab","floor":29,"key":"SMITH"},{"floor":32,"key":"REST"},{"data":"Dodge and Roll","floor":42,"key":"SMITH"}],"circlet_count":0,"master_deck":["AscendersBane","Strike_G","Strike_G+1","Strike_G","Defend_G","Defend_G","Defend_G","Defend_G","Survivor","Neutralize+1","Catalyst+1","Backstab+1","Deadly Poison","Cloak And Dagger+1","Deadly Poison","Die Die Die","Crippling Poison+1","Tools of the Trade+1","Poisoned Stab+1","Necronomicurse","Dodge and Roll+1","Backflip+1","Noxious Fumes","Backstab+1","Eviscerate","Glass Knife","Catalyst","Dash","Dash"],"relics":["Ring of the Snake","NeowsBlessing","Tiny Chest","Eternal Feather","The Courier","MawBank","Medical Kit","Odd Mushroom","SacredBark","Necronomicon","Toy Ornithopter","Lizard Tail","Ice Cream","Tiny House","Pocketwatch","White Beast Statue","Letter Opener","PreservedInsect","Frozen Egg 2","TungstenRod","Orrery"],"acts_visited":["Exordium","TheCity","TheBeyond"],"potions_floor_usage":[13,21,21,31,33,38,39,44,45,46,48],"damage_taken":[{"damage":0,"enemies":"Small Slimes","floor":1,"turns":1},{"damage":0,"enemies":"Gremlin Nob","floor":7,"turns":1},{"damage":0,"enemies":"3 Sentries","floor":10,"turns":1},{"damage":0,"enemies":"Jaw Worm","floor":11,"turns":3},{"damage":15,"enemies":"The Mushroom Lair","floor":13,"turns":4},{"damage":1,"enemies":"2 Louse","floor":14,"turns":2},{"damage":16,"enemies":"The Guardian","floor":16,"turns":6},{"damage":8,"enemies":"Chosen","floor":18,"turns":3},{"damage":20,"enemies":"Shell Parasite","floor":21,"turns":3},{"damage":39,"enemies":"Book of Stabbing","floor":24,"turns":5},{"damage":18,"enemies":"Centurion and Healer","floor":31,"turns":5},{"damage":40,"enemies":"Champ","floor":33,"turns":11},{"damage":9,"enemies":"3 Shapes","floor":35,"turns":3},{"damage":5,"enemies":"Orb Walker","floor":37,"turns":4},{"damage":40,"enemies":"Spire Growth","floor":38,"turns":5},{"damage":0,"enemies":"Mind Bloom Boss Battle","floor":39,"turns":3},{"damage":45,"enemies":"Transient","floor":40,"turns":5},{"damage":51,"enemies":"Reptomancer","floor":44,"turns":5},{"damage":0,"enemies":"Sphere and 2 Shapes","floor":45,"turns":3},{"damage":2,"enemies":"Giant Head","floor":46,"turns":6},{"damage":25,"enemies":"Writhing Mass","floor":48,"turns":3}],"seed_played":"5500650081556213844","potions_obtained":[{"floor":1,"key":"AttackPotion"},{"floor":11,"key":"SteroidPotion"},{"floor":18,"key":"SteroidPotion"},{"floor":24,"key":"Poison Potion"},{"floor":31,"key":"SteroidPotion"},{"floor":34,"key":"AttackPotion"},{"floor":38,"key":"SkillPotion"},{"floor":40,"key":"Explosive Potion"},{"floor":44,"key":"Explosive Potion"},{"floor":45,"key":"GhostInAJar"},{"floor":46,"key":"Strength Potion"}],"is_trial":false,"path_per_floor":["M","?","$","?","T","R","E","R","T","E","M","$","?","M","R","B",null,"M","?","T","M","?","R","E","R","T","R","?","R","T","M","R","B",null,"M","?","M","M","?","M","T","R","T","E","M","E","$","M"],"character_chosen":"THE_SILENT","items_purchased":["Deadly Poison","Medical Kit","TungstenRod","Dash","Orrery"],"campfire_rested":1,"item_purchase_floors":[12,12,47,47,47],"current_hp_per_floor":[63,56,56,61,61,61,61,67,67,67,67,67,52,51,60,44,67,59,43,43,33,33,45,6,18,18,30,16,28,28,15,51,16,69,60,60,55,20,25,42,42,57,57,11,16,19,19,0,0],"gold":32,"neow_bonus":"THREE_ENEMY_KILL","is_daily":false,"chose_seed":false,"campfire_upgraded":8,"win_rate":0.0,"timestamp":1612858865,"path_taken":["M","?","$","?","?","R","E","R","T","E","?","$","?","M","R","BOSS","M","?","?","?","?","R","E","R","T","R","?","R","?","M","R","BOSS","M","?","?","M","?","M","?","R","T","E","M","E","$","M"],"items_purchased_type":["Card","Relic","Relic","Card","Relic"],"build_version":"2020-12-22","purchased_purges":1,"victory":false,"max_hp_per_floor":[70,70,70,75,75,75,75,75,75,75,75,75,75,75,75,75,75,75,75,75,75,75,75,75,75,75,75,80,80,80,80,80,80,85,85,85,85,85,85,85,85,85,85,85,85,85,85,85,85],"relic_stats":{"counters":[21,82],"Eternal Feather":90,"PreservedInsect":130,"Letter Opener":[15],"MawBank":24,"Medical Kit":[4],"Lizard Tail":42,"Tiny Chest":3,"Necronomicon":[8],"obtain_stats":[{"Ice Cream":30,"Tiny House":34,"NeowsBlessing":0,"SacredBark":17,"Eternal Feather":7,"The Courier":9,"PreservedInsect":44,"Letter Opener":43,"Odd Mushroom":13,"Frozen Egg 2":46,"MawBank":10,"Medical Kit":12,"White Beast Statue":41,"Lizard Tail":24,"Orrery":47,"Tiny Chest":5,"Necronomicon":19,"Toy Ornithopter":20,"TungstenRod":47,"Ring of the Snake":0,"Pocketwatch":39},{"Ice Cream":10,"Tiny House":12,"NeowsBlessing":0,"SacredBark":7,"Eternal Feather":2,"The Courier":2,"PreservedInsect":18,"Letter Opener":17,"Odd Mushroom":5,"Frozen Egg 2":20,"MawBank":3,"Medical Kit":4,"White Beast Statue":17,"Lizard Tail":10,"Orrery":20,"Tiny Chest":1,"Necronomicon":8,"Toy Ornithopter":8,"TungstenRod":20,"Ring of the Snake":0,"Pocketwatch":16},{"Ice Cream":29,"Tiny House":45,"NeowsBlessing":0,"SacredBark":18,"Eternal Feather":2,"The Courier":2,"PreservedInsect":70,"Letter Opener":65,"Odd Mushroom":10,"Frozen Egg 2":79,"MawBank":3,"Medical Kit":6,"White Beast Statue":65,"Lizard Tail":29,"Orrery":79,"Tiny Chest":1,"Necronomicon":21,"Toy Ornithopter":21,"TungstenRod":79,"Ring of the Snake":0,"Pocketwatch":60}],"Toy Ornithopter":50,"TungstenRod":4,"Ring of the Snake":[42],"Pocketwatch":[21]},"card_choices":[{"not_picked":["Slice","Backstab"],"picked":"Catalyst","floor":1},{"not_picked":["Flechettes","Finisher"],"picked":"Backstab","floor":7},{"not_picked":["Dodge and Roll","Dash"],"picked":"Deadly Poison","floor":10},{"not_picked":["Bane","Terror"],"picked":"Cloak And Dagger","floor":11},{"not_picked":["Accuracy","Outmaneuver"],"picked":"Die Die Die","floor":13},{"not_picked":["PiercingWail","Cloak And Dagger"],"picked":"Crippling Poison","floor":14},{"not_picked":["Bullet Time","Storm of Steel"],"picked":"Tools of the Trade","floor":16},{"not_picked":["Underhanded Strike","Well Laid Plans"],"picked":"Poisoned Stab","floor":18},{"not_picked":["Dagger Spray","Poisoned Stab"],"picked":"Dodge and Roll","floor":21},{"not_picked":["Poisoned Stab","Flying Knee","Expertise"],"picked":"SKIP","floor":24},{"not_picked":["Acrobatics","Deadly Poison","Outmaneuver"],"picked":"SKIP","floor":31},{"not_picked":["Dodge and Roll","All Out Attack"],"picked":"Backflip+1","floor":34},{"not_picked":["Prepared+1","Dodge and Roll+1"],"picked":"Noxious Fumes","floor":35},{"not_picked":["Finisher","Endless Agony"],"picked":"Backstab+1","floor":37},{"not_picked":["Caltrops+1","Cloak And Dagger","Slice"],"picked":"SKIP","floor":38},{"not_picked":["Footwork","Blur+1"],"picked":"Eviscerate","floor":39},{"not_picked":["Dagger Spray+1","Flying Knee"],"picked":"Glass Knife","floor":40},{"not_picked":["All Out Attack","Accuracy"],"picked":"Catalyst","floor":44},{"not_picked":["Slice","Quick Slash","Blade Dance"],"picked":"SKIP","floor":45},{"not_picked":["Dodge and Roll","Sucker Punch","Blur"],"picked":"SKIP","floor":46},{"not_picked":["Dagger Spray","Backstab"],"picked":"Dash","floor":47}],"player_experience":487880,"relics_obtained":[{"floor":5,"key":"Tiny Chest"},{"floor":7,"key":"Eternal Feather"},{"floor":9,"key":"The Courier"},{"floor":10,"key":"MawBank"},{"floor":13,"key":"Odd Mushroom"},{"floor":19,"key":"Necronomicon"},{"floor":20,"key":"Toy Ornithopter"},{"floor":24,"key":"Lizard Tail"},{"floor":30,"key":"Ice Cream"},{"floor":39,"key":"Pocketwatch"},{"floor":41,"key":"White Beast Statue"},{"floor":43,"key":"Letter Opener"},{"floor":44,"key":"PreservedInsect"},{"floor":46,"key":"Frozen Egg 2"}],"event_choices":[{"cards_removed":["Strike_G"],"damage_healed":0,"gold_gain":0,"player_choice":"Card Removal","damage_taken":7,"max_hp_gain":0,"max_hp_loss":0,"event_name":"Golden Wing","floor":2,"gold_loss":0},{"damage_healed":0,"gold_gain":0,"player_choice":"Donut","damage_taken":0,"max_hp_gain":5,"max_hp_loss":0,"event_name":"Big Fish","floor":4,"gold_loss":0},{"damage_healed":0,"gold_gain":0,"player_choice":"Fought Mushrooms","damage_taken":0,"max_hp_gain":0,"max_hp_loss":0,"event_name":"Mushrooms","floor":13,"gold_loss":0},{"damage_healed":0,"gold_gain":0,"player_choice":"Obtained Book","damage_taken":16,"max_hp_gain":0,"max_hp_loss":0,"event_name":"Cursed Tome","floor":19,"gold_loss":0},{"cards_removed":["Strike_G"],"damage_healed":0,"gold_gain":0,"player_choice":"Gave Gold","damage_taken":0,"max_hp_gain":0,"max_hp_loss":0,"event_name":"Beggar","floor":22,"gold_loss":75},{"damage_healed":0,"gold_gain":0,"player_choice":"Shed Blood","damage_taken":19,"max_hp_gain":5,"max_hp_loss":0,"event_name":"Forgotten Altar","floor":28,"gold_loss":0},{"damage_healed":0,"gold_gain":0,"player_choice":"Ignored","damage_taken":0,"max_hp_gain":0,"max_hp_loss":0,"event_name":"SecretPortal","floor":36,"gold_loss":0},{"damage_healed":0,"gold_gain":0,"player_choice":"Fight","damage_taken":0,"max_hp_gain":0,"max_hp_loss":0,"event_name":"MindBloom","floor":39,"gold_loss":0}],"is_beta":false,"boss_relics":[{"not_picked":["HoveringKite","Fusion Hammer"],"picked":"SacredBark"},{"not_picked":["Pandora\u0027s Box","Runic Dome"],"picked":"Tiny House"}],"items_purged_floors":[3],"is_endless":false,"potions_floor_spawned":[1,11,18,24,31,38,40,44,45,46],"killed_by":"Writhing Mass","ascension_level":13}}