{"host":"y6zg4wwu39otf01a","time":1612901144,"event":{"mods":["Act Like it!","Aspiration","BaseMod","Better Altar","Better Match","Better Note","Better Sensory Stone","Better Skull","Better Third Choice","Challenge The Spire","Colored Map","Colored Powertips","Conspire","GifTheSpireLib","Glutton Mod","Halation","Hermit","Highlight Path","Hubris","Infinite Spire","Mimic Mod","Minty Spire (QoL Compilation)","Quick Restart","Random Character Button","Rare Cards Sparkle","Replay The Spire","Retaliation","Spicy Shops","Spire Arcade","StSLib","Stuff the Spire","The Blue Laboratory","The Jungle"],"gold_per_floor":[115,115,227,244,259,259,293,259,298,70,70,70,70,81,81,184,184,202,202,52,52,52,52],"floor_reached":22,"language":"ENG","playtime":1217,"items_purged":[],"score":207,"play_id":"e5ee4165-5a49-4343-a6e3-acaf8b1c88a6","local_time":"20210209140544","is_ascension_mode":true,"campfire_choices":[{"data":"hermit:BigShot","floor":6,"key":"SMITH"},{"floor":11,"key":"REST"},{"floor":12,"key":"REST"},{"data":"hermit:Showdown","floor":15,"key":"SMITH"}],"circlet_count":0,"master_deck":["hermit:Strike_Hermit","hermit:Strike_Hermit","hermit:Strike_Hermit","hermit:Strike_Hermit","hermit:Defend_Hermit","hermit:Defend_Hermit","hermit:Defend_Hermit","hermit:Defend_Hermit","hermit:Snapshot","hermit:Covet","hermit:BigShot+1","hermit:ItchyTrigger","Pain","hermit:Showdown+1","hermit:EternalForm","StuffTheSpire:Plugnplay"],"relics":["hermit:Momento","NeowsBlessing","StuffTheSpire:TintedRock","betterThird:SlimedRelic","Akabeko","halation:Komachan","Juzu Bracelet","WarpedTongs","aspiration:DefectSkillbook","halation:PurpleSoulGem","Prayer Wheel"],"acts_visited":["Exordium","TheCity"],"potions_floor_usage":[7,7,9,16],"damage_taken":[{"damage":0,"enemies":"Cultist","floor":1,"turns":1},{"damage":0,"enemies":"Jaw Worm","floor":4,"turns":1},{"damage":0,"enemies":"Small Slimes","floor":5,"turns":1},{"damage":37,"enemies":"3 Sentries","floor":7,"turns":11},{"damage":8,"enemies":"Looter","floor":9,"turns":12},{"damage":6,"enemies":"Looter","floor":14,"turns":2},{"damage":47,"enemies":"Slime Boss","floor":16,"turns":15},{"damage":22,"enemies":"Spheric Guardian","floor":18,"turns":4},{"damage":58,"enemies":"Chosen","floor":22,"turns":6}],"seed_played":"-3112639181581120749","potions_obtained":[{"floor":4,"key":"blueLaboratory:BubblePotion"},{"floor":5,"key":"Toxic Potion"},{"floor":7,"key":"blueLaboratory:SavagePotion"},{"floor":14,"key":"LifebloodPotion"}],"is_trial":false,"path_per_floor":["M","$","?","M","M","R","E","?","MIM","$","R","R","?","M","R","B",null,"M","?","$","?","M"],"character_chosen":"HERMIT","items_purchased":["halation:Komachan","Juzu Bracelet","ReplayTheSpireMod:Fabricate Wheel"],"campfire_rested":2,"item_purchase_floors":[10,10,20],"current_hp_per_floor":[75,75,67,67,67,67,30,19,11,11,33,55,55,49,49,2,75,53,58,58,58,0,0],"gold":52,"neow_bonus":"THREE_ENEMY_KILL","is_daily":false,"chose_seed":false,"campfire_upgraded":2,"win_rate":0.0,"timestamp":1612901144,"path_taken":["M","$","?","M","?","R","E","?","MIM","$","R","R","?","M","R","BOSS","M","?","$","?","M"],"items_purchased_type":["Relic","Relic","Card"],"build_version":"2020-12-22","purchased_purges":0,"victory":false,"max_hp_per_floor":[75,75,75,75,75,75,75,75,75,75,75,75,75,75,75,75,75,75,75,75,75,75,75],"card_choices":[{"not_picked":["hermit:Vantage","hermit:CalledShot","hermit:Feint"],"picked":"SKIP","floor":1},{"not_picked":["hermit:TakeAim","hermit:HighCaliber"],"picked":"hermit:Coalescence","floor":4},{"not_picked":["hermit:Combo","hermit:Misfire"],"picked":"hermit:BigShot","floor":5},{"not_picked":["hermit:Maintenance","hermit:NoHoldsBarred"],"picked":"hermit:ItchyTrigger","floor":7},{"not_picked":["hermit:PistolWhip","hermit:FullyLoaded"],"picked":"hermit:Showdown","floor":14},{"not_picked":["hermit:Reprieve","hermit:HeroicBravado"],"picked":"hermit:EternalForm","floor":16},{"not_picked":["hermit:LowProfile+1","hermit:Snipe","Defragment"],"picked":"StuffTheSpire:Plugnplay","floor":18}],"player_experience":761259,"relics_obtained":[{"floor":7,"key":"StuffTheSpire:TintedRock"},{"floor":9,"key":"Akabeko"}],"event_choices":[{"damage_healed":0,"gold_gain":112,"player_choice":"GO ","damage_taken":9,"relics_obtained":[],"max_hp_gain":0,"max_hp_loss":0,"event_name":"betterSkull:BetterSkull","floor":3,"gold_loss":0,"cards_upgraded":[]},{"damage_healed":0,"gold_gain":0,"player_choice":"Slimed","damage_taken":11,"max_hp_gain":0,"max_hp_loss":0,"event_name":"betterThird:BetterGoop","floor":8,"gold_loss":34},{"damage_healed":0,"gold_gain":0,"player_choice":"Rummage","damage_taken":0,"relics_obtained":["WarpedTongs"],"max_hp_gain":0,"max_hp_loss":0,"event_name":"Accursed Blacksmith","floor":13,"gold_loss":0,"cards_obtained":["Pain"]},{"cards_removed":["hermit:Coalescence"],"damage_healed":5,"gold_gain":0,"player_choice":"Offered Common","damage_taken":0,"max_hp_gain":0,"max_hp_loss":0,"event_name":"Bonfire Elementals","floor":19,"gold_loss":0},{"cards_removed":["hermit:Coalescence"],"damage_healed":5,"gold_gain":0,"player_choice":"Offered Special","damage_taken":0,"max_hp_gain":0,"max_hp_loss":0,"event_name":"Bonfire Elementals","floor":19,"gold_loss":0}],"is_beta":false,"boss_relics":[{"not_picked":["halation:LoveArrow","Velvet Choker"],"picked":"aspiration:DefectSkillbook"}],"items_purged_floors":[],"is_endless":false,"potions_floor_spawned":[4,5,7,14],"killed_by":"Chosen","ascension_level":3}}