{"host":"lnnm69al9x392px5","time":1612840874,"event":{"mods":["BaseMod","Downfall","Minty Spire (QoL Compilation)","Reliquary","Replay The Spire","StSLib"],"gold_per_floor":[113,113,113,131,206,239,259,303,377,391,391,8,32,57,57,181,181,201,151,165,7,7,7,22,22],"floor_reached":24,"language":"ENG","playtime":927,"items_purged":["Injury","Strike_R"],"score":216,"play_id":"88b83666-85dd-433f-8723-3fbd74b64c72","local_time":"20210208192114","is_ascension_mode":true,"campfire_choices":[{"floor":11,"key":"REST"},{"data":"True Grit","floor":15,"key":"SMITH"},{"data":"Eclipse","floor":23,"key":"SMITH"}],"circlet_count":0,"master_deck":["Strike_R","Strike_R","Strike_R","Strike_R","Defend_R","Defend_R","Defend_R","Defend_R","Bash","Warcry+1","Feel No Pain","Pummel","Thunderclap","Havoc","Rage","True Grit+1","Eclipse+1","Havoc","Life Link+1","Spreading Infection"],"relics":["Busted Crown","Golden Idol","Durian","reliquary:PartyBalloon","Mercury Hourglass","Torii","SacredBark","Ring of Peace","ReplayTheSpireMod:Ring of Challenge"],"acts_visited":["Exordium","TheCity"],"potions_floor_usage":[20,24],"damage_taken":[{"damage":6,"enemies":"Cultist","floor":1,"turns":3},{"damage":1,"enemies":"2 Louse","floor":4,"turns":2},{"damage":37,"enemies":"Gremlin Nob","floor":6,"turns":5},{"damage":5,"enemies":"Small Slimes","floor":7,"turns":4},{"damage":13,"enemies":"3 Sentries","floor":8,"turns":10},{"damage":2,"enemies":"Blue Slaver","floor":10,"turns":3},{"damage":8,"enemies":"Red Slaver","floor":13,"turns":2},{"damage":0,"enemies":"3 Louse","floor":14,"turns":2},{"damage":31,"enemies":"Fading Forest","floor":16,"turns":11},{"damage":0,"enemies":"Spheric Guardian","floor":18,"turns":4},{"damage":13,"enemies":"Shell Parasite","floor":20,"turns":5},{"damage":82,"enemies":"Gremlin Leader","floor":24,"turns":9}],"seed_played":"-4225853422729975886","potions_obtained":[{"floor":6,"key":"Elixir"},{"floor":7,"key":"champ:CounterPotion"},{"floor":13,"key":"FearPotion"},{"floor":18,"key":"PowerPotion"}],"is_trial":false,"path_per_floor":["M","?","?","M","?","E","M","E","T","M","R","$","M","M","R","B",null,"M","?","M","$","?","R","E"],"character_chosen":"IRONCLAD","items_purchased":["Torii","Life Link+1"],"campfire_rested":1,"item_purchase_floors":[12,21],"current_hp_per_floor":[74,74,74,73,65,33,28,15,15,13,38,38,30,30,30,25,85,85,85,72,72,72,72,0,0],"gold":22,"neow_bonus":"BOSS_RELIC","is_daily":false,"chose_seed":false,"campfire_upgraded":2,"win_rate":0.0,"timestamp":1612840874,"path_taken":["M","?","?","M","?","E","?","E","T","M","R","$","M","M","R","BOSS","M","?","?","$","?","R","E"],"items_purchased_type":["Relic","Card"],"build_version":"2020-12-22","purchased_purges":2,"victory":false,"max_hp_per_floor":[80,80,80,80,80,85,85,85,85,85,85,85,85,85,85,85,85,85,85,85,85,85,85,85,85],"card_choices":[{"not_picked":[],"picked":"Warcry","floor":1},{"not_picked":[],"picked":"Feel No Pain","floor":4},{"not_picked":[],"picked":"Pummel","floor":6},{"not_picked":[],"picked":"Thunderclap","floor":7},{"not_picked":[],"picked":"Havoc","floor":8},{"not_picked":["Thunderclap"],"picked":"SKIP","floor":10},{"not_picked":[],"picked":"Rage","floor":13},{"not_picked":[],"picked":"True Grit","floor":14},{"not_picked":[],"picked":"Eclipse","floor":16},{"not_picked":["Perfected Strike"],"picked":"SKIP","floor":18},{"not_picked":[],"picked":"Havoc","floor":20}],"player_experience":285341,"relics_obtained":[{"floor":6,"key":"Durian"},{"floor":8,"key":"reliquary:PartyBalloon"},{"floor":9,"key":"Mercury Hourglass"},{"floor":22,"key":"Ring of Peace"},{"floor":22,"key":"ReplayTheSpireMod:Ring of Challenge"}],"event_choices":[{"damage_healed":0,"gold_gain":0,"player_choice":"Take Wound","damage_taken":0,"relics_obtained":["Golden Idol"],"max_hp_gain":0,"max_hp_loss":0,"event_name":"Golden Idol","floor":2,"gold_loss":0,"cards_obtained":["Injury"]},{"damage_healed":0,"gold_gain":75,"player_choice":"Touch","damage_taken":8,"max_hp_gain":0,"max_hp_loss":0,"event_name":"FaceTrader","floor":5,"gold_loss":0},{"damage_healed":0,"gold_gain":0,"player_choice":"Bet on Owner","damage_taken":0,"max_hp_gain":0,"max_hp_loss":0,"event_name":"The Joust","floor":19,"gold_loss":50}],"is_beta":false,"boss_relics":[{"not_picked":["Sozu","ReplayTheSpireMod:DimensionalGlitch"],"picked":"SacredBark"}],"items_purged_floors":[12,21],"is_endless":false,"potions_floor_spawned":[6,7,13,16,18],"killed_by":"Gremlin Leader","ascension_level":1}}