{"host":"jpcy2bclvs7juczu","time":1612833406,"event":{"mods":["Alarm Clock","BaseMod","Bestiary","Block Reminder","Colored Map","Colored Powertips","Current Relic Mod","Curses Come First","Dark Map","Filter the Spire","Minty Spire (QoL Compilation)","Quick Restart","RNG Fix","Relic Stats","Slay the Relics Exporter","Smile Girya","StSLib","everything is the same but u backflip on backflip","ojb\u0027s Better Paths Mod","ojb\u0027s Info Mod","slay the spire mod where everything is the same but ironclad has a cowboy hat"],"gold_per_floor":[11,28,28,40,53,53,80,97,124,158,176,195,209,34,34,112,112,122,133,408,408,408],"floor_reached":21,"language":"ENG","playtime":1116,"items_purged":[],"score":390,"play_id":"99225842-3ae7-485a-8ad0-3643a10b55dd","local_time":"20210208201646","is_ascension_mode":true,"campfire_choices":[{"data":"Rip and Tear","floor":6,"key":"SMITH"},{"data":"Hologram","floor":15,"key":"SMITH"}],"circlet_count":0,"master_deck":["AscendersBane","Zap","Dualcast","Conserve Battery","Melter","Rip and Tear+1","Streamline","Reinforced Body","Genetic Algorithm","Hologram+1","Stack","Ball Lightning","Seek","All For One","Machine Learning","Rebound","Chill","Rip and Tear","Steam Power","Double Energy","Redo","Recycle","Turbo","Leap","Regret"],"relics":["Cracked Core","Lizard Tail","Vajra","Potion Belt","Happy Flower","Pandora\u0027s Box"],"acts_visited":["Exordium","TheCity"],"potions_floor_usage":[7,10,11,12,21,21],"damage_taken":[{"damage":0,"enemies":"Small Slimes","floor":1,"turns":3},{"damage":0,"enemies":"Cultist","floor":2,"turns":4},{"damage":0,"enemies":"2 Louse","floor":4,"turns":2},{"damage":6,"enemies":"Blue Slaver","floor":5,"turns":2},{"damage":11,"enemies":"Gremlin Nob","floor":7,"turns":3},{"damage":7,"enemies":"Large Slime","floor":8,"turns":3},{"damage":20,"enemies":"Lagavulin","floor":10,"turns":5},{"damage":7,"enemies":"3 Louse","floor":11,"turns":3},{"damage":5,"enemies":"2 Fungi Beasts","floor":12,"turns":5},{"damage":20,"enemies":"Gremlin Gang","floor":13,"turns":6},{"damage":16,"enemies":"Hexaghost","floor":16,"turns":9},{"damage":11,"enemies":"Shell Parasite","floor":18,"turns":4},{"damage":25,"enemies":"2 Thieves","floor":19,"turns":4},{"damage":26,"enemies":"Cultist and Chosen","floor":21,"turns":3}],"seed_played":"9134483546858458696","potions_obtained":[{"floor":2,"key":"EssenceOfSteel"},{"floor":4,"key":"Explosive Potion"},{"floor":7,"key":"SteroidPotion"},{"floor":10,"key":"SpeedPotion"},{"floor":13,"key":"SpeedPotion"},{"floor":18,"key":"Ancient Potion"},{"floor":19,"key":"SkillPotion"}],"is_trial":false,"path_per_floor":["M","M","$","M","M","R","E","M","T","E","M","M","M","$","R","B",null,"M","M","?","M"],"character_chosen":"DEFECT","items_purchased":["Seek"],"campfire_rested":0,"item_purchase_floors":[14],"current_hp_per_floor":[64,64,64,64,58,58,47,40,40,20,13,8,27,27,27,11,56,45,20,20,0,0],"gold":408,"neow_bonus":"ONE_RARE_RELIC","is_daily":false,"chose_seed":false,"campfire_upgraded":2,"win_rate":0.0,"timestamp":1612833406,"path_taken":["M","M","?","?","M","R","E","M","T","E","M","M","M","$","R","BOSS","M","M","?","M"],"items_purchased_type":["Card"],"build_version":"2020-12-22","purchased_purges":0,"victory":false,"max_hp_per_floor":[71,71,71,71,71,71,71,71,71,71,71,71,71,71,71,71,71,71,71,71,71,71],"relic_stats":{"Lizard Tail":35,"Happy Flower":[11],"counters":[14,56],"Pandora\u0027s Box":["Machine Learning","Rebound","Chill","Rip and Tear","Steam Power","Double Energy","Redo","Recycle"],"obtain_stats":[{"Potion Belt":9,"Lizard Tail":0,"Happy Flower":10,"Vajra":7,"Pandora\u0027s Box":17,"Cracked Core":0},{"Potion Belt":6,"Lizard Tail":0,"Happy Flower":7,"Vajra":5,"Pandora\u0027s Box":11,"Cracked Core":0},{"Potion Belt":17,"Lizard Tail":0,"Happy Flower":22,"Vajra":14,"Pandora\u0027s Box":45,"Cracked Core":0}]},"card_choices":[{"not_picked":["Capacitor","Steam Power"],"picked":"Conserve Battery","floor":1},{"not_picked":["Leap","Self Repair"],"picked":"Melter","floor":2},{"not_picked":["White Noise","Gash"],"picked":"Rip and Tear","floor":4},{"not_picked":["Gash","Redo","Steam"],"picked":"SKIP","floor":5},{"not_picked":["Double Energy","Melter"],"picked":"Streamline","floor":7},{"not_picked":["Conserve Battery","Barrage"],"picked":"Reinforced Body","floor":8},{"not_picked":["Chaos","FTL"],"picked":"Genetic Algorithm","floor":10},{"not_picked":["Hyperbeam","Stack"],"picked":"Hologram","floor":11},{"not_picked":["Cold Snap","Steam"],"picked":"Stack","floor":12},{"not_picked":["Recycle","Gash"],"picked":"Ball Lightning","floor":13},{"not_picked":["Buffer","Thunder Strike"],"picked":"All For One","floor":16},{"not_picked":["Barrage","Go for the Eyes"],"picked":"Turbo","floor":18},{"not_picked":["Streamline","Rebound"],"picked":"Leap","floor":19}],"player_experience":1598180,"relics_obtained":[{"floor":7,"key":"Vajra"},{"floor":9,"key":"Potion Belt"},{"floor":10,"key":"Happy Flower"}],"event_choices":[{"damage_healed":0,"gold_gain":275,"player_choice":"Desecrate","damage_taken":0,"max_hp_gain":0,"max_hp_loss":0,"event_name":"Golden Shrine","floor":20,"gold_loss":0,"cards_obtained":["Regret"]}],"is_beta":false,"boss_relics":[{"not_picked":["Cursed Key","Coffee Dripper"],"picked":"Pandora\u0027s Box"}],"items_purged_floors":[],"is_endless":false,"potions_floor_spawned":[2,4,7,10,13,18,19],"killed_by":"Cultist and Chosen","ascension_level":20}}