{"host":"iph0xvuia0glosgr","time":1612891967,"event":{"mods":["AchievementEnabler","BaseMod","Minty Spire (QoL Compilation)"],"gold_per_floor":[117,135,135,146,156,156,168,168,168,168,181,181,201,234,234,234,234],"floor_reached":16,"language":"ENG","playtime":1224,"items_purged":[],"score":109,"play_id":"78a40fe9-13b4-4061-9ca4-d621530a2a4e","local_time":"20210209173247","is_ascension_mode":true,"campfire_choices":[{"floor":6,"key":"RECALL"},{"data":"Blade Dance","floor":10,"key":"SMITH"},{"floor":15,"key":"REST"}],"circlet_count":0,"master_deck":["Strike_G","Strike_G","Strike_G","Strike_G","Strike_G","Defend_G","Defend_G","Defend_G","Defend_G","Defend_G","Survivor","Neutralize","Riddle With Holes","Poisoned Stab","Blade Dance+1","Poisoned Stab","Blade Dance","Deadly Poison","Cloak And Dagger"],"relics":["Ring of the Snake","MealTicket","Gremlin Horn","GremlinMask","Shovel"],"acts_visited":["Exordium"],"potions_floor_usage":[5,5,14,14],"damage_taken":[{"damage":2,"enemies":"2 Louse","floor":1,"turns":3},{"damage":0,"enemies":"Cultist","floor":2,"turns":5},{"damage":3,"enemies":"Jaw Worm","floor":4,"turns":4},{"damage":18,"enemies":"Exordium Thugs","floor":5,"turns":7},{"damage":2,"enemies":"Blue Slaver","floor":7,"turns":5},{"damage":4,"enemies":"Looter","floor":11,"turns":3},{"damage":17,"enemies":"Large Slime","floor":13,"turns":6},{"damage":16,"enemies":"Gremlin Nob","floor":14,"turns":4},{"damage":48,"enemies":"Slime Boss","floor":16,"turns":8}],"seed_played":"-8641980981282678483","potions_obtained":[{"floor":2,"key":"FearPotion"},{"floor":4,"key":"Regen Potion"},{"floor":5,"key":"BlessingOfTheForge"},{"floor":13,"key":"SkillPotion"}],"is_trial":false,"path_per_floor":["M","M","?","M","M","R","M","T","T","R","M","?","M","E","R","B"],"character_chosen":"THE_SILENT","items_purchased":[],"campfire_rested":1,"item_purchase_floors":[],"current_hp_per_floor":[68,68,70,67,63,63,61,61,61,61,57,57,40,24,45,0,0],"gold":234,"neow_bonus":"RANDOM_COMMON_RELIC","is_daily":false,"chose_seed":false,"campfire_upgraded":1,"win_rate":0.0,"timestamp":1612891967,"path_taken":["M","M","?","?","M","R","M","?","T","R","M","?","M","E","R","BOSS"],"items_purchased_type":[],"build_version":"2020-12-22","purchased_purges":0,"victory":false,"max_hp_per_floor":[70,70,70,70,70,70,70,70,70,70,70,70,70,70,70,70,70],"card_choices":[{"not_picked":["Backflip","Outmaneuver"],"picked":"Riddle With Holes","floor":1},{"not_picked":["Outmaneuver","Prepared"],"picked":"Flying Knee","floor":2},{"not_picked":["Acrobatics","Dodge and Roll"],"picked":"Poisoned Stab","floor":4},{"not_picked":["Masterful Stab","Cloak And Dagger"],"picked":"Blade Dance","floor":5},{"not_picked":["Quick Slash","Underhanded Strike"],"picked":"Poisoned Stab","floor":7},{"not_picked":["Outmaneuver","Quick Slash"],"picked":"Blade Dance","floor":11},{"not_picked":["Backstab","Grand Finale"],"picked":"Deadly Poison","floor":13},{"not_picked":["Acrobatics","Catalyst"],"picked":"Cloak And Dagger","floor":14}],"player_experience":332315,"relics_obtained":[{"floor":9,"key":"Gremlin Horn"},{"floor":14,"key":"Shovel"}],"event_choices":[{"cards_removed":["Flying Knee"],"damage_healed":5,"gold_gain":0,"player_choice":"Offered Common","damage_taken":0,"max_hp_gain":0,"max_hp_loss":0,"event_name":"Bonfire Elementals","floor":3,"gold_loss":0},{"cards_removed":["Flying Knee"],"damage_healed":5,"gold_gain":0,"player_choice":"Offered Special","damage_taken":0,"max_hp_gain":0,"max_hp_loss":0,"event_name":"Bonfire Elementals","floor":3,"gold_loss":0},{"damage_healed":0,"gold_gain":0,"player_choice":"Trade","damage_taken":0,"relics_obtained":["GremlinMask"],"max_hp_gain":0,"max_hp_loss":0,"event_name":"FaceTrader","floor":12,"gold_loss":0}],"is_beta":false,"boss_relics":[],"items_purged_floors":[],"is_endless":false,"potions_floor_spawned":[2,4,5,13],"killed_by":"Slime Boss","ascension_level":1}}