{"host":"9l1knhxfturzliqa","time":1612838630,"event":{"mods":["AchievementEnabler","BaseMod","Colored Map","Colored Powertips","DeckTracker","Highlight Path","Keyboard Shortcuts","Minty Spire (QoL Compilation)","Random Character Button"],"gold_per_floor":[118,133,143,155,5,5,23,23,23,54,16,27,27,37,37,114,114,124,124,223,148,167,167,181,211,211,238,270,1,1,11,11,88,88,98,123,123,140,154,181,194,220,244,271,271,17,17,34,34,34,34,34,34,64,64,64],"floor_reached":55,"language":"KOR","playtime":3979,"items_purged":["Defend_P","Strike_P","Defend_P"],"score":1413,"play_id":"48adf318-1484-46b8-9a41-b9af8214c3f0","local_time":"20210209114350","is_ascension_mode":true,"campfire_choices":[{"data":"Eruption","floor":6.0,"key":"SMITH"},{"data":"Crescendo","floor":8.0,"key":"SMITH"},{"data":"Collect","floor":15.0,"key":"SMITH"},{"data":"MentalFortress","floor":23.0,"key":"SMITH"},{"floor":30.0,"key":"REST"},{"floor":32.0,"key":"REST"},{"floor":45,"key":"RECALL"},{"data":"Scrawl","floor":47,"key":"SMITH"},{"data":"Vault","floor":49,"key":"SMITH"},{"data":"EmptyFist","floor":52,"key":"SMITH"}],"circlet_count":0,"master_deck":["AscendersBane","Eruption+1","Vigilance","Crescendo+1","MentalFortress+1","Collect+1","FearNoEvil+1","Protect+1","Vengeance+1","EmptyFist+1","Scrawl+1","Vault+1"],"relics":["HolyWater","Membership Card","Mercury Hourglass","Blood Vial","Astrolabe","Bird Faced Urn","MawBank","InkBottle","PreservedInsect","Gambling Chip","Potion Belt","Ginger","Kunai","White Beast Statue","Bottled Lightning","Bag of Preparation"],"acts_visited":["TheCity","TheBeyond","TheEnding"],"potions_floor_usage":[40,55,55,55,55],"damage_taken":[{"damage":0.0,"enemies":"Cultist","floor":1.0,"turns":4.0},{"damage":1.0,"enemies":"Small Slimes","floor":2.0,"turns":3.0},{"damage":3.0,"enemies":"2 Louse","floor":3.0,"turns":3.0},{"damage":8.0,"enemies":"Blue Slaver","floor":4.0,"turns":4.0},{"damage":5.0,"enemies":"Exordium Wildlife","floor":7.0,"turns":6.0},{"damage":8.0,"enemies":"Gremlin Nob","floor":10.0,"turns":3.0},{"damage":4.0,"enemies":"Red Slaver","floor":12.0,"turns":4.0},{"damage":1.0,"enemies":"Looter","floor":14.0,"turns":2.0},{"damage":16.0,"enemies":"The Guardian","floor":16.0,"turns":12.0},{"damage":0.0,"enemies":"Chosen","floor":18.0,"turns":4.0},{"damage":0.0,"enemies":"Spheric Guardian","floor":22.0,"turns":3.0},{"damage":15.0,"enemies":"Snake Plant","floor":24.0,"turns":4.0},{"damage":24.0,"enemies":"Book of Stabbing","floor":25.0,"turns":4.0},{"damage":0.0,"enemies":"Chosen and Byrds","floor":27.0,"turns":4.0},{"damage":14.0,"enemies":"Shelled Parasite and Fungi","floor":28.0,"turns":4.0},{"damage":24.0,"enemies":"Snake Plant","floor":31.0,"turns":4.0},{"damage":5.0,"enemies":"Collector","floor":33.0,"turns":8.0},{"damage":5.0,"enemies":"3 Darklings","floor":35.0,"turns":3.0},{"damage":0.0,"enemies":"Mind Bloom Boss Battle","floor":36.0,"turns":5.0},{"damage":1.0,"enemies":"Orb Walker","floor":38.0,"turns":5.0},{"damage":0.0,"enemies":"3 Darklings","floor":39.0,"turns":6.0},{"damage":11,"enemies":"Nemesis","floor":40,"turns":11},{"damage":0,"enemies":"Spire Growth","floor":41,"turns":4},{"damage":0,"enemies":"Reptomancer","floor":42,"turns":6},{"damage":18,"enemies":"Nemesis","floor":44,"turns":7},{"damage":0,"enemies":"4 Shapes","floor":48,"turns":3},{"damage":0,"enemies":"Awakened One","floor":50,"turns":18},{"damage":0,"enemies":"Shield and Spear","floor":54,"turns":6},{"damage":84,"enemies":"The Heart","floor":55,"turns":7}],"seed_played":"-7858777591208061788","potions_obtained":[{"floor":1.0,"key":"FearPotion"},{"floor":2.0,"key":"StancePotion"},{"floor":7.0,"key":"ColorlessPotion"},{"floor":14.0,"key":"FearPotion"},{"floor":16.0,"key":"SkillPotion"},{"floor":18.0,"key":"CultistPotion"},{"floor":25.0,"key":"LiquidBronze"},{"floor":28.0,"key":"Dexterity Potion"},{"floor":31.0,"key":"FearPotion"},{"floor":38.0,"key":"SkillPotion"},{"floor":40,"key":"Regen Potion"},{"floor":42,"key":"BlessingOfTheForge"},{"floor":44,"key":"ColorlessPotion"},{"floor":48,"key":"LiquidMemories"},{"floor":54,"key":"LiquidMemories"}],"is_trial":false,"path_per_floor":["M","M","M","M","$","R","M","R","T","E","$","M","$","M","R","B",null,"M","?","?","?","M","R","M","E","T","M","M","$","R","M","R","B",null,"M","?","?","M","M","E","M","E","T","E","R","$","R","M","R","B",null,"R","$","E","B"],"character_chosen":"WATCHER","items_purchased":["Membership Card","InkBottle","PreservedInsect","EmptyFist","Bottled Lightning","Vault"],"campfire_rested":2,"item_purchase_floors":[5,29,29,29,46,46],"current_hp_per_floor":[61,60,57,49,49,49,44,44,44,36,36,34,34,35,35,21,56,58,58,58,58,60,60,47,25,25,29,19,19,39,19,39,38,61,60,64,64,67,68,57,61,65,65,50,50,50,50,54,54,58,66,66,66,68,0,0],"gold":64,"neow_bonus":"REMOVE_CARD","is_daily":false,"chose_seed":false,"campfire_upgraded":7,"win_rate":0.0,"timestamp":1612838630,"path_taken":["M","M","M","M","?","R","M","R","T","E","$","M","$","M","R","BOSS","M","?","?","?","M","R","M","E","T","?","M","?","R","M","R","BOSS","M","?","?","M","?","E","M","E","T","E","R","$","R","M","R","BOSS","R","$","E","BOSS"],"items_purchased_type":["Relic","Relic","Relic","Card","Relic","Card"],"build_version":"2020-12-22","purchased_purges":3,"victory":false,"max_hp_per_floor":[68,68,68,68,68,68,68,68,68,68,68,68,68,68,68,68,68,68,68,68,68,68,68,68,68,68,68,68,68,68,68,68,68,68,68,68,68,68,68,68,68,68,68,68,68,68,68,68,68,68,68,68,68,68,68,68],"card_choices":[{"not_picked":["Swivel","FlyingSleeves"],"picked":"Crescendo","floor":1.0},{"not_picked":["EmptyBody","WaveOfTheHand","Pray"],"picked":"SKIP","floor":2.0},{"not_picked":["Conclude","Worship","WheelKick"],"picked":"SKIP","floor":3.0},{"not_picked":["SashWhip","FlurryOfBlows"],"picked":"MentalFortress","floor":4.0},{"not_picked":["Conclude","Prostrate"],"picked":"Collect","floor":7.0},{"not_picked":["Worship","CarveReality"],"picked":"BowlingBash","floor":10.0},{"not_picked":["FollowUp","Collect","WreathOfFlame"],"picked":"SKIP","floor":12.0},{"not_picked":["JustLucky","Weave","WreathOfFlame"],"picked":"SKIP","floor":14.0},{"not_picked":["CutThroughFate","DeceiveReality","CrushJoints"],"picked":"SKIP","floor":18.0},{"not_picked":["CutThroughFate","Conclude","CrushJoints+1"],"picked":"SKIP","floor":22.0},{"not_picked":["CutThroughFate","Conclude","CrushJoints+1"],"picked":"SKIP","floor":22.0},{"not_picked":["Evaluate+1","BowlingBash","FlurryOfBlows"],"picked":"SKIP","floor":24.0},{"not_picked":["WreathOfFlame","Protect","JustLucky"],"picked":"SKIP","floor":25.0},{"not_picked":["JustLucky","CutThroughFate","ClearTheMind"],"picked":"SKIP","floor":27.0},{"not_picked":["PathToVictory","Protect","SignatureMove"],"picked":"SKIP","floor":28.0},{"not_picked":["JustLucky","Consecrate","Halt"],"picked":"SKIP","floor":31.0},{"not_picked":["Evaluate+1","Consecrate","Halt"],"picked":"SKIP","floor":35.0},{"not_picked":["EmptyFist","Consecrate+1","SandsOfTime+1"],"picked":"SKIP","floor":38.0},{"not_picked":["WindmillStrike","ForeignInfluence","SashWhip"],"picked":"SKIP","floor":39.0},{"not_picked":["FollowUp+1","Swivel","Vengeance"],"picked":"SKIP","floor":40},{"not_picked":["Prostrate","Halt","Protect"],"picked":"SKIP","floor":41},{"not_picked":["Prostrate","WaveOfTheHand+1"],"picked":"Scrawl","floor":42},{"not_picked":["Nirvana+1","JustLucky","FlurryOfBlows"],"picked":"SKIP","floor":44},{"not_picked":["ThirdEye+1","Evaluate+1","CrushJoints"],"picked":"SKIP","floor":48},{"not_picked":["JustLucky","Worship","FlurryOfBlows"],"picked":"SKIP","floor":54}],"player_experience":642061,"relics_obtained":[{"floor":9.0,"key":"Mercury Hourglass"},{"floor":10.0,"key":"Blood Vial"},{"floor":25.0,"key":"Bird Faced Urn"},{"floor":26.0,"key":"MawBank"},{"floor":36.0,"key":"Gambling Chip"},{"floor":40,"key":"Ginger"},{"floor":42,"key":"Kunai"},{"floor":44,"key":"White Beast Statue"},{"floor":54,"key":"Bag of Preparation"}],"event_choices":[{"damage_healed":0.0,"max_hp_gain":0.0,"max_hp_loss":0.0,"gold_gain":0.0,"event_name":"Vampires","player_choice":"Ignored","floor":19.0,"gold_loss":0.0,"damage_taken":0.0},{"damage_healed":0.0,"max_hp_gain":0.0,"max_hp_loss":0.0,"gold_gain":99.0,"event_name":"Nest","player_choice":"Stole From Cult","floor":20.0,"gold_loss":0.0,"damage_taken":0.0},{"cards_removed":["Defend_P"],"damage_healed":0.0,"max_hp_gain":0.0,"max_hp_loss":0.0,"gold_gain":0.0,"event_name":"Beggar","player_choice":"Gave Gold","floor":21.0,"gold_loss":75.0,"damage_taken":0.0},{"damage_healed":0.0,"max_hp_gain":0.0,"max_hp_loss":0.0,"gold_gain":0.0,"event_name":"MindBloom","player_choice":"Fight","floor":36.0,"gold_loss":0.0,"damage_taken":0.0},{"cards_removed":["BowlingBash"],"damage_healed":0.0,"max_hp_gain":0.0,"max_hp_loss":0.0,"gold_gain":0.0,"event_name":"WeMeetAgain","player_choice":"Gave Card","floor":37.0,"gold_loss":0.0,"damage_taken":0.0,"relics_obtained":["Potion Belt"]}],"is_beta":false,"boss_relics":[{"not_picked":["SlaversCollar","Snecko Eye"],"picked":"Astrolabe"},{"not_picked":["Runic Dome","Philosopher\u0027s Stone"],"picked":"HolyWater"}],"items_purged_floors":[11,29,46],"is_endless":false,"potions_floor_spawned":[1,2,7,14,16,18,25,28,31,38,40,42,44,48,54],"killed_by":"The Heart","ascension_level":14}}