{"host":"oehe2dxjvdgux73m","time":1612889480,"event":{"mods":["AchievementEnabler","BaseMod","Colored Map","Colored Powertips","DeckTracker","Keyboard Shortcuts","Minty Spire (QoL Compilation)","Permanent Neow","Quick Restart","StSLib","SuperFastMode"],"gold_per_floor":[18,18,29,29,47,47,58,58,58,87,101,101,101,101,101,101,101],"floor_reached":16,"language":"KOR","playtime":286,"items_purged":[],"score":200,"play_id":"b55af8f5-0582-4c4e-977f-f7ff591104fb","local_time":"20210210015120","is_ascension_mode":true,"campfire_choices":[{"data":"Terror","floor":6.0,"key":"SMITH"},{"data":"Eviscerate","floor":8.0,"key":"SMITH"},{"floor":13.0,"key":"REST"},{"data":"Bouncing Flask","floor":15.0,"key":"SMITH"}],"circlet_count":0,"master_deck":["AscendersBane","Strike_G","Strike_G","Strike_G","Strike_G","Defend_G","Defend_G","Defend_G","Defend_G","Defend_G","Survivor","Neutralize","Master of Strategy","Footwork","Terror+1","Eviscerate+1","Bouncing Flask+1","PiercingWail","Reflex"],"relics":["Ring of the Snake","Meat on the Bone","Letter Opener","Golden Idol"],"acts_visited":["Exordium"],"potions_floor_usage":[16],"damage_taken":[{"damage":1.0,"enemies":"Cultist","floor":1.0,"turns":4.0},{"damage":2.0,"enemies":"Jaw Worm","floor":3.0,"turns":11.0},{"damage":0.0,"enemies":"2 Louse","floor":5.0,"turns":3.0},{"damage":6.0,"enemies":"Blue Slaver","floor":7.0,"turns":5.0},{"damage":35.0,"enemies":"Gremlin Nob","floor":10.0,"turns":4.0},{"damage":18.0,"enemies":"Large Slime","floor":11.0,"turns":6.0},{"damage":31,"enemies":"Slime Boss","floor":16,"turns":7}],"seed_played":"4341134847705252493","potions_obtained":[{"floor":3.0,"key":"FairyPotion"},{"floor":5.0,"key":"Ancient Potion"},{"floor":10.0,"key":"DuplicationPotion"}],"is_trial":false,"path_per_floor":["M","$","M","$","M","R","M","R","T","E","M","?","R","?","R","B"],"character_chosen":"THE_SILENT","items_purchased":[],"campfire_rested":1,"item_purchase_floors":[],"current_hp_per_floor":[58,58,56,56,56,56,50,50,50,27,21,21,39,39,39,8,8],"gold":101,"neow_bonus":"RANDOM_COLORLESS_2","is_daily":false,"chose_seed":false,"campfire_upgraded":3,"win_rate":0.0,"timestamp":1612889480,"path_taken":["M","?","M","$","M","R","M","R","T","E","?","?","R","?","R","BOSS"],"items_purchased_type":[],"build_version":"2020-12-22","purchased_purges":0,"victory":false,"max_hp_per_floor":[66,66,66,66,66,66,66,66,66,66,66,60,60,60,60,60,60],"card_choices":[{"not_picked":["The Bomb","Transmutation"],"picked":"Master of Strategy","floor":0.0},{"not_picked":["Tactician","Dodge and Roll"],"picked":"Footwork","floor":1.0},{"not_picked":["Deadly Poison","Finisher"],"picked":"Terror","floor":3.0},{"not_picked":["Heel Hook","Poisoned Stab"],"picked":"Eviscerate","floor":5.0},{"not_picked":["Poisoned Stab","Terror"],"picked":"Bouncing Flask","floor":7.0},{"not_picked":["Slice","Quick Slash"],"picked":"PiercingWail","floor":10.0},{"not_picked":["Blade Dance","Dodge and Roll"],"picked":"Reflex","floor":11.0}],"player_experience":444876,"relics_obtained":[{"floor":9.0,"key":"Meat on the Bone"},{"floor":10.0,"key":"Letter Opener"}],"event_choices":[{"damage_healed":0.0,"max_hp_gain":0.0,"max_hp_loss":6.0,"gold_gain":0.0,"event_name":"Golden Idol","player_choice":"Lose Max HP","floor":12.0,"gold_loss":0.0,"damage_taken":0.0,"relics_obtained":["Golden Idol"]},{"cards_removed":["Strike_G"],"damage_healed":0.0,"max_hp_gain":0.0,"max_hp_loss":0.0,"gold_gain":0.0,"event_name":"Purifier","player_choice":"Purged","floor":14.0,"gold_loss":0.0,"damage_taken":0.0}],"is_beta":false,"boss_relics":[],"items_purged_floors":[],"is_endless":false,"potions_floor_spawned":[3,5,10,11],"killed_by":"Slime Boss","ascension_level":20}}