{"host":"fevvm7bbzuh4s1jc","time":1612903519,"event":{"mods":["BaseMod","Highlight Path","Minty Spire (QoL Compilation)","Relic Stats"],"gold_per_floor":[115,40,91,121,145,157,169,169],"floor_reached":7,"language":"ENG","playtime":325,"items_purged":[],"score":82,"play_id":"e1a57862-2383-4e95-b69b-2a47e79ce487","local_time":"20210209154519","is_ascension_mode":true,"campfire_choices":[{"data":"Neutralize","floor":6.0,"key":"SMITH"}],"circlet_count":0,"master_deck":["AscendersBane","Strike_G","Strike_G","Strike_G","Strike_G","Defend_G","Defend_G","Defend_G","Defend_G","Defend_G","Survivor","Neutralize+1","Grand Finale","Dagger Throw","Well Laid Plans","Backstab"],"relics":["Ring of the Snake","MawBank"],"acts_visited":["Exordium"],"potions_floor_usage":[7],"damage_taken":[{"damage":1.0,"enemies":"Small Slimes","floor":1.0,"turns":4.0},{"damage":6.0,"enemies":"Jaw Worm","floor":4.0,"turns":6.0},{"damage":7.0,"enemies":"Cultist","floor":5.0,"turns":6.0},{"damage":57,"enemies":"Lagavulin","floor":7,"turns":13}],"seed_played":"-4505918203648146928","potions_obtained":[{"floor":1.0,"key":"DistilledChaos"}],"is_trial":false,"path_per_floor":["M","?","T","M","M","R","E"],"character_chosen":"THE_SILENT","items_purchased":[],"campfire_rested":0,"item_purchase_floors":[],"current_hp_per_floor":[58,58,58,52,45,45,0,0],"gold":169,"neow_bonus":"THREE_RARE_CARDS","is_daily":false,"chose_seed":false,"campfire_upgraded":1,"win_rate":0.0,"timestamp":1612903519,"path_taken":["M","?","?","M","?","R","E"],"items_purchased_type":[],"build_version":"2020-12-22","purchased_purges":0,"victory":false,"max_hp_per_floor":[60,60,60,60,60,60,60,60],"relic_stats":{"counters":[4,29],"MawBank":48,"obtain_stats":[{"MawBank":3,"Ring of the Snake":0},{"MawBank":1,"Ring of the Snake":0},{"MawBank":4,"Ring of the Snake":0}],"Ring of the Snake":[8]},"card_choices":[{"not_picked":["Bullet Time","Storm of Steel"],"picked":"Grand Finale","floor":0.0},{"not_picked":["Escape Plan","Distraction"],"picked":"Dagger Throw","floor":1.0},{"not_picked":["Distraction","Deflect"],"picked":"Well Laid Plans","floor":4.0},{"not_picked":["Endless Agony","Caltrops"],"picked":"Backstab","floor":5.0}],"player_experience":2811966,"relics_obtained":[{"floor":3.0,"key":"MawBank"}],"event_choices":[{"cards_removed":["Strike_G"],"damage_healed":0.0,"max_hp_gain":0.0,"max_hp_loss":0.0,"gold_gain":0.0,"event_name":"The Cleric","player_choice":"Card Removal","floor":2.0,"gold_loss":75.0,"damage_taken":0.0}],"is_beta":false,"boss_relics":[],"items_purged_floors":[],"is_endless":false,"potions_floor_spawned":[1],"killed_by":"Lagavulin","ascension_level":20}}