{"host":"nsc6ozq3atyrdr3m","time":1612912520,"event":{"mods":["BaseMod","Colored Map","Minty Spire (QoL Compilation)"],"gold_per_floor":[111,125,125,141,155,169,184,197,197,372,372,391,422,92,92,190,190,209,4,4,4,17,48,48,48,48,76,13,13,13,39,39,135,135,154,169,219,1,16,46,98,115,115,115,115,115,337,364,364,364,364,364,60,95,95],"floor_reached":56,"language":"FRA","playtime":1293,"items_purged":["Defend_R","Doubt","Writhe","Strike_R","Strike_R"],"score":1415,"play_id":"85afc90d-f8ea-473f-a3a3-2c703256ab0e","local_time":"20210210001520","is_ascension_mode":true,"campfire_choices":[{"data":"Bludgeon","floor":11,"key":"SMITH"},{"data":"Uppercut","floor":15,"key":"SMITH"},{"floor":24,"key":"RECALL"},{"floor":30,"key":"REST"},{"floor":32,"key":"REST"},{"data":"Fire Breathing","floor":46,"key":"SMITH"},{"floor":49,"key":"DIG"},{"floor":52,"key":"DIG"}],"circlet_count":0,"master_deck":["Strike_R","Strike_R","Defend_R","Defend_R","Defend_R","Bash","Sword Boomerang","Thunderclap","Feed","Uppercut+1","Bludgeon+1","Disarm","Offering","Headbutt+1","Flex","Necronomicurse","Heavy Blade+1","Fire Breathing+1","Inflame+1","Bludgeon+1","Pommel Strike+1","Immolate+1","Pommel Strike+1","Inflame","Battle Trance+1"],"relics":["Burning Blood","NeowsBlessing","MealTicket","Nunchaku","Molten Egg 2","Busted Crown","Membership Card","Pen Nib","Regal Pillow","Red Mask","Necronomicon","Question Card","Runic Pyramid","Shovel","Juzu Bracelet","StrikeDummy","Gambling Chip","Darkstone Periapt","Meat on the Bone","Omamori","InkBottle","Sundial","Strawberry","Art of War","Bronze Scales"],"acts_visited":["Exordium","TheCity","TheBeyond","TheEnding"],"potions_floor_usage":[31,33,33,54,55,55],"damage_taken":[{"damage":0,"enemies":"Small Slimes","floor":1,"turns":1},{"damage":0,"enemies":"2 Louse","floor":2,"turns":1},{"damage":0,"enemies":"Cultist","floor":4,"turns":1},{"damage":3,"enemies":"2 Fungi Beasts","floor":5,"turns":4},{"damage":2,"enemies":"Large Slime","floor":6,"turns":7},{"damage":0,"enemies":"3 Louse","floor":7,"turns":2},{"damage":6,"enemies":"Exordium Wildlife","floor":8,"turns":3},{"damage":2,"enemies":"Blue Slaver","floor":12,"turns":2},{"damage":39,"enemies":"3 Sentries","floor":13,"turns":6},{"damage":48,"enemies":"The Guardian","floor":16,"turns":11},{"damage":15,"enemies":"Shell Parasite","floor":18,"turns":3},{"damage":6,"enemies":"Spheric Guardian","floor":22,"turns":1},{"damage":37,"enemies":"Book of Stabbing","floor":23,"turns":5},{"damage":15,"enemies":"Masked Bandits","floor":27,"turns":3},{"damage":33,"enemies":"Gremlin Leader","floor":31,"turns":4},{"damage":27,"enemies":"Collector","floor":33,"turns":3},{"damage":29,"enemies":"3 Shapes","floor":35,"turns":3},{"damage":6,"enemies":"Orb Walker","floor":36,"turns":2},{"damage":22,"enemies":"Mind Bloom Boss Battle","floor":37,"turns":3},{"damage":1,"enemies":"Sphere and 2 Shapes","floor":39,"turns":3},{"damage":15,"enemies":"Giant Head","floor":40,"turns":4},{"damage":8,"enemies":"2 Orb Walkers","floor":41,"turns":2},{"damage":7,"enemies":"4 Shapes","floor":42,"turns":1},{"damage":12,"enemies":"Reptomancer","floor":48,"turns":2},{"damage":80,"enemies":"Donu and Deca","floor":50,"turns":5},{"damage":21,"enemies":"Shield and Spear","floor":54,"turns":3},{"damage":66,"enemies":"The Heart","floor":55,"turns":5}],"seed_played":"4893649085548117827","potions_obtained":[{"floor":4,"key":"Swift Potion"},{"floor":5,"key":"AttackPotion"},{"floor":8,"key":"Energy Potion"},{"floor":31,"key":"Block Potion"},{"floor":33,"key":"ColorlessPotion"},{"floor":35,"key":"Strength Potion"},{"floor":40,"key":"CultistPotion"}],"is_trial":false,"path_per_floor":["M","M","$","M","M","M","M","M","T","?","R","M","E","$","R","B",null,"M","$","?","?","M","E","R","?","T","?","$","?","R","E","R","B",null,"M","M","?","$","M","E","?","M","T","T","?","R","?","E","R","B",null,"R","$","E","B",null],"character_chosen":"IRONCLAD","items_purchased":["Molten Egg 2","Membership Card","Bludgeon+1","Juzu Bracelet","Strawberry","Pommel Strike+1","Art of War","Inflame"],"campfire_rested":2,"item_purchase_floors":[14,19,38,38,53,53,53,53],"current_hp_per_floor":[80,80,80,80,80,83,86,89,89,89,89,89,59,74,74,35,95,86,95,76,76,79,51,51,51,51,45,60,44,91,67,112,91,112,92,92,79,94,99,93,91,90,90,90,90,90,90,87,87,28,127,127,134,119,71],"gold":95,"neow_bonus":"THREE_ENEMY_KILL","is_daily":false,"chose_seed":false,"campfire_upgraded":3,"win_rate":0.0,"timestamp":1612912520,"path_taken":["M","M","$","M","M","M","M","M","T","?","R","M","E","$","R","BOSS","M","$","?","?","?","E","R","?","T","?","$","?","R","E","R","BOSS","M","M","?","$","M","E","?","M","T","?","?","R","?","E","R","BOSS","R","$","E","BOSS"],"items_purchased_type":["Relic","Relic","Card","Relic","Relic","Card","Relic","Card"],"build_version":"2020-12-22","purchased_purges":5,"victory":true,"max_hp_per_floor":[80,80,80,80,80,83,86,89,89,89,89,89,92,92,92,95,95,95,95,100,100,103,106,106,106,106,109,109,109,109,112,112,112,112,115,115,118,118,118,121,121,121,121,121,121,121,121,124,124,127,127,127,134,134,134],"card_choices":[{"not_picked":["Dropkick","Feel No Pain"],"picked":"Sword Boomerang","floor":1},{"not_picked":["Twin Strike","Sever Soul"],"picked":"Thunderclap","floor":2},{"not_picked":["Infernal Blade","Clothesline","Havoc"],"picked":"SKIP","floor":4},{"not_picked":["Rampage","Thunderclap"],"picked":"Feed","floor":5},{"not_picked":["Iron Wave","Anger","Clothesline"],"picked":"SKIP","floor":6},{"not_picked":["Pommel Strike","Rampage"],"picked":"Uppercut","floor":7},{"not_picked":["Hemokinesis","Twin Strike"],"picked":"Bludgeon","floor":8},{"not_picked":["Entrench","Carnage"],"picked":"Disarm","floor":12},{"not_picked":["Power Through","Infernal Blade","Armaments"],"picked":"SKIP","floor":13},{"not_picked":["Impervious","Fiend Fire+1"],"picked":"Offering","floor":16},{"not_picked":["Warcry+1"],"picked":"SKIP","floor":18},{"not_picked":["Havoc"],"picked":"SKIP","floor":22},{"not_picked":[],"picked":"Headbutt+1","floor":23},{"not_picked":[],"picked":"Flex","floor":27},{"not_picked":[],"picked":"Heavy Blade+1","floor":31},{"not_picked":["Wild Strike+1","Clash+1"],"picked":"SKIP","floor":35},{"not_picked":["Sword Boomerang+1"],"picked":"Fire Breathing","floor":36},{"not_picked":["Flame Barrier"],"picked":"Inflame+1","floor":37},{"not_picked":["Rampage+1","Metallicize+1"],"picked":"SKIP","floor":39},{"not_picked":["Cleave+1"],"picked":"Pommel Strike+1","floor":40},{"not_picked":["Heavy Blade+1"],"picked":"Immolate+1","floor":41},{"not_picked":["Burning Pact","Headbutt+1"],"picked":"SKIP","floor":42},{"not_picked":["Body Slam+1","Rupture+1"],"picked":"SKIP","floor":48},{"not_picked":["Flex"],"picked":"Battle Trance+1","floor":54}],"player_experience":386490,"relics_obtained":[{"floor":9,"key":"MealTicket"},{"floor":13,"key":"Nunchaku"},{"floor":23,"key":"Pen Nib"},{"floor":27,"key":"Red Mask"},{"floor":29,"key":"Necronomicon"},{"floor":31,"key":"Question Card"},{"floor":37,"key":"Shovel"},{"floor":40,"key":"StrikeDummy"},{"floor":41,"key":"Gambling Chip"},{"floor":43,"key":"Darkstone Periapt"},{"floor":44,"key":"Meat on the Bone"},{"floor":48,"key":"Omamori"},{"floor":49,"key":"InkBottle"},{"floor":52,"key":"Sundial"},{"floor":54,"key":"Bronze Scales"}],"event_choices":[{"damage_healed":0,"gold_gain":175,"player_choice":"AGREE","damage_taken":0,"max_hp_gain":0,"max_hp_loss":0,"event_name":"Liars Game","floor":10,"gold_loss":0,"cards_obtained":["Doubt"]},{"damage_healed":0,"gold_gain":0,"player_choice":"Shed Blood","damage_taken":24,"max_hp_gain":5,"max_hp_loss":0,"event_name":"Forgotten Altar","floor":20,"gold_loss":0},{"cards_removed":["Strike_R"],"damage_healed":0,"gold_gain":0,"player_choice":"Offered Basic","damage_taken":0,"max_hp_gain":0,"max_hp_loss":0,"event_name":"Bonfire Elementals","floor":21,"gold_loss":0},{"damage_healed":0,"gold_gain":0,"player_choice":"Opened","damage_taken":0,"relics_obtained":["Regal Pillow"],"max_hp_gain":0,"max_hp_loss":0,"event_name":"The Mausoleum","floor":25,"gold_loss":0,"cards_obtained":["Writhe"]},{"damage_healed":0,"gold_gain":0,"player_choice":"Fought Bandits","damage_taken":0,"max_hp_gain":0,"max_hp_loss":0,"event_name":"Masked Bandits","floor":27,"gold_loss":0},{"damage_healed":0,"gold_gain":0,"player_choice":"Obtained Book","damage_taken":16,"max_hp_gain":0,"max_hp_loss":0,"event_name":"Cursed Tome","floor":29,"gold_loss":0},{"damage_healed":0,"gold_gain":0,"player_choice":"Fight","damage_taken":0,"max_hp_gain":0,"max_hp_loss":0,"event_name":"MindBloom","floor":37,"gold_loss":0},{"damage_healed":0,"gold_gain":0,"player_choice":"Fight","damage_taken":0,"max_hp_gain":0,"max_hp_loss":0,"event_name":"Mysterious Sphere","floor":41,"gold_loss":0},{"damage_healed":0,"gold_gain":0,"player_choice":"Memory 1","damage_taken":0,"max_hp_gain":0,"max_hp_loss":0,"event_name":"SensoryStone","floor":45,"gold_loss":0},{"damage_healed":0,"gold_gain":222,"player_choice":"Wore Mask","damage_taken":0,"max_hp_gain":0,"max_hp_loss":0,"event_name":"Tomb of Lord Red Mask","floor":47,"gold_loss":0}],"is_beta":false,"boss_relics":[{"not_picked":["Ectoplasm","SacredBark"],"picked":"Busted Crown"},{"not_picked":["Astrolabe","Runic Dome"],"picked":"Runic Pyramid"}],"items_purged_floors":[14,19,28,38,53],"is_endless":false,"potions_floor_spawned":[4,5,8,16,23,31,33,35,36,40,41],"ascension_level":1}}