{"host":"k1qq3tnzhl68zvao","time":1612871321,"event":{"mods":["ATMod(阿瑾Mod)","AchievementEnabler","BaseMod","Colored Powertips","Conspire","DeckTracker","Downfall","Energized Spire","GifTheSpireLib","Minty Spire (QoL Compilation)","Quick Restart","Relic Filter Mod","Replay The Spire","Spicy Shops","StSLib","【遗物卡牌】REMEMod"],"gold_per_floor":[13,13,26,69,92,136,136,150,150,150,163,163,201,201,201,201,201],"floor_reached":16,"language":"ZHS","playtime":939,"items_purged":[],"score":121,"play_id":"b015d50b-78b1-4ff0-986e-d16f6632deee","local_time":"20210209194841","is_ascension_mode":true,"campfire_choices":[{"floor":7,"key":"REST"},{"floor":12,"key":"REST"},{"floor":15,"key":"REST"}],"circlet_count":0,"master_deck":["Strike_B+1","Strike_B+1","Strike_B+1","Defend_B+1","Defend_B","Defend_B","Zap+1","Dualcast","AT_FamilyPortrait","LessonLearned","Static Discharge+1","Capacitor","Mirror Shield","Panic Button","Turbo","Seek"],"relics":["Cracked Core","AT_ATBox","REME_ComplimentaryCards","Golden Idol","AT_GuinsooRageblade","Dream Catcher","conspire:Flyswatter","AT_SpeedBoots","Centennial Puzzle","Incense Burner"],"acts_visited":["Exordium"],"potions_floor_usage":[5,13],"damage_taken":[{"damage":0,"enemies":"Small Slimes","floor":1,"turns":3},{"damage":7,"enemies":"Jaw Worm","floor":3,"turns":3},{"damage":19,"enemies":"conspire:MimicChest","floor":4,"turns":4},{"damage":6,"enemies":"Cultist","floor":5,"turns":4},{"damage":22,"enemies":"Gremlin Nob","floor":6,"turns":4},{"damage":10,"enemies":"Large Slime","floor":8,"turns":5},{"damage":9,"enemies":"Red Slaver","floor":11,"turns":3},{"damage":5,"enemies":"3 Sentries","floor":13,"turns":7},{"damage":0,"enemies":"Slime Boss","floor":16,"turns":3}],"seed_played":"-5505220684166197686","potions_obtained":[{"floor":3,"key":"Swift Potion"},{"floor":5,"key":"REME_GoldPotion"},{"floor":11,"key":"PowerPotion"}],"is_trial":false,"path_per_floor":["M","?","M","?","M","E","R","M","T","?","M","R","E","T","R","B"],"character_chosen":"DEFECT","items_purchased":[],"campfire_rested":3,"item_purchase_floors":[],"current_hp_per_floor":[75,57,50,31,25,3,25,15,15,15,6,28,23,23,45,45,45],"gold":201,"neow_bonus":"REMOVE_TWO","is_daily":false,"chose_seed":false,"campfire_upgraded":0,"win_rate":0.0,"timestamp":1612871321,"path_taken":["M","?","M","?","M","E","R","?","T","?","?","R","E","?","R","BOSS"],"items_purchased_type":[],"build_version":"2020-12-22","purchased_purges":0,"victory":false,"max_hp_per_floor":[75,75,75,75,75,75,75,75,75,75,75,75,75,75,75,75,75],"card_choices":[{"not_picked":["Beam Cell","Scrape"],"picked":"Static Discharge","floor":1},{"not_picked":["Beam Cell","Go for the Eyes","Coolheaded"],"picked":"SKIP","floor":3},{"not_picked":["ReplayTheSpireMod:GoodbyeWorld","Redo"],"picked":"Capacitor","floor":4},{"not_picked":["AT_HeatAcrobatics","Go for the Eyes","ReplayTheSpireMod:Reroute Power","Gash"],"picked":"SKIP","floor":5},{"not_picked":["Static Discharge","ReplayTheSpireMod:Reroute Power","Rebound"],"picked":"SKIP","floor":6},{"not_picked":["Conserve Battery","Darkness"],"picked":"Mirror Shield","floor":7},{"not_picked":["Conserve Battery","Go for the Eyes"],"picked":"Panic Button","floor":8},{"not_picked":["AT_HeatAcrobatics","Panic Button","Leap"],"picked":"SKIP","floor":11},{"not_picked":["Coolheaded","Go for the Eyes"],"picked":"Turbo","floor":13},{"not_picked":["Capacitor","Conserve Battery"],"picked":"Seek","floor":15}],"player_experience":524651,"relics_obtained":[{"floor":4,"key":"AT_GuinsooRageblade"},{"floor":6,"key":"Dream Catcher"},{"floor":9,"key":"conspire:Flyswatter"},{"floor":13,"key":"Centennial Puzzle"},{"floor":14,"key":"Incense Burner"}],"event_choices":[{"damage_healed":0,"gold_gain":0,"player_choice":"Take Damage","damage_taken":18,"relics_obtained":["Golden Idol"],"max_hp_gain":0,"max_hp_loss":0,"event_name":"Golden Idol","floor":2,"gold_loss":0},{"damage_healed":0,"gold_gain":0,"player_choice":"Forge","damage_taken":0,"max_hp_gain":0,"max_hp_loss":0,"event_name":"Accursed Blacksmith","floor":10,"gold_loss":0,"cards_upgraded":["Zap"]}],"is_beta":false,"boss_relics":[],"items_purged_floors":[],"is_endless":false,"potions_floor_spawned":[3,5,11],"killed_by":"Slime Boss","ascension_level":2}}