{"host":"5dhwd44u3dydylwe","time":1612874182,"event":{"mods":["AchievementEnabler","BaseMod","BetterRewards","Dota2Spire","Downfall","Hubris","Minty Spire (QoL Compilation)","Shop Mod","StSLib","Wandering Minibosses"],"gold_per_floor":[0,11,39,39,39,39,39,65,65,65,105,126,148,138,168,168,181,212,232,325,325,125,147,147,147,147,160,241,1,26,52,72,72,829,872,972,989,1098,1098,998,1022,1042,1058,1058,1078,1078,1078,1078,1120,1120,1140,1140,1140,1162,1186,1186,1186,1226,94,94,94,94],"floor_reached":63,"language":"ENG","playtime":4093,"items_purged":["hexamod:ThirdSeal"],"score":1567,"play_id":"073e1a0e-6d5e-4abd-ba69-2c76ccc3373a","local_time":"20210209203622","is_ascension_mode":true,"campfire_choices":[{"data":"hexamod:Float","floor":1,"key":"SMITH"},{"floor":16,"key":"REST"},{"data":"hexamod:ApocalypticArmor","floor":22,"key":"SMITH"},{"floor":33,"key":"RECALL"},{"data":"hexamod:SearingWound","floor":40,"key":"SMITH"},{"data":"hexamod:GhostOfSpirePast","floor":50,"key":"SMITH"},{"data":"hexamod:VolcanoVisage","floor":52,"key":"SMITH"},{"data":"hexamod:FastForward","floor":60,"key":"SMITH"}],"circlet_count":0,"master_deck":["hexamod:Strike","hexamod:Defend","hexamod:Defend","hexamod:Defend","hexamod:Float+1","hexamod:SecondSeal","hexamod:SearingWound+1","hexamod:FastForward+1","hexamod:HauntingEcho","hexamod:GhostOfSpirePast+1","hexamod:ApocalypticArmor+1","hexamod:RetreatToShadows+1","hexamod:AdvancingGuard+1","Necronomicurse","hexamod:ExtraCrispy","hexamod:HeatCrush+1","hexamod:VolcanoVisage+1","hexamod:HeatCrush+1","hubris:DuctTapeCard","hexamod:GhostflameBarrier+1"],"relics":["hexamod:SpiritBrand","Bird Faced Urn","downfall:ShatteredFragment","Blue Candle","Happy Flower","Dota2Spire:LinkenSphere","Akabeko","Dota2Spire:PowerTreads","Turnip","Astrolabe","downfall:HeartBlessingGreen","downfall:HeartBlessingBlue","hubris:Towel","Necronomicon","hubris:CrystalStatue","hubris:EmptyBottle","Bottled Tornado","wanderingMiniBosses:MasterThiefsPresence","The Courier","Dota2Spire:Satanic","hexamod:InflammatoryLetter","Dota2Spire:RefresherOrb","downfall:HeartBlessingRed","Letter Opener","hubris:DuctTape","Sundial","Dota2Spire:DrumOfEndurance","HornCleat","Boot","hubris:SphereOfDissonance","Pantograph","Bottled Flame","Dota2Spire:OrchidMalevolence"],"acts_visited":["Exordium","TheCity","TheBeyond","TheEnding"],"potions_floor_usage":[15,20,20,32,32,35,35,38,62,62,62,62],"damage_taken":[{"damage":5,"enemies":"2 Louse","floor":2,"turns":2},{"damage":7,"enemies":"Jaw Worm","floor":3,"turns":4},{"damage":12,"enemies":"Lagavulin","floor":11,"turns":7},{"damage":0,"enemies":"Small Slimes","floor":12,"turns":3},{"damage":2,"enemies":"Exordium Thugs","floor":13,"turns":2},{"damage":8,"enemies":"Exordium Wildlife","floor":14,"turns":5},{"damage":10,"enemies":"3 Sentries","floor":15,"turns":6},{"damage":3,"enemies":"Large Slime","floor":17,"turns":5},{"damage":13,"enemies":"Gremlin Nob","floor":18,"turns":3},{"damage":1,"enemies":"3 Louse","floor":19,"turns":2},{"damage":18,"enemies":"WA_ARCHETYPE_RETAIN","floor":20,"turns":6},{"damage":4,"enemies":"Shell Parasite","floor":23,"turns":3},{"damage":5,"enemies":"Centurion and Healer","floor":27,"turns":5},{"damage":0,"enemies":"downfall:FleeingMerchant","floor":29,"turns":4},{"damage":3,"enemies":"Snake Plant","floor":30,"turns":1},{"damage":3,"enemies":"Sentry and Sphere","floor":31,"turns":4},{"damage":0,"enemies":"Slavers","floor":32,"turns":3},{"damage":6,"enemies":"Chosen and Byrds","floor":34,"turns":7},{"damage":16,"enemies":"Gremlin Leader","floor":35,"turns":5},{"damage":3,"enemies":"IC_STATUS_ARCHETYPE","floor":36,"turns":3},{"damage":0,"enemies":"Snecko","floor":37,"turns":2},{"damage":33,"enemies":"DF_ARCHETYPE_CLAW","floor":38,"turns":6},{"damage":7,"enemies":"3 Shapes","floor":41,"turns":2},{"damage":15,"enemies":"3 Darklings","floor":42,"turns":3},{"damage":10,"enemies":"Writhing Mass","floor":43,"turns":3},{"damage":15,"enemies":"Spire Growth","floor":45,"turns":3},{"damage":0,"enemies":"Nemesis","floor":49,"turns":3},{"damage":0,"enemies":"Sphere and 2 Shapes","floor":51,"turns":2},{"damage":19,"enemies":"4 Shapes","floor":54,"turns":4},{"damage":1,"enemies":"3 Darklings","floor":55,"turns":3},{"damage":4,"enemies":"IC_BLOCK_ARCHETYPE","floor":56,"turns":4},{"damage":23,"enemies":"downfall:CharBossMerchant","floor":58,"turns":4},{"damage":20,"enemies":"downfall:NeowBoss","floor":61,"turns":10},{"damage":3,"enemies":"downfall:NeowBossFinal","floor":62,"turns":3}],"seed_played":"-2858502708165471539","potions_obtained":[{"floor":3,"key":"Energy Potion"},{"floor":13,"key":"PowerPotion"},{"floor":15,"key":"Fire Potion"},{"floor":19,"key":"SpeedPotion"},{"floor":23,"key":"Fire Potion"},{"floor":25,"key":"CultistPotion"},{"floor":36,"key":"DistilledChaos"},{"floor":43,"key":"Regen Potion"},{"floor":51,"key":"EssenceOfSteel"}],"is_trial":false,"path_per_floor":["R","M","M","?","?","?","?","T","T","T","E","M","M","M","E","R","M","E","M","B",null,"R","M","?","?","?","M","T","$","M","M","E","R","M","E","?","M","B",null,"R","M","M","M","?","M","T","T","?","E","R","M","R","?","M","M","B",null,"E","$","R","B","B",null],"character_chosen":"THE_SPIRIT","items_purchased":["hubris:EmptyBottle","HornCleat","Boot","hubris:SphereOfDissonance","Pantograph","Bottled Flame","Dota2Spire:OrchidMalevolence"],"campfire_rested":1,"item_purchase_floors":[29,59,59,59,59,59,59],"current_hp_per_floor":[70,65,60,39,39,39,34,34,34,34,24,26,26,18,10,31,30,19,18,4,70,80,80,80,80,64,65,65,73,72,77,80,80,78,64,65,67,42,80,80,77,69,67,67,60,60,60,60,70,70,78,78,78,65,74,78,80,57,57,57,65,80],"gold":94,"neow_bonus":"ONE_RARE_RELIC","is_daily":false,"chose_seed":false,"campfire_upgraded":6,"win_rate":0.0,"timestamp":1612874182,"path_taken":["R","M","M","?","?","?","?","T","T","?","E","M","M","M","E","R","?","E","M","BOSS","R","M","?","?","?","M","T","$","M","M","E","R","M","E","?","M","BOSS","R","M","M","M","?","M","T","T","?","E","R","M","R","?","M","M","BOSS","E","$","R","BOSS","BOSS"],"items_purchased_type":["Relic","Relic","Relic","Relic","Relic","Relic","Relic"],"build_version":"2020-12-22","purchased_purges":1,"victory":true,"max_hp_per_floor":[70,70,70,70,70,70,70,70,70,70,70,70,70,70,70,70,70,70,70,70,70,80,80,80,80,80,80,80,80,80,80,80,80,80,80,80,80,80,80,80,80,80,80,80,80,80,80,80,80,80,80,80,80,80,80,80,80,80,80,80,80,80],"card_choices":[{"not_picked":["hexamod:GhostLash","hexamod:SwordOfDarkness"],"picked":"hexamod:SecondSeal","floor":2},{"not_picked":["hexamod:HeatMetal","hexamod:RainOfEmbers"],"picked":"hexamod:Incineration","floor":3},{"not_picked":["hexamod:SuperheatedStrike","hexamod:BurningTouch"],"picked":"hexamod:SearingWound","floor":11},{"not_picked":["hexamod:GhostLash","hexamod:BurningTouch","hexamod:Firestarter"],"picked":"SKIP","floor":12},{"not_picked":["hexamod:HeatShield","hexamod:NightmareStrike"],"picked":"hexamod:FastForward","floor":13},{"not_picked":["hexamod:NightmareStrike","hexamod:ThermalTransfer","hexamod:SkipABeat"],"picked":"SKIP","floor":14},{"not_picked":["hexamod:DynamicBlow","hexamod:BacktrackSmack","hexamod:HeatMetal"],"picked":"SKIP","floor":15},{"not_picked":["hexamod:FlameSwitch","hexamod:PhantomFireball","hexamod:SwordOfDarkness"],"picked":"SKIP","floor":17},{"not_picked":["hexamod:HeatMetal","hexamod:BurningTouch"],"picked":"hexamod:HauntingEcho","floor":18},{"not_picked":["hexamod:SuperheatedStrike","hexamod:Haunt"],"picked":"hexamod:GhostOfSpirePast","floor":19},{"not_picked":["hexamod:TimeWarp","hexamod:UnlimitedPower"],"picked":"hexamod:ApocalypticArmor","floor":20},{"not_picked":["hexamod:ThermalTransfer","hexamod:SpectersWail","hexamod:HauntingEcho"],"picked":"SKIP","floor":23},{"not_picked":["hexamod:Hexaguard","hexamod:EtherealExpedition","hexamod:Haunt"],"picked":"SKIP","floor":23},{"not_picked":["hexamod:HauntingEcho","hexamod:GhostShield","hexamod:NightmareGuise"],"picked":"SKIP","floor":27},{"not_picked":["hexamod:AdvancingGuard+1","hexamod:ShieldOfDarkness","hexamod:SkipABeat"],"picked":"SKIP","floor":27},{"not_picked":["hexamod:Hexaguard","hexamod:GhostLash"],"picked":"hexamod:ExtraCrispy","floor":29},{"not_picked":["hexamod:FlameSwitch","hexamod:SuperheatedStrike","hexamod:FastForward"],"picked":"SKIP","floor":29},{"not_picked":["hexamod:BacktrackSmack","hexamod:SpectersWail","hexamod:PowerFromBeyond"],"picked":"SKIP","floor":30},{"not_picked":["hexamod:SpectralSpark","hexamod:ShieldOfDarkness"],"picked":"hexamod:SoulSteal+1","floor":31},{"not_picked":["hexamod:ExtraCrispy","hexamod:CatchUp+1","hexamod:PowerFromBeyond"],"picked":"SKIP","floor":32},{"not_picked":["hexamod:GhostShield","hexamod:NightmareStrike"],"picked":"hexamod:HeatCrush+1","floor":34},{"not_picked":["hexamod:BurningTouch","hexamod:ThirdSeal","hexamod:SuperheatedStrike+1"],"picked":"SKIP","floor":35},{"not_picked":["hexamod:EtherealExpedition","hexamod:SoulSteal+1","hexamod:InspiringFlames"],"picked":"SKIP","floor":37},{"not_picked":["hexamod:GhostflameInferno","hexamod:FifthSeal"],"picked":"hexamod:VolcanoVisage","floor":38},{"not_picked":["hexamod:Haunt+1","hexamod:EtherealExpedition+1"],"picked":"hexamod:HeatCrush+1","floor":41},{"not_picked":["hexamod:HeatMetal+1","hexamod:SuperheatedStrike+1","hexamod:EtherealExpedition+1"],"picked":"SKIP","floor":42},{"not_picked":["hexamod:BacktrackSmack","hexamod:NightmareGuise+1","hexamod:ThermalTransfer+1"],"picked":"SKIP","floor":43},{"not_picked":["hexamod:ChargedBarrage+1","hexamod:ShieldOfDarkness+1","hexamod:VolcanoVisage"],"picked":"SKIP","floor":45},{"not_picked":["hexamod:SuperheatedStrike","hexamod:HauntingEcho","hexamod:Toasty"],"picked":"SKIP","floor":49},{"not_picked":["hexamod:PowerFromBeyond","hexamod:Hexaguard","hexamod:PhantomCloak+1"],"picked":"SKIP","floor":51},{"not_picked":["hexamod:BacktrackSmack","hexamod:NightmareGuise+1","hexamod:FlamesFromBeyond+1"],"picked":"SKIP","floor":54},{"not_picked":["hexamod:SwordOfDarkness+1","hexamod:SecondSeal","hexamod:GhostShield"],"picked":"SKIP","floor":55},{"not_picked":["hexamod:Hexaguard","hexamod:SwordOfDarkness"],"picked":"hexamod:GhostflameBarrier+1","floor":58}],"player_experience":232874,"relics_obtained":[{"floor":9,"key":"Happy Flower"},{"floor":10,"key":"Dota2Spire:LinkenSphere"},{"floor":11,"key":"Akabeko"},{"floor":15,"key":"Dota2Spire:PowerTreads"},{"floor":18,"key":"Turnip"},{"floor":26,"key":"Necronomicon"},{"floor":28,"key":"hubris:CrystalStatue"},{"floor":32,"key":"Bottled Tornado"},{"floor":34,"key":"wanderingMiniBosses:MasterThiefsPresence"},{"floor":35,"key":"The Courier"},{"floor":36,"key":"Dota2Spire:Satanic"},{"floor":36,"key":"hexamod:InflammatoryLetter"},{"floor":46,"key":"Letter Opener"},{"floor":47,"key":"hubris:DuctTape"},{"floor":49,"key":"Sundial"},{"floor":58,"key":"Dota2Spire:DrumOfEndurance"}],"event_choices":[{"cards_removed":["hexamod:Strike"],"damage_healed":0,"gold_gain":0,"player_choice":"Card Removal","damage_taken":0,"max_hp_gain":0,"max_hp_loss":0,"event_name":"The Cleric","floor":5,"gold_loss":0},{"cards_removed":["hexamod:Sear"],"damage_healed":0,"gold_gain":0,"player_choice":"Card Removal","damage_taken":0,"max_hp_gain":0,"max_hp_loss":0,"event_name":"Wheel of Change","floor":53,"gold_loss":0}],"is_beta":false,"boss_relics":[{"not_picked":["hubris:HollowSoul","Tiny House"],"picked":"Astrolabe"},{"not_picked":["Cursed Key","hubris:Stopwatch"],"picked":"Dota2Spire:RefresherOrb"}],"items_purged_floors":[29],"is_endless":false,"potions_floor_spawned":[3,13,15,19,23,27,30,31,36,43,45,51],"ascension_level":3}}