{"host":"hf26dlu7397s98tc","time":1612867159,"event":{"mods":["Act Like it!","Arknights","Astrologer","BaseMod","CapriCore","Chen","Gensokyo","GifTheSpireLib","Hallownest","Hermit","Koishi","Luminous","Marisa£®ÏF”Í°°ƒß¿Ì…≥£©","Minty Spire (QoL Compilation)","Pale of the Ancients","Quick Restart","Reimu£®≤©¿ˆ¡È√Œ£©","Relic Filter Mod","Remilia£®¿Ÿ√◊¿Ú—«£©","Robot Space Explorer","Shop Mod","Spicy Shops","StSLib","The Administrix","The Bug Knight","The Dragon Tamer","The Gatherer","The Immortal","The Servant 0.9.4","TheWitcher","Thieving Mod","UnlockEverythingMod","Yakumo Yukari mod","Youmu£®ªÍ∆«—˝√Œ£©","≤–¡Ù÷ÆŒÔ"],"gold_per_floor":[112,112,112,130,150,178,191,191,191],"floor_reached":8,"language":"ZHS","playtime":282,"items_purged":[],"score":58,"play_id":"26c35346-32ce-4298-8ae2-94125bf67967","local_time":"20210209183919","is_ascension_mode":false,"campfire_choices":[],"circlet_count":0,"master_deck":["PlaceholderMod:BaseStrike","PlaceholderMod:BaseStrike","PlaceholderMod:BaseStrike","PlaceholderMod:BaseStrike","PlaceholderMod:BaseStrike","PlaceholderMod:BaseDefend","PlaceholderMod:BaseDefend","PlaceholderMod:BaseDefend","PlaceholderMod:BaseDefend","PlaceholderMod:BaseDefend","PlaceholderMod:Crystal","PlaceholderMod:PoisonWhip","PlaceholderMod:PoisonExcitation+1","Regret","PlaceholderMod:Corrosion","PlaceholderMod:PoisonAbsorb","PlaceholderMod:DiffusionPoison","PlaceholderMod:ChainPoly"],"relics":["PlaceholderMod:Tancle","NeowsBlessing","Boot","Tea:ReiMu"],"acts_visited":["Exordium"],"potions_floor_usage":[],"damage_taken":[{"damage":0.0,"enemies":"ats:Genji","floor":1.0,"turns":1.0},{"damage":0.0,"enemies":"Small Slimes","floor":4.0,"turns":1.0},{"damage":0.0,"enemies":"Jaw Worm","floor":5.0,"turns":1.0},{"damage":25,"enemies":"Lagavulin","floor":6,"turns":7},{"damage":21,"enemies":"Exordium Wildlife","floor":7,"turns":5},{"damage":0,"enemies":"HollowMod:MossKnight","floor":8,"turns":1}],"seed_played":"8278756978936881406","potions_obtained":[{"floor":4.0,"key":"BlessingOfTheForge"},{"floor":5.0,"key":"SkillPotion"},{"floor":7,"key":"SkillPotion"}],"is_trial":false,"path_per_floor":["M","?","?","M","M","E","M","E"],"character_chosen":"THE_PLACEHOLDER","items_purchased":[],"campfire_rested":0,"item_purchase_floors":[],"current_hp_per_floor":[78,78,78,78,78,53,32,32,32],"gold":191,"neow_bonus":"THREE_ENEMY_KILL","is_daily":false,"chose_seed":false,"campfire_upgraded":0,"win_rate":0.0,"timestamp":1612867159,"path_taken":["M","?","?","M","?","E","M","E"],"items_purchased_type":[],"build_version":"2020-12-22","purchased_purges":0,"victory":false,"max_hp_per_floor":[78,78,78,78,78,78,78,78,78],"card_choices":[{"not_picked":["PlaceholderMod:Polyp","PlaceholderMod:StrongAcid"],"picked":"PlaceholderMod:PoisonExcitation","floor":1.0},{"not_picked":["PlaceholderMod:CrystallizationStrike","PlaceholderMod:Internalization"],"picked":"PlaceholderMod:Corrosion","floor":4.0},{"not_picked":["PlaceholderMod:Turn","PlaceholderMod:DoublePoint"],"picked":"PlaceholderMod:PoisonAbsorb","floor":5.0},{"not_picked":["PlaceholderMod:Sweep","PlaceholderMod:Polyp"],"picked":"PlaceholderMod:DiffusionPoison","floor":6},{"not_picked":["PlaceholderMod:ProliferateStrike","PlaceholderMod:HornyBlast"],"picked":"PlaceholderMod:ChainPoly","floor":7}],"player_experience":281347,"relics_obtained":[{"floor":6,"key":"Tea:ReiMu"}],"event_choices":[{"damage_healed":0.0,"max_hp_gain":0.0,"max_hp_loss":0.0,"gold_gain":0.0,"event_name":"Big Fish","player_choice":"Box","floor":2.0,"gold_loss":0.0,"damage_taken":0.0,"relics_obtained":["Boot"],"cards_obtained":["Regret"]},{"damage_healed":0.0,"max_hp_gain":0.0,"max_hp_loss":0.0,"gold_gain":0.0,"event_name":"Accursed Blacksmith","player_choice":"Forge","floor":3.0,"gold_loss":0.0,"damage_taken":0.0,"cards_upgraded":["PlaceholderMod:PoisonExcitation"]}],"is_beta":false,"boss_relics":[],"items_purged_floors":[],"is_endless":false,"potions_floor_spawned":[4,5,7],"killed_by":"HollowMod:MossKnight","ascension_level":0}}