{"host":"vlqejv0notyktumz","time":1612851237,"event":{"mods":["AchievementEnabler","BaseMod","Colored Map","Colored Powertips","Downfall","Googly Eyes","Minty Spire (QoL Compilation)","StSLib"],"gold_per_floor":[116,66,77,25,0,32,32,207,207,223,223,76,76,86,86,187,187,200,71,87,87,87,87,87,87],"floor_reached":24,"language":"ENG","playtime":421,"items_purged":["Defend_B"],"score":288,"play_id":"b54479cd-de51-4117-a775-9d0463e364dd","local_time":"20210209001357","is_ascension_mode":true,"campfire_choices":[{"data":"Redo","floor":7,"key":"SMITH"},{"data":"Redo","floor":11,"key":"SMITH"},{"data":"Darkness","floor":15,"key":"SMITH"},{"data":"Darkness","floor":23,"key":"SMITH"}],"circlet_count":0,"master_deck":["AscendersBane","Strike_B","Strike_B","Strike_B","Defend_B","Defend_B","Defend_B","Zap","Dualcast","Rebound","Redo+1","Redo+1","Conserve Battery","Leap","Doubt","Darkness+1","Darkness+1","Core Surge","Leap","Steam Power"],"relics":["Cracked Core","Strawberry","Pen Nib","Lantern","SacredBark"],"acts_visited":["Exordium","TheCity"],"potions_floor_usage":[6,16,18],"damage_taken":[{"damage":0,"enemies":"2 Louse","floor":1,"turns":2},{"damage":0,"enemies":"Small Slimes","floor":3,"turns":2},{"damage":13,"enemies":"Gremlin Nob","floor":6,"turns":3},{"damage":1,"enemies":"Cultist","floor":10,"turns":3},{"damage":7,"enemies":"Large Slime","floor":14,"turns":6},{"damage":48,"enemies":"The Guardian","floor":16,"turns":10},{"damage":29,"enemies":"Shell Parasite","floor":18,"turns":5},{"damage":11,"enemies":"Spheric Guardian","floor":20,"turns":4},{"damage":20,"enemies":"3 Cultists","floor":24,"turns":3}],"seed_played":"5341816704775921784","potions_obtained":[{"floor":3,"key":"hexamod:SoulburnPotion"},{"floor":10,"key":"LiquidMemories"},{"floor":14,"key":"LiquidBronze"}],"is_trial":false,"path_per_floor":["M","?","M","$","?","E","R","?","T","M","R","$","?","M","R","B",null,"M","$","M","?","$","R","M"],"character_chosen":"DEFECT","items_purchased":["Conserve Battery","Lantern","Leap"],"campfire_rested":0,"item_purchase_floors":[4,12,19],"current_hp_per_floor":[68,68,68,68,68,62,62,62,62,61,61,61,61,54,54,6,63,34,34,23,50,50,50,30,30],"gold":87,"neow_bonus":"THREE_CARDS","is_daily":false,"chose_seed":false,"campfire_upgraded":4,"win_rate":0.0,"timestamp":1612851237,"path_taken":["M","?","M","$","?","E","R","?","T","M","R","$","?","?","R","BOSS","M","$","M","?","$","R","M"],"items_purchased_type":["Card","Relic","Card"],"build_version":"2020-12-22","purchased_purges":1,"victory":false,"max_hp_per_floor":[75,75,75,75,75,82,82,82,82,82,82,82,82,82,82,82,82,82,82,82,82,82,82,82,82],"card_choices":[{"not_picked":["Aggregate","Scrape"],"picked":"Rebound","floor":0},{"not_picked":["Rebound","Stack"],"picked":"Redo","floor":1},{"not_picked":["Hologram","Barrage"],"picked":"Redo","floor":3},{"not_picked":["Go for the Eyes","Compile Driver"],"picked":"Leap","floor":6},{"not_picked":["Streamline","Coolheaded","Compile Driver"],"picked":"SKIP","floor":10},{"not_picked":["Steam","Ball Lightning"],"picked":"Darkness","floor":14},{"not_picked":["Machine Learning","Creative AI"],"picked":"Core Surge","floor":16},{"not_picked":["Capacitor","Chaos","Barrage"],"picked":"SKIP","floor":18},{"not_picked":["Ball Lightning","Redo"],"picked":"Steam Power","floor":20}],"player_experience":402003,"relics_obtained":[{"floor":6,"key":"Strawberry"},{"floor":9,"key":"Pen Nib"}],"event_choices":[{"cards_removed":["Strike_B"],"damage_healed":0,"gold_gain":0,"player_choice":"Card Removal","damage_taken":0,"max_hp_gain":0,"max_hp_loss":0,"event_name":"The Cleric","floor":2,"gold_loss":50},{"damage_healed":0,"gold_gain":0,"player_choice":"Left Gold","damage_taken":0,"max_hp_gain":0,"max_hp_loss":0,"event_name":"World of Goop","floor":5,"gold_loss":25},{"damage_healed":0,"gold_gain":175,"player_choice":"AGREE","damage_taken":0,"max_hp_gain":0,"max_hp_loss":0,"event_name":"Liars Game","floor":8,"gold_loss":0,"cards_obtained":["Doubt"]},{"damage_healed":0,"gold_gain":0,"player_choice":"1 cards matched","damage_taken":0,"max_hp_gain":0,"max_hp_loss":0,"event_name":"Match and Keep!","floor":13,"gold_loss":0,"cards_obtained":["Darkness"]},{"damage_healed":27,"gold_gain":0,"player_choice":"Heal","damage_taken":0,"max_hp_gain":0,"max_hp_loss":0,"event_name":"The Library","floor":21,"gold_loss":0}],"is_beta":false,"boss_relics":[{"not_picked":["Coffee Dripper","Runic Dome"],"picked":"SacredBark"}],"items_purged_floors":[19],"is_endless":false,"potions_floor_spawned":[3,10,14],"killed_by":"3 Cultists","ascension_level":10}}