{"host":"yg1n0qads92lo9wl","time":1612886848,"event":{"mods":["BaseMod","Downfall","Luminous","Minty Spire (QoL Compilation)","StSLib","Warlord Emblem"],"gold_per_floor":[99,109,120,120,134,134,134,163,0,19,53,69,69,88,106,210,210,210,210,210,226,226,246,246,246,78,112,129,147,181,181,196,297,297,297,313,313,166,176,225,248,261,295,8,28,42,42,42,60,60],"floor_reached":51,"language":"ZHS","playtime":22060,"items_purged":["Guardian:Strike_Guardian","Guardian:Defend_Guardian","Guardian:Strike_Guardian"],"score":766,"play_id":"251c35df-da8a-4464-a987-e89d70ede432","local_time":"20210210000728","is_ascension_mode":true,"campfire_choices":[{"data":"Guardian:TwinSlam","floor":1.0,"key":"SMITH"},{"data":"Guardian:FloatingOrbs","floor":13.0,"key":"SMITH"},{"data":"Guardian:CompilePackage","floor":18.0,"key":"SMITH"},{"data":"Guardian:PrismaticBeam","floor":25.0,"key":"SMITH"},{"data":"Guardian:HyperBeam_Guardian","floor":35.0,"key":"SMITH"},{"data":"Guardian:MultiBeam","floor":47.0,"key":"SMITH"}],"circlet_count":0,"master_deck":["Guardian:Strike_Guardian","Guardian:Defend_Guardian","Guardian:Defend_Guardian","Guardian:Defend_Guardian","Guardian:CurlUp","Guardian:TwinSlam+1","Guardian:VentSteam","Guardian:ChargeCore","Guardian:PolyBeam","Guardian:FloatingOrbs+1","Guardian:PrimingBeam","Guardian:DonusPower","Guardian:CompilePackage+1","Guardian:Orbwalk","Guardian:BronzeOrb","Guardian:PrismaticBeam+1","Guardian:WalkerClaw","Guardian:ExploitGems","Guardian:DonusPower+1","Guardian:HyperBeam_Guardian","Guardian:Incinerate","Guardian:HyperBeam_Guardian+1","Guardian:CrystalBeam","Guardian:MultiBeam+1","Guardian:FloatingOrbs","Guardian:ExploitGems","Parasite","Guardian:VentSteam+1"],"relics":["Coffee Dripper","Ornamental Fan","Turnip","TungstenRod","Guardian:StasisSlotReductionRelic","Mummified Hand","Bottled Lightning","Toy Ornithopter","Du-Vu Doll","The Courier","Philosopher\u0027s Stone","Chemical X","Juzu Bracelet","StoneCalendar","Oddly Smooth Stone","Slimebound:PreparedRelic","Guardian:BottledStasis","Art of War"],"acts_visited":["Exordium","TheCity","TheBeyond"],"potions_floor_usage":[50,50],"damage_taken":[{"damage":1.0,"enemies":"Jaw Worm","floor":2.0,"turns":3.0},{"damage":0.0,"enemies":"Cultist","floor":3.0,"turns":4.0},{"damage":0.0,"enemies":"Small Slimes","floor":5.0,"turns":3.0},{"damage":26.0,"enemies":"Lagavulin","floor":8.0,"turns":7.0},{"damage":5.0,"enemies":"downfall:FleeingMerchant","floor":9.0,"turns":4.0},{"damage":15.0,"enemies":"Exordium Thugs","floor":10.0,"turns":4.0},{"damage":10.0,"enemies":"Gremlin Nob","floor":11.0,"turns":4.0},{"damage":5.0,"enemies":"Lots of Slimes","floor":12.0,"turns":4.0},{"damage":0.0,"enemies":"2 Fungi Beasts","floor":14.0,"turns":2.0},{"damage":5.0,"enemies":"Exordium Wildlife","floor":15.0,"turns":3.0},{"damage":17.0,"enemies":"IC_STATUS_ARCHETYPE","floor":16.0,"turns":7.0},{"damage":0.0,"enemies":"Chosen","floor":19.0,"turns":1.0},{"damage":6.0,"enemies":"Centurion and Healer","floor":21.0,"turns":5.0},{"damage":8.0,"enemies":"3 Cultists","floor":23.0,"turns":5.0},{"damage":0.0,"enemies":"downfall:FleeingMerchant","floor":26.0,"turns":4.0},{"damage":12.0,"enemies":"Gremlin Leader","floor":27.0,"turns":5.0},{"damage":0.0,"enemies":"Chosen and Byrds","floor":28.0,"turns":3.0},{"damage":0.0,"enemies":"Centurion and Healer","floor":29.0,"turns":3.0},{"damage":0.0,"enemies":"Slavers","floor":30.0,"turns":4.0},{"damage":5.0,"enemies":"Sentry and Sphere","floor":32.0,"turns":4.0},{"damage":23.0,"enemies":"SI_MIRROR_ARCHETYPE","floor":33.0,"turns":6.0},{"damage":16.0,"enemies":"3 Darklings","floor":36.0,"turns":3.0},{"damage":0.0,"enemies":"downfall:FleeingMerchant","floor":38.0,"turns":4.0},{"damage":1.0,"enemies":"3 Shapes","floor":39.0,"turns":3.0},{"damage":5.0,"enemies":"2 Orb Walkers","floor":40.0,"turns":2.0},{"damage":0.0,"enemies":"Transient","floor":42.0,"turns":5.0},{"damage":14.0,"enemies":"Reptomancer","floor":43.0,"turns":4.0},{"damage":24.0,"enemies":"Sphere and 2 Shapes","floor":45.0,"turns":3.0},{"damage":7.0,"enemies":"Writhing Mass","floor":46.0,"turns":3.0},{"damage":12,"enemies":"3 Darklings","floor":49,"turns":4},{"damage":28,"enemies":"WA_ARCHETYPE_DIVINITY","floor":50,"turns":6}],"seed_played":"1339390153670186080","potions_obtained":[{"floor":2.0,"key":"Dexterity Potion"},{"floor":5.0,"key":"SneckoOil"},{"floor":6.0,"key":"ColorlessPotion"},{"floor":6.0,"key":"CultistPotion"},{"floor":11.0,"key":"Dexterity Potion"},{"floor":12.0,"key":"Fruit Juice"},{"floor":21.0,"key":"Fire Potion"},{"floor":23.0,"key":"Fire Potion"},{"floor":27.0,"key":"Fire Potion"},{"floor":28.0,"key":"Fire Potion"},{"floor":33.0,"key":"Fire Potion"},{"floor":36.0,"key":"LiquidMemories"},{"floor":42.0,"key":"DistilledChaos"},{"floor":43.0,"key":"LiquidBronze"},{"floor":45.0,"key":"EssenceOfSteel"},{"floor":49,"key":"Fire Potion"}],"is_trial":false,"path_per_floor":["R","M","M","?","M","?","T","E","$","M","E","M","R","M","M","B",null,"R","M","?","M","T","M","T","R","$","E","M","M","E","?","M","B",null,"R","M","?","$","M","?","T","M","E","$","M","M","R","T","M","B",null],"character_chosen":"GUARDIAN","items_purchased":["Guardian:PolyBeam","Toy Ornithopter","Chemical X","Guardian:FloatingOrbs","DuplicationPotion","BlessingOfTheForge","Juzu Bracelet","Guardian:BottledStasis","Regen Potion"],"campfire_rested":0,"item_purchase_floors":[9,26,38,38,38,38,38,44,44],"current_hp_per_floor":[80,79,79,79,79,79,79,53,48,33,23,18,18,18,13,1,85,85,85,85,79,79,71,71,71,71,59,59,59,64,64,59,41,85,85,73,73,78,77,77,77,77,68,68,44,47,47,47,35,17],"gold":60,"neow_bonus":"BOSS_RELIC","is_daily":false,"chose_seed":false,"campfire_upgraded":6,"win_rate":0.0,"timestamp":1612886848,"path_taken":["R","M","M","?","M","?","T","E","$","M","E","M","R","?","M","BOSS","R","M","?","?","?","?","T","R","$","E","M","M","E","?","M","BOSS","R","M","?","$","M","?","T","M","E","$","M","M","R","?","M","BOSS"],"items_purchased_type":["Card","Relic","Relic","Card","Potion","Potion","Relic","Relic","Potion"],"build_version":"2020-12-22","purchased_purges":3,"victory":true,"max_hp_per_floor":[80,80,80,80,80,80,80,80,80,80,80,80,80,80,80,85,85,85,85,85,85,85,85,85,85,85,85,85,85,85,85,85,85,85,85,85,85,85,85,85,85,85,85,85,85,85,85,85,85,85],"card_choices":[{"not_picked":["Guardian:Reroute","Guardian:WalkerClaw"],"picked":"Guardian:Gem_White","floor":2.0},{"not_picked":["Guardian:RollAttack","Guardian:Gem_Green"],"picked":"Guardian:VentSteam","floor":3.0},{"not_picked":["Guardian:Gem_Green","Guardian:PrimingBeam"],"picked":"Guardian:ChargeCore","floor":5.0},{"not_picked":["Guardian:TimeBomb","Guardian:BronzeArmor"],"picked":"Guardian:Gem_Crimson","floor":8.0},{"not_picked":["Guardian:PrismaticBeam","Guardian:BronzeOrb"],"picked":"Guardian:Gem_Cyan","floor":9.0},{"not_picked":["Guardian:FastForward","Guardian:PrismaticBarrier","Guardian:Harden"],"picked":"SKIP","floor":10.0},{"not_picked":["Guardian:RollAttack","Guardian:WalkerClaw"],"picked":"Guardian:Gem_Lightblue","floor":11.0},{"not_picked":["Guardian:Gem_White","Guardian:PrimingBeam"],"picked":"Guardian:FloatingOrbs","floor":12.0},{"not_picked":["Guardian:ArmoredProtocol","Guardian:Emergency"],"picked":"Guardian:PrimingBeam","floor":14.0},{"not_picked":["Guardian:FuturePlans","Guardian:BronzeArmor"],"picked":"Guardian:DonusPower","floor":15.0},{"not_picked":["Guardian:Gem_Synthetic","Guardian:GatlingBeam"],"picked":"Guardian:CompilePackage","floor":16.0},{"not_picked":["Guardian:FuturePlans+1","Guardian:PiercingHide"],"picked":"Guardian:Orbwalk","floor":19.0},{"not_picked":["Guardian:Orbwalk","Guardian:Planning+1"],"picked":"Guardian:Gem_Green","floor":21.0},{"not_picked":["Guardian:PrimingBeam","Guardian:TemporalStrike+1"],"picked":"Guardian:PrismaticBeam","floor":23.0},{"not_picked":["Guardian:ShieldSpikes+1","Guardian:ChargeCore"],"picked":"Guardian:WalkerClaw","floor":26.0},{"not_picked":["Guardian:Recover","Guardian:Gem_White"],"picked":"Guardian:ExploitGems","floor":27.0},{"not_picked":["Guardian:Reroute+1","Guardian:ShieldCharger"],"picked":"Guardian:DonusPower+1","floor":28.0},{"not_picked":["Guardian:ArmoredProtocol","Guardian:EvasiveProtocol+1","Guardian:Clone"],"picked":"SKIP","floor":29.0},{"not_picked":["Guardian:Gem_Lightblue","Guardian:Incinerate"],"picked":"Guardian:HyperBeam_Guardian","floor":30.0},{"not_picked":["Guardian:Gem_Red","Guardian:Gem_Green"],"picked":"Guardian:Gem_White","floor":32.0},{"not_picked":["Guardian:StasisEngine","Guardian:CompilePackage"],"picked":"Guardian:HyperBeam_Guardian","floor":33.0},{"not_picked":["Guardian:Harden","Guardian:ShieldSpikes"],"picked":"Guardian:CrystalBeam","floor":36.0},{"not_picked":["Guardian:ShieldSpikes+1","Guardian:Planning"],"picked":"Guardian:MultiBeam","floor":38.0},{"not_picked":["Guardian:BodySlam","Guardian:DecasProtection+1"],"picked":"Guardian:Gem_Red","floor":39.0},{"not_picked":["Guardian:CrystalBeam","Guardian:TemporalShield+1"],"picked":"Guardian:Gem_Green","floor":42.0},{"not_picked":["Guardian:Reroute","Guardian:ShieldSpikes+1"],"picked":"Guardian:ExploitGems","floor":43.0},{"not_picked":["Guardian:DecasProtection","Guardian:CrystalBeam"],"picked":"Guardian:Gem_Cyan","floor":45.0},{"not_picked":["Guardian:RollAttack","Guardian:Repulse"],"picked":"Guardian:VentSteam+1","floor":46.0},{"not_picked":["Guardian:ShieldCharger+1","Guardian:VentSteam+1","Guardian:Gem_Crimson"],"picked":"SKIP","floor":49}],"player_experience":431416,"relics_obtained":[{"floor":7.0,"key":"Ornamental Fan"},{"floor":8.0,"key":"Turnip"},{"floor":11.0,"key":"TungstenRod"},{"floor":22.0,"key":"Mummified Hand"},{"floor":24.0,"key":"Bottled Lightning"},{"floor":27.0,"key":"Du-Vu Doll"},{"floor":30.0,"key":"The Courier"},{"floor":40.0,"key":"StoneCalendar"},{"floor":41.0,"key":"Oddly Smooth Stone"},{"floor":43.0,"key":"Slimebound:PreparedRelic"},{"floor":48.0,"key":"Art of War"}],"event_choices":[{"damage_healed":0.0,"max_hp_gain":0.0,"max_hp_loss":0.0,"gold_gain":0.0,"event_name":"Lab","player_choice":"Got Potions","floor":6.0,"gold_loss":0.0,"damage_taken":0.0},{"damage_healed":0.0,"max_hp_gain":0.0,"max_hp_loss":0.0,"gold_gain":0.0,"event_name":"The Library","player_choice":"Read","floor":31.0,"gold_loss":0.0,"damage_taken":0.0,"cards_obtained":["Guardian:Incinerate"]},{"damage_healed":0.0,"max_hp_gain":0.0,"max_hp_loss":0.0,"gold_gain":0.0,"event_name":"Mysterious Sphere","player_choice":"Fight","floor":40.0,"gold_loss":0.0,"damage_taken":0.0}],"is_beta":false,"boss_relics":[{"not_picked":["SlaversCollar","bronze:MakeshiftBattery"],"picked":"Guardian:StasisSlotReductionRelic"},{"not_picked":["Snecko Eye","expansioncontent:StudyCardRelic"],"picked":"Philosopher\u0027s Stone"}],"items_purged_floors":[9,38,44],"is_endless":false,"potions_floor_spawned":[2,5,11,12,14,21,23,27,28,29,33,36,42,43,45,49],"ascension_level":1}}