{"host":"4gr5irrdjh39ysed","time":1612883131,"event":{"mods":["AchievementEnabler","BaseMod","Colored Map","Downfall","Hermit","Minty Spire (QoL Compilation)","Random Character Button","StSLib","The Construct","The Cursed","The Disciple","The Hierophant","The Mystic","The Necromancer","The Runesmith"],"gold_per_floor":[112,129,54,73,73,103,178,178,178,178,196,196,215,27,27,100,100,114,114,127,2,18,47,5,5,85,95,145,162,176,203,203,280,280,299,312,72,88,5,5,31,47,47,64,75,106,106,106,106,106,106,106,106,52,84,84],"floor_reached":57,"language":"ENG","playtime":2275,"items_purged":["Defend_R","Defend_R","Defend_R","Shame"],"score":2783,"play_id":"00bcda19-a5aa-4f6e-9ad1-efefa6d79c4c","local_time":"20210209080531","is_ascension_mode":true,"campfire_choices":[{"floor":8,"key":"RECALL"},{"data":"Heavy Blade","floor":10,"key":"SMITH"},{"data":"Inflame","floor":15,"key":"SMITH"},{"data":"Heavy Blade","floor":25,"key":"SMITH"},{"data":"Offering","floor":32,"key":"SMITH"},{"data":"Limit Break","floor":40,"key":"SMITH"},{"data":"Inflame","floor":49,"key":"SMITH"},{"data":"Flex","floor":53,"key":"SMITH"}],"circlet_count":0,"master_deck":["AscendersBane","Strike_R","Strike_R","Strike_R","Strike_R","Strike_R","Bash","Thunderclap","Headbutt","Flex+1","Sever Soul","Heavy Blade+1","Cleave","Inflame+1","Offering+1","Burning Pact","Twin Strike","Heavy Blade+1","Fire Breathing","Combust","Offering","Shockwave","Burning Pact","Dropkick","Limit Break+1","Perfected Strike+1","Battle Trance","Flex+1","Inflame+1","Dropkick","Dual Wield","Rupture","Anger","Pain","Flex","Sword Boomerang+1"],"relics":["Burning Blood","Lantern","Cursed Key","Happy Flower","InkBottle","Juzu Bracelet","Sozu","Bronze Scales","PreservedInsect","WarpedTongs","Incense Burner"],"acts_visited":["Exordium","TheCity","TheBeyond","TheEnding"],"potions_floor_usage":[6,16,18,20,22,30,31,31],"damage_taken":[{"damage":10,"enemies":"Small Slimes","floor":1,"turns":3},{"damage":14,"enemies":"2 Louse","floor":2,"turns":3},{"damage":6,"enemies":"Cultist","floor":4,"turns":3},{"damage":36,"enemies":"Gremlin Nob","floor":6,"turns":4},{"damage":23,"enemies":"Red Slaver","floor":11,"turns":3},{"damage":12,"enemies":"Exordium Wildlife","floor":13,"turns":3},{"damage":74,"enemies":"Slime Boss","floor":16,"turns":9},{"damage":18,"enemies":"Chosen","floor":18,"turns":3},{"damage":0,"enemies":"Spheric Guardian","floor":20,"turns":1},{"damage":24,"enemies":"Snake Plant","floor":22,"turns":2},{"damage":54,"enemies":"Slavers","floor":23,"turns":3},{"damage":15,"enemies":"Cultist and Chosen","floor":27,"turns":3},{"damage":35,"enemies":"Centurion and Healer","floor":29,"turns":2},{"damage":6,"enemies":"Snecko","floor":30,"turns":2},{"damage":25,"enemies":"Gremlin Leader","floor":31,"turns":3},{"damage":117,"enemies":"Collector","floor":33,"turns":7},{"damage":38,"enemies":"3 Shapes","floor":35,"turns":3},{"damage":51,"enemies":"3 Darklings","floor":36,"turns":3},{"damage":31,"enemies":"Spire Growth","floor":38,"turns":3},{"damage":24,"enemies":"Giant Head","floor":41,"turns":4},{"damage":27,"enemies":"Jaw Worm Horde","floor":42,"turns":3},{"damage":46,"enemies":"3 Darklings","floor":44,"turns":3},{"damage":28,"enemies":"Sphere and 2 Shapes","floor":45,"turns":3},{"damage":114,"enemies":"Nemesis","floor":46,"turns":5},{"damage":138,"enemies":"Donu and Deca","floor":50,"turns":5},{"damage":152,"enemies":"Awakened One","floor":51,"turns":7},{"damage":158,"enemies":"Shield and Spear","floor":55,"turns":5},{"damage":241,"enemies":"The Heart","floor":56,"turns":7}],"seed_played":"-8112278393498376503","potions_obtained":[{"floor":2,"key":"construct:ShiftPotion"},{"floor":11,"key":"Dexterity Potion"},{"floor":13,"key":"Fire Potion"},{"floor":16,"key":"DistilledChaos"},{"floor":18,"key":"Strength Potion"},{"floor":20,"key":"SteroidPotion"},{"floor":27,"key":"Block Potion"},{"floor":30,"key":"Block Potion"}],"is_trial":false,"path_per_floor":["M","M","$","M","?","E","?","R","T","R","M","?","M","$","R","B",null,"M","$","M","$","M","E","$","R","T","M","?","M","M","E","R","B",null,"M","M","$","M","$","R","E","M","T","M","M","E","?","$","R","B","B",null,"R","$","E","B",null],"character_chosen":"IRONCLAD","items_purchased":["Inflame","Combust","Battle Trance","Inflame","Flex"],"campfire_rested":0,"item_purchase_floors":[14,24,37,39,54],"current_hp_per_floor":[2064,2056,2056,2056,2056,2026,2015,2015,2015,2015,1998,1998,1992,1992,1992,1924,2037,2025,2025,2031,2031,2013,1965,1965,1965,1965,1956,1956,1927,1927,1908,1908,1797,2006,1974,1929,1929,1904,1904,1904,1886,1865,1865,1825,1803,1695,1695,1695,1695,1563,1417,1911,1911,1911,1759,1524],"gold":84,"neow_bonus":"THREE_CARDS","is_daily":false,"chose_seed":false,"campfire_upgraded":7,"win_rate":0.0,"timestamp":1612883131,"path_taken":["M","M","$","M","?","E","?","R","T","R","M","?","?","$","R","BOSS","M","?","M","$","M","E","$","R","T","M","?","?","M","E","R","BOSS","M","M","$","M","$","R","E","M","T","M","M","E","?","$","R","BOSS","BOSS","R","$","E","BOSS"],"items_purchased_type":["Card","Card","Card","Card","Card"],"build_version":"2020-12-22","purchased_purges":4,"victory":true,"max_hp_per_floor":[2075,2075,2075,2075,2075,2075,2075,2075,2075,2075,2075,2075,2075,2075,2075,2075,2075,2075,2075,2075,2075,2075,2075,2075,2075,2075,2075,2075,2075,2075,2075,2075,2075,2075,2075,2075,2075,2075,2075,2075,2075,2075,2075,2075,2075,2075,2075,2075,2075,2075,2075,2075,2075,2075,2075,2075],"card_choices":[{"not_picked":["Evolve","Entrench"],"picked":"Thunderclap","floor":0},{"not_picked":["Shrug It Off","Body Slam"],"picked":"Headbutt","floor":1},{"not_picked":["Thunderclap","Intimidate"],"picked":"Flex","floor":2},{"not_picked":["Clothesline","Body Slam"],"picked":"Sever Soul","floor":4},{"not_picked":["Evolve","Pommel Strike"],"picked":"Heavy Blade","floor":6},{"not_picked":["Headbutt","Warcry"],"picked":"Cleave","floor":11},{"not_picked":["Power Through","Disarm","Cleave"],"picked":"SKIP","floor":13},{"not_picked":["Juggernaut","Feed"],"picked":"Offering","floor":16},{"not_picked":["Cleave","Blood for Blood"],"picked":"Burning Pact","floor":18},{"not_picked":["Havoc","Shrug It Off"],"picked":"Twin Strike","floor":20},{"not_picked":["Perfected Strike","True Grit"],"picked":"Heavy Blade","floor":22},{"not_picked":["Havoc","Dark Embrace+1"],"picked":"Fire Breathing","floor":23},{"not_picked":["Shockwave","Power Through"],"picked":"Offering","floor":27},{"not_picked":["Iron Wave","Cleave"],"picked":"Shockwave","floor":29},{"not_picked":["Warcry","Blood for Blood"],"picked":"Burning Pact","floor":30},{"not_picked":["Clash","Reckless Charge"],"picked":"Dropkick","floor":31},{"not_picked":["Offering","Feed"],"picked":"Limit Break","floor":33},{"not_picked":["Clothesline","Seeing Red"],"picked":"Perfected Strike+1","floor":35},{"not_picked":["Body Slam","Clothesline","Perfected Strike"],"picked":"SKIP","floor":36},{"not_picked":["Thunderclap","Perfected Strike+1"],"picked":"Flex","floor":38},{"not_picked":["Perfected Strike","Armaments"],"picked":"Dropkick","floor":41},{"not_picked":["Uppercut","Power Through+1"],"picked":"Dual Wield","floor":42},{"not_picked":["Barricade","Headbutt+1","Body Slam"],"picked":"SKIP","floor":44},{"not_picked":["Bloodletting","Body Slam"],"picked":"Rupture","floor":45},{"not_picked":["Shockwave","Body Slam"],"picked":"Anger","floor":46},{"not_picked":["Body Slam","Shockwave"],"picked":"Sword Boomerang+1","floor":55}],"player_experience":333792,"relics_obtained":[{"floor":6,"key":"Lantern"},{"floor":23,"key":"Happy Flower"},{"floor":26,"key":"InkBottle"},{"floor":31,"key":"Juzu Bracelet"},{"floor":41,"key":"Bronze Scales"},{"floor":46,"key":"PreservedInsect"},{"floor":55,"key":"Incense Burner"}],"event_choices":[{"cards_removed":["Defend_R"],"damage_healed":0,"gold_gain":0,"player_choice":"Forget","damage_taken":0,"max_hp_gain":0,"max_hp_loss":0,"event_name":"Living Wall","floor":5,"gold_loss":0},{"damage_healed":0,"gold_gain":75,"player_choice":"Gather Gold","damage_taken":11,"max_hp_gain":0,"max_hp_loss":0,"event_name":"World of Goop","floor":7,"gold_loss":0},{"damage_healed":0,"gold_gain":0,"player_choice":"Upgraded","damage_taken":0,"max_hp_gain":0,"max_hp_loss":0,"event_name":"Upgrade Shrine","floor":12,"gold_loss":0,"cards_upgraded":["Flex"]},{"damage_healed":0,"gold_gain":50,"player_choice":"Pray","damage_taken":0,"max_hp_gain":0,"max_hp_loss":0,"event_name":"Golden Shrine","floor":28,"gold_loss":0},{"damage_healed":0,"gold_gain":0,"player_choice":"Rummage","damage_taken":0,"relics_obtained":["WarpedTongs"],"max_hp_gain":0,"max_hp_loss":0,"event_name":"Accursed Blacksmith","floor":47,"gold_loss":0,"cards_obtained":["Pain"]}],"is_beta":false,"boss_relics":[{"not_picked":["Black Star","Runic Pyramid"],"picked":"Cursed Key"},{"not_picked":["Pandora\u0027s Box","construct:ClawGrip"],"picked":"Sozu"}],"items_purged_floors":[3,14,21,37],"is_endless":false,"potions_floor_spawned":[2,11,13,16,18,20,27,30,38,42,44,46,55],"ascension_level":20}}