{"host":"d4nr47a59rmbesnz","time":1612872323,"event":{"mods":["A Magickal Journey","BaseMod","Better Third Choice","Hermit","Minty Spire (QoL Compilation)","Quick Restart","Replay The Spire","Shade Mod","StSLib","The Bladedancer","The Cursed","The Death Knight","The Disciple","The Forsaken","The Hierophant","The Necromancer","The Spell Scribe","The Valiant"],"gold_per_floor":[119,134,134,104,123,150,150,150,174,189,205,215,215,250,250,354,354,373,387,387,387],"floor_reached":20,"language":"ENG","playtime":4598,"items_purged":[],"score":186,"play_id":"62f22bd2-7086-4929-9a1e-0fa60fa08429","local_time":"20210209150523","is_ascension_mode":false,"campfire_choices":[{"floor":7,"key":"REST"},{"floor":13,"key":"REST"},{"data":"Siphon_Strength","floor":15,"key":"SMITH"}],"circlet_count":0,"master_deck":["Strike_W","Strike_W","Strike_W","Strike_W","Defend_W","Defend_W","Defend_W","Defend_W","Negative_Energy_Arrows","Bone_Wall+1","Bone_Shift","Acid_Javelin","Bones_to_Steel","Detonate_Bones","Toxic_Smoke_Screen","Scare","Siphon_Strength+1","Vampiric_Strike","Skeleton_Dragon","Hellfire","Plague_Bolt","Slay_Living+1"],"relics":["Vampire_Amulet","Ancient Tea Set","Dream Catcher","Oddly Smooth Stone"],"acts_visited":["Exordium","TheCity"],"potions_floor_usage":[18],"damage_taken":[{"damage":0,"enemies":"Small Slimes","floor":1,"turns":4},{"damage":9,"enemies":"Cultist","floor":2,"turns":4},{"damage":0,"enemies":"2 Louse","floor":5,"turns":3},{"damage":50,"enemies":"Lagavulin","floor":6,"turns":15},{"damage":13,"enemies":"2 Fungi Beasts","floor":10,"turns":5},{"damage":9,"enemies":"3 Louse","floor":11,"turns":4},{"damage":8,"enemies":"Looter","floor":12,"turns":4},{"damage":13,"enemies":"Replay:BlueRogue","floor":14,"turns":5},{"damage":28,"enemies":"Fading Forest","floor":16,"turns":11},{"damage":11,"enemies":"Shell Parasite","floor":18,"turns":7},{"damage":27,"enemies":"Spheric Guardian","floor":19,"turns":6},{"damage":44,"enemies":"3 Cultists","floor":20,"turns":4}],"seed_played":"4287966594084918416","potions_obtained":[{"floor":2,"key":"Death Potion"},{"floor":4,"key":"DeathKnight:RimePotion"},{"floor":4,"key":"Venom Potion"}],"is_trial":false,"path_per_floor":["M","M","?","?","M","E","R","?","T","M","M","M","R","E","R","B",null,"M","M","M"],"character_chosen":"NECROMANCER","items_purchased":[],"campfire_rested":2,"item_purchase_floors":[],"current_hp_per_floor":[75,68,68,68,72,24,46,75,75,64,61,55,75,65,65,58,75,66,41,0,0],"gold":387,"neow_bonus":"RANDOM_EVENT","is_daily":false,"chose_seed":false,"campfire_upgraded":1,"win_rate":0.0,"timestamp":1612872323,"path_taken":["M","M","?","?","?","E","R","?","T","M","M","M","R","E","R","BOSS","M","M","M"],"items_purchased_type":[],"build_version":"2020-12-22","purchased_purges":0,"victory":false,"max_hp_per_floor":[75,75,75,75,75,75,75,75,75,75,75,75,75,75,75,75,75,75,75,75,75],"card_choices":[{"not_picked":["Shackles_Of_Pain","Negative_Energy_Shield"],"picked":"Bone_Shift","floor":1},{"not_picked":["Finger_Of_Death","Bones_to_Steel"],"picked":"Acid_Javelin","floor":2},{"not_picked":["Death_Coil","Shackles_Of_Pain"],"picked":"Bones_to_Steel","floor":5},{"not_picked":["Death_March_Dance","Bone_Spikes"],"picked":"Detonate_Bones","floor":6},{"not_picked":["Bones_to_Steel","Necromantic_Selection"],"picked":"Toxic_Smoke_Screen","floor":10},{"not_picked":["Bone_Spikes","Negative_Energy_Sphere"],"picked":"Scare","floor":11},{"not_picked":["Bone_Shift","Violent_Necrosis"],"picked":"Siphon_Strength","floor":12},{"not_picked":["Death_March_Dance","Blood_Whip"],"picked":"Vampiric_Strike","floor":13},{"not_picked":["Necromantic_Selection","Blood_for_Blood"],"picked":"Skeleton_Dragon","floor":14},{"not_picked":["Summon_Death_Knight","Reap_The_Weak"],"picked":"Hellfire","floor":16},{"not_picked":["Blood_for_Blood","Vampiric_Strike+1"],"picked":"Plague_Bolt","floor":18},{"not_picked":["Flesh_Made_Foul+1","Chill_Blood+1"],"picked":"Slay_Living+1","floor":19}],"player_experience":91572,"relics_obtained":[{"floor":6,"key":"Ancient Tea Set"},{"floor":9,"key":"Dream Catcher"},{"floor":14,"key":"Oddly Smooth Stone"}],"event_choices":[{"damage_healed":0,"gold_gain":0,"player_choice":"Grow","damage_taken":0,"max_hp_gain":0,"max_hp_loss":0,"event_name":"Living Wall","floor":0,"gold_loss":0,"cards_upgraded":["Bone_Wall"]},{"damage_healed":0,"gold_gain":0,"player_choice":"Ignored","damage_taken":134,"max_hp_gain":0,"max_hp_loss":0,"event_name":"betterThird:BetterSerpent","floor":3,"gold_loss":0},{"damage_healed":0,"gold_gain":0,"player_choice":"Bought 2 Potions","damage_taken":0,"max_hp_gain":0,"max_hp_loss":0,"event_name":"The Woman in Blue","floor":4,"gold_loss":0},{"damage_healed":29,"gold_gain":0,"player_choice":"Full Heal","damage_taken":0,"max_hp_gain":0,"max_hp_loss":0,"event_name":"Wheel of Change","floor":8,"gold_loss":0}],"is_beta":false,"boss_relics":[{"not_picked":["Snecko Eye","Empty Cage","Honey Jar"]}],"items_purged_floors":[],"is_endless":false,"potions_floor_spawned":[2,6,10,14],"killed_by":"3 Cultists","ascension_level":0}}