{"host":"2lo6hma6kymb0g9i","time":1612852389,"event":{"mods":["BaseMod","Colored Map","DeckTracker","Minty Spire (QoL Compilation)"],"gold_per_floor":[363,363,117,132,151,180,180,209,233,133,164,182,197,226,226,300,300,320,195,245,85,95,95,120,130,203,203,230,230,242,275,275,348,348,360,193,216,0,14,14,48,48,48,76,93,105,118,146,146,146,146,146],"floor_reached":51,"language":"JPN","playtime":2992,"items_purged":["Normality","Strike_R","Strike_R"],"score":1671,"play_id":"ce07c408-929c-4cdf-81b7-162f727d5ef0","local_time":"20210209153309","is_ascension_mode":true,"campfire_choices":[{"data":"Whirlwind","floor":7,"key":"SMITH"},{"data":"Fiend Fire","floor":15,"key":"SMITH"},{"data":"Pommel Strike","floor":23,"key":"SMITH"},{"data":"Juggernaut","floor":27,"key":"SMITH"},{"data":"Uppercut","floor":32,"key":"SMITH"},{"data":"Shrug It Off","floor":40,"key":"SMITH"},{"data":"Offering","floor":42,"key":"SMITH"},{"data":"Demon Form","floor":49,"key":"SMITH"}],"circlet_count":0,"master_deck":["AscendersBane","Bash","Evolve","Whirlwind+1","Pommel Strike+1","Shrug It Off+1","Juggernaut+1","Seeing Red","Fiend Fire+1","Barricade","Dark Embrace","Second Wind+1","Uppercut+1","Disarm","Bludgeon","Iron Wave","Offering+1","Thunderclap","Carnage","Havoc","Immolate","Whirlwind","Shrug It Off+1","Shockwave","Demon Form+1","True Grit+1"],"relics":["Burning Blood","Blood Vial","Orichalcum","Akabeko","War Paint","PreservedInsect","Tiny Chest","Du-Vu Doll","Snecko Eye","OrangePellets","Dream Catcher","Singing Bowl","Regal Pillow","Nunchaku","Pandora\u0027s Box","Pen Nib","TheAbacus","Pocketwatch","Juzu Bracelet","Toy Ornithopter","White Beast Statue"],"acts_visited":["Exordium","TheCity","TheBeyond"],"potions_floor_usage":[6,39,50],"damage_taken":[{"damage":4,"enemies":"2 Louse","floor":1,"turns":4},{"damage":1,"enemies":"Cultist","floor":4,"turns":4},{"damage":0,"enemies":"Small Slimes","floor":5,"turns":2},{"damage":38,"enemies":"Gremlin Nob","floor":6,"turns":5},{"damage":14,"enemies":"3 Sentries","floor":8,"turns":3},{"damage":16,"enemies":"Lagavulin","floor":11,"turns":5},{"damage":0,"enemies":"Gremlin Gang","floor":12,"turns":1},{"damage":1,"enemies":"Exordium Wildlife","floor":13,"turns":3},{"damage":15,"enemies":"3 Sentries","floor":14,"turns":3},{"damage":13,"enemies":"Slime Boss","floor":16,"turns":7},{"damage":5,"enemies":"Spheric Guardian","floor":18,"turns":3},{"damage":0,"enemies":"Shell Parasite","floor":22,"turns":1},{"damage":0,"enemies":"Slavers","floor":24,"turns":1},{"damage":5,"enemies":"Sentry and Sphere","floor":25,"turns":3},{"damage":2,"enemies":"Gremlin Leader","floor":28,"turns":3},{"damage":0,"enemies":"Centurion and Healer","floor":30,"turns":1},{"damage":1,"enemies":"Book of Stabbing","floor":31,"turns":2},{"damage":21,"enemies":"Collector","floor":33,"turns":8},{"damage":11,"enemies":"Orb Walker","floor":35,"turns":2},{"damage":5,"enemies":"3 Darklings","floor":39,"turns":2},{"damage":15,"enemies":"Nemesis","floor":41,"turns":3},{"damage":13,"enemies":"Reptomancer","floor":44,"turns":2},{"damage":0,"enemies":"Sphere and 2 Shapes","floor":45,"turns":1},{"damage":19,"enemies":"Maw","floor":46,"turns":6},{"damage":12,"enemies":"Jaw Worm Horde","floor":47,"turns":2},{"damage":21,"enemies":"Giant Head","floor":48,"turns":5},{"damage":49,"enemies":"Awakened One","floor":50,"turns":7},{"damage":18,"enemies":"Donu and Deca","floor":51,"turns":1}],"seed_played":"7455394990800999602","potions_obtained":[{"floor":4,"key":"Strength Potion"},{"floor":5,"key":"Weak Potion"},{"floor":8,"key":"Ancient Potion"},{"floor":12,"key":"DistilledChaos"},{"floor":13,"key":"DuplicationPotion"},{"floor":22,"key":"Swift Potion"},{"floor":44,"key":"SpeedPotion"}],"is_trial":false,"path_per_floor":["M","?","$","M","M","E","R","E","T","$","E","M","M","E","R","B",null,"M","$","?","$","M","R","E","M","T","R","E","?","M","E","R","B",null,"M","$","T","$","M","R","E","R","T","E","M","M","M","E","R","B","B"],"character_chosen":"IRONCLAD","items_purchased":["Orichalcum","OrangePellets","Pen Nib","TheAbacus","Shrug It Off"],"campfire_rested":0,"item_purchase_floors":[3,21,36,38,38],"current_hp_per_floor":[70,70,70,75,75,43,43,37,37,37,29,37,44,37,37,32,64,67,67,67,67,75,75,75,75,75,75,75,71,77,77,77,62,73,72,72,72,72,77,77,70,70,70,65,75,66,62,51,51,15,0,0],"gold":146,"neow_bonus":"TWO_FIFTY_GOLD","is_daily":false,"chose_seed":false,"campfire_upgraded":8,"win_rate":0.0,"timestamp":1612852389,"path_taken":["M","?","$","M","?","E","R","E","T","$","E","M","M","E","R","BOSS","M","$","?","$","?","R","E","M","T","R","E","?","M","E","R","BOSS","M","$","?","$","M","R","E","R","T","E","M","M","M","E","R","BOSS","BOSS"],"items_purchased_type":["Relic","Relic","Relic","Relic","Card"],"build_version":"2020-12-22","purchased_purges":3,"victory":false,"max_hp_per_floor":[75,75,75,75,75,75,75,75,75,75,75,75,75,75,75,75,75,75,75,75,75,75,75,75,75,75,75,75,75,77,77,77,77,77,79,79,79,79,81,81,81,81,81,81,83,85,85,87,87,87,87,87],"card_choices":[{"not_picked":["Perfected Strike","Uppercut"],"picked":"Evolve","floor":1},{"not_picked":["Clothesline","Clash"],"picked":"Whirlwind","floor":4},{"not_picked":["Rupture","Combust"],"picked":"Pommel Strike","floor":5},{"not_picked":["Hemokinesis","Headbutt"],"picked":"Shrug It Off","floor":6},{"not_picked":["Body Slam","Perfected Strike"],"picked":"Juggernaut","floor":8},{"not_picked":["Dual Wield","Pommel Strike","Cleave"],"picked":"SKIP","floor":11},{"not_picked":["Clothesline","Iron Wave","Cleave"],"picked":"SKIP","floor":12},{"not_picked":["Warcry","Sword Boomerang"],"picked":"Seeing Red","floor":13},{"not_picked":["Body Slam","Anger"],"picked":"Fiend Fire","floor":14},{"not_picked":["Demon Form","Feed"],"picked":"Barricade","floor":16},{"not_picked":["Anger","Armaments+1","Wild Strike+1"],"picked":"SKIP","floor":18},{"not_picked":["Havoc","Hemokinesis","Body Slam"],"picked":"SKIP","floor":22},{"not_picked":["Reckless Charge","Armaments"],"picked":"Dark Embrace","floor":24},{"not_picked":["Iron Wave","True Grit"],"picked":"Second Wind+1","floor":25},{"not_picked":["Iron Wave","Clothesline"],"picked":"Uppercut","floor":28},{"not_picked":["Perfected Strike","Shrug It Off","Warcry"],"picked":"Singing Bowl","floor":30},{"not_picked":["Dark Embrace+1","Pummel"],"picked":"Disarm","floor":31},{"not_picked":["Fiend Fire","Feed"],"picked":"Bludgeon","floor":33},{"not_picked":["Pommel Strike","Sword Boomerang","Sever Soul"],"picked":"Singing Bowl","floor":35},{"not_picked":["Sword Boomerang+1","Hemokinesis+1","Iron Wave"],"picked":"Singing Bowl","floor":39},{"not_picked":["Flex","True Grit+1"],"picked":"Shockwave","floor":41},{"not_picked":["Rampage","Warcry"],"picked":"Demon Form","floor":44},{"not_picked":["Burning Pact","Dark Embrace","Pommel Strike"],"picked":"Singing Bowl","floor":45},{"not_picked":["Flex","Armaments+1","Havoc"],"picked":"Singing Bowl","floor":46},{"not_picked":["Dropkick","Ghostly Armor"],"picked":"True Grit+1","floor":47},{"not_picked":["Dropkick","Shockwave+1","Clothesline+1"],"picked":"Singing Bowl","floor":48}],"player_experience":1155100,"relics_obtained":[{"floor":2,"key":"Blood Vial"},{"floor":6,"key":"Akabeko"},{"floor":8,"key":"War Paint"},{"floor":9,"key":"PreservedInsect"},{"floor":11,"key":"Tiny Chest"},{"floor":14,"key":"Du-Vu Doll"},{"floor":24,"key":"Dream Catcher"},{"floor":26,"key":"Singing Bowl"},{"floor":28,"key":"Regal Pillow"},{"floor":31,"key":"Nunchaku"},{"floor":41,"key":"Pocketwatch"},{"floor":43,"key":"Juzu Bracelet"},{"floor":44,"key":"Toy Ornithopter"},{"floor":48,"key":"White Beast Statue"}],"event_choices":[{"damage_healed":0,"gold_gain":0,"player_choice":"Relic","damage_taken":0,"max_hp_gain":0,"max_hp_loss":0,"event_name":"Wheel of Change","floor":2,"gold_loss":0},{"damage_healed":0,"gold_gain":50,"player_choice":"Pray","damage_taken":0,"max_hp_gain":0,"max_hp_loss":0,"event_name":"Golden Shrine","floor":20,"gold_loss":0},{"damage_healed":0,"gold_gain":0,"player_choice":"Bought 0 Potions","damage_taken":0,"max_hp_gain":0,"max_hp_loss":0,"event_name":"The Woman in Blue","floor":29,"gold_loss":0}],"is_beta":false,"boss_relics":[{"not_picked":["Philosopher\u0027s Stone","Coffee Dripper"],"picked":"Snecko Eye"},{"not_picked":["Runic Dome","Runic Cube"],"picked":"Pandora\u0027s Box"}],"items_purged_floors":[3,10,19],"is_endless":false,"potions_floor_spawned":[4,5,8,12,13,16,22,25,44,46],"killed_by":"Donu and Deca","ascension_level":20}}