{"host":"5p9hybygolzp0efr","time":1612871300,"event":{"mods":["AchievementEnabler","BaseMod","Bestiary","Colored Map","Minty Spire (QoL Compilation)","Permanent Neow","Relic Stats","StSLib"],"gold_per_floor":[111,130,144,144,155,155,155],"floor_reached":6,"language":"ENG","playtime":375,"items_purged":[],"score":59,"play_id":"64d56630-082c-4675-aa30-66324b3c462b","local_time":"20210209194820","is_ascension_mode":true,"campfire_choices":[],"circlet_count":0,"master_deck":["AscendersBane","Strike_P","Strike_P","Strike_P","Strike_P","Defend_P","Defend_P","Defend_P","Defend_P","Eruption","Vigilance","EmptyMind","ThirdEye","Scrawl","BowlingBash"],"relics":["PureWater"],"acts_visited":["Exordium"],"potions_floor_usage":[],"damage_taken":[{"damage":2,"enemies":"Cultist","floor":1,"turns":5},{"damage":8,"enemies":"2 Louse","floor":2,"turns":3},{"damage":4,"enemies":"Small Slimes","floor":3,"turns":6},{"damage":3,"enemies":"Blue Slaver","floor":5,"turns":4},{"damage":62,"enemies":"Gremlin Nob","floor":6,"turns":6}],"seed_played":"8821030080816311922","potions_obtained":[{"floor":0,"key":"Ambrosia"},{"floor":0,"key":"Ancient Potion"},{"floor":5,"key":"FairyPotion"}],"is_trial":false,"path_per_floor":["M","M","M","?","M","E"],"character_chosen":"WATCHER","items_purchased":[],"campfire_rested":0,"item_purchase_floors":[],"current_hp_per_floor":[63,55,51,51,48,21,21],"gold":155,"neow_bonus":"THREE_SMALL_POTIONS","is_daily":false,"chose_seed":false,"campfire_upgraded":0,"win_rate":0.0,"timestamp":1612871300,"path_taken":["M","M","M","?","?","E"],"items_purchased_type":[],"build_version":"2020-12-22","purchased_purges":0,"victory":false,"max_hp_per_floor":[72,72,72,72,72,72,72],"relic_stats":{"counters":[5,24],"obtain_stats":[{"PureWater":0},{"PureWater":0},{"PureWater":0}]},"card_choices":[{"not_picked":["Protect","Study"],"picked":"EmptyMind","floor":1},{"not_picked":["Swivel","ClearTheMind","Protect"],"picked":"SKIP","floor":2},{"not_picked":["ForeignInfluence","FlyingSleeves"],"picked":"ThirdEye","floor":3},{"not_picked":["CrushJoints","Scrawl","Sanctity"],"picked":"SKIP","floor":5}],"player_experience":605380,"relics_obtained":[],"event_choices":[{"damage_healed":0,"gold_gain":0,"player_choice":"2 cards matched","damage_taken":0,"max_hp_gain":0,"max_hp_loss":0,"event_name":"Match and Keep!","floor":4,"gold_loss":0,"cards_obtained":["Scrawl","BowlingBash"]}],"is_beta":false,"boss_relics":[],"items_purged_floors":[],"is_endless":false,"potions_floor_spawned":[1,5],"killed_by":"Gremlin Nob","ascension_level":11}}