{"host":"ul3z8ex5o8l5j7mh","time":1612893410,"event":{"mods":["AchievementEnabler","BaseMod","Bestiary","Colored Map","Colored Powertips","DeckTracker","Keyboard Shortcuts","Minty Spire (QoL Compilation)","Relic Sorter","Relic Stats","SuperFastMode"],"gold_per_floor":[118,136,153,163,178,207,207,225,272,272,297,297,297,198,198,198,198],"floor_reached":16,"language":"ENG","playtime":802,"items_purged":["Defend_G"],"score":123,"play_id":"fc927a65-8e39-4be0-8682-84db74197f32","local_time":"20210209185650","is_ascension_mode":true,"campfire_choices":[{"floor":7,"key":"REST"},{"data":"Bouncing Flask","floor":10,"key":"SMITH"},{"data":"Strike_G","floor":15,"key":"SMITH"}],"circlet_count":0,"master_deck":["Strike_G+1","Strike_G","Strike_G","Strike_G","Strike_G","Defend_G","Defend_G","Defend_G","Defend_G","Survivor+1","Neutralize","Flying Knee","Poisoned Stab","Poisoned Stab+1","Outmaneuver","Bouncing Flask+1","Bane","Deadly Poison"],"relics":["Velvet Choker","Potion Belt","Blood Vial"],"acts_visited":["Exordium"],"potions_floor_usage":[4,4,6],"damage_taken":[{"damage":0,"enemies":"Cultist","floor":1,"turns":4},{"damage":7,"enemies":"Jaw Worm","floor":2,"turns":4},{"damage":6,"enemies":"2 Louse","floor":3,"turns":3},{"damage":0,"enemies":"Lots of Slimes","floor":4,"turns":3},{"damage":1,"enemies":"2 Fungi Beasts","floor":5,"turns":3},{"damage":22,"enemies":"3 Sentries","floor":6,"turns":8},{"damage":11,"enemies":"Looter","floor":8,"turns":2},{"damage":9,"enemies":"Gremlin Nob","floor":11,"turns":4},{"damage":50,"enemies":"Slime Boss","floor":16,"turns":8}],"seed_played":"2576636790726817834","potions_obtained":[{"floor":2,"key":"SteroidPotion"},{"floor":3,"key":"SpeedPotion"},{"floor":4,"key":"DuplicationPotion"}],"is_trial":false,"path_per_floor":["M","M","M","M","M","E","R","M","T","R","E","?","?","$","R","B"],"character_chosen":"THE_SILENT","items_purchased":["Deadly Poison"],"campfire_rested":1,"item_purchase_floors":[14],"current_hp_per_floor":[70,63,57,57,56,34,55,44,44,44,35,58,44,44,44,0,0],"gold":198,"neow_bonus":"BOSS_RELIC","is_daily":false,"chose_seed":false,"campfire_upgraded":2,"win_rate":0.0,"timestamp":1612893410,"path_taken":["M","M","M","?","M","E","R","M","T","R","E","?","?","$","R","BOSS"],"items_purchased_type":["Card"],"build_version":"2020-12-22","purchased_purges":1,"victory":false,"max_hp_per_floor":[70,70,70,70,70,70,70,70,70,70,70,70,70,70,70,70,70],"relic_stats":{"Blood Vial":2,"counters":[9,39],"obtain_stats":[{"Potion Belt":6,"Blood Vial":11,"Velvet Choker":0,"Ring of the Snake":0},{"Potion Belt":6,"Blood Vial":8,"Velvet Choker":0,"Ring of the Snake":0},{"Potion Belt":25,"Blood Vial":31,"Velvet Choker":0,"Ring of the Snake":0}]},"card_choices":[{"not_picked":["Sucker Punch","Dash"],"picked":"Flying Knee","floor":1},{"not_picked":["Backflip","Prepared"],"picked":"Poisoned Stab","floor":2},{"not_picked":["PiercingWail","Backflip"],"picked":"Poisoned Stab","floor":3},{"not_picked":["Flechettes","Backstab"],"picked":"Outmaneuver","floor":4},{"not_picked":["Blur","Escape Plan"],"picked":"Bouncing Flask","floor":5},{"not_picked":["Riddle With Holes","Eviscerate"],"picked":"Bane","floor":6},{"not_picked":["Dagger Throw","Escape Plan","Masterful Stab"],"picked":"SKIP","floor":8},{"not_picked":["Riddle With Holes","Expertise","Skewer"],"picked":"SKIP","floor":11}],"player_experience":337188,"relics_obtained":[{"floor":6,"key":"Potion Belt"},{"floor":11,"key":"Blood Vial"}],"event_choices":[{"damage_healed":23,"gold_gain":0,"player_choice":"Banana","damage_taken":0,"max_hp_gain":0,"max_hp_loss":0,"event_name":"Big Fish","floor":12,"gold_loss":0},{"damage_healed":0,"gold_gain":0,"player_choice":"Entered Light","damage_taken":14,"max_hp_gain":0,"max_hp_loss":0,"event_name":"Shining Light","floor":13,"gold_loss":0,"cards_upgraded":["Survivor","Poisoned Stab"]}],"is_beta":false,"boss_relics":[],"items_purged_floors":[14],"is_endless":false,"potions_floor_spawned":[2,3,4],"killed_by":"Slime Boss","ascension_level":2}}