{"host":"65a95dzim48ko8ke","time":1612833755,"event":{"mods":["AchievementEnabler","Aspiration","BaseMod","Block Reminder","Bossed Relics","Colored Powertips","Conspire","Curses Come First","DeckTracker","Energized Spire","Halation","Hubris","Jedi Mod","Minty Spire (QoL Compilation)","MostiFishMod","Permanent Neow","Quick Restart","Random Character Button","Rare Cards Sparkle","Relic Sorter","Reliquary","Replay The Spire","RumiaBox-òIïƒ?ìIê_îÈ·¥éq","Spicy Shops","StSLib","Synergy Search","TestMod","The Blue Laboratory","The IronCluck","Trackpad","Åy?ï®?îvÅzREMEMod"],"gold_per_floor":[109,126,126,141,156,188,35,52,75,100,114,114,129,162,162,257,257,271,671,671,683,683,710,728,755,755,765,765,194,229,240,240,338,338,357,357,367,386,403,431,442,477,531,572,34,71,90,129,129,129,129,129,19,62,92],"floor_reached":56,"language":"ENG","playtime":2911,"items_purged":["conspire:GhostlyStrike","conspire:GhostlyStrike","Parasite"],"score":2235,"play_id":"5c99c162-2388-4019-8339-ba19a9aef67d","local_time":"20210209102235","is_ascension_mode":true,"campfire_choices":[{"data":"Storm","floor":15.0,"key":"SMITH"},{"data":"MostiFishMod:DawningShadow","floor":28,"key":"SMITH"},{"data":"Storm","floor":32,"key":"SMITH"},{"floor":49,"key":"RECALL"},{"data":"FIFO Queue","floor":52,"key":"SMITH"}],"circlet_count":0,"master_deck":["conspire:GhostlyStrike","conspire:GhostlyDefend","conspire:GhostlyDefend","conspire:GhostlyDefend","conspire:GhostlyDefend","Zap","Dualcast","ReplayTheSpireMod:Calculation Training","Cold Snap","Stack","jedi:blockon","Rebound","FIFO Queue+1","Storm+1","Rip and Tear","Cold Snap","Consume","Beam Cell","MostiFishMod:DawningShadow+1","Hologram","ReplayTheSpireMod:Calculation Training","jedi:BurstFrost","Storm+1","Conserve Battery+1","MostiFishMod:Impulse","Redo","jedi:meditation","MostiFishMod:TalkingToTheRain","jedi:overflow+1","Lockon","MostiFishMod:Impulse","jedi:markofdeath+1","jedi:meditation","Rebound","Darkness+1","Storm+1","hubris:PowerSurge","hubris:PowerSurge","testmod-EternalityOfKhronos+1","Fission+1","REME_SelfUpgrade","jedi:spotbugs","MostiFishMod:Nova","Redo+1"],"relics":["Cracked Core","REME_ComplimentaryCards","DaveBox","aspiration:Nostalgia","Burning Blood","ReplayFunnel","Civilization","Replay:Rubber Ducky","jedi:cryingmask","reliquary:LoveEmittingDiode","Velvet Choker","MutagenicStrength","Lantern","trackpad:Mousetrap","jedi:matchstick","hubris:CrystalStatue","Membership Card","Replay:Accelerometer","TheAbacus","Replay:Multitool","reliquary:RosewoodLute","halation:Prosthetics","Gremlin Food","Art of War","aspiration:StickyExplosives_weak","CeramicFish","jedi:paperfaux","Medical Kit","Technique","aspiration:FaultyCoupler","Meat on the Bone","Runic Capacitor","Oddly Smooth Stone","reliquary:PartyBalloon"],"acts_visited":["Exordium","TheCity","TheBeyond","TheEnding"],"potions_floor_usage":[48,55,55],"damage_taken":[{"damage":0.0,"enemies":"Small Slimes","floor":1.0,"turns":3.0},{"damage":1.0,"enemies":"Cultist","floor":2.0,"turns":3.0},{"damage":0.0,"enemies":"Jaw Worm","floor":4.0,"turns":3.0},{"damage":7.0,"enemies":"Looter","floor":5.0,"turns":4.0},{"damage":12.0,"enemies":"Lagavulin","floor":6.0,"turns":6.0},{"damage":1.0,"enemies":"Large Slime","floor":8.0,"turns":7.0},{"damage":1.0,"enemies":"Gremlin Nob","floor":10.0,"turns":4.0},{"damage":0.0,"enemies":"Exordium Thugs","floor":11.0,"turns":2.0},{"damage":0.0,"enemies":"Red Slaver","floor":13.0,"turns":2.0},{"damage":0.0,"enemies":"Lagavulin","floor":14.0,"turns":5.0},{"damage":0.0,"enemies":"Fading Forest","floor":16.0,"turns":11.0},{"damage":0,"enemies":"Spheric Guardian","floor":18,"turns":2},{"damage":0,"enemies":"3 Byrds","floor":21,"turns":3},{"damage":1,"enemies":"Replay:Snechameleon","floor":23,"turns":3},{"damage":0,"enemies":"Snake Plant","floor":24,"turns":2},{"damage":0,"enemies":"conspire:Head Lice","floor":25,"turns":4},{"damage":0,"enemies":"Snecko","floor":27,"turns":2},{"damage":0,"enemies":"Gremlin Leader","floor":30,"turns":4},{"damage":0,"enemies":"3 Cultists","floor":31,"turns":3},{"damage":13,"enemies":"hubris:MusketHawk","floor":33,"turns":4},{"damage":0,"enemies":"3 Darklings","floor":35,"turns":3},{"damage":0,"enemies":"3 Shapes","floor":37,"turns":2},{"damage":3,"enemies":"Sphere and 2 Shapes","floor":38,"turns":2},{"damage":0,"enemies":"Spire Growth","floor":39,"turns":3},{"damage":0,"enemies":"R_Hoarder","floor":40,"turns":3},{"damage":0,"enemies":"Writhing Mass","floor":41,"turns":3},{"damage":10,"enemies":"Nemesis","floor":42,"turns":5},{"damage":0,"enemies":"Giant Head","floor":44,"turns":5},{"damage":0,"enemies":"R_Hoarder","floor":46,"turns":3},{"damage":0,"enemies":"3 Darklings","floor":47,"turns":2},{"damage":0,"enemies":"Nemesis","floor":48,"turns":1},{"damage":2,"enemies":"Replay:Hell Engine","floor":50,"turns":7},{"damage":17,"enemies":"Shield and Spear","floor":54,"turns":2},{"damage":0,"enemies":"The Heart","floor":55,"turns":4}],"seed_played":"-8079918642052815894","potions_obtained":[{"floor":1.0,"key":"blueLaboratory:Moonshine"},{"floor":2.0,"key":"blueLaboratory:TeslaPotion"},{"floor":8.0,"key":"blueLaboratory:RelayPotion"},{"floor":10.0,"key":"SkillPotion"},{"floor":11.0,"key":"FocusPotion"},{"floor":18,"key":"Doom Potion"},{"floor":25,"key":"blueLaboratory:Moonshine"},{"floor":27,"key":"blueLaboratory:CorrosionFlask"},{"floor":30,"key":"blueLaboratory:CoolantVial"},{"floor":37,"key":"LiquidBronze"},{"floor":54,"key":"REME_GoldPotion"}],"is_trial":false,"path_per_floor":["M","M","?","M","M","E","$","M","T","E","M","?","M","E","R","B",null,"M","?","?","M","T","E","M","E","T","M","R","$","E","M","R","B",null,"M","?","M","M","M","E","M","E","T","E","$","E","M","E","R","B",null,"R","$","E","B",null],"character_chosen":"DEFECT","items_purchased":["Civilization","Membership Card","Replay:Accelerometer","TheAbacus","MostiFishMod:Impulse","Replay:Multitool","jedi:paperfaux","hubris:PowerSurge","testmod-EternalityOfKhronos","Medical Kit","Fission","Technique","Runic Capacitor","Oddly Smooth Stone"],"campfire_rested":0,"item_purchase_floors":[7,29,29,29,29,29,45,45,45,45,45,45,53,53],"current_hp_per_floor":[74,75,75,75,74,68,68,75,75,80,85,85,90,95,95,100,100,105,105,105,110,110,115,120,125,125,130,130,130,135,140,140,138,110,115,115,120,125,130,135,140,141,141,150,147,152,157,162,162,167,167,167,167,161,172],"gold":92,"neow_bonus":"NOSTALGIA","is_daily":false,"chose_seed":false,"campfire_upgraded":4,"win_rate":0.0,"timestamp":1612833755,"path_taken":["M","M","?","M","M","E","$","?","T","E","M","?","M","E","R","BOSS","M","?","?","M","?","E","M","E","T","M","R","$","E","M","R","BOSS","M","?","M","M","M","E","M","E","T","E","$","E","M","E","R","BOSS","R","$","E","BOSS"],"items_purchased_type":["Relic","Relic","Relic","Relic","Card","Relic","Relic","Card","Card","Relic","Card","Relic","Relic","Relic"],"build_version":"2020-12-22","purchased_purges":3,"victory":true,"max_hp_per_floor":[75,75,75,75,75,75,75,77,77,80,85,85,90,95,95,100,100,105,105,105,110,110,115,120,125,125,130,130,130,135,140,140,145,110,115,115,120,125,130,135,140,145,145,150,147,152,157,162,162,167,167,167,167,172,177],"card_choices":[{"not_picked":["MostiFishMod:IceShield","Stack"],"picked":"ReplayTheSpireMod:Calculation Training","floor":1.0},{"not_picked":["Darkness","Streamline"],"picked":"Cold Snap","floor":2.0},{"not_picked":["Static Discharge","Stack"],"picked":"jedi:blockon","floor":4.0},{"not_picked":["Scrape","Lockon"],"picked":"Rebound","floor":5.0},{"not_picked":["ReplayGash","ReplayTheSpireMod:System Scan"],"picked":"FIFO Queue","floor":6.0},{"not_picked":["Ball Lightning","BasicCrystalCard"],"picked":"Storm","floor":8.0},{"not_picked":["MostiFishMod:ActiveDefenseSystem","Double Energy"],"picked":"Rip and Tear","floor":10.0},{"not_picked":["Streamline","hubris:Ukulele"],"picked":"Cold Snap","floor":11.0},{"not_picked":["jedi:BurstFrost","Hologram"],"picked":"Consume","floor":13.0},{"not_picked":["Compile Driver","Panic Button"],"picked":"Beam Cell","floor":14.0},{"not_picked":["Core Surge","All For One"],"picked":"MostiFishMod:DawningShadow","floor":16.0},{"not_picked":["REME_DataAnalysis","MostiFishMod:FluxCapactior+1"],"picked":"Hologram","floor":18},{"not_picked":["Static Discharge","Recycle","jedi:reiji"],"picked":"SKIP","floor":21},{"not_picked":["Hologram","Turbo"],"picked":"ReplayTheSpireMod:Calculation Training","floor":23},{"not_picked":["ReplayTheSpireMod:System Scan","Beam Cell"],"picked":"jedi:BurstFrost","floor":24},{"not_picked":["ReplayTheSpireMod:Calculation Training","Barrage"],"picked":"Storm","floor":25},{"not_picked":["MostiFishMod:PushDownKick","Redo"],"picked":"Conserve Battery+1","floor":27},{"not_picked":["Steam","Darkness"],"picked":"Redo","floor":30},{"not_picked":["jedi:blockon+1","Crystallizer"],"picked":"jedi:meditation","floor":31},{"not_picked":["MostiFishMod:Overload","MostiFishMod:InterfaceCompatibility"],"picked":"MostiFishMod:TalkingToTheRain","floor":33},{"not_picked":["Beam Cell","Barrage"],"picked":"jedi:overflow+1","floor":35},{"not_picked":["jedi:BurstFrost","Stack"],"picked":"Lockon","floor":37},{"not_picked":["Lockon","Stack+1"],"picked":"MostiFishMod:Impulse","floor":38},{"not_picked":["Sweeping Beam+1","Compile Driver+1"],"picked":"jedi:markofdeath+1","floor":39},{"not_picked":["Streamline","REME_DataAnalysis+1"],"picked":"jedi:meditation","floor":40},{"not_picked":["BasicCrystalCard","Hologram+1"],"picked":"Rebound","floor":41},{"not_picked":["MostiFishMod:PushDownKick","jedi:BurstLightning+1"],"picked":"Darkness+1","floor":42},{"not_picked":["Sweeping Beam","ReplayTheSpireMod:Reroute Power+1"],"picked":"Storm+1","floor":44},{"not_picked":["White Noise+1","Sweeping Beam"],"picked":"REME_SelfUpgrade","floor":46},{"not_picked":["Genetic Algorithm+1","Blizzard+1"],"picked":"jedi:spotbugs","floor":47},{"not_picked":["Gash+1","Panic Button+1"],"picked":"MostiFishMod:Nova","floor":48},{"not_picked":["MostiFishMod:PushDownKick+1","Turbo","Panic Button"],"picked":"Redo+1","floor":54}],"player_experience":396141,"relics_obtained":[{"floor":6.0,"key":"ReplayFunnel"},{"floor":9.0,"key":"Replay:Rubber Ducky"},{"floor":10.0,"key":"jedi:cryingmask"},{"floor":14.0,"key":"reliquary:LoveEmittingDiode"},{"floor":22,"key":"Lantern"},{"floor":23,"key":"trackpad:Mousetrap"},{"floor":25,"key":"jedi:matchstick"},{"floor":26,"key":"hubris:CrystalStatue"},{"floor":30,"key":"reliquary:RosewoodLute"},{"floor":40,"key":"Art of War"},{"floor":42,"key":"aspiration:StickyExplosives_weak"},{"floor":44,"key":"CeramicFish"},{"floor":46,"key":"aspiration:FaultyCoupler"},{"floor":48,"key":"Meat on the Bone"},{"floor":54,"key":"reliquary:PartyBalloon"}],"event_choices":[{"damage_healed":0.0,"max_hp_gain":0.0,"max_hp_loss":0.0,"gold_gain":0.0,"cards_transformed":["Strike_B"],"event_name":"Transmorgrifier","player_choice":"Transformed","floor":3.0,"gold_loss":0.0,"damage_taken":0.0,"cards_obtained":["Stack"]},{"damage_healed":0.0,"max_hp_gain":0.0,"max_hp_loss":0.0,"gold_gain":0.0,"event_name":"conspire:LoneGhost","player_choice":"Agree","floor":12.0,"gold_loss":0.0,"damage_taken":0.0},{"damage_healed":0,"gold_gain":400,"player_choice":"Sell","damage_taken":0,"max_hp_gain":0,"max_hp_loss":0,"event_name":"Plate Of N\u0027loth","floor":19,"relics_lost":["testmod-TestBox"],"gold_loss":0},{"damage_healed":0,"gold_gain":0,"player_choice":"Inject Mutagens","damage_taken":0,"relics_obtained":["MutagenicStrength"],"max_hp_gain":0,"max_hp_loss":0,"event_name":"Drug Dealer","floor":20,"gold_loss":0},{"damage_healed":0,"gold_gain":0,"player_choice":"Gave Potion","damage_taken":0,"relics_obtained":["Gremlin Food"],"max_hp_gain":0,"max_hp_loss":0,"event_name":"WeMeetAgain","floor":36,"gold_loss":0}],"is_beta":false,"boss_relics":[{"not_picked":["Replay:Ancient Bell","conspire:SpecialSausage"],"picked":"Velvet Choker"},{"not_picked":["Philosopher\u0027s Stone","energizedSpire:DeadBattery"],"picked":"halation:Prosthetics"}],"items_purged_floors":[29,29,45],"is_endless":false,"potions_floor_spawned":[1,2,8,10,11,18,25,27,30,37,41,44,46,54],"ascension_level":9}}