{"host":"i1jfmzuw7df2nlxn","time":1612829058,"event":{"mods":["BaseMod","Card Forge","Colored Powertips","DeckTracker","Minty Spire (QoL Compilation)","Permanent Neow","Relic Filter","Remove Card Discount Mod","StSLib","The Wild Card"],"gold_per_floor":[116,131,147,167,167,198,198,231,258,276,302,302,77,87,87,183,183,202,219,238,257,257,284,284,309,336,367,382,394,404,414,414,518,518,533,552,562,580,359,359,384,384,384,410,421,439,464,479,479,479],"floor_reached":51,"language":"ENG","playtime":2067,"items_purged":[],"score":1461,"play_id":"e00b5f18-d51a-4aa3-b1ee-c615b5c82fbc","local_time":"20210208190418","is_ascension_mode":true,"campfire_choices":[{"floor":12,"key":"REST"},{"floor":15,"key":"REST"},{"floor":24,"key":"REST"},{"data":"Gash","floor":32,"key":"SMITH"},{"floor":40,"key":"REST"},{"floor":42,"key":"REST"},{"floor":49,"key":"REST"}],"circlet_count":0,"master_deck":["Gash+1","Gash+1","Gash+1","Gash+1","Gash+1","Gash+1","Gash+1","Gash+1","Gash+1"],"relics":["Cracked Core","Hammer of Thor","Seething Fire","Anvil of the Gods","Gremlin Horn","Incense Burner","Happy Flower","Black Star","Membership Card","Runic Capacitor","Runic Pyramid","Centennial Puzzle","Blood Vial","Bloody Idol","Singing Bowl","PreservedInsect","Enchiridion","InkBottle","Fusion Hammer","Lantern","FossilizedHelix","Bag of Preparation","Letter Opener","Bottled Flame","Bottled Lightning","Bronze Scales","Ginger","Unceasing Top"],"acts_visited":["Exordium","TheCity","TheBeyond"],"potions_floor_usage":[2],"damage_taken":[{"damage":0,"enemies":"2 Louse","floor":1,"turns":2},{"damage":6,"enemies":"Cultist","floor":2,"turns":3},{"damage":0,"enemies":"Small Slimes","floor":3,"turns":3},{"damage":0,"enemies":"Exordium Wildlife","floor":4,"turns":3},{"damage":9,"enemies":"3 Sentries","floor":6,"turns":3},{"damage":15,"enemies":"Lagavulin","floor":8,"turns":3},{"damage":0,"enemies":"3 Louse","floor":10,"turns":1},{"damage":0,"enemies":"3 Sentries","floor":11,"turns":2},{"damage":0,"enemies":"Gremlin Gang","floor":14,"turns":1},{"damage":0,"enemies":"The Guardian","floor":16,"turns":1},{"damage":0,"enemies":"Shell Parasite","floor":18,"turns":1},{"damage":0,"enemies":"3 Byrds","floor":19,"turns":1},{"damage":0,"enemies":"Centurion and Healer","floor":20,"turns":1},{"damage":0,"enemies":"Snecko","floor":21,"turns":1},{"damage":0,"enemies":"Slavers","floor":23,"turns":1},{"damage":0,"enemies":"Gremlin Leader","floor":25,"turns":1},{"damage":0,"enemies":"Book of Stabbing","floor":27,"turns":1},{"damage":10,"enemies":"Cultist and Chosen","floor":28,"turns":2},{"damage":0,"enemies":"Snake Plant","floor":29,"turns":1},{"damage":0,"enemies":"Shelled Parasite and Fungi","floor":30,"turns":1},{"damage":0,"enemies":"Chosen and Byrds","floor":31,"turns":1},{"damage":0,"enemies":"Automaton","floor":33,"turns":2},{"damage":3,"enemies":"3 Shapes","floor":35,"turns":1},{"damage":29,"enemies":"3 Darklings","floor":36,"turns":2},{"damage":0,"enemies":"Writhing Mass","floor":37,"turns":2},{"damage":0,"enemies":"Transient","floor":38,"turns":3},{"damage":0,"enemies":"Reptomancer","floor":41,"turns":1},{"damage":0,"enemies":"Giant Head","floor":44,"turns":1},{"damage":0,"enemies":"Spire Growth","floor":45,"turns":1},{"damage":0,"enemies":"3 Darklings","floor":46,"turns":1},{"damage":0,"enemies":"Nemesis","floor":47,"turns":1},{"damage":0,"enemies":"Transient","floor":48,"turns":1},{"damage":0,"enemies":"Donu and Deca","floor":50,"turns":1}],"seed_played":"4239861474741632170","potions_obtained":[{"floor":0,"key":"BlessingOfTheForge"},{"floor":0,"key":"Energy Potion"},{"floor":0,"key":"Fruit Juice"},{"floor":2,"key":"Ancient Potion"},{"floor":14,"key":"GamblersBrew"}],"is_trial":false,"path_per_floor":["M","M","M","M","?","E","$","E","T","M","E","R","$","M","R","B",null,"M","M","M","M","?","E","R","E","T","E","M","M","M","M","R","B",null,"M","M","M","M","$","R","E","R","T","E","M","M","E","M","R","B",null],"character_chosen":"DEFECT","items_purchased":["Membership Card","Runic Capacitor","Lantern","FossilizedHelix"],"campfire_rested":6,"item_purchase_floors":[13,13,39,39],"current_hp_per_floor":[75,74,74,74,79,70,70,55,55,55,55,79,79,79,80,80,80,80,80,80,80,80,80,80,80,80,82,79,86,88,90,90,92,92,92,70,79,88,88,98,100,100,100,102,104,106,108,110,110,110],"gold":479,"neow_bonus":"THREE_SMALL_POTIONS","is_daily":false,"chose_seed":false,"campfire_upgraded":1,"win_rate":0.0,"timestamp":1612829058,"path_taken":["M","M","M","M","?","E","$","E","T","M","E","R","?","M","R","BOSS","M","M","M","M","?","E","R","E","T","E","M","M","M","M","R","BOSS","M","M","?","M","$","R","E","R","T","E","M","M","E","M","R","BOSS"],"items_purchased_type":["Relic","Relic","Relic","Relic"],"build_version":"2020-12-22","purchased_purges":0,"victory":true,"max_hp_per_floor":[75,80,80,80,80,80,80,80,80,80,80,80,80,80,80,80,80,80,80,80,80,80,80,80,80,80,82,84,86,88,90,90,92,92,92,94,96,98,98,98,100,100,100,102,104,106,108,110,110,110],"card_choices":[{"not_picked":["White Noise","Scrape","Auto Shields"],"picked":"SKIP","floor":1},{"not_picked":["Glacier","FTL","Fusion"],"picked":"SKIP","floor":2},{"not_picked":["Reprogram","Steam"],"picked":"Conserve Battery","floor":3},{"not_picked":["Gash","Sweeping Beam","Coolheaded"],"picked":"SKIP","floor":4},{"not_picked":["Leap","Stack","Reprogram"],"picked":"SKIP","floor":6},{"not_picked":["Cold Snap","FTL","White Noise"],"picked":"SKIP","floor":8},{"not_picked":["Hologram","Barrage"],"picked":"Gash","floor":10},{"not_picked":["Ball Lightning","Force Field"],"picked":"Seek","floor":11},{"not_picked":["Blizzard","Barrage","Go for the Eyes"],"picked":"SKIP","floor":14},{"not_picked":["Genetic Algorithm","Stack","Conserve Battery"],"picked":"SKIP","floor":18},{"not_picked":["Sunder+1","Barrage"],"picked":"Gash+1","floor":19},{"not_picked":["Capacitor+1","Compile Driver","Double Energy"],"picked":"SKIP","floor":20},{"not_picked":["White Noise","Aggregate"],"picked":"Gash+1","floor":21},{"not_picked":["Barrage","Storm","Streamline"],"picked":"SKIP","floor":23},{"not_picked":["Rainbow","Reprogram"],"picked":"Gash","floor":25},{"not_picked":["Coolheaded+1","Barrage","Chaos"],"picked":"Singing Bowl","floor":27},{"not_picked":["Hologram","Heatsinks","Compile Driver"],"picked":"Singing Bowl","floor":28},{"not_picked":["Chaos+1","Compile Driver+1","Leap"],"picked":"Singing Bowl","floor":29},{"not_picked":["Defragment+1","Cold Snap","Turbo"],"picked":"Singing Bowl","floor":30},{"not_picked":["Aggregate","Beam Cell+1","White Noise"],"picked":"Singing Bowl","floor":31},{"not_picked":["Biased Cognition","Creative AI","Electrodynamics"],"picked":"Singing Bowl","floor":33},{"not_picked":["Conserve Battery+1","Cold Snap"],"picked":"Gash+1","floor":35},{"not_picked":["Chill","Hologram+1","Streamline+1"],"picked":"Singing Bowl","floor":36},{"not_picked":["Leap+1","Darkness","Rebound+1"],"picked":"Singing Bowl","floor":37},{"not_picked":["Heatsinks","Chill+1","White Noise+1"],"picked":"Singing Bowl","floor":38},{"not_picked":["Blizzard","Core Surge","Genetic Algorithm"],"picked":"Singing Bowl","floor":41},{"not_picked":["Lockon","Defragment+1","Sweeping Beam"],"picked":"Singing Bowl","floor":44},{"not_picked":["Force Field","Defragment+1","Compile Driver"],"picked":"Singing Bowl","floor":45},{"not_picked":["Streamline","Chill","White Noise+1"],"picked":"Singing Bowl","floor":46},{"not_picked":["Chaos","Conserve Battery+1","Go for the Eyes+1"],"picked":"Singing Bowl","floor":47},{"not_picked":["Sunder+1","Leap+1","Stack+1"],"picked":"Singing Bowl","floor":48}],"player_experience":62434,"relics_obtained":[{"floor":6,"key":"Gremlin Horn"},{"floor":8,"key":"Incense Burner"},{"floor":9,"key":"Happy Flower"},{"floor":11,"key":"Black Star"},{"floor":23,"key":"Centennial Puzzle"},{"floor":23,"key":"Blood Vial"},{"floor":25,"key":"Bloody Idol"},{"floor":25,"key":"Singing Bowl"},{"floor":26,"key":"PreservedInsect"},{"floor":27,"key":"Enchiridion"},{"floor":27,"key":"InkBottle"},{"floor":41,"key":"Bag of Preparation"},{"floor":41,"key":"Letter Opener"},{"floor":43,"key":"Bottled Flame"},{"floor":44,"key":"Bottled Lightning"},{"floor":44,"key":"Bronze Scales"},{"floor":47,"key":"Ginger"},{"floor":47,"key":"Unceasing Top"}],"event_choices":[{"cards_removed":["Gash"],"damage_healed":5,"gold_gain":0,"player_choice":"Offered Common","damage_taken":0,"max_hp_gain":0,"max_hp_loss":0,"event_name":"Bonfire Elementals","floor":5,"gold_loss":0},{"cards_removed":["Gash"],"damage_healed":5,"gold_gain":0,"player_choice":"Offered Special","damage_taken":0,"max_hp_gain":0,"max_hp_loss":0,"event_name":"Bonfire Elementals","floor":5,"gold_loss":0},{"damage_healed":0,"gold_gain":0,"player_choice":"Ignored","damage_taken":0,"max_hp_gain":0,"max_hp_loss":0,"event_name":"Upgrade Shrine","floor":22,"gold_loss":0}],"is_beta":false,"boss_relics":[{"not_picked":["Lizard Tail","Velvet Choker"],"picked":"Runic Pyramid"},{"not_picked":["SlaversCollar","Philosopher\u0027s Stone"],"picked":"Fusion Hammer"}],"items_purged_floors":[],"is_endless":false,"potions_floor_spawned":[2,6,10,14,16,20,23,27,28,30,35,37,41,44,46,47],"ascension_level":1}}