{"host":"3498uni0c31c9bdm","time":1612866280,"event":{"mods":["BaseMod","Better Match","Better Note","Better Sensory Stone","Better Skull","Better Third Choice","Colored Map","Minty Spire (QoL Compilation)","Quick Restart","RNG Fix","Random Character Button","Replay The Spire","Shop Mod","Smile Girya","StSLib","Unceasing Turn Reminder"],"gold_per_floor":[116,116,116,135,160,160,193,21,97,113,7,20,53,66,66,161,161,185,204,238,52,52,52,52,52,52,66,84,84,84,84],"floor_reached":30,"language":"ENG","playtime":1492,"items_purged":[],"score":396,"play_id":"d68e8ddc-d31f-4a7e-8b7a-8554edc7ef6d","local_time":"20210209212440","is_ascension_mode":true,"campfire_choices":[{"floor":6,"key":"RECALL"},{"floor":15,"key":"REST"},{"floor":23,"key":"REST"},{"floor":29,"key":"REST"}],"circlet_count":0,"master_deck":["AscendersBane","Strike_B","Strike_B","Strike_B","Strike_B","Defend_B","Defend_B","Defend_B","Defend_B+1","Zap+1","Dualcast","Dualcast","Strike_R+1","White Noise+1","Injury","Redo","ReplaySolidLightProjector+1","Leap","Turbo","Ball Lightning","Electrodynamics+1","Electrodynamics+1","Barrage","Fission+1","Go for the Eyes","Core Surge+1","White Noise","Ball Lightning","Genetic Algorithm","Turbo+1","CommonCold","Heatsinks+1","Glacier"],"relics":["Cracked Core","Lizard Tail","Golden Idol","Gremlin Food","Guide Book","Golden Egg","Pear","Nuclear Battery","Red Mask","Blue Doll","ReplayTheSpireMod:Ring of Collecting","ReplayTheSpireMod:Ring of Exchange","Ring of Fury"],"acts_visited":["Exordium","TheCity"],"potions_floor_usage":[7,13,16,16,28],"damage_taken":[{"damage":4,"enemies":"2 Louse","floor":1,"turns":2},{"damage":1,"enemies":"Cultist","floor":4,"turns":3},{"damage":0,"enemies":"Small Slimes","floor":5,"turns":3},{"damage":56,"enemies":"Lagavulin","floor":7,"turns":9},{"damage":0,"enemies":"3 Louse","floor":10,"turns":5},{"damage":2,"enemies":"Exordium Thugs","floor":12,"turns":2},{"damage":18,"enemies":"Gremlin Nob","floor":13,"turns":3},{"damage":9,"enemies":"Red Slaver","floor":14,"turns":3},{"damage":58,"enemies":"Hexaghost","floor":16,"turns":10},{"damage":4,"enemies":"Spheric Guardian","floor":18,"turns":3},{"damage":0,"enemies":"3 Byrds","floor":19,"turns":1},{"damage":31,"enemies":"Masked Bandits","floor":20,"turns":3},{"damage":19,"enemies":"3 Cultists","floor":27,"turns":4},{"damage":30,"enemies":"Snake Plant","floor":28,"turns":3},{"damage":38,"enemies":"Gremlin Leader","floor":30,"turns":2}],"seed_played":"9173439374291199611","potions_obtained":[{"floor":4,"key":"Ancient Potion"},{"floor":5,"key":"LiquidBronze"},{"floor":7,"key":"FocusPotion"},{"floor":13,"key":"DuplicationPotion"},{"floor":18,"key":"SpeedPotion"},{"floor":27,"key":"EssenceOfSteel"}],"is_trial":false,"path_per_floor":["M","?","?","M","M","R","E","$","T","M","$","M","E","M","R","B",null,"M","M","?","$","?","R","?","?","T","M","M","R","E"],"character_chosen":"DEFECT","items_purchased":["Guide Book","Turbo","Electrodynamics","Blue Doll","Turbo+1"],"campfire_rested":3,"item_purchase_floors":[8,8,11,21,21],"current_hp_per_floor":[64,64,64,63,63,63,7,7,7,7,7,5,47,38,63,5,65,61,61,30,30,30,55,55,55,55,36,6,31,0,0],"gold":84,"neow_bonus":"ONE_RARE_RELIC","is_daily":false,"chose_seed":false,"campfire_upgraded":0,"win_rate":0.0,"timestamp":1612866280,"path_taken":["M","?","?","M","M","R","E","?","T","?","?","M","E","M","R","BOSS","M","M","?","?","?","R","?","?","T","?","M","R","E"],"items_purchased_type":["Relic","Card","Card","Relic","Card"],"build_version":"2020-12-22","purchased_purges":0,"victory":false,"max_hp_per_floor":[75,75,75,75,75,75,75,75,75,75,75,75,85,85,85,85,85,85,85,85,85,85,85,85,85,85,85,85,85,85,85],"card_choices":[{"not_picked":["Compile Driver","Darkness"],"picked":"White Noise","floor":1},{"not_picked":["Steam Power","Gash"],"picked":"Redo","floor":4},{"not_picked":["Rebound","Conserve Battery"],"picked":"ReplaySolidLightProjector","floor":5},{"not_picked":["Turbo","Rip and Tear"],"picked":"Leap","floor":7},{"not_picked":["Panic Button","Redo"],"picked":"Ball Lightning","floor":10},{"not_picked":["Melter","Panic Button"],"picked":"Barrage","floor":12},{"not_picked":["Barrage","Stack"],"picked":"Fission","floor":13},{"not_picked":["Leap","Coolheaded"],"picked":"Go for the Eyes","floor":14},{"not_picked":["All For One","Hyperbeam"],"picked":"Core Surge","floor":16},{"not_picked":["Gash","Streamline"],"picked":"White Noise","floor":18},{"not_picked":["Cold Snap","Redo"],"picked":"Ball Lightning","floor":19},{"not_picked":["Rebound","Recycle"],"picked":"Genetic Algorithm","floor":20},{"not_picked":["Auto Shields","BasicCrystalCard"],"picked":"Heatsinks","floor":27},{"not_picked":["Turbo","Gash"],"picked":"Glacier","floor":28}],"player_experience":858851,"relics_obtained":[{"floor":7,"key":"Gremlin Food"},{"floor":9,"key":"Golden Egg"},{"floor":13,"key":"Pear"},{"floor":20,"key":"Red Mask"},{"floor":24,"key":"ReplayTheSpireMod:Ring of Collecting"},{"floor":24,"key":"ReplayTheSpireMod:Ring of Exchange"},{"floor":26,"key":"Ring of Fury"}],"event_choices":[{"damage_healed":0,"gold_gain":0,"player_choice":"Grow","damage_taken":0,"max_hp_gain":0,"max_hp_loss":0,"event_name":"Living Wall","floor":2,"gold_loss":0,"cards_upgraded":["Zap"]},{"damage_healed":0,"gold_gain":0,"player_choice":"Take Wound","damage_taken":0,"relics_obtained":["Golden Idol"],"max_hp_gain":0,"max_hp_loss":0,"event_name":"Golden Idol","floor":3,"gold_loss":0,"cards_obtained":["Injury"]},{"damage_healed":0,"gold_gain":0,"player_choice":"Fought Bandits","damage_taken":0,"max_hp_gain":0,"max_hp_loss":0,"event_name":"Masked Bandits","floor":20,"gold_loss":0},{"damage_healed":0,"gold_gain":0,"player_choice":"Ignored","damage_taken":0,"max_hp_gain":0,"max_hp_loss":0,"event_name":"Vampires","floor":22,"gold_loss":0},{"damage_healed":0,"gold_gain":0,"player_choice":"Adaptability","damage_taken":0,"max_hp_gain":0,"max_hp_loss":0,"event_name":"betterThird:BetterWriting","floor":25,"gold_loss":0}],"is_beta":false,"boss_relics":[{"not_picked":["Abe\u0027s Treasure","Empty Cage"],"picked":"Nuclear Battery"}],"items_purged_floors":[],"is_endless":false,"potions_floor_spawned":[4,5,7,10,13,18,27],"killed_by":"Gremlin Leader","ascension_level":13}}