{"host":"aw6ta4ll26ap9lu8","time":1612837226,"event":{"mods":["AchievementEnabler","AlwaysNeverKeys","BaseMod","Bestiary","Block Reminder","Colored Map","Colored Powertips","Dark Map","DeckTracker","Highlight Path","Minty Spire (QoL Compilation)","Permanent Neow","Quick Restart","Relic Stats","StSLib"],"gold_per_floor":[410,106,106,106,126,156,169,202,202,227,227,237,247,259,259,364,364,379,398,411,411,411,440,440,465,465,476,501,519,548,559,559,663,663,673,444,444,462,7,34,34,62,62,105,128,140,152,180,192,204,216,228,0,0,0],"floor_reached":54,"language":"ENG","playtime":3128,"items_purged":[],"score":1763,"play_id":"9588008e-9fc1-4852-a729-5a07f7e2090c","local_time":"20210208212026","is_ascension_mode":true,"campfire_choices":[{"floor":11.0,"key":"REST"},{"data":"Vault","floor":15.0,"key":"SMITH"},{"floor":24.0,"key":"REST"},{"data":"Scrawl","floor":32.0,"key":"SMITH"},{"floor":41,"key":"REST"},{"data":"Worship","floor":49,"key":"SMITH"},{"floor":52,"key":"REST"}],"circlet_count":0,"master_deck":["AscendersBane","Strike_P+1","Strike_P+1","Strike_P+1","Strike_P+1","Defend_P+1","Defend_P+1","Defend_P+1","Defend_P+1","Eruption+1","Vigilance+1","Swivel+1","Tantrum+1","Ragnarok+1","Protect+1","Conclude+1","Vault+1","Sanctity+1","BowlingBash+1","CutThroughFate+1","DevaForm+1","Wallop+1","ThirdEye+1","Prostrate+1","ClearTheMind+1","SandsOfTime+1","WindmillStrike+1","DeusExMachina+1","Consecrate+1","CutThroughFate+1","Perseverance+1","Consecrate+1","FlyingSleeves+1","Evaluate+1","Vault+1","FearNoEvil+1","Sanctity+1","SashWhip+1","CrushJoints+1","Scrawl+1","Vengeance+1","Prostrate+1","DevaForm+1","FollowUp+1","EmptyFist+1","Establishment+1","CutThroughFate+1","BowlingBash+1","FlyingSleeves+1","Evaluate+1","Flash of Steel+1","Wireheading+1","Transmutation+1","Secret Technique+1","Discovery+1","Prostrate+1","Indignation+1","Mind Blast+1","Thinking Ahead+1","Prostrate+1","ClearTheMind+1","Ragnarok+1","CutThroughFate+1","TalkToTheHand+1","Vengeance+1","Worship+1","EmptyBody+1"],"relics":["PureWater","Old Coin","Whetstone","Orrery","Strawberry","Prayer Wheel","Matryoshka","Regal Pillow","Philosopher\u0027s Stone","MutagenicStrength","Blood Vial","StrikeDummy","PreservedInsect","Art of War","Yang","Pear","Runic Pyramid","Damaru","Sundial","Orichalcum","MawBank","Juzu Bracelet","Anchor","Mark of the Bloom","Mercury Hourglass"],"acts_visited":["Exordium","TheCity","TheBeyond","TheEnding"],"potions_floor_usage":[40,42,44],"damage_taken":[{"damage":2.0,"enemies":"Small Slimes","floor":1.0,"turns":3.0},{"damage":4.0,"enemies":"Jaw Worm","floor":5.0,"turns":3.0},{"damage":20.0,"enemies":"3 Sentries","floor":6.0,"turns":3.0},{"damage":1.0,"enemies":"Cultist","floor":7.0,"turns":3.0},{"damage":0.0,"enemies":"Gremlin Nob","floor":8.0,"turns":3.0},{"damage":0.0,"enemies":"Lagavulin","floor":10.0,"turns":5.0},{"damage":7.0,"enemies":"Gremlin Gang","floor":12.0,"turns":5.0},{"damage":15.0,"enemies":"Exordium Wildlife","floor":13.0,"turns":4.0},{"damage":1.0,"enemies":"2 Fungi Beasts","floor":14.0,"turns":3.0},{"damage":4.0,"enemies":"Slime Boss","floor":16.0,"turns":6.0},{"damage":0.0,"enemies":"Shell Parasite","floor":18.0,"turns":2.0},{"damage":4.0,"enemies":"3 Byrds","floor":19.0,"turns":2.0},{"damage":57.0,"enemies":"Snake Plant","floor":20.0,"turns":5.0},{"damage":0.0,"enemies":"Slavers","floor":23.0,"turns":4.0},{"damage":0.0,"enemies":"Book of Stabbing","floor":25.0,"turns":4.0},{"damage":0.0,"enemies":"Sentry and Sphere","floor":27.0,"turns":3.0},{"damage":0.0,"enemies":"Slavers","floor":28.0,"turns":3.0},{"damage":0.0,"enemies":"3 Cultists","floor":29.0,"turns":3.0},{"damage":15.0,"enemies":"Book of Stabbing","floor":30.0,"turns":4.0},{"damage":0.0,"enemies":"Shelled Parasite and Fungi","floor":31.0,"turns":4.0},{"damage":5.0,"enemies":"Champ","floor":33.0,"turns":8.0},{"damage":6.0,"enemies":"Orb Walker","floor":35.0,"turns":3.0},{"damage":8.0,"enemies":"3 Shapes","floor":38.0,"turns":4.0},{"damage":13,"enemies":"Reptomancer","floor":40,"turns":6},{"damage":42,"enemies":"Nemesis","floor":42,"turns":5},{"damage":0,"enemies":"Reptomancer","floor":44,"turns":4},{"damage":0,"enemies":"Spire Growth","floor":45,"turns":1},{"damage":0,"enemies":"3 Darklings","floor":48,"turns":3},{"damage":53,"enemies":"Time Eater","floor":50,"turns":9},{"damage":8,"enemies":"Shield and Spear","floor":54,"turns":1}],"seed_played":"-5073554944469600127","potions_obtained":[{"floor":6.0,"key":"LiquidMemories"},{"floor":7.0,"key":"EssenceOfSteel"},{"floor":10.0,"key":"Explosive Potion"},{"floor":23.0,"key":"SteroidPotion"},{"floor":25.0,"key":"Swift Potion"},{"floor":27.0,"key":"BottledMiracle"},{"floor":28.0,"key":"PowerPotion"},{"floor":30.0,"key":"StancePotion"},{"floor":31.0,"key":"Fire Potion"},{"floor":35.0,"key":"Block Potion"},{"floor":38.0,"key":"Regen Potion"},{"floor":42,"key":"SneckoOil"}],"is_trial":false,"path_per_floor":["M","$","?","?","M","E","M","E","T","E","R","M","M","M","R","B",null,"M","M","M","?","?","E","R","E","T","M","E","M","E","M","R","B",null,"M","$","?","M","$","E","R","E","T","E","M","?","?","M","R","B",null,"R","$","E"],"character_chosen":"WATCHER","items_purchased":["Whetstone","Orrery","FlyingSleeves","Evaluate","Flash of Steel","Wireheading","Damaru","Mind Blast","Thinking Ahead","Prostrate","Mercury Hourglass"],"campfire_rested":4,"item_purchase_floors":[2,2,36,36,36,36,39,39,39,39,53],"current_hp_per_floor":[63,63,49,49,45,32,31,31,31,31,69,62,47,46,46,42,70,70,66,9,9,9,9,47,49,49,51,53,55,52,54,54,51,80,76,76,66,60,60,49,89,52,52,54,56,56,56,56,56,3,3,3,3,0,0],"gold":0,"neow_bonus":"ONE_RARE_RELIC","is_daily":false,"chose_seed":false,"campfire_upgraded":3,"win_rate":0.0,"timestamp":1612837226,"path_taken":["M","$","?","?","M","E","?","E","T","E","R","M","M","M","R","BOSS","M","M","?","?","?","E","R","E","T","M","E","M","E","M","R","BOSS","M","$","?","M","$","E","R","E","T","E","M","?","?","M","R","BOSS","R","$","E"],"items_purchased_type":["Relic","Relic","Card","Card","Card","Card","Relic","Card","Card","Card","Relic"],"build_version":"2020-12-22","purchased_purges":0,"victory":false,"max_hp_per_floor":[72,72,72,72,72,79,79,79,79,79,79,79,79,79,79,79,79,79,79,79,79,79,79,79,79,79,79,79,79,89,89,89,89,89,89,89,89,89,89,89,89,89,89,89,89,89,89,89,89,89,89,89,89,89,89],"relic_stats":{"Regal Pillow":59,"Mark of the Bloom":112,"counters":[30,116],"Yang":[134],"PreservedInsect":333,"Juzu Bracelet":0,"Whetstone":["Eruption","Strike_P"],"Orichalcum":[18],"MawBank":120,"Mercury Hourglass":[6],"Blood Vial":24,"Sundial":[0],"Prayer Wheel":13,"Art of War":[7],"obtain_stats":[{"Regal Pillow":10,"Mark of the Bloom":46,"Yang":28,"Juzu Bracelet":43,"Whetstone":2,"Old Coin":0,"Blood Vial":23,"Matryoshka":9,"Sundial":40,"Strawberry":6,"Prayer Wheel":8,"Philosopher\u0027s Stone":17,"Runic Pyramid":34,"Pear":30,"Damaru":39,"PreservedInsect":26,"Orichalcum":42,"MawBank":43,"Mercury Hourglass":53,"Anchor":44,"MutagenicStrength":21,"Orrery":2,"Art of War":26,"PureWater":0,"StrikeDummy":25},{"Regal Pillow":6,"Mark of the Bloom":27,"Yang":17,"Juzu Bracelet":25,"Whetstone":1,"Old Coin":0,"Blood Vial":14,"Matryoshka":5,"Sundial":24,"Strawberry":3,"Prayer Wheel":5,"Philosopher\u0027s Stone":10,"Runic Pyramid":21,"Pear":19,"Damaru":23,"PreservedInsect":15,"Orichalcum":25,"MawBank":25,"Mercury Hourglass":29,"Anchor":26,"MutagenicStrength":13,"Orrery":1,"Art of War":15,"PureWater":0,"StrikeDummy":15},{"Regal Pillow":20,"Mark of the Bloom":103,"Yang":61,"Juzu Bracelet":98,"Whetstone":3,"Old Coin":0,"Blood Vial":51,"Matryoshka":15,"Sundial":93,"Strawberry":9,"Prayer Wheel":15,"Philosopher\u0027s Stone":38,"Runic Pyramid":80,"Pear":68,"Damaru":87,"PreservedInsect":55,"Orichalcum":98,"MawBank":98,"Mercury Hourglass":115,"Anchor":102,"MutagenicStrength":47,"Orrery":3,"Art of War":55,"PureWater":0,"StrikeDummy":55}]},"card_choices":[{"not_picked":["SashWhip","Crescendo"],"picked":"Swivel","floor":1.0},{"not_picked":["ReachHeaven","SashWhip"],"picked":"Tantrum","floor":2.0},{"not_picked":["Evaluate","Halt"],"picked":"Ragnarok","floor":2.0},{"not_picked":["PathToVictory","JustLucky"],"picked":"Protect","floor":2.0},{"not_picked":["PathToVictory","EmptyFist"],"picked":"Conclude","floor":2.0},{"not_picked":["Perseverance","EmptyFist"],"picked":"Vault","floor":2.0},{"not_picked":["PathToVictory","Crescendo"],"picked":"Sanctity","floor":5.0},{"not_picked":["Conclude","MasterReality"],"picked":"BowlingBash","floor":6.0},{"not_picked":["FlurryOfBlows","Tantrum"],"picked":"CutThroughFate","floor":7.0},{"not_picked":["MentalFortress","Evaluate"],"picked":"DevaForm","floor":8.0},{"not_picked":["Protect","Halt"],"picked":"Wallop","floor":10.0},{"not_picked":["FlurryOfBlows","PathToVictory"],"picked":"ThirdEye","floor":12.0},{"not_picked":["ThirdEye","EmptyFist"],"picked":"Prostrate","floor":12.0},{"not_picked":["Swivel","ReachHeaven"],"picked":"ClearTheMind","floor":13.0},{"not_picked":["EmptyBody","Protect"],"picked":"Wireheading","floor":13.0},{"not_picked":["Crescendo","Indignation"],"picked":"SandsOfTime","floor":14.0},{"not_picked":["PathToVictory","EmptyBody"],"picked":"WindmillStrike","floor":14.0},{"not_picked":["Alpha","Devotion"],"picked":"DeusExMachina","floor":16.0},{"not_picked":["Crescendo","CrushJoints"],"picked":"Consecrate","floor":18.0},{"not_picked":["DeceiveReality","Wallop"],"picked":"CutThroughFate","floor":18.0},{"not_picked":["Fasting2","CutThroughFate"],"picked":"Perseverance+1","floor":19.0},{"not_picked":["JustLucky","WreathOfFlame"],"picked":"Consecrate","floor":19.0},{"not_picked":["Judgement","Swivel"],"picked":"FlyingSleeves","floor":20.0},{"not_picked":["JustLucky","Perseverance"],"picked":"Evaluate","floor":20.0},{"not_picked":["Halt","Evaluate"],"picked":"FearNoEvil","floor":23.0},{"not_picked":["ThirdEye","LikeWater+1"],"picked":"Sanctity","floor":25.0},{"not_picked":["WreathOfFlame","ClearTheMind"],"picked":"SashWhip+1","floor":27.0},{"not_picked":["Sanctity","LikeWater"],"picked":"CrushJoints+1","floor":27.0},{"not_picked":["ThirdEye","FlurryOfBlows"],"picked":"Scrawl","floor":28.0},{"not_picked":["Conclude","Wireheading"],"picked":"Vengeance","floor":29.0},{"not_picked":["SashWhip","PathToVictory"],"picked":"Prostrate","floor":29.0},{"not_picked":["SandsOfTime","Consecrate"],"picked":"DevaForm","floor":30.0},{"not_picked":["Consecrate","PathToVictory"],"picked":"FollowUp","floor":31.0},{"not_picked":["BattleHymn","Consecrate"],"picked":"EmptyFist+1","floor":31.0},{"not_picked":["Omniscience","Alpha"],"picked":"Establishment","floor":33.0},{"not_picked":["PathToVictory","Crescendo"],"picked":"CutThroughFate","floor":35.0},{"not_picked":["ThirdEye","ClearTheMind"],"picked":"BowlingBash","floor":35.0},{"not_picked":["Magnetism","Blind"],"picked":"Transmutation","floor":37.0},{"not_picked":["Enlightenment","Good Instincts"],"picked":"Secret Technique","floor":37.0},{"not_picked":["Swift Strike","Madness"],"picked":"Discovery","floor":37.0},{"not_picked":["Consecrate+1","CarveReality"],"picked":"Prostrate","floor":38.0},{"not_picked":["Evaluate","Consecrate"],"picked":"Indignation+1","floor":38.0},{"not_picked":["JustLucky","Pray"],"picked":"ClearTheMind+1","floor":40},{"not_picked":["FlurryOfBlows","ClearTheMind+1"],"picked":"Ragnarok","floor":42},{"not_picked":["Collect+1","Judgement"],"picked":"CutThroughFate","floor":44},{"not_picked":["FlurryOfBlows","Conclude"],"picked":"TalkToTheHand","floor":45},{"not_picked":["CrushJoints","Study"],"picked":"Vengeance","floor":45},{"not_picked":["Protect","EmptyBody"],"picked":"Worship","floor":48},{"not_picked":["Wireheading","Meditate+1"],"picked":"EmptyBody+1","floor":48}],"player_experience":637530,"relics_obtained":[{"floor":6.0,"key":"Strawberry"},{"floor":8.0,"key":"Prayer Wheel"},{"floor":9.0,"key":"Matryoshka"},{"floor":10.0,"key":"Regal Pillow"},{"floor":23.0,"key":"Blood Vial"},{"floor":25.0,"key":"StrikeDummy"},{"floor":26.0,"key":"PreservedInsect"},{"floor":26.0,"key":"Art of War"},{"floor":28.0,"key":"Yang"},{"floor":30.0,"key":"Pear"},{"floor":40,"key":"Sundial"},{"floor":42,"key":"Orichalcum"},{"floor":43,"key":"MawBank"},{"floor":43,"key":"Juzu Bracelet"},{"floor":44,"key":"Anchor"}],"event_choices":[{"damage_healed":0.0,"max_hp_gain":0.0,"max_hp_loss":0.0,"gold_gain":0.0,"event_name":"Shining Light","player_choice":"Entered Light","floor":3.0,"gold_loss":0.0,"damage_taken":14.0,"cards_upgraded":["Defend_P","Protect"]},{"cards_removed":["Shame"],"damage_healed":0.0,"max_hp_gain":0.0,"max_hp_loss":0.0,"gold_gain":0.0,"event_name":"Fountain of Cleansing","player_choice":"Removed Curses","floor":4.0,"gold_loss":0.0,"damage_taken":0.0},{"damage_healed":0.0,"max_hp_gain":0.0,"max_hp_loss":0.0,"gold_gain":0.0,"event_name":"Drug Dealer","player_choice":"Inject Mutagens","floor":21.0,"gold_loss":0.0,"damage_taken":0.0,"relics_obtained":["MutagenicStrength"]},{"damage_healed":0.0,"max_hp_gain":0.0,"max_hp_loss":0.0,"gold_gain":0.0,"event_name":"Duplicator","player_choice":"Copied","floor":22.0,"gold_loss":0.0,"damage_taken":0.0,"cards_obtained":["Vault"]},{"damage_healed":0.0,"max_hp_gain":0.0,"max_hp_loss":0.0,"gold_gain":0.0,"event_name":"SensoryStone","player_choice":"Memory 3","floor":37.0,"gold_loss":0.0,"damage_taken":10.0},{"damage_healed":0,"gold_gain":0,"player_choice":"Upgrade","damage_taken":0,"relics_obtained":["Mark of the Bloom"],"max_hp_gain":0,"max_hp_loss":0,"event_name":"MindBloom","floor":46,"gold_loss":0,"cards_upgraded":["Strike_P","Strike_P","Strike_P","Defend_P","Defend_P","Defend_P","Vigilance","Swivel","Tantrum","Ragnarok","Conclude","Sanctity","BowlingBash","CutThroughFate","DevaForm","Wallop","ThirdEye","Prostrate","ClearTheMind","Wireheading","SandsOfTime","WindmillStrike","DeusExMachina","Consecrate","CutThroughFate","Consecrate","FlyingSleeves","Evaluate","FearNoEvil","Sanctity","Vengeance","Prostrate","DevaForm","FollowUp","Establishment","CutThroughFate","BowlingBash","FlyingSleeves","Evaluate","Flash of Steel","Wireheading","Transmutation","Secret Technique","Discovery","Prostrate","Mind Blast","Thinking Ahead","Prostrate","Ragnarok","CutThroughFate","TalkToTheHand","Vengeance"]},{"cards_removed":["Wireheading"],"damage_healed":0,"gold_gain":0,"player_choice":"Removed Power","damage_taken":0,"max_hp_gain":0,"max_hp_loss":0,"event_name":"Falling","floor":47,"gold_loss":0}],"is_beta":false,"boss_relics":[{"not_picked":["SlaversCollar","Black Star"],"picked":"Philosopher\u0027s Stone"},{"not_picked":["SacredBark","Tiny House"],"picked":"Runic Pyramid"}],"items_purged_floors":[],"is_endless":false,"potions_floor_spawned":[6,7,10,16,23,25,27,28,30,31,35,38,42],"killed_by":"Shield and Spear","ascension_level":12}}