{"host":"s9znsjs818tlhh47","time":1612841920,"event":{"mods":["2.2 Compatiblity","ATMod(阿瑾Mod)","AchievementEnabler","BaseMod","Bestiary","Better Note","Better Skull","Better Third Choice","Better Vampires","Bossed Relics","Card Forge","Colored Powertips","Force Act Four","Minty Spire (QoL Compilation)","Permanent Neow","Quick Restart","RumiaBox-露米娅的神秘盒子","StSLib","【功能Mod】混沌之环修复补丁","【遗物卡牌】REMEMod","残留之物"],"gold_per_floor":[116,127,127,137,62,97,107,138,138,138,164,64,84,103,103,201,201,213,88,88,99,99,126,126,145,145,171,182,202,232,244,244,346,346,356,356,356,372,388,388,415,415,438,453,479,509,522,554,554,554,554,554,105,131,131],"floor_reached":56,"language":"ZHS","playtime":3857,"items_purged":["PlaceholderMod:BaseStrike","PlaceholderMod:BaseStrike","PlaceholderMod:BaseStrike","PlaceholderMod:BaseStrike"],"score":1765,"play_id":"a12479c2-3ed7-4b3a-a550-8e4cedabd5e0","local_time":"20210208223840","is_ascension_mode":true,"campfire_choices":[{"data":"AT_FamilyPortrait","floor":10.0,"key":"SMITH"},{"data":"PlaceholderMod:InnerStable","floor":15.0,"key":"SMITH"},{"data":"PlaceholderMod:Hyperplasia","floor":24.0,"key":"SMITH"},{"data":"PlaceholderMod:Hard","floor":32.0,"key":"SMITH"},{"floor":40,"key":"RECALL"},{"data":"Panacea","floor":42,"key":"SMITH"},{"data":"PlaceholderMod:EnergyAbsorb","floor":49,"key":"SMITH"},{"data":"PlaceholderMod:PericyclicReaction","floor":52,"key":"SMITH"}],"circlet_count":0,"master_deck":["PlaceholderMod:BaseStrike","PlaceholderMod:BaseDefend","PlaceholderMod:BaseDefend","PlaceholderMod:BaseDefend+1","PlaceholderMod:BaseDefend+1","PlaceholderMod:BaseDefend","PlaceholderMod:Crystal","PlaceholderMod:PoisonWhip","AT_FamilyPortrait+1","PlaceholderMod:Assimilation","PlaceholderMod:InnerStable+1","PlaceholderMod:CycleAttack","PlaceholderMod:Sweep","PlaceholderMod:ReactionCatalyze","REME_MawOfCthun+1","REME_HeartOfCthun+1","REME_EyeOfCthun+1","REME_BodyOfCthun+1","PlaceholderMod:PericyclicReaction+1","Corruption+1","PlaceholderMod:Hyperplasia+1","PlaceholderMod:TriggerStrike+1","PlaceholderMod:Hard+1","PlaceholderMod:SevereHeat+1","PlaceholderMod:Eat","PlaceholderMod:ComplexForm+1","Panacea+1","Finesse","PlaceholderMod:SelectReaction+1","PlaceholderMod:HornyBlast+1","PlaceholderMod:EnergyAbsorb+1","PlaceholderMod:DiffusionChemical+1","PlaceholderMod:HardStrike+1","PlaceholderMod:HornyCollision","PlaceholderMod:Hyperplasia+1","PlaceholderMod:ParasiteChange+1","PlaceholderMod:Colorful+1","PlaceholderMod:CrystallizationStrike+1","PlaceholderMod:PoisonBlast+1"],"relics":["Hammer of Thor","Seething Fire","Anvil of the Gods","REME_ComplimentaryCards","AT_ATBox","Coffee Dripper","Ornamental Fan","GodSword7","Bird Faced Urn","PlaceholderMod:LiveLive","Potion Belt","Eternal Feather","REME_LimitBreaker","Omamori","REME_HandOfSuture","Calling Bell","Akabeko","GodSword4","FossilizedHelix","Happy Flower","Vajra","Blue Candle","AT_EbonyIvory","AT_ForceNature","Orrery","GodSword1"],"acts_visited":["Exordium","TheCity","TheBeyond","TheEnding"],"potions_floor_usage":[41,55,55,55,55,55],"damage_taken":[{"damage":0.0,"enemies":"Cultist","floor":1.0,"turns":3.0},{"damage":0.0,"enemies":"2 Louse","floor":2.0,"turns":2.0},{"damage":2.0,"enemies":"Small Slimes","floor":4.0,"turns":2.0},{"damage":18.0,"enemies":"3 Sentries","floor":6.0,"turns":14.0},{"damage":0.0,"enemies":"3 Louse","floor":7.0,"turns":4.0},{"damage":13.0,"enemies":"Lagavulin","floor":8.0,"turns":7.0},{"damage":25.0,"enemies":"3 Sentries","floor":11.0,"turns":7.0},{"damage":0.0,"enemies":"Exordium Wildlife","floor":13.0,"turns":1.0},{"damage":0.0,"enemies":"Looter","floor":14.0,"turns":3.0},{"damage":0.0,"enemies":"Slime Boss","floor":16.0,"turns":7.0},{"damage":0.0,"enemies":"Shell Parasite","floor":18.0,"turns":2.0},{"damage":0.0,"enemies":"Spheric Guardian","floor":21.0,"turns":3.0},{"damage":0.0,"enemies":"REME_1_Revenger","floor":23.0,"turns":4.0},{"damage":0.0,"enemies":"Snecko","floor":25.0,"turns":4.0},{"damage":0.0,"enemies":"Book of Stabbing","floor":27.0,"turns":5.0},{"damage":0.0,"enemies":"Centurion and Healer","floor":28.0,"turns":3.0},{"damage":0.0,"enemies":"3 Cultists","floor":29.0,"turns":5.0},{"damage":26.0,"enemies":"Slavers","floor":30.0,"turns":3.0},{"damage":5.0,"enemies":"Shelled Parasite and Fungi","floor":31.0,"turns":5.0},{"damage":9.0,"enemies":"Automaton","floor":33.0,"turns":3.0},{"damage":0,"enemies":"Orb Walker","floor":35,"turns":2},{"damage":0,"enemies":"3 Darklings","floor":38,"turns":3},{"damage":4,"enemies":"Jaw Worm Horde","floor":39,"turns":3},{"damage":0,"enemies":"Reptomancer","floor":41,"turns":5},{"damage":0,"enemies":"Sphere and 2 Shapes","floor":44,"turns":2},{"damage":0,"enemies":"Giant Head","floor":45,"turns":4},{"damage":0,"enemies":"Reptomancer","floor":46,"turns":3},{"damage":0,"enemies":"Transient","floor":47,"turns":5},{"damage":0,"enemies":"Giant Head","floor":48,"turns":5},{"damage":7,"enemies":"Time Eater","floor":50,"turns":7},{"damage":0,"enemies":"Shield and Spear","floor":54,"turns":5},{"damage":2,"enemies":"The Heart","floor":55,"turns":6}],"seed_played":"3753506925142572310","potions_obtained":[{"floor":2.0,"key":"LiquidBronze"},{"floor":6.0,"key":"Fire Potion"},{"floor":7.0,"key":"DuplicationPotion"},{"floor":23.0,"key":"FearPotion"},{"floor":27.0,"key":"Dexterity Potion"},{"floor":28.0,"key":"REME_GoldPotion"},{"floor":33.0,"key":"SpeedPotion"},{"floor":35,"key":"Block Potion"},{"floor":45,"key":"LiquidBronze"},{"floor":46,"key":"PowerPotion"},{"floor":48,"key":"LiquidBronze"}],"is_trial":false,"path_per_floor":["M","M","?","M","$","E","M","E","T","R","E","$","M","M","R","B",null,"M","$","?","M","?","E","R","M","T","E","M","M","E","M","R","B",null,"M","?","?","M","M","R","E","R","T","M","E","E","M","E","R","B",null,"R","$","E","B",null],"character_chosen":"THE_PLACEHOLDER","items_purchased":["PlaceholderMod:HornyCollision","Orrery"],"campfire_rested":0,"item_purchase_floors":[53,53],"current_hp_per_floor":[78,82,82,84,84,70,74,65,65,65,44,44,46,46,46,52,106,106,106,66,66,66,70,82,86,86,88,92,98,72,67,82,85,114,114,114,104,106,110,118,118,118,118,122,122,122,122,122,122,122,122,122,122,122,122],"gold":131,"neow_bonus":"BOSS_RELIC","is_daily":false,"chose_seed":false,"campfire_upgraded":7,"win_rate":0.0,"timestamp":1612841920,"path_taken":["M","M","?","?","$","E","M","E","T","R","E","?","M","M","R","BOSS","M","$","?","M","?","E","R","M","T","E","M","M","E","M","R","BOSS","M","?","?","M","M","R","E","R","T","M","E","E","M","E","R","BOSS","R","$","E","BOSS"],"items_purchased_type":["Card","Relic"],"build_version":"2020-12-22","purchased_purges":4,"victory":true,"max_hp_per_floor":[78,82,82,86,86,90,94,98,98,98,102,102,102,102,102,106,106,106,106,106,106,106,106,106,106,106,106,106,110,110,110,110,114,114,114,114,114,114,118,118,118,118,118,122,122,122,122,122,122,122,122,122,122,122,122],"card_choices":[{"not_picked":["PlaceholderMod:HardStinger","PlaceholderMod:MultipleOxi"],"picked":"PlaceholderMod:InnerStable","floor":1.0},{"not_picked":["PlaceholderMod:Turn","PlaceholderMod:Sweep","PlaceholderMod:PoisonAbsorb"],"picked":"SKIP","floor":2.0},{"not_picked":["PlaceholderMod:HornyBlast","PlaceholderMod:ConsolidateHit"],"picked":"PlaceholderMod:CycleAttack","floor":4.0},{"not_picked":["PlaceholderMod:Internalization","PlaceholderMod:ProliferateStrike"],"picked":"PlaceholderMod:Sweep","floor":6.0},{"not_picked":["PlaceholderMod:ThreeBenzyolStart","PlaceholderMod:SprayAttack","PlaceholderMod:AngryAttack"],"picked":"SKIP","floor":7.0},{"not_picked":["PlaceholderMod:HornyBlast","PlaceholderMod:Polyp"],"picked":"PlaceholderMod:ReactionCatalyze","floor":8.0},{"not_picked":["PlaceholderMod:Assimilation","PlaceholderMod:OHStrongAttack"],"picked":"PlaceholderMod:Package","floor":11.0},{"not_picked":["PlaceholderMod:StrongAcid","PlaceholderMod:ProliferateStrike","PlaceholderMod:StressReaction"],"picked":"SKIP","floor":13.0},{"not_picked":["PlaceholderMod:AngryAttack","PlaceholderMod:PoisonAbsorb","PlaceholderMod:PoisonBlast"],"picked":"SKIP","floor":14.0},{"not_picked":["PlaceholderMod:DiffusionPoison","PlaceholderMod:Inner"],"picked":"PlaceholderMod:PericyclicReaction","floor":16.0},{"not_picked":["PlaceholderMod:HardStinger+1","PlaceholderMod:HornyBlast","PlaceholderMod:StrongAcid"],"picked":"SKIP","floor":18.0},{"not_picked":["PlaceholderMod:HealingAttack","PlaceholderMod:ThreeBenzyolStart+1","PlaceholderMod:InnerStable"],"picked":"SKIP","floor":21.0},{"not_picked":["PlaceholderMod:AttackAsDefend","PlaceholderMod:StrongAcid"],"picked":"PlaceholderMod:Hyperplasia","floor":23.0},{"not_picked":["PlaceholderMod:Polyp","PlaceholderMod:OHStrongAttack","PlaceholderMod:PoisonExcitation"],"picked":"SKIP","floor":25.0},{"not_picked":["PlaceholderMod:CrystallizationStrike","PlaceholderMod:SpinBlade+1"],"picked":"PlaceholderMod:TriggerStrike+1","floor":27.0},{"not_picked":["PlaceholderMod:ProliferateStrike","PlaceholderMod:UnpureUse"],"picked":"PlaceholderMod:Hard","floor":28.0},{"not_picked":["PlaceholderMod:CorePoison","PlaceholderMod:SprayAttack","PlaceholderMod:InnerStable"],"picked":"SKIP","floor":29.0},{"not_picked":["PlaceholderMod:CrystallizationStrike","PlaceholderMod:CorePoison","PlaceholderMod:ConsolidateHit"],"picked":"SKIP","floor":30.0},{"not_picked":["PlaceholderMod:Break","PlaceholderMod:Hard+1"],"picked":"PlaceholderMod:SevereHeat+1","floor":31.0},{"not_picked":["PlaceholderMod:CorePoison","PlaceholderMod:AbsorbTouch"],"picked":"PlaceholderMod:Eat","floor":33.0},{"not_picked":["PlaceholderMod:ProliferateStrike","PlaceholderMod:AttackAsDefend+1"],"picked":"PlaceholderMod:ComplexForm+1","floor":35},{"not_picked":["Trip","Madness"],"picked":"Panacea","floor":37},{"not_picked":["PanicButton","Metamorphosis"],"picked":"Finesse","floor":37},{"not_picked":["PlaceholderMod:TriggerStrike","PlaceholderMod:ConsolidateHit+1","PlaceholderMod:AngryAttack+1"],"picked":"SKIP","floor":38},{"not_picked":["PlaceholderMod:SpinBlade+1","PlaceholderMod:Corrosion"],"picked":"PlaceholderMod:SelectReaction+1","floor":39},{"not_picked":["PlaceholderMod:EvolutionSpray","PlaceholderMod:SeverePoisonStrike","PlaceholderMod:HornyBlast+1"],"picked":"SKIP","floor":41},{"not_picked":["PlaceholderMod:EvolutionSpray","PlaceholderMod:SeverePoisonStrike"],"picked":"PlaceholderMod:HornyBlast+1","floor":41},{"not_picked":["PlaceholderMod:ContinueSpray","PlaceholderMod:ReactionCatalyze","PlaceholderMod:InnerStable"],"picked":"SKIP","floor":44},{"not_picked":["PlaceholderMod:TriggerStrike+1","PlaceholderMod:PoisonExcitation+1","PlaceholderMod:MultipleOxi"],"picked":"SKIP","floor":45},{"not_picked":["PlaceholderMod:FastReaction+1","PlaceholderMod:Package+1"],"picked":"PlaceholderMod:EnergyAbsorb","floor":46},{"not_picked":["PlaceholderMod:PoisonExcitation","PlaceholderMod:ComplexForm"],"picked":"PlaceholderMod:DiffusionChemical+1","floor":47},{"not_picked":["PlaceholderMod:SprayAttack","PlaceholderMod:ConsolidateHit+1"],"picked":"PlaceholderMod:HardStrike+1","floor":48},{"not_picked":["PlaceholderMod:MultiReaction","PlaceholderMod:ConsolidateHit+1"],"picked":"PlaceholderMod:Hyperplasia+1","floor":53},{"not_picked":["PlaceholderMod:SeverePoisonStrike","PlaceholderMod:EnergyAbsorb"],"picked":"PlaceholderMod:ParasiteChange+1","floor":53},{"not_picked":["PlaceholderMod:StressReaction","PlaceholderMod:Package+1"],"picked":"PlaceholderMod:Colorful+1","floor":53},{"not_picked":["PlaceholderMod:EnergyAbsorb+1","PlaceholderMod:PoisonBlast"],"picked":"PlaceholderMod:CrystallizationStrike+1","floor":53},{"not_picked":["PlaceholderMod:StrongAcid","PlaceholderMod:OHStrongAttack+1"],"picked":"PlaceholderMod:PoisonBlast+1","floor":53},{"not_picked":["PlaceholderMod:SeverePoisonStrike+1","PlaceholderMod:SprayAttack+1","PlaceholderMod:ChainPoly"],"picked":"SKIP","floor":54}],"player_experience":324983,"relics_obtained":[{"floor":6.0,"key":"Ornamental Fan"},{"floor":8.0,"key":"GodSword7"},{"floor":11.0,"key":"Bird Faced Urn"},{"floor":23.0,"key":"Eternal Feather"},{"floor":26.0,"key":"REME_LimitBreaker"},{"floor":27.0,"key":"Omamori"},{"floor":30.0,"key":"REME_HandOfSuture"},{"floor":34.0,"key":"Akabeko"},{"floor":34.0,"key":"GodSword4"},{"floor":34.0,"key":"FossilizedHelix"},{"floor":41,"key":"Happy Flower"},{"floor":43,"key":"Vajra"},{"floor":45,"key":"Blue Candle"},{"floor":46,"key":"AT_EbonyIvory"},{"floor":48,"key":"AT_ForceNature"},{"floor":54,"key":"GodSword1"}],"event_choices":[{"damage_healed":0.0,"max_hp_gain":0.0,"max_hp_loss":0.0,"gold_gain":0.0,"event_name":"The Woman in Blue","player_choice":"Bought 0 Potions","floor":3.0,"gold_loss":0.0,"damage_taken":0.0},{"damage_healed":0.0,"max_hp_gain":0.0,"max_hp_loss":0.0,"gold_gain":0.0,"event_name":"betterSkull:BetterSkull","player_choice":"RE UP ","floor":20.0,"gold_loss":0.0,"damage_taken":44.0,"cards_upgraded":["PlaceholderMod:BaseDefend"],"relics_obtained":["Potion Belt"]},{"cards_removed":["REME_EyeOfCthun"],"damage_healed":0.0,"max_hp_gain":0.0,"max_hp_loss":0.0,"gold_gain":0.0,"event_name":"betterNote:BetterNote","player_choice":"Take \u0026 Give","floor":22.0,"gold_loss":0.0,"damage_taken":0.0,"cards_obtained":["Corruption"]},{"cards_removed":["PlaceholderMod:Package"],"damage_healed":0,"gold_gain":0,"player_choice":"Removed Skill","damage_taken":0,"max_hp_gain":0,"max_hp_loss":0,"event_name":"Falling","floor":36,"gold_loss":0},{"damage_healed":0,"gold_gain":0,"player_choice":"Memory 3","damage_taken":10,"max_hp_gain":0,"max_hp_loss":0,"event_name":"SensoryStone","floor":37,"gold_loss":0}],"is_beta":false,"boss_relics":[{"not_picked":["Cursed Key","Runic Pyramid"],"picked":"PlaceholderMod:LiveLive"},{"not_picked":["SoulBox","Philosopher\u0027s Stone"],"picked":"Calling Bell"}],"items_purged_floors":[5,12,19,53],"is_endless":false,"potions_floor_spawned":[2,6,7,13,23,27,28,33,35,45,46,48],"ascension_level":1}}