{"host":"fff5e1uasnm04x18","time":1612838288,"event":{"mods":["BaseMod","Highlight Path","Minty Spire (QoL Compilation)","StSLib"],"gold_per_floor":[14,289,307,318,329,329,329,329,329,362,362,397,415,425,425,524,524,537,548,99,99,99],"floor_reached":21,"language":"ENG","playtime":1102,"items_purged":["Regret"],"score":210,"play_id":"50d09a41-cf48-4a20-93de-23deeff4a145","local_time":"20210208213808","is_ascension_mode":true,"campfire_choices":[{"floor":6,"key":"REST"},{"data":"Noxious Fumes","floor":8,"key":"SMITH"},{"floor":11,"key":"REST"},{"data":"Die Die Die","floor":15,"key":"SMITH"}],"circlet_count":0,"master_deck":["Strike_G+1","Strike_G","Strike_G+1","Defend_G","Defend_G","Defend_G","Defend_G","Defend_G","Survivor","Neutralize","Noxious Fumes+1","Caltrops","Die Die Die+1","Noxious Fumes","Blur","Envenom","Footwork","Caltrops"],"relics":["Ring of the Snake","Eternal Feather","Blue Candle","Akabeko","Black Star","Incense Burner"],"acts_visited":["Exordium","TheCity"],"potions_floor_usage":[10,16,18,19],"damage_taken":[{"damage":0,"enemies":"2 Louse","floor":1,"turns":4},{"damage":2,"enemies":"Cultist","floor":3,"turns":5},{"damage":10,"enemies":"Small Slimes","floor":4,"turns":5},{"damage":15,"enemies":"Exordium Wildlife","floor":5,"turns":8},{"damage":8,"enemies":"Gremlin Nob","floor":10,"turns":4},{"damage":13,"enemies":"3 Sentries","floor":12,"turns":6},{"damage":1,"enemies":"Gremlin Gang","floor":13,"turns":1},{"damage":9,"enemies":"3 Louse","floor":14,"turns":3},{"damage":49,"enemies":"Slime Boss","floor":16,"turns":9},{"damage":1,"enemies":"3 Byrds","floor":18,"turns":3},{"damage":28,"enemies":"2 Thieves","floor":19,"turns":3},{"damage":47,"enemies":"Cultist and Chosen","floor":21,"turns":5}],"seed_played":"-6237092293246678243","potions_obtained":[{"floor":3,"key":"BlessingOfTheForge"},{"floor":4,"key":"FearPotion"},{"floor":16,"key":"SkillPotion"},{"floor":18,"key":"AttackPotion"}],"is_trial":false,"path_per_floor":["M","?","M","M","M","R","?","R","T","E","R","E","M","M","R","B",null,"M","M","$","M"],"character_chosen":"THE_SILENT","items_purchased":["Incense Burner","Caltrops"],"campfire_rested":2,"item_purchase_floors":[20,20],"current_hp_per_floor":[70,70,68,58,43,64,50,50,50,42,69,56,55,46,55,6,70,69,41,41,0,0],"gold":99,"neow_bonus":"REMOVE_TWO","is_daily":false,"chose_seed":false,"campfire_upgraded":2,"win_rate":0.0,"timestamp":1612838288,"path_taken":["M","?","M","M","?","R","?","R","T","E","R","E","M","M","R","BOSS","M","M","$","M"],"items_purchased_type":["Relic","Card"],"build_version":"2020-12-22","purchased_purges":1,"victory":false,"max_hp_per_floor":[70,70,70,70,70,70,70,70,70,70,70,70,70,70,70,70,70,70,70,70,70,70],"card_choices":[{"not_picked":["Prepared","Poisoned Stab"],"picked":"Noxious Fumes","floor":1},{"not_picked":["Tactician","Deflect","Outmaneuver"],"picked":"SKIP","floor":3},{"not_picked":["Dagger Spray","Backflip","Slice"],"picked":"SKIP","floor":4},{"not_picked":["Deflect","Deadly Poison"],"picked":"Caltrops","floor":5},{"not_picked":["Cloak And Dagger","After Image"],"picked":"Die Die Die","floor":10},{"not_picked":["Flying Knee","Bane"],"picked":"Noxious Fumes","floor":12},{"not_picked":["Bane","Backstab","Accuracy"],"picked":"SKIP","floor":13},{"not_picked":["Dagger Throw","Quick Slash"],"picked":"Blur","floor":14},{"not_picked":["Wraith Form v2","Bullet Time"],"picked":"Envenom","floor":16},{"not_picked":["Masterful Stab","Dodge and Roll"],"picked":"Footwork","floor":18},{"not_picked":["Tactician","Bane+1","Flying Knee"],"picked":"SKIP","floor":19}],"player_experience":534426,"relics_obtained":[{"floor":9,"key":"Eternal Feather"},{"floor":10,"key":"Blue Candle"},{"floor":12,"key":"Akabeko"}],"event_choices":[{"damage_healed":0,"gold_gain":275,"player_choice":"Desecrate","damage_taken":0,"max_hp_gain":0,"max_hp_loss":0,"event_name":"Golden Shrine","floor":2,"gold_loss":0,"cards_obtained":["Regret"]},{"damage_healed":0,"gold_gain":0,"player_choice":"Entered Light","damage_taken":14,"max_hp_gain":0,"max_hp_loss":0,"event_name":"Shining Light","floor":7,"gold_loss":0,"cards_upgraded":["Strike_G","Strike_G"]}],"is_beta":false,"boss_relics":[{"not_picked":["Snecko Eye","Coffee Dripper"],"picked":"Black Star"}],"items_purged_floors":[20],"is_endless":false,"potions_floor_spawned":[3,4,16,18],"killed_by":"Cultist and Chosen","ascension_level":2}}