{"host":"rolltorest","time":1612829420,"event":{"mods":["BaseMod","Minty Spire (QoL Compilation)","Relic Stats","Slay the Relics Exporter","StSLib"],"gold_per_floor":[117,59,72,347,365,365,393,405,405,405,405,432,445,107,107,107,107],"floor_reached":16,"language":"ENG","playtime":388,"items_purged":["Regret"],"score":220,"play_id":"cc57bc35-d38b-4101-b4c1-8989d2d56700","local_time":"20210208161020","is_ascension_mode":true,"campfire_choices":[{"data":"Clothesline","floor":6,"key":"SMITH"},{"floor":11,"key":"REST"},{"floor":15,"key":"REST"}],"circlet_count":0,"master_deck":["AscendersBane","Strike_R","Strike_R","Strike_R","Strike_R","Strike_R","Defend_R","Defend_R","Defend_R","Defend_R","Bash","Clothesline+1","Armaments","Headbutt","Shockwave","Reaper","Shrug It Off","Spot Weakness","The Bomb"],"relics":["Philosopher\u0027s Stone","Bottled Flame","Bottled Lightning","Question Card","PreservedInsect"],"acts_visited":["Exordium"],"potions_floor_usage":[7],"damage_taken":[{"damage":7,"enemies":"Small Slimes","floor":1,"turns":4},{"damage":0,"enemies":"Cultist","floor":3,"turns":3},{"damage":2,"enemies":"Jaw Worm","floor":5,"turns":3},{"damage":41,"enemies":"3 Sentries","floor":7,"turns":7},{"damage":0,"enemies":"Looter","floor":8,"turns":3},{"damage":28,"enemies":"Gremlin Nob","floor":12,"turns":4},{"damage":14,"enemies":"Gremlin Gang","floor":13,"turns":6},{"damage":37,"enemies":"The Guardian","floor":16,"turns":12}],"seed_played":"478786951276979230","potions_obtained":[{"floor":3,"key":"Explosive Potion"}],"is_trial":false,"path_per_floor":["M","$","M","?","M","R","E","M","T","?","R","E","M","$","R","B"],"character_chosen":"IRONCLAD","items_purchased":["Clothesline","Spot Weakness","The Bomb"],"campfire_rested":2,"item_purchase_floors":[2,14,14],"current_hp_per_floor":[61,61,61,61,59,59,18,18,18,18,40,12,8,8,30,4,4],"gold":107,"neow_bonus":"BOSS_RELIC","is_daily":false,"chose_seed":false,"campfire_upgraded":1,"win_rate":0.0,"timestamp":1612829420,"path_taken":["M","$","M","?","M","R","E","?","T","?","R","E","M","$","R","BOSS"],"items_purchased_type":["Card","Card","Card"],"build_version":"2020-12-18","purchased_purges":1,"victory":false,"max_hp_per_floor":[75,75,75,75,75,75,75,75,75,75,75,75,75,75,75,75,75],"relic_stats":{"counters":[8,42],"PreservedInsect":0,"Question Card":2,"obtain_stats":[{"Bottled Flame":7,"Philosopher\u0027s Stone":0,"PreservedInsect":12,"Bottled Lightning":9,"Question Card":10,"Burning Blood":0},{"Bottled Flame":4,"Philosopher\u0027s Stone":0,"PreservedInsect":6,"Bottled Lightning":5,"Question Card":5,"Burning Blood":0},{"Bottled Flame":17,"Philosopher\u0027s Stone":0,"PreservedInsect":24,"Bottled Lightning":20,"Question Card":20,"Burning Blood":0}]},"card_choices":[{"not_picked":["Clash","Heavy Blade","Sword Boomerang"],"picked":"SKIP","floor":1},{"not_picked":["Iron Wave","Havoc"],"picked":"Armaments","floor":3},{"not_picked":["Rage","Iron Wave"],"picked":"Headbutt","floor":5},{"not_picked":["Rupture","Rampage","Whirlwind"],"picked":"SKIP","floor":7},{"not_picked":["Dropkick","Fire Breathing"],"picked":"Shockwave","floor":8},{"not_picked":["Pommel Strike","Rupture","Shrug It Off"],"picked":"Reaper","floor":12},{"not_picked":["Heavy Blade","Iron Wave","Thunderclap"],"picked":"Shrug It Off","floor":13}],"player_experience":1925243,"relics_obtained":[{"floor":7,"key":"Bottled Flame"},{"floor":9,"key":"Bottled Lightning"},{"floor":12,"key":"PreservedInsect"}],"event_choices":[{"damage_healed":0,"gold_gain":275,"player_choice":"Desecrate","damage_taken":0,"max_hp_gain":0,"max_hp_loss":0,"event_name":"Golden Shrine","floor":4,"gold_loss":0,"cards_obtained":["Regret"]},{"damage_healed":0,"gold_gain":0,"player_choice":"Searched \u00271\u0027 times","damage_taken":0,"relics_obtained":["Question Card"],"max_hp_gain":0,"max_hp_loss":0,"event_name":"Dead Adventurer","floor":10,"gold_loss":0}],"is_beta":true,"boss_relics":[],"items_purged_floors":[14],"is_endless":false,"potions_floor_spawned":[3],"killed_by":"The Guardian","ascension_level":20}}