{"host":"7tvb1em0d2fx72q7","time":1612857285,"event":{"mods":["BaseMod","Challenge The Spire","Minty Spire (QoL Compilation)","StSLib","everything is the same but u backflip on backflip"],"gold_per_floor":[15,15,28,39,53,82,82,112,139,166,166,166,166,184,184,256,256,266,276,166,183,193,193,193],"floor_reached":23,"language":"ENG","playtime":1418,"items_purged":[],"score":426,"play_id":"ed96175c-21e5-4113-8240-0b103d1cca6c","local_time":"20210209025445","is_ascension_mode":true,"campfire_choices":[{"data":"Rampage","floor":7,"key":"SMITH"},{"data":"Immolate","floor":13,"key":"SMITH"},{"data":"True Grit","floor":15,"key":"SMITH"}],"circlet_count":0,"master_deck":["AscendersBane","Strike_R","Strike_R","Strike_R","Strike_R","Defend_R","Defend_R","Defend_R","Defend_R","Bash","Perfected Strike+1","Battle Trance","Rampage+1","Shrug It Off","Flame Barrier","Disarm","Immolate+1","True Grit+1","Feed+1","Ghostly Armor","Feel No Pain"],"relics":["Burning Blood","StoneCalendar","Peace Pipe","Toy Ornithopter","Happy Flower","Art of War","FaceOfCleric","Snecko Eye"],"acts_visited":["Exordium","TheCity"],"potions_floor_usage":[8,16,16,21],"damage_taken":[{"damage":5,"enemies":"2 Louse","floor":1,"turns":4},{"damage":9,"enemies":"Jaw Worm","floor":3,"turns":3},{"damage":0,"enemies":"Small Slimes","floor":4,"turns":2},{"damage":6,"enemies":"Exordium Wildlife","floor":5,"turns":3},{"damage":32,"enemies":"3 Sentries","floor":6,"turns":7},{"damage":17,"enemies":"Lagavulin","floor":8,"turns":7},{"damage":20,"enemies":"3 Sentries","floor":10,"turns":7},{"damage":8,"enemies":"Exordium Thugs","floor":14,"turns":4},{"damage":27,"enemies":"Slime Boss","floor":16,"turns":7},{"damage":17,"enemies":"Shell Parasite","floor":18,"turns":4},{"damage":7,"enemies":"Chosen","floor":19,"turns":5},{"damage":46,"enemies":"3 Cultists","floor":21,"turns":6},{"damage":23,"enemies":"Snecko","floor":22,"turns":7},{"damage":20,"enemies":"Slavers","floor":23,"turns":1}],"seed_played":"-1409390280960952680","potions_obtained":[{"floor":3,"key":"SteroidPotion"},{"floor":5,"key":"GamblersBrew"},{"floor":8,"key":"FearPotion"},{"floor":18,"key":"Swift Potion"}],"is_trial":false,"path_per_floor":["M","?","M","M","M","E","R","E","T","E","T","?","R","M","R","B",null,"M","M","?","M","M","E"],"character_chosen":"IRONCLAD","items_purchased":[],"campfire_rested":0,"item_purchase_floors":[],"current_hp_per_floor":[69,69,66,72,72,46,46,35,35,21,21,21,21,20,20,10,60,53,56,56,26,10,0,0],"gold":193,"neow_bonus":"ONE_RARE_RELIC","is_daily":false,"chose_seed":false,"campfire_upgraded":3,"win_rate":0.0,"timestamp":1612857285,"path_taken":["M","?","M","M","M","E","R","E","T","E","?","?","R","?","R","BOSS","M","M","?","?","M","E"],"items_purchased_type":[],"build_version":"2020-12-22","purchased_purges":0,"victory":false,"max_hp_per_floor":[75,75,75,75,75,75,75,75,75,75,75,75,75,76,76,77,77,81,85,85,90,91,91,91],"card_choices":[{"not_picked":["Thunderclap","Power Through"],"picked":"Perfected Strike","floor":1},{"not_picked":["Feel No Pain","Body Slam"],"picked":"Battle Trance","floor":3},{"not_picked":["Iron Wave","Bloodletting"],"picked":"Rampage","floor":4},{"not_picked":["Iron Wave","Flex"],"picked":"Shrug It Off","floor":5},{"not_picked":["Second Wind","Burning Pact"],"picked":"Flame Barrier","floor":6},{"not_picked":["Spot Weakness","Searing Blow"],"picked":"Disarm","floor":8},{"not_picked":["Hemokinesis","Thunderclap"],"picked":"Immolate","floor":10},{"not_picked":["Perfected Strike","Whirlwind"],"picked":"True Grit","floor":14},{"not_picked":["Corruption","Exhume"],"picked":"Feed","floor":16},{"not_picked":["Warcry","Rupture","Iron Wave"],"picked":"SKIP","floor":18},{"not_picked":["Flex","Thunderclap"],"picked":"Ghostly Armor","floor":19},{"not_picked":["Bloodletting","Twin Strike"],"picked":"Feel No Pain","floor":21},{"not_picked":["Bloodletting+1","Warcry","Sword Boomerang"],"picked":"SKIP","floor":22}],"player_experience":2044554,"relics_obtained":[{"floor":6,"key":"Peace Pipe"},{"floor":8,"key":"Toy Ornithopter"},{"floor":9,"key":"Happy Flower"},{"floor":10,"key":"Art of War"}],"event_choices":[{"damage_healed":0,"gold_gain":0,"player_choice":"Grow","damage_taken":0,"max_hp_gain":0,"max_hp_loss":0,"event_name":"Living Wall","floor":2,"gold_loss":0,"cards_upgraded":["Perfected Strike"]},{"damage_healed":0,"gold_gain":0,"player_choice":"Trade","damage_taken":0,"relics_obtained":["FaceOfCleric"],"max_hp_gain":0,"max_hp_loss":0,"event_name":"FaceTrader","floor":12,"gold_loss":0},{"cards_removed":["Strike_R"],"damage_healed":0,"gold_gain":0,"player_choice":"Upgrade and Remove","damage_taken":0,"max_hp_gain":0,"max_hp_loss":0,"event_name":"Designer","floor":20,"gold_loss":110,"cards_upgraded":["Feed"]}],"is_beta":false,"boss_relics":[{"not_picked":["Philosopher\u0027s Stone","Pandora\u0027s Box"],"picked":"Snecko Eye"}],"items_purged_floors":[],"is_endless":false,"potions_floor_spawned":[3,5,8,18],"killed_by":"Slavers","ascension_level":20}}