{"host":"kh6fvhxn285ncg0o","time":1612849340,"event":{"mods":["Act Like it!","BaseMod","Colored Map","Friendly Minions","Keyboard Shortcuts","Minty Spire (QoL Compilation)","Quick Restart","Relic Stats","StSLib","SuperFastMode","UnlockEverythingMod"],"gold_per_floor":[113,113,263,26,101,101,126,26,26,59,78,105,105,124,124,202,202,217,217,92,92,102,102,102,102],"floor_reached":24,"language":"KOR","playtime":732,"items_purged":["Doubt","Strike_G","Strike_G"],"score":520,"play_id":"f0bfe58f-d443-4572-adbe-332666330d0b","local_time":"20210209144220","is_ascension_mode":true,"campfire_choices":[{"data":"Neutralize","floor":6.0,"key":"SMITH"},{"floor":13.0,"key":"REST"},{"data":"Crippling Poison","floor":15.0,"key":"SMITH"},{"data":"Acrobatics","floor":23.0,"key":"SMITH"}],"circlet_count":0,"master_deck":["AscendersBane","Defend_G","Defend_G","Defend_G","Defend_G","Defend_G","Survivor","Neutralize+1","Backflip","Grand Finale","Crippling Poison+1","Predator","Acrobatics+1","Malaise","Outmaneuver","Infinite Blades"],"relics":["Ring of the Snake","NeowsBlessing","Torii","Oddly Smooth Stone","Pear","Regal Pillow","Anchor","Velvet Choker"],"acts_visited":["Exordium","TheCity"],"potions_floor_usage":[24],"damage_taken":[{"damage":0.0,"enemies":"2 Louse","floor":1.0,"turns":1.0},{"damage":0.0,"enemies":"Gremlin Nob","floor":7.0,"turns":1.0},{"damage":0.0,"enemies":"Lagavulin","floor":10.0,"turns":1.0},{"damage":1.0,"enemies":"Jaw Worm","floor":11.0,"turns":5.0},{"damage":43.0,"enemies":"Gremlin Nob","floor":12.0,"turns":6.0},{"damage":1.0,"enemies":"Cultist","floor":14.0,"turns":4.0},{"damage":24.0,"enemies":"The Guardian","floor":16.0,"turns":15.0},{"damage":4.0,"enemies":"Chosen","floor":18.0,"turns":10.0},{"damage":7.0,"enemies":"Spheric Guardian","floor":22.0,"turns":6.0},{"damage":38,"enemies":"Gremlin Leader","floor":24,"turns":8}],"seed_played":"-3601926560549184103","potions_obtained":[{"floor":10.0,"key":"PowerPotion"},{"floor":11.0,"key":"DuplicationPotion"},{"floor":14.0,"key":"Ancient Potion"},{"floor":16.0,"key":"BlessingOfTheForge"},{"floor":18.0,"key":"PowerPotion"}],"is_trial":false,"path_per_floor":["M","?","?","$","?","R","E","$","T","E","M","E","R","M","R","B",null,"M","?","$","?","M","R","E"],"character_chosen":"THE_SILENT","items_purchased":["Oddly Smooth Stone"],"campfire_rested":1,"item_purchase_floors":[4],"current_hp_per_floor":[59,48,48,48,37,37,47,47,47,47,46,3,40,39,39,15,61,57,57,57,57,50,50,12,12],"gold":102,"neow_bonus":"THREE_ENEMY_KILL","is_daily":false,"chose_seed":false,"campfire_upgraded":3,"win_rate":0.0,"timestamp":1612849340,"path_taken":["M","?","?","$","?","R","E","$","T","E","M","E","R","M","R","BOSS","M","?","?","?","M","R","E"],"items_purchased_type":["Relic"],"build_version":"2020-12-22","purchased_purges":3,"victory":false,"max_hp_per_floor":[66,66,66,66,66,66,76,76,76,76,76,76,76,76,76,76,76,76,76,76,76,76,76,76,76],"relic_stats":{"Regal Pillow":15,"Torii":30,"counters":[10,57],"obtain_stats":[{"Regal Pillow":10,"Anchor":12,"Pear":7,"NeowsBlessing":0,"Torii":2,"Oddly Smooth Stone":4,"Velvet Choker":17,"Ring of the Snake":0},{"Regal Pillow":3,"Anchor":5,"Pear":2,"NeowsBlessing":0,"Torii":1,"Oddly Smooth Stone":1,"Velvet Choker":7,"Ring of the Snake":0},{"Regal Pillow":3,"Anchor":14,"Pear":2,"NeowsBlessing":0,"Torii":1,"Oddly Smooth Stone":1,"Velvet Choker":33,"Ring of the Snake":0}],"Ring of the Snake":[20]},"card_choices":[{"not_picked":["Dagger Spray","PiercingWail"],"picked":"Backflip","floor":1.0},{"not_picked":["Cloak And Dagger","Footwork"],"picked":"Grand Finale","floor":7.0},{"not_picked":["Bane","Deadly Poison"],"picked":"Crippling Poison","floor":10.0},{"not_picked":["Blade Dance","Crippling Poison"],"picked":"Predator","floor":12.0},{"not_picked":["Flying Knee","Bane"],"picked":"Acrobatics","floor":14.0},{"not_picked":["Wraith Form v2","Phantasmal Killer"],"picked":"Malaise","floor":16.0},{"not_picked":["Terror","Prepared","Bane"],"picked":"SKIP","floor":18.0}],"player_experience":1347401,"relics_obtained":[{"floor":7.0,"key":"Pear"},{"floor":10.0,"key":"Regal Pillow"},{"floor":12.0,"key":"Anchor"}],"event_choices":[{"damage_healed":0.0,"max_hp_gain":0.0,"max_hp_loss":0.0,"gold_gain":0.0,"event_name":"Scrap Ooze","player_choice":"Success","floor":2.0,"gold_loss":0.0,"damage_taken":11.0,"relics_obtained":["Torii"]},{"damage_healed":0.0,"max_hp_gain":0.0,"max_hp_loss":0.0,"gold_gain":150.0,"event_name":"Liars Game","player_choice":"AGREE","floor":3.0,"gold_loss":0.0,"damage_taken":0.0,"cards_obtained":["Doubt"]},{"damage_healed":0.0,"max_hp_gain":0.0,"max_hp_loss":0.0,"gold_gain":75.0,"event_name":"World of Goop","player_choice":"Gather Gold","floor":5.0,"gold_loss":0.0,"damage_taken":11.0},{"cards_removed":["Strike_G"],"damage_healed":0.0,"max_hp_gain":0.0,"max_hp_loss":0.0,"gold_gain":0.0,"event_name":"Purifier","player_choice":"Purged","floor":19.0,"gold_loss":0.0,"damage_taken":0.0},{"damage_healed":0.0,"max_hp_gain":0.0,"max_hp_loss":0.0,"gold_gain":0.0,"cards_transformed":["Strike_G","Strike_G"],"event_name":"Drug Dealer","player_choice":"Became Test Subject","floor":21.0,"gold_loss":0.0,"damage_taken":0.0,"cards_obtained":["Outmaneuver","Infinite Blades"]}],"is_beta":false,"boss_relics":[{"not_picked":["Ring of the Serpent","Ectoplasm"],"picked":"Velvet Choker"}],"items_purged_floors":[4,8,20],"is_endless":false,"potions_floor_spawned":[10,11,14,16,18],"killed_by":"Gremlin Leader","ascension_level":20}}