{"host":"5yoj846f700ld8qy","time":1612878808,"event":{"mods":["AchievementEnabler","BaseMod","Better Altar","Better Match","Better Note","Better Sensory Stone","Better Skull","Better Third Choice","Colored Map","Colored Powertips","Minty Spire (QoL Compilation)","StSLib","UnlockEverythingMod"],"gold_per_floor":[118,118,34,54,74,74,108,108,153,153,164,10,43,43,43,116,116,136,136,34,54,54,54,88,88,114,128,128,33,61,71,71,71,71],"floor_reached":33,"language":"ENG","playtime":969,"items_purged":["Strike_R","Defend_R","Strike_R"],"score":542,"play_id":"37cd14b7-32a2-41d8-b383-fef3cb795719","local_time":"20210209155328","is_ascension_mode":true,"campfire_choices":[{"data":"Carnage","floor":6.0,"key":"SMITH"},{"data":"Warcry","floor":8.0,"key":"SMITH"},{"data":"Whirlwind","floor":10.0,"key":"SMITH"},{"data":"Seeing Red","floor":15.0,"key":"SMITH"},{"data":"Inflame","floor":23.0,"key":"SMITH"},{"data":"Reaper","floor":25.0,"key":"SMITH"},{"data":"Impervious","floor":28.0,"key":"SMITH"},{"data":"Shrug It Off","floor":32.0,"key":"SMITH"}],"circlet_count":0,"master_deck":["AscendersBane","Strike_R","Strike_R","Strike_R","Defend_R","Defend_R","Defend_R","Bash+1","Shrug It Off","Whirlwind+1","Warcry+1","Carnage+1","Impervious+1","Seeing Red+1","Reaper+1","Pummel","Shrug It Off+1","Inflame+1","Rampage","Sword Boomerang","Dropkick","Inflame"],"relics":["Burning Blood","NeowsBlessing","Boot","Strawberry","Smiling Mask","Coffee Dripper","The Courier","Lantern","Red Mask"],"acts_visited":["Exordium","TheCity"],"potions_floor_usage":[33,33],"damage_taken":[{"damage":0.0,"enemies":"2 Louse","floor":1.0,"turns":1.0},{"damage":0.0,"enemies":"Cultist","floor":4.0,"turns":1.0},{"damage":0.0,"enemies":"Jaw Worm","floor":5.0,"turns":1.0},{"damage":32.0,"enemies":"Gremlin Nob","floor":7.0,"turns":4.0},{"damage":0.0,"enemies":"3 Louse","floor":11.0,"turns":1.0},{"damage":16.0,"enemies":"3 Sentries","floor":13.0,"turns":7.0},{"damage":41.0,"enemies":"The Guardian","floor":16.0,"turns":8.0},{"damage":24.0,"enemies":"Shell Parasite","floor":18.0,"turns":4.0},{"damage":2.0,"enemies":"Chosen","floor":21.0,"turns":4.0},{"damage":38.0,"enemies":"Gremlin Leader","floor":24.0,"turns":5.0},{"damage":0.0,"enemies":"Snecko","floor":27.0,"turns":2.0},{"damage":7.0,"enemies":"Masked Bandits","floor":30.0,"turns":3.0},{"damage":8.0,"enemies":"Cultist and Chosen","floor":31.0,"turns":6.0},{"damage":61,"enemies":"Champ","floor":33,"turns":9}],"seed_played":"-5087266881790904633","potions_obtained":[{"floor":5.0,"key":"Dexterity Potion"},{"floor":13.0,"key":"LiquidMemories"},{"floor":14.0,"key":"AttackPotion"},{"floor":16.0,"key":"PowerPotion"},{"floor":21.0,"key":"LiquidBronze"},{"floor":30.0,"key":"SpeedPotion"},{"floor":31.0,"key":"ElixirPotion"}],"is_trial":false,"path_per_floor":["M","?","$","M","M","R","E","R","T","R","M","$","E","?","R","B",null,"M","?","$","M","?","R","E","R","T","M","R","$","?","M","R","B"],"character_chosen":"IRONCLAD","items_purchased":["Whirlwind","LiquidBronze","Shrug It Off","Fire Potion"],"campfire_rested":0,"item_purchase_floors":[3,12,20,29],"current_hp_per_floor":[74,74,74,75,75,75,49,49,56,56,62,62,52,52,52,17,66,54,30,30,63,63,63,46,46,46,60,60,60,64,68,68,17,17],"gold":71,"neow_bonus":"THREE_ENEMY_KILL","is_daily":false,"chose_seed":false,"campfire_upgraded":8,"win_rate":0.0,"timestamp":1612878808,"path_taken":["M","?","$","M","M","R","E","R","T","R","M","$","E","?","R","BOSS","M","?","$","M","?","R","E","R","T","M","R","$","?","M","R","BOSS"],"items_purchased_type":["Card","Potion","Card","Potion"],"build_version":"2020-12-22","purchased_purges":3,"victory":false,"max_hp_per_floor":[75,75,75,75,75,75,75,75,82,82,82,82,82,82,82,82,82,82,82,82,82,82,82,82,82,82,82,82,82,82,82,82,82,82],"card_choices":[{"not_picked":["Headbutt","Spot Weakness"],"picked":"Shrug It Off","floor":1.0},{"not_picked":["Havoc","Wild Strike"],"picked":"Warcry","floor":4.0},{"not_picked":["Flex","Shrug It Off"],"picked":"Carnage","floor":5.0},{"not_picked":["Headbutt","Pommel Strike"],"picked":"Impervious","floor":7.0},{"not_picked":["Havoc","Searing Blow","Hemokinesis"],"picked":"SKIP","floor":11.0},{"not_picked":["Twin Strike","Clash"],"picked":"Seeing Red","floor":13.0},{"not_picked":["Offering","Brutality"],"picked":"Reaper","floor":16.0},{"not_picked":["Body Slam","Bloodletting"],"picked":"Pummel","floor":18.0},{"not_picked":["Cleave","Flex"],"picked":"Inflame","floor":21.0},{"not_picked":["Rage","Flex"],"picked":"Rampage","floor":24.0},{"not_picked":["Clash","Seeing Red"],"picked":"Sword Boomerang","floor":27.0},{"not_picked":["Rage","Headbutt"],"picked":"Dropkick","floor":30.0},{"not_picked":["Clothesline","Flex"],"picked":"Inflame","floor":31.0}],"player_experience":440329,"relics_obtained":[{"floor":7.0,"key":"Boot"},{"floor":9.0,"key":"Strawberry"},{"floor":13.0,"key":"Smiling Mask"},{"floor":24.0,"key":"The Courier"},{"floor":26.0,"key":"Lantern"},{"floor":30.0,"key":"Red Mask"}],"event_choices":[{"damage_healed":0.0,"max_hp_gain":0.0,"max_hp_loss":0.0,"gold_gain":0.0,"event_name":"Living Wall","player_choice":"Grow","floor":2.0,"gold_loss":0.0,"damage_taken":0.0,"cards_upgraded":["Bash"]},{"damage_healed":0.0,"max_hp_gain":0.0,"max_hp_loss":0.0,"gold_gain":0.0,"event_name":"Lab","player_choice":"Got Potions","floor":14.0,"gold_loss":0.0,"damage_taken":0.0},{"damage_healed":0.0,"max_hp_gain":54.0,"max_hp_loss":30.0,"gold_gain":0.0,"event_name":"betterAltar:BetterAltar","player_choice":" Potion ","floor":19.0,"potions_obtained":["betterAltar:AltarPotion"],"relics_lost":[],"gold_loss":0.0,"damage_taken":24.0,"relics_obtained":[]},{"damage_healed":0.0,"max_hp_gain":0.0,"max_hp_loss":0.0,"gold_gain":0.0,"event_name":"Ghosts","player_choice":"Ignored","floor":22.0,"gold_loss":0.0,"damage_taken":0.0},{"damage_healed":0.0,"max_hp_gain":0.0,"max_hp_loss":0.0,"gold_gain":0.0,"event_name":"Masked Bandits","player_choice":"Fought Bandits","floor":30.0,"gold_loss":0.0,"damage_taken":0.0}],"is_beta":false,"boss_relics":[{"not_picked":["Astrolabe","Cursed Key"],"picked":"Coffee Dripper"}],"items_purged_floors":[12,20,29],"is_endless":false,"potions_floor_spawned":[5,13,16,21,30,31],"killed_by":"Champ","ascension_level":20}}