{"host":"y0i0tbisecj7yjyn","time":1612896144,"event":{"mods":["A Penny For Your Troubles","AlwaysNeverKeys","BaseMod","BetterRewards","Colored Map","Colored Powertips","Curses Come First","Displayed Cursed Tome","Keyboard Shortcuts","Minty Spire (QoL Compilation)","Random Character Button","Rare Cards Sparkle","Relic Sorter","StSLib","SuperFastMode","Transform Curses","Weighted Paths"],"gold_per_floor":[113,129,129,142,142,169,119,119,119,119,67,80,80,116,116,116,116],"floor_reached":16,"language":"ENG","playtime":663,"items_purged":["Regret"],"score":124,"play_id":"4fc1a804-79fa-4616-b949-670d6d5ebdc0","local_time":"20210209124224","is_ascension_mode":true,"campfire_choices":[{"data":"Storm","floor":8,"key":"SMITH"},{"data":"Self Repair","floor":10,"key":"SMITH"},{"floor":15,"key":"REST"}],"circlet_count":0,"master_deck":["Strike_B","Strike_B","Strike_B","Strike_B","Defend_B","Defend_B","Defend_B","Defend_B","Zap","Dualcast","All For One","Self Repair+1","Storm+1","White Noise"],"relics":["Cracked Core","Orichalcum","Smiling Mask","Matryoshka","Potion Belt","Bottled Tornado","Golden Idol","Oddly Smooth Stone"],"acts_visited":["Exordium"],"potions_floor_usage":[6,12,14,16],"damage_taken":[{"damage":0,"enemies":"Small Slimes","floor":1,"turns":2},{"damage":9,"enemies":"Jaw Worm","floor":2,"turns":3},{"damage":6,"enemies":"2 Louse","floor":4,"turns":3},{"damage":37,"enemies":"Gremlin Nob","floor":6,"turns":5},{"damage":8,"enemies":"Blue Slaver","floor":12,"turns":2},{"damage":35,"enemies":"Lagavulin","floor":14,"turns":6},{"damage":41,"enemies":"The Guardian","floor":16,"turns":9}],"seed_played":"2351813459313870756","potions_obtained":[{"floor":1,"key":"Block Potion"},{"floor":6,"key":"PotionOfCapacity"},{"floor":12,"key":"SkillPotion"}],"is_trial":false,"path_per_floor":["M","M","?","M","T","E","$","R","T","R","$","M","?","E","R","B"],"character_chosen":"DEFECT","items_purchased":["PowerPotion"],"campfire_rested":1,"item_purchase_floors":[11],"current_hp_per_floor":[75,73,73,74,74,44,44,44,44,44,44,46,46,21,41,0,0],"gold":116,"neow_bonus":"ONE_RANDOM_RARE_CARD","is_daily":false,"chose_seed":false,"campfire_upgraded":2,"win_rate":0.0,"timestamp":1612896144,"path_taken":["M","M","?","M","?","E","?","R","T","R","$","?","?","E","R","BOSS"],"items_purchased_type":["Potion"],"build_version":"2020-12-22","purchased_purges":1,"victory":false,"max_hp_per_floor":[75,75,75,75,75,75,75,75,75,75,75,75,69,69,69,69,69],"card_choices":[{"not_picked":["Lockon","Beam Cell"],"picked":"Self Repair","floor":1},{"not_picked":["Turbo","Tempest","Rip and Tear"],"picked":"SKIP","floor":2},{"not_picked":["Undo","Chill"],"picked":"Storm","floor":4},{"not_picked":["Aggregate","Rebound"],"picked":"White Noise","floor":6},{"not_picked":["Sweeping Beam","Stack","Leap"],"picked":"SKIP","floor":12},{"not_picked":["Hologram","Sweeping Beam","FTL"],"picked":"SKIP","floor":14}],"player_experience":407471,"relics_obtained":[{"floor":5,"key":"Smiling Mask"},{"floor":6,"key":"Matryoshka"},{"floor":9,"key":"Potion Belt"},{"floor":9,"key":"Bottled Tornado"},{"floor":14,"key":"Oddly Smooth Stone"}],"event_choices":[{"damage_healed":0,"gold_gain":0,"player_choice":"Box","damage_taken":0,"relics_obtained":["Orichalcum"],"max_hp_gain":0,"max_hp_loss":0,"event_name":"Big Fish","floor":3,"gold_loss":0,"cards_obtained":["Regret"]},{"damage_healed":0,"gold_gain":0,"player_choice":"Lose Max HP","damage_taken":0,"relics_obtained":["Golden Idol"],"max_hp_gain":0,"max_hp_loss":6,"event_name":"Golden Idol","floor":13,"gold_loss":0}],"is_beta":false,"boss_relics":[],"items_purged_floors":[7],"is_endless":false,"potions_floor_spawned":[1,6,12],"killed_by":"The Guardian","ascension_level":3}}