{"host":"wi1dz5t8299iil0b","time":1612834421,"event":{"mods":["2.2 Compatiblity","Act Like it!","Aspiration","Astrologer","BaseMod","Beaked The Cultist","Better Debug","Better Match","Better Note","Better Sensory Stone","Better Synergies","Better Third Choice","BetterRewards","Bossed Relics","Colored Map","Colored Powertips","Communication Mod","Conjunction","Conspire","Downfall","Fiend Mod","Fox Events","Friendly Minions","GifTheSpireLib","GungeonMod","Halation","Hallownest","Highlight Path","Hubris","Infinite Spire","Jedi Mod","Lobotomy","Mad Scientist","Minty Spire (QoL Compilation)","Permanent Neow","RNG Fix","Reliquary","Replay The Spire","Shade Mod","Shop Mod","Spikes Relics","Spire Arcade","StS++","StSLib","Stuff the Spire","The Blackbeard","The Blue Laboratory","The Bug Knight","The Construct","The Cursed","The Death Knight","The Dragonkin","The Druid","The Necromancer","The Problem Sleuth","The Sage","TheHeartMod","TheSurvivalist","Trackpad","Wandering Minibosses","????"],"gold_per_floor":[114,114,134,134,152,181,199,124,149,166,166,199,218,231,231,326,403,422,435,435,360,375,403,403,436,565,565,529,548,558,572,572,668,745,756,766,766,766,781,814,746,763,887,899,899,917,917,929,929,929],"floor_reached":51,"language":"ENG","playtime":5015,"items_purged":["TheCursedMod:TroublousMinions"],"score":1030,"play_id":"cd3cc12d-d835-4f2b-8574-e5f587f4fa44","local_time":"20210208203341","is_ascension_mode":false,"campfire_choices":[{"data":"TheCursedMod:SpitefulPray","floor":11,"key":"SMITH"},{"data":"TheCursedMod:CleanUpWorkshop","floor":15,"key":"SMITH"},{"data":"TheCursedMod:CollectTribute","floor":24,"key":"SMITH"},{"data":"TheCursedMod:CircleOfAmplification","floor":45,"key":"SMITH"},{"data":"TheCursedMod:CircleOfCorruption","floor":49,"key":"SMITH"}],"circlet_count":0,"master_deck":["TheCursedMod:CleanUpWorkshop+1","TheCursedMod:CursedAmulet","TheCursedMod:HellfireBreathing","TheCursedMod:HellfireBreathing","TheCursedMod:SpitefulPlan","TheCursedMod:LuckyCharm","TheCursedMod:CursedSpellbook","TheCursedMod:NeowsMight","TheCursedMod:ParallelWorld","TheCursedMod:CircleOfAmplification+1","TheCursedMod:SpitefulPray+1","TheCursedMod:SoulReap+1","TheCursedMod:CollectTribute+1","TheCursedMod:HellfireBreathing","TheCursedMod:CircleOfCorruption+1","Decay","TheCursedMod:SpitefulPlan+1","TheCursedMod:CursedSpellbook","StuffTheSpire:Rapture"],"relics":["TheCursedMod:BlackMagicAdvanced","trackpad:ZombieHeart","foxEvents:LuckyCharm","MerchantsRug","hubris:ScarierMask","halation:PrussianBluePaint","DemoMod:GlassGuonStoneRelic","Bag of Marbles","ReplayFunnel"],"acts_visited":["Exordium","TheCity","TheBeyond"],"potions_floor_usage":[16,30,30,31],"damage_taken":[{"damage":0,"enemies":"2 Louse","floor":1,"turns":2},{"damage":0,"enemies":"Cultist","floor":3,"turns":3},{"damage":6,"enemies":"Small Slimes","floor":5,"turns":2},{"damage":4,"enemies":"Replay:BlueRogue","floor":6,"turns":7},{"damage":1,"enemies":"Blue Slaver","floor":7,"turns":3},{"damage":19,"enemies":"3 Louse","floor":10,"turns":2},{"damage":6,"enemies":"Colosseum Slavers","floor":12,"turns":1},{"damage":16,"enemies":"Large Slime","floor":13,"turns":3},{"damage":0,"enemies":"Gremlin Gang","floor":14,"turns":1},{"damage":0,"enemies":"Fading Forest","floor":16,"turns":11},{"damage":24,"enemies":"Shell Parasite","floor":18,"turns":6},{"damage":0,"enemies":"Spheric Guardian","floor":19,"turns":1},{"damage":0,"enemies":"Snecko","floor":22,"turns":1},{"damage":0,"enemies":"Gremlin Leader","floor":23,"turns":1},{"damage":4,"enemies":"conspire:MimicChest","floor":25,"turns":3},{"damage":4,"enemies":"Chosen and Byrds","floor":29,"turns":2},{"damage":14,"enemies":"Snake Plant","floor":30,"turns":3},{"damage":10,"enemies":"Cultist and Chosen","floor":31,"turns":2},{"damage":0,"enemies":"conspire:MysteriousRune","floor":33,"turns":3},{"damage":9,"enemies":"Orb Walker","floor":35,"turns":3},{"damage":0,"enemies":"3 Darklings","floor":36,"turns":2},{"damage":0,"enemies":"4 Shapes","floor":39,"turns":1},{"damage":0,"enemies":"Reptomancer","floor":40,"turns":2},{"damage":0,"enemies":"Maw","floor":42,"turns":2},{"damage":0,"enemies":"Spire Growth","floor":44,"turns":3},{"damage":0,"enemies":"Transient","floor":46,"turns":2},{"damage":0,"enemies":"3 Darklings","floor":48,"turns":1},{"damage":0,"enemies":"infinitespire:MassOfShapes","floor":50,"turns":1}],"seed_played":"4964120991445955540","potions_obtained":[{"floor":1,"key":"blueLaboratory:AbyssPotion"},{"floor":7,"key":"blueLaboratory:BottleOfVodka"},{"floor":10,"key":"hexamod:SoulburnPotion"},{"floor":22,"key":"SpeedPotion"},{"floor":29,"key":"jedi:StrikingPotion"},{"floor":30,"key":"blueLaboratory:FruitPunch"},{"floor":31,"key":"Venom Potion"},{"floor":36,"key":"jedi:tentaclejuice"},{"floor":39,"key":"DemoMod:LeadSkinPotion"}],"is_trial":false,"path_per_floor":["M","?","M","?","M","E","M","$","T","M","R","?","M","M","R","B",null,"M","M","?","?","M","E","R","?","T","?","$","M","M","M","R_BF","B",null,"M","M","?","?","M","E","$","M","T","M","R","M","?","M","R","B",null],"character_chosen":"THE_CURSED","items_purchased":["MerchantsRug","TheCursedMod:HellfireBreathing","TheCursedMod:CursedSpellbook"],"campfire_rested":0,"item_purchase_floors":[28,28,41],"current_hp_per_floor":[75,75,75,75,74,75,75,75,75,61,61,65,60,69,69,85,87,64,70,70,70,76,82,82,82,82,82,82,82,74,73,99,100,100,99,104,104,104,107,108,108,110,110,111,111,112,112,116,116,117],"gold":929,"neow_bonus":"ONE_RANDOM_RARE_CARD","is_daily":false,"chose_seed":false,"campfire_upgraded":5,"win_rate":0.0,"timestamp":1612834421,"path_taken":["M","?","?","?","M","E","M","$","T","M","R","?","?","M","R","BOSS","M","M","?","?","?","E","R","?","T","?","$","M","M","M","R_BF","BOSS","M","M","?","?","?","E","?","?","T","M","R","?","?","M","R","BOSS"],"items_purchased_type":["Relic","Card","Card"],"build_version":"2020-12-22","purchased_purges":1,"victory":true,"max_hp_per_floor":[75,75,75,75,75,75,76,76,76,79,79,81,82,86,86,87,87,88,89,89,89,90,91,91,92,92,92,92,94,95,99,99,100,100,101,105,105,105,108,109,109,110,110,111,111,112,112,116,116,117],"card_choices":[{"not_picked":["TheCursedMod:Obscuration","TheCursedMod:CursedAmulet"],"picked":"TheCursedMod:SpitefulPray","floor":1},{"not_picked":["TheCursedMod:Wield","TheCursedMod:CircleOfFocus"],"picked":"TheCursedMod:SoulReap","floor":3},{"not_picked":["TheCursedMod:CursedMace","TheCursedMod:Wield","TheCursedMod:AbyssShockwave"],"picked":"SKIP","floor":5},{"not_picked":["TheCursedMod:WearCloak","TheCursedMod:OutForBlood","TheCursedMod:SpitefulStrike"],"picked":"SKIP","floor":6},{"not_picked":["TheCursedMod:FleshFromBone","TheCursedMod:CursedAmulet","TheCursedMod:Wield"],"picked":"SKIP","floor":7},{"not_picked":["TheCursedMod:SpitefulStrike","TheCursedMod:ReleasedStrength","TheCursedMod:CursedBlade"],"picked":"SKIP","floor":10},{"not_picked":["TheCursedMod:Stigma","TheCursedMod:SpitefulStrike","TheCursedMod:Obscuration"],"picked":"SKIP","floor":13},{"not_picked":["TheCursedMod:CursedMace","TheCursedMod:OutForBlood","TheCursedMod:CursedShiv"],"picked":"SKIP","floor":14},{"not_picked":["TheCursedMod:ParallelWorld","TheCursedMod:CursedRelics"],"picked":"TheCursedMod:CollectTribute","floor":16},{"not_picked":["TheCursedMod:Wield","TheCursedMod:SurpriseAttack","TheCursedMod:TacticalStrike+1"],"picked":"SKIP","floor":18},{"not_picked":["TheCursedMod:CursedShiv","TheCursedMod:CursedAmulet+1","TheCursedMod:Torture"],"picked":"SKIP","floor":19},{"not_picked":["TheCursedMod:SoulCrush","TheCursedMod:CursedMace","TheCursedMod:TacticalStrike"],"picked":"SKIP","floor":22},{"not_picked":["TheCursedMod:TroublousMinions","TheCursedMod:CursedAmulet","TheCursedMod:RavingStaff"],"picked":"SKIP","floor":23},{"not_picked":["TheCursedMod:RavingStaff","TheCursedMod:VitalStrike"],"picked":"TheCursedMod:CircleOfCorruption","floor":29},{"not_picked":["TheCursedMod:SpreadPlague+1","TheCursedMod:StingEye","TheCursedMod:CursedShiv"],"picked":"SKIP","floor":30},{"not_picked":["TheCursedMod:EmpowerCircles+1","TheCursedMod:SoulReap","TheCursedMod:SmokeScreen"],"picked":"SKIP","floor":31},{"not_picked":["TheCursedMod:SoulCrush+1","TheCursedMod:VitalStrike","TheCursedMod:SurpriseAttack+1"],"picked":"SKIP","floor":35},{"not_picked":["TheCursedMod:TacticalStrike+1","TheCursedMod:Wield","TheCursedMod:WearCloak+1"],"picked":"SKIP","floor":36},{"not_picked":["TheCursedMod:UltimatePain","TheCursedMod:HellfireBreathing"],"picked":"TheCursedMod:SpitefulPlan+1","floor":39},{"not_picked":["TheCursedMod:CursedAmulet+1","TheCursedMod:SurpriseAttack","TheCursedMod:Stigma"],"picked":"SKIP","floor":40},{"not_picked":["TheCursedMod:Obscuration","TheCursedMod:ReleasedKnowledge+1","TheCursedMod:PrepareRite"],"picked":"SKIP","floor":42},{"not_picked":["TheCursedMod:VitalStrike","TheCursedMod:CursedBlade+1","TheCursedMod:Mangle"],"picked":"SKIP","floor":44},{"not_picked":["TheCursedMod:RapidMovement+1","TheCursedMod:Stigma+1","TheCursedMod:RavingStaff+1"],"picked":"SKIP","floor":46},{"not_picked":["StuffTheSpire:Vigor","StuffTheSpire:BrainWave"],"picked":"StuffTheSpire:Rapture","floor":47},{"not_picked":["TheCursedMod:CursedMace","TheCursedMod:Obscuration+1","TheCursedMod:SoulReap"],"picked":"SKIP","floor":48}],"player_experience":194674,"relics_obtained":[{"floor":6,"key":"trackpad:ZombieHeart"},{"floor":9,"key":"hubris:SlimyHat"},{"floor":12,"key":"foxEvents:LuckyCharm"},{"floor":23,"key":"Omamori"},{"floor":25,"key":"conspire:InfiniteJournal"},{"floor":26,"key":"trackpad:IceCube"},{"floor":40,"key":"Bag of Marbles"},{"floor":43,"key":"ReplayFunnel"}],"event_choices":[{"damage_healed":0,"gold_gain":0,"player_choice":"Disagree","damage_taken":0,"max_hp_gain":0,"max_hp_loss":0,"event_name":"conspire:LoneGhost","floor":2,"gold_loss":0},{"damage_healed":0,"gold_gain":0,"player_choice":"Ignored","damage_taken":0,"max_hp_gain":0,"max_hp_loss":0,"event_name":"betterNote:BetterNote","floor":20,"gold_loss":0,"cards_obtained":["infinitespire:UltimateForm"]},{"cards_removed":["TheCursedMod:OutForBlood"],"damage_healed":0,"gold_gain":0,"player_choice":"Gave Gold","damage_taken":0,"max_hp_gain":0,"max_hp_loss":0,"event_name":"Beggar","floor":21,"gold_loss":75},{"damage_healed":0,"gold_gain":0,"player_choice":"Ignored","damage_taken":0,"max_hp_gain":0,"max_hp_loss":0,"event_name":"Vampires","floor":27,"gold_loss":0},{"damage_healed":0,"gold_gain":0,"player_choice":"Cursed","damage_taken":0,"max_hp_gain":0,"max_hp_loss":0,"event_name":"Wheel of Change","floor":37,"gold_loss":0,"cards_obtained":["Decay"]},{"damage_healed":0,"gold_gain":0,"player_choice":"Gave Potion","damage_taken":0,"relics_obtained":["halation:PrussianBluePaint"],"max_hp_gain":0,"max_hp_loss":0,"event_name":"WeMeetAgain","floor":38,"gold_loss":0}],"is_beta":false,"boss_relics":[{"not_picked":["sagemod:Falmels_Amulet","StuffTheSpire:ModemDavis"],"picked":"Tiny House"},{"not_picked":["Coffee Dripper","halation:PinkAlligatorPlush"],"picked":"hubris:ScarierMask"}],"items_purged_floors":[8],"is_endless":false,"potions_floor_spawned":[1,7,10,12,14,22,29,30,31,36,39,42,48],"ascension_level":0}}