{"host":"vyjryxuuuxkt43k4","time":1612832181,"event":{"mods":["AchievementEnabler","BaseMod","Colored Map","DeckTracker","Keyboard Shortcuts","Minty Spire (QoL Compilation)","Permanent Neow","Quick Restart","StSLib","SuperFastMode","everything is the same but u backflip on backflip"],"gold_per_floor":[12,12,32,52,66,66,92,17,17,28,28,47,47,58,58,58,58],"floor_reached":16,"language":"KOR","playtime":672,"items_purged":[],"score":203,"play_id":"3605107a-c260-4750-8a87-132cc08fe1fe","local_time":"20210209095621","is_ascension_mode":true,"campfire_choices":[{"data":"Hyperbeam","floor":6.0,"key":"SMITH"},{"data":"1","floor":11.0,"key":"LIFT"},{"data":"2","floor":13.0,"key":"LIFT"},{"data":"3","floor":15.0,"key":"LIFT"}],"circlet_count":0,"master_deck":["AscendersBane","Strike_B","Strike_B","Strike_B","Strike_B","Defend_B","Defend_B","Defend_B","Defend_B","Dualcast","Hyperbeam+1","Reprogram","Reinforced Body","Compile Driver","Beam Cell+1","Rebound+1","Gash+1"],"relics":["Cracked Core","Girya","Molten Egg 2","Sundial"],"acts_visited":["Exordium"],"potions_floor_usage":[16],"damage_taken":[{"damage":0.0,"enemies":"2 Louse","floor":1.0,"turns":1.0},{"damage":0.0,"enemies":"Cultist","floor":3.0,"turns":3.0},{"damage":2.0,"enemies":"Jaw Worm","floor":4.0,"turns":4.0},{"damage":12.0,"enemies":"2 Fungi Beasts","floor":5.0,"turns":2.0},{"damage":27.0,"enemies":"Gremlin Nob","floor":7.0,"turns":4.0},{"damage":0.0,"enemies":"Gremlin Gang","floor":10.0,"turns":1.0},{"damage":4.0,"enemies":"Looter","floor":12.0,"turns":2.0},{"damage":0.0,"enemies":"3 Louse","floor":14.0,"turns":1.0},{"damage":26,"enemies":"Hexaghost","floor":16,"turns":4}],"seed_played":"-6063216097782567283","potions_obtained":[{"floor":3.0,"key":"ColorlessPotion"},{"floor":7.0,"key":"Swift Potion"},{"floor":10.0,"key":"Strength Potion"},{"floor":12.0,"key":"AttackPotion"},{"floor":14.0,"key":"Fruit Juice"}],"is_trial":false,"path_per_floor":["M","?","M","M","M","R","E","?","T","M","R","M","R","M","R","B"],"character_chosen":"DEFECT","items_purchased":[],"campfire_rested":0,"item_purchase_floors":[],"current_hp_per_floor":[64,64,64,62,50,50,23,23,23,23,23,19,19,24,24,0,0],"gold":58,"neow_bonus":"THREE_RARE_CARDS","is_daily":false,"chose_seed":false,"campfire_upgraded":1,"win_rate":0.0,"timestamp":1612832181,"path_taken":["M","?","M","M","?","R","E","?","T","M","R","M","R","M","R","BOSS"],"items_purchased_type":[],"build_version":"2020-12-22","purchased_purges":0,"victory":false,"max_hp_per_floor":[71,71,71,71,71,71,71,71,71,71,71,71,71,76,76,76,76],"card_choices":[{"not_picked":["Rainbow","Reboot"],"picked":"Hyperbeam","floor":0.0},{"not_picked":["Coolheaded","Redo"],"picked":"Turbo","floor":1.0},{"not_picked":["Chill","Aggregate"],"picked":"Reprogram","floor":3.0},{"not_picked":["Skim","Glacier"],"picked":"Reinforced Body","floor":4.0},{"not_picked":["Barrage","Cold Snap"],"picked":"Compile Driver","floor":5.0},{"not_picked":["Reinforced Body","Streamline+1"],"picked":"Beam Cell+1","floor":7.0},{"not_picked":["Cold Snap+1","Steam"],"picked":"Rebound+1","floor":10.0},{"not_picked":["Redo","Multi-Cast"],"picked":"Gash+1","floor":12.0},{"not_picked":["Redo","Tempest","Chaos"],"picked":"SKIP","floor":14.0}],"player_experience":846173,"relics_obtained":[{"floor":7.0,"key":"Molten Egg 2"},{"floor":9.0,"key":"Sundial"}],"event_choices":[{"cards_removed":["Turbo"],"damage_healed":0.0,"max_hp_gain":0.0,"max_hp_loss":0.0,"gold_gain":0.0,"event_name":"WeMeetAgain","player_choice":"Gave Card","floor":2.0,"gold_loss":0.0,"damage_taken":0.0,"relics_obtained":["Girya"]},{"cards_removed":["Zap"],"damage_healed":0.0,"max_hp_gain":0.0,"max_hp_loss":0.0,"gold_gain":0.0,"event_name":"The Cleric","player_choice":"Card Removal","floor":8.0,"gold_loss":75.0,"damage_taken":0.0}],"is_beta":false,"boss_relics":[],"items_purged_floors":[],"is_endless":false,"potions_floor_spawned":[3,7,10,12,14],"killed_by":"Hexaghost","ascension_level":19}}