{"host":"y6zg4wwu39otf01a","time":1612892082,"event":{"mods":["Act Like it!","Aspiration","BaseMod","Better Altar","Better Match","Better Note","Better Sensory Stone","Better Skull","Better Third Choice","Challenge The Spire","Colored Map","Colored Powertips","Conspire","GifTheSpireLib","Glutton Mod","Halation","Hermit","Highlight Path","Hubris","Infinite Spire","Mimic Mod","Minty Spire (QoL Compilation)","Quick Restart","Random Character Button","Rare Cards Sparkle","Replay The Spire","Retaliation","Spicy Shops","Spire Arcade","StSLib","Stuff the Spire","The Blue Laboratory","The Jungle"],"gold_per_floor":[112,122,122,122,140,165,165,190,190,201,201,201,201,218,218,314,314,330,380,89,104,29,29,45,45,45,45,45],"floor_reached":27,"language":"ENG","playtime":1305,"items_purged":["ReplayTheSpireMod:Doomed"],"score":232,"play_id":"bc5a6e9d-9a2b-44d5-81c9-6a9b9b54ae43","local_time":"20210209113442","is_ascension_mode":true,"campfire_choices":[{"data":"Redo","floor":7,"key":"SMITH"},{"data":"Dualcast","floor":7,"key":"SMITH"},{"data":"ReplayTheSpireMod:Calculation Training","floor":11,"key":"SMITH"},{"data":"Zap","floor":11,"key":"SMITH"},{"floor":15,"key":"DIG"},{"data":"StuffTheSpire:Synthwave","floor":23,"key":"SMITH"},{"data":"StuffTheSpire:ForEach","floor":23,"key":"SMITH"},{"data":"Leap","floor":25,"key":"SMITH"},{"data":"Loop","floor":25,"key":"SMITH"}],"circlet_count":0,"master_deck":["Strike_B","Strike_B","Strike_B","Strike_B","Defend_B","Defend_B","Zap+1","Dualcast+1","Electrodynamics","Calculated Gamble+1","Bouncing Flask","StuffTheSpire:DoubleShiv","Redo+1","ReplayTheSpireMod:Repulse","ReplayTheSpireMod:Calculation Training+1","StuffTheSpire:ForEach+1","StuffTheSpire:Synthwave+1","All For One","Loop+1","Crystallizer+1","StuffTheSpire:Plugnplay+1","Leap+1"],"relics":["Cracked Core","aspiration:Nostalgia","Ring of the Snake","halation:PurpleSoulGem","Replay:Arrowhead","Pantograph","Question Card","hubris:BottledRain","Black Star","ReplayTheSpireMod:CursedCoin","Cables","aspiration:SeaSaltIceCream","StuffTheSpire:Expresso"],"acts_visited":["Exordium","TheCity"],"potions_floor_usage":[6,6,8],"damage_taken":[{"damage":12,"enemies":"Small Slimes","floor":1,"turns":3},{"damage":2,"enemies":"2 Louse","floor":2,"turns":3},{"damage":0,"enemies":"Cultist","floor":5,"turns":2},{"damage":9,"enemies":"Replay:BlueRogue","floor":6,"turns":4},{"damage":21,"enemies":"Lagavulin","floor":8,"turns":4},{"damage":0,"enemies":"3 Louse","floor":10,"turns":1},{"damage":5,"enemies":"Looter","floor":14,"turns":2},{"damage":48,"enemies":"The Guardian","floor":16,"turns":7},{"damage":0,"enemies":"3 Byrds","floor":18,"turns":1},{"damage":10,"enemies":"Spheric Guardian","floor":21,"turns":3},{"damage":37,"enemies":"Shelled Parasite and Fungi","floor":24,"turns":4},{"damage":31,"enemies":"Gremlin Leader","floor":27,"turns":2}],"seed_played":"5709398361524530313","potions_obtained":[{"floor":2,"key":"blueLaboratory:BubblePotion"},{"floor":5,"key":"Weak Potion"},{"floor":6,"key":"blueLaboratory:BubblePotion"},{"floor":14,"key":"blueLaboratory:BottledHope"},{"floor":24,"key":"Doom Potion"}],"is_trial":false,"path_per_floor":["M","M","?","?","M","E","R","E","T","M","R","?","?","M","R_BF","B",null,"M","?","$","M","?","R","M","R","T","E"],"character_chosen":"DEFECT","items_purchased":["ReplayTheSpireMod:CursedCoin","Cables","Loop"],"campfire_rested":0,"item_purchase_floors":[20,20,20],"current_hp_per_floor":[63,61,61,61,61,52,52,31,31,31,31,31,31,26,26,3,75,75,75,75,65,65,65,28,28,28,0,0],"gold":45,"neow_bonus":"NOSTALGIA","is_daily":false,"chose_seed":false,"campfire_upgraded":8,"win_rate":0.0,"timestamp":1612892082,"path_taken":["M","M","?","?","M","E","R","E","T","?","R","?","?","M","R_BF","BOSS","M","?","?","?","?","R","M","R","T","E"],"items_purchased_type":["Relic","Relic","Card"],"build_version":"2020-12-22","purchased_purges":1,"victory":false,"max_hp_per_floor":[75,75,75,75,75,75,75,75,75,75,75,75,75,75,75,75,75,75,75,75,75,75,75,75,75,75,75,75],"card_choices":[{"not_picked":["Conserve Battery","StuffTheSpire:LoadUp"],"picked":"Darkness","floor":1},{"not_picked":["Compile Driver","Turbo"],"picked":"Electrodynamics","floor":2},{"not_picked":["Ball Lightning","Sweeping Beam"],"picked":"Redo","floor":5},{"not_picked":["ReplayTheSpireMod:System Scan","Panic Button"],"picked":"ReplayTheSpireMod:Repulse","floor":6},{"not_picked":["hubris:PowerSurge","StuffTheSpire:LoadUp"],"picked":"ReplayTheSpireMod:Calculation Training","floor":8},{"not_picked":["conspire:Rain","Reinforced Body","StuffTheSpire:NuclearReactor"],"picked":"StuffTheSpire:ForEach","floor":10},{"not_picked":["Leap","Conserve Battery","hubris:PowerSurge"],"picked":"StuffTheSpire:Synthwave","floor":14},{"not_picked":["StuffTheSpire:EventHorizon","Machine Learning","hubris:SpecializedCircuitry"],"picked":"All For One","floor":16},{"not_picked":["Turbo","Compile Driver+1","Beam Cell","Steam"],"picked":"SKIP","floor":18},{"not_picked":["Turbo","Compile Driver+1","Beam Cell","Steam"],"picked":"SKIP","floor":18},{"not_picked":["Cold Snap","Loop","conspire:Rain"],"picked":"Crystallizer+1","floor":21},{"not_picked":["Rebound+1","Beam Cell+1","Leap+1"],"picked":"StuffTheSpire:Plugnplay+1","floor":22},{"not_picked":["Force Field","Gash","Rainbow"],"picked":"Leap","floor":24}],"player_experience":752850,"relics_obtained":[{"floor":6,"key":"Replay:Arrowhead"},{"floor":8,"key":"Pantograph"},{"floor":9,"key":"Question Card"},{"floor":15,"key":"hubris:BottledRain"},{"floor":26,"key":"aspiration:SeaSaltIceCream"}],"event_choices":[{"damage_healed":0,"gold_gain":100,"player_choice":"Bet on Murderer","damage_taken":0,"max_hp_gain":0,"max_hp_loss":0,"event_name":"The Joust","floor":19,"gold_loss":50},{"damage_healed":0,"gold_gain":0,"player_choice":"2","damage_taken":0,"max_hp_gain":0,"max_hp_loss":0,"event_name":"betterMatch:BetterMatch","floor":22,"gold_loss":0,"cards_obtained":["betterMatch:CommonCard"]}],"is_beta":false,"boss_relics":[{"not_picked":["SlaversCollar","conspire:RoyalGoblet"],"picked":"Black Star"}],"items_purged_floors":[20],"is_endless":false,"potions_floor_spawned":[2,5,6,14,24],"killed_by":"Gremlin Leader","ascension_level":1}}