{"host":"3ghcx3e93lhog3cp","time":1612908513,"event":{"mods":["AchievementEnabler","BaseMod","Downfall","Minty Spire (QoL Compilation)","Replay The Spire","StSLib"],"gold_per_floor":[18,18,18,29,39,72,72,89,141,153,165,177,206,246,258,270,270],"floor_reached":16,"language":"ENG","playtime":834,"items_purged":[],"score":151,"play_id":"f779951b-5adf-41fc-b770-eb0ae286a49b","local_time":"20210209140833","is_ascension_mode":true,"campfire_choices":[{"data":"Dark Embrace","floor":7,"key":"SMITH"},{"data":"ReplayTheSpireMod:LeadingStrike","floor":11,"key":"SMITH"},{"data":"Feed","floor":15,"key":"SMITH"}],"circlet_count":0,"master_deck":["Strike_R+1","Strike_R","Strike_R","Strike_R","Defend_R","Defend_R","Defend_R","Bash","Dark Embrace+1","Feed+1","Cleave","ReplayTheSpireMod:LeadingStrike+1","Second Wind","Life Link+1","Fiend Fire"],"relics":["Burning Blood","Mirror","PreservedInsect","MawBank","Spirit Poop","Bottled Lightning"],"acts_visited":["Exordium"],"potions_floor_usage":[5,6,6,16],"damage_taken":[{"damage":0,"enemies":"2 Louse","floor":1,"turns":3},{"damage":10,"enemies":"Small Slimes","floor":4,"turns":3},{"damage":1,"enemies":"Cultist","floor":5,"turns":3},{"damage":35,"enemies":"Replay:BlueRogue","floor":6,"turns":8},{"damage":12,"enemies":"3 Louse","floor":8,"turns":3},{"damage":27,"enemies":"Large Slime","floor":13,"turns":5},{"damage":5,"enemies":"Gremlin Nob","floor":14,"turns":3},{"damage":29,"enemies":"Slime Boss","floor":16,"turns":7}],"seed_played":"3591227047687707154","potions_obtained":[{"floor":3,"key":"SteroidPotion"},{"floor":3,"key":"Languid Potion"},{"floor":3,"key":"DistilledChaos"},{"floor":4,"key":"Adrenaline Potion"},{"floor":14,"key":"bronze:BurnAndBuffPotion"}],"is_trial":false,"path_per_floor":["M","?","?","M","M","E","R","M","T","?","R","?","M","E","R","B"],"character_chosen":"IRONCLAD","items_purchased":[],"campfire_rested":0,"item_purchase_floors":[],"current_hp_per_floor":[83,83,83,82,86,60,60,57,57,39,39,39,21,22,22,0,0],"gold":270,"neow_bonus":"TRANSFORM_TWO_CARDS","is_daily":false,"chose_seed":false,"campfire_upgraded":3,"win_rate":0.0,"timestamp":1612908513,"path_taken":["M","?","?","?","M","E","R","M","T","?","R","?","M","E","R","BOSS"],"items_purchased_type":[],"build_version":"2020-12-22","purchased_purges":0,"victory":false,"max_hp_per_floor":[83,83,83,86,86,89,89,92,92,92,92,92,95,95,95,95,95],"card_choices":[{"not_picked":["Bloodletting","Clash"],"picked":"Cleave","floor":1},{"not_picked":["Replay:Undeath\u0027s Touch","Rage"],"picked":"ReplayTheSpireMod:LeadingStrike","floor":4},{"not_picked":["Pommel Strike","Warcry","Body Slam"],"picked":"SKIP","floor":5},{"not_picked":["Burning Pact","Dropkick"],"picked":"Second Wind","floor":6},{"not_picked":["Heavy Blade","Cleave"],"picked":"Life Link","floor":8},{"not_picked":["Heavy Blade","Body Slam"],"picked":"Fiend Fire","floor":13},{"not_picked":["Cleave","Sword Boomerang","Body Slam"],"picked":"SKIP","floor":14}],"player_experience":263413,"relics_obtained":[{"floor":6,"key":"PreservedInsect"},{"floor":9,"key":"MawBank"},{"floor":14,"key":"Bottled Lightning"}],"event_choices":[{"damage_healed":0,"gold_gain":0,"player_choice":"Box","damage_taken":0,"relics_obtained":["Mirror"],"max_hp_gain":0,"max_hp_loss":0,"event_name":"Big Fish","floor":2,"gold_loss":0,"cards_obtained":["Regret"]},{"damage_healed":0,"gold_gain":0,"player_choice":"Got Potions","damage_taken":0,"max_hp_gain":0,"max_hp_loss":0,"event_name":"Lab","floor":3,"gold_loss":0},{"damage_healed":0,"gold_gain":0,"player_choice":"Entered Light","damage_taken":18,"max_hp_gain":0,"max_hp_loss":0,"event_name":"Shining Light","floor":10,"gold_loss":0,"cards_upgraded":["Strike_R","Life Link"]},{"cards_removed":["Regret"],"damage_healed":0,"gold_gain":0,"player_choice":"Offered Curse","damage_taken":0,"relics_obtained":["Spirit Poop"],"max_hp_gain":0,"max_hp_loss":0,"event_name":"Bonfire Elementals","floor":12,"gold_loss":0}],"is_beta":false,"boss_relics":[],"items_purged_floors":[],"is_endless":false,"potions_floor_spawned":[4,14],"killed_by":"Slime Boss","ascension_level":3}}