{"host":"dcj2yvrgcvh5dl2s","time":1612864932,"event":{"mods":["BaseMod","Bestiary","Better Note","Block Reminder","Colored Powertips","Curses Come First","DeckTracker","Minty Spire (QoL Compilation)","Quick Restart","Rare Cards Sparkle","Relic Stats","StSLib"],"gold_per_floor":[359,113,113,113,129,129,154,154,154,154,169,186,186,24,24,100,100,120,131,141,141,141],"floor_reached":21,"language":"ENG","playtime":631,"items_purged":["Strike_R"],"score":358,"play_id":"5866a819-7811-4005-96a7-3a24d02fae62","local_time":"20210209200212","is_ascension_mode":true,"campfire_choices":[{"floor":6,"key":"REST"},{"data":"Flex","floor":8,"key":"SMITH"},{"floor":10,"key":"REST"},{"data":"Disarm","floor":13,"key":"SMITH"},{"data":"Feel No Pain","floor":15,"key":"SMITH"}],"circlet_count":0,"master_deck":["AscendersBane","Strike_R","Strike_R","Strike_R","Strike_R","Defend_R","Defend_R","Defend_R","Defend_R","Bash+1","Whirlwind+1","Feel No Pain+1","Flex+1","Disarm+1","Berserk","Shrug It Off","Shrug It Off"],"relics":["Burning Blood","ClockworkSouvenir","Ice Cream","Mercury Hourglass","Membership Card","SlaversCollar"],"acts_visited":["Exordium","TheCity"],"potions_floor_usage":[16,18,20,20],"damage_taken":[{"damage":12,"enemies":"Small Slimes","floor":1,"turns":4},{"damage":11,"enemies":"2 Louse","floor":5,"turns":2},{"damage":24,"enemies":"3 Sentries","floor":7,"turns":6},{"damage":1,"enemies":"Cultist","floor":11,"turns":3},{"damage":10,"enemies":"Large Slime","floor":12,"turns":3},{"damage":62,"enemies":"The Guardian","floor":16,"turns":9},{"damage":30,"enemies":"Shell Parasite","floor":18,"turns":5},{"damage":21,"enemies":"Spheric Guardian","floor":19,"turns":5},{"damage":13,"enemies":"Centurion and Healer","floor":20,"turns":4},{"damage":17,"enemies":"Snake Plant","floor":21,"turns":4}],"seed_played":"-5886290658539572657","potions_obtained":[{"floor":1,"key":"GamblersBrew"},{"floor":5,"key":"SpeedPotion"},{"floor":7,"key":"ColorlessPotion"},{"floor":12,"key":"PowerPotion"},{"floor":16,"key":"DistilledChaos"},{"floor":19,"key":"SteroidPotion"},{"floor":20,"key":"Explosive Potion"}],"is_trial":false,"path_per_floor":["M","$","?","?","M","R","E","R","T","R","M","M","R","$","R","B",null,"M","M","M","M"],"character_chosen":"IRONCLAD","items_purchased":["ClockworkSouvenir","Membership Card"],"campfire_rested":2,"item_purchase_floors":[2,14],"current_hp_per_floor":[44,44,44,44,39,61,43,43,43,65,70,66,66,66,66,10,59,35,20,13,0,0],"gold":141,"neow_bonus":"TWO_FIFTY_GOLD","is_daily":false,"chose_seed":false,"campfire_upgraded":3,"win_rate":0.0,"timestamp":1612864932,"path_taken":["M","$","?","?","?","R","E","R","T","R","M","M","R","$","R","BOSS","M","M","M","M"],"items_purchased_type":["Relic","Relic"],"build_version":"2020-12-22","purchased_purges":1,"victory":false,"max_hp_per_floor":[75,75,75,75,75,75,75,75,75,75,75,75,75,75,75,75,75,75,75,75,75,75],"relic_stats":{"counters":[10,45],"obtain_stats":[{"Ice Cream":7,"SlaversCollar":17,"Membership Card":14,"Burning Blood":0,"ClockworkSouvenir":2,"Mercury Hourglass":9},{"Ice Cream":3,"SlaversCollar":6,"Membership Card":5,"Burning Blood":0,"ClockworkSouvenir":1,"Mercury Hourglass":3},{"Ice Cream":12,"SlaversCollar":27,"Membership Card":18,"Burning Blood":0,"ClockworkSouvenir":4,"Mercury Hourglass":12}],"Burning Blood":54,"Mercury Hourglass":[72]},"card_choices":[{"not_picked":["Second Wind","Heavy Blade"],"picked":"Whirlwind","floor":1},{"not_picked":["Spot Weakness","True Grit"],"picked":"Feel No Pain","floor":5},{"not_picked":["Dual Wield","Flex","Combust"],"picked":"SKIP","floor":7},{"not_picked":["Dual Wield","Combust"],"picked":"Flex","floor":7},{"not_picked":["Cleave","Twin Strike"],"picked":"Disarm","floor":11},{"not_picked":["Flame Barrier","Dropkick","Headbutt"],"picked":"SKIP","floor":12},{"not_picked":["Brutality","Corruption"],"picked":"Berserk","floor":16},{"not_picked":["Warcry+1","Fire Breathing"],"picked":"Shrug It Off","floor":18},{"not_picked":["Rampage","Clothesline","Dropkick"],"picked":"SKIP","floor":19},{"not_picked":["Bloodletting","Searing Blow"],"picked":"Shrug It Off","floor":20}],"player_experience":2345837,"relics_obtained":[{"floor":7,"key":"Ice Cream"},{"floor":9,"key":"Mercury Hourglass"}],"event_choices":[{"damage_healed":0,"gold_gain":0,"player_choice":"Grow","damage_taken":0,"max_hp_gain":0,"max_hp_loss":0,"event_name":"Living Wall","floor":3,"gold_loss":0,"cards_upgraded":["Whirlwind"]},{"damage_healed":0,"gold_gain":0,"player_choice":"Upgraded","damage_taken":0,"max_hp_gain":0,"max_hp_loss":0,"event_name":"Upgrade Shrine","floor":4,"gold_loss":0,"cards_upgraded":["Bash"]}],"is_beta":false,"boss_relics":[{"not_picked":["Velvet Choker","Pandora\u0027s Box"],"picked":"SlaversCollar"}],"items_purged_floors":[2],"is_endless":false,"potions_floor_spawned":[1,5,7,12,16,19,20],"killed_by":"Snake Plant","ascension_level":20}}