{"host":"0cm5wy4nhuju7tij","time":1612902665,"event":{"mods":["100% Spire Juice","2.2 Compatiblity","AchievementEnabler","Aspiration","BaseMod","Better Third Choice","BetterRewards","CCEM2","CapriCore","Colored Powertips","Curses Come First","Displayed Cursed Tome","Downfall","Energized Spire","Evolution","Filter the Spire","Highlight Path","Jess\u0027s Bottle","Minty Spire (QoL Compilation)","Permanent Neow","Poor People Problems","Relic Filter Mod","Relic Stats","Shop Mod","Spicy Shops","StSLib","The Cursed","TheSurvivalist","TheVacant","Weighted Paths"],"gold_per_floor":[118,134,152,102,102,128,139,139,139,139,158,177,191,222,222,325,325,345,359,371,386,401,401,431,431,458,493,493,493,493,512,512,512,512],"floor_reached":33,"language":"ENG","playtime":1689,"items_purged":[],"score":301,"play_id":"6263e81e-e799-4fcf-ad2e-97acae7e9b64","local_time":"20210209153105","is_ascension_mode":false,"campfire_choices":[{"floor":8,"key":"REST"},{"data":"theVacant:Gloom","floor":10,"key":"SMITH"},{"floor":15,"key":"REST"},{"data":"theVacant:ShutAway","floor":23,"key":"SMITH"},{"data":"theVacant:Spinshield","floor":29,"key":"SMITH"},{"data":"theVacant:Snowball","floor":32,"key":"SMITH"}],"circlet_count":0,"master_deck":["theVacant:EyePoke","theVacant:VacantStarterStrike","theVacant:VacantStarterStrike","theVacant:VacantStarterDefend","theVacant:VacantStarterDefend","theVacant:VacantStarterDefend","theVacant:VacantStarterDefend","theVacant:Release","theVacant:Crunch","theVacant:Thoughtseize","theVacant:ReaperStrike+1","theVacant:Gloom+1","theVacant:Snowball+1","theVacant:ShutAway","theVacant:Whip","theVacant:Jab","theVacant:Barrage","theVacant:Barrage","theVacant:WhenDarknessComes","theVacant:Throttle+1","theVacant:CursedBlast+1","theVacant:ShutAway+1","theVacant:BurdenBreak","theVacant:Hex+1","theVacant:Spinshield+1","theVacant:Yeet+1","theVacant:Jab"],"relics":["theVacant:BrassGoblet","EVO:Axolotl","aspiration:Nostalgia","PureWater","Smiling Mask","CCEMRelics:IronFruit","CCEMRelics:BundleOfDynamite","jessBottle:WaterBottleRelic","Torii","Strawberry"],"acts_visited":["Exordium","TheCity"],"potions_floor_usage":[16,33,33],"damage_taken":[{"damage":0,"enemies":"Cultist","floor":1,"turns":3},{"damage":0,"enemies":"2 Louse","floor":2,"turns":2},{"damage":0,"enemies":"Small Slimes","floor":3,"turns":2},{"damage":31,"enemies":"3 Sentries","floor":6,"turns":7},{"damage":12,"enemies":"Blue Slaver","floor":7,"turns":3},{"damage":12,"enemies":"Looter","floor":11,"turns":3},{"damage":0,"enemies":"2 Fungi Beasts","floor":12,"turns":1},{"damage":0,"enemies":"Exordium Wildlife","floor":13,"turns":1},{"damage":10,"enemies":"Gremlin Nob","floor":14,"turns":3},{"damage":34,"enemies":"The Guardian","floor":16,"turns":7},{"damage":19,"enemies":"2 Thieves","floor":18,"turns":3},{"damage":1,"enemies":"Chosen","floor":19,"turns":3},{"damage":0,"enemies":"3 Cultists","floor":20,"turns":3},{"damage":0,"enemies":"Centurion and Healer","floor":21,"turns":3},{"damage":8,"enemies":"Shelled Parasite and Fungi","floor":22,"turns":4},{"damage":28,"enemies":"Gremlin Leader","floor":24,"turns":5},{"damage":13,"enemies":"Book of Stabbing","floor":27,"turns":3},{"damage":0,"enemies":"3 Cultists","floor":31,"turns":3},{"damage":63,"enemies":"Champ","floor":33,"turns":6}],"seed_played":"8730465731508280517","potions_obtained":[{"floor":1,"key":"SkillPotion"},{"floor":11,"key":"Dexterity Potion"},{"floor":12,"key":"BlessingOfTheForge"},{"floor":14,"key":"Regen Potion"},{"floor":18,"key":"FearPotion"},{"floor":21,"key":"Ancient Potion"}],"is_trial":false,"path_per_floor":["M","M","M","?","?","E","M","R","T","R","M","M","M","E","R","B",null,"M","M","M","M","M","R","E","?","T","E","?","R","?","M","R","B"],"character_chosen":"THE_VACANT","items_purchased":[],"campfire_rested":2,"item_purchase_floors":[],"current_hp_per_floor":[80,80,80,80,80,49,37,61,66,66,54,54,54,44,69,40,85,66,65,65,65,57,57,29,29,29,23,53,53,53,53,53,0,0],"gold":512,"neow_bonus":"NOSTALGIA","is_daily":false,"chose_seed":false,"campfire_upgraded":4,"win_rate":0.0,"timestamp":1612902665,"path_taken":["M","?","M","?","?","E","M","R","T","R","M","M","M","E","R","BOSS","M","M","M","M","M","R","E","?","T","E","?","R","?","M","R","BOSS"],"items_purchased_type":[],"build_version":"2020-12-22","purchased_purges":0,"victory":false,"max_hp_per_floor":[80,80,80,80,80,80,80,80,85,85,85,85,85,85,85,85,85,85,85,85,85,85,85,85,85,85,92,92,92,92,92,92,92,92],"relic_stats":{"Torii":7,"counters":[19,65],"Smiling Mask":0,"obtain_stats":[{"CCEMRelics:IronFruit":9,"theVacant:BrassGoblet":0,"Torii":24,"aspiration:Nostalgia":0,"CCEMRelics:BundleOfDynamite":14,"Strawberry":27,"EVO:Axolotl":0,"PureWater":0,"Smiling Mask":6,"jessBottle:WaterBottleRelic":17},{"CCEMRelics:IronFruit":5,"theVacant:BrassGoblet":0,"Torii":16,"aspiration:Nostalgia":0,"CCEMRelics:BundleOfDynamite":9,"Strawberry":17,"EVO:Axolotl":0,"PureWater":0,"Smiling Mask":4,"jessBottle:WaterBottleRelic":10},{"CCEMRelics:IronFruit":17,"theVacant:BrassGoblet":0,"Torii":53,"aspiration:Nostalgia":0,"CCEMRelics:BundleOfDynamite":25,"Strawberry":56,"EVO:Axolotl":0,"PureWater":0,"Smiling Mask":14,"jessBottle:WaterBottleRelic":32}]},"card_choices":[{"not_picked":["theVacant:EmptyShield","theVacant:FranticBlow"],"picked":"theVacant:Thoughtseize","floor":1},{"not_picked":["theVacant:Whip","theVacant:EyePoke"],"picked":"theVacant:ReaperStrike","floor":2},{"not_picked":["theVacant:Throttle","theVacant:LashOut"],"picked":"theVacant:Gloom","floor":3},{"not_picked":["theVacant:DarkStrike","theVacant:Whip"],"picked":"theVacant:Snowball","floor":6},{"not_picked":["theVacant:ReaperStrike","theVacant:GraveWave"],"picked":"theVacant:ShutAway","floor":7},{"not_picked":["theVacant:Reconnect","theVacant:Soothe"],"picked":"theVacant:Whip","floor":11},{"not_picked":["theVacant:Threat","theVacant:Throttle"],"picked":"theVacant:Jab","floor":12},{"not_picked":["theVacant:Enrage","theVacant:FranticBlow"],"picked":"theVacant:Barrage","floor":13},{"not_picked":["theVacant:IntoTheAbyss","theVacant:ShriekingBlast"],"picked":"theVacant:Barrage","floor":14},{"not_picked":["theVacant:DarkStrike","theVacant:Exorcise"],"picked":"theVacant:WhenDarknessComes","floor":16},{"not_picked":["theVacant:Thoughtseize","theVacant:Enrage+1"],"picked":"theVacant:Throttle+1","floor":18},{"not_picked":["theVacant:Cower","theVacant:TwistFate"],"picked":"theVacant:CursedBlast+1","floor":19},{"not_picked":["theVacant:Fortify","theVacant:Thoughtseize+1"],"picked":"theVacant:ShutAway","floor":20},{"not_picked":["theVacant:Enrage+1","theVacant:Acceptance"],"picked":"theVacant:BurdenBreak","floor":21},{"not_picked":["theVacant:Carve","theVacant:Soothe"],"picked":"theVacant:Hex+1","floor":22},{"not_picked":["theVacant:Anguish","theVacant:EyePoke"],"picked":"theVacant:Spinshield","floor":24},{"not_picked":["theVacant:Enrage","theVacant:TheAnvil"],"picked":"theVacant:Yeet+1","floor":27},{"not_picked":["theVacant:CursedBlast","theVacant:ShutAway"],"picked":"theVacant:Jab","floor":31}],"player_experience":298545,"relics_obtained":[{"floor":6,"key":"Smiling Mask"},{"floor":9,"key":"CCEMRelics:IronFruit"},{"floor":14,"key":"CCEMRelics:BundleOfDynamite"},{"floor":24,"key":"Torii"},{"floor":27,"key":"Strawberry"}],"event_choices":[{"cards_removed":["theVacant:VacantStarterStrike"],"damage_healed":0,"gold_gain":0,"player_choice":"Card Removal","damage_taken":0,"max_hp_gain":0,"max_hp_loss":0,"event_name":"The Cleric","floor":4,"gold_loss":50},{"damage_healed":0,"gold_gain":0,"player_choice":"Ignored","damage_taken":102,"max_hp_gain":0,"max_hp_loss":0,"event_name":"betterThird:BetterSerpent","floor":5,"gold_loss":0},{"damage_healed":0,"gold_gain":0,"player_choice":"Smashed Altar","damage_taken":0,"max_hp_gain":0,"max_hp_loss":0,"event_name":"Forgotten Altar","floor":25,"gold_loss":0,"cards_obtained":["Decay"]},{"damage_healed":30,"gold_gain":0,"player_choice":"Heal","damage_taken":0,"max_hp_gain":0,"max_hp_loss":0,"event_name":"The Library","floor":28,"gold_loss":0},{"cards_removed":["Decay"],"damage_healed":0,"gold_gain":0,"player_choice":"Elegance","damage_taken":0,"max_hp_gain":0,"max_hp_loss":0,"event_name":"betterThird:BetterWriting","floor":30,"gold_loss":0}],"is_beta":false,"boss_relics":[{"not_picked":["aspiration:WatcherSkillbook","bronze:MakeshiftBattery"],"picked":"jessBottle:WaterBottleRelic"}],"items_purged_floors":[],"is_endless":false,"potions_floor_spawned":[1,11,12,13,14,18,19,21,27],"killed_by":"Champ","ascension_level":0}}