{"host":"rd1rb7bponlbjyoc","time":1612873233,"event":{"mods":["AchievementEnabler","Act Like it!","Bard","BaseMod","Colored Powertips","Custom Start","Duelist Mod","Gensokyo","Hermit","KinomotoSakuraMod(????)","Koishi","Marisa????????","Minty Spire (QoL Compilation)","Prisma Mod","READ ME - Guardian Mod","READ ME - Snecko Mod","Reimu??????","Remilia??????","StSLib","SuperFastMode","Td1madao Mod","The Administrix","The Animator","The Bug Knight","The Construct","The Cursed","The Disciple","The Hierophant","The Jungle","The Necromancer","The Poker Player","The Runesmith","The Senshi","The Servant 0.9.4","The Wild Card","WarShipGirlsR/????R mod","Youmu??????","Yuyuko","everything is the same but u backflip on backflip"],"gold_per_floor":[110,76,4346,4346,4346,4346,4380,4380,4380,4395,4426,3411,3411,3436,3436,3565,3565,3580,3580,2832,2832,2845,2845,2879,2879,2952,2967,3006,2088,2122,2072,2072,2195,2195,2218,2218,2128,2146,2165,2203,2203,1222,1268,1292,1292,1328,1347,1347,1347,1347,1347,1347,263,503,503],"floor_reached":56,"language":"ENG","playtime":4726,"items_purged":["Strike_MRS","BlazeAway","Defend_MRS","Defend_MRS","Strike_MRS"],"score":1442,"play_id":"ede1e1c8-4985-4bb6-9315-82cb9856aca1","local_time":"20210209225033","is_ascension_mode":false,"campfire_choices":[{"floor":6,"key":"RECALL"},{"data":"FairyDestructionRay","floor":13,"key":"SMITH"},{"data":"MasterSpark","floor":15,"key":"SMITH"},{"data":"FinalSpark","floor":23,"key":"SMITH"},{"data":"EventHorizon","floor":25,"key":"SMITH"},{"data":"6A","floor":32,"key":"SMITH"},{"data":"SatelliteIllusion","floor":41,"key":"SMITH"},{"data":"RefractionSpark","floor":45,"key":"SMITH"},{"data":"SporeBomb","floor":49,"key":"SMITH"},{"data":"Strike_MRS","floor":52,"key":"SMITH"}],"circlet_count":0,"master_deck":["Strike_MRS+1","Defend_MRS","Defend_MRS","MasterSpark+1","6A+1","SporeBomb+1","DarkMatter+1","Acceleration+1","SuperPerseids+1","FairyDestructionRay+1","SprinkleStarSeal+1","EventHorizon+1","BlazeAway+1","Metamorphosis+1","AsteroidBelt+1","IllusionStar+1","FinalSpark+1","StarBarrage+1","Gensokyo:EightFeetTall+1","MysteriousBeam+1","StarDustReverie+1","PowerUp+1","Dark Shackles+1","DoubleSpark+1","SatelliteIllusion+1","PowerUp+1","Gensokyo:CustomPotion","PowerUp+1","PulseMagic+1","RefractionSpark+1","FinalSpark+1","Gensokyo:BlemishedSteel","BinaryStars+1","Master of Strategy+1","BinaryStars+1","RefractionSpark"],"relics":["BewitchedHakkero","Lizard Tail","Frozen Eye","Happy Flower","HollowMod:StagPassRelic","Golden Idol","Nunchaku","Toxic Egg 2","RuthlessExorcism:ReiMu","construct:BoolHorns","HandmadeGrimoire","Orrery","Runic Pyramid","Gensokyo:MosesMiracle","Orichalcum","InkBottle","Strange Spoon","Calipers","HollowMod:LifeEnderRelic","Runesmith:Locket","OrangePellets","Thread and Needle","Potion Belt","SimpleLauncher","HandDrill","Medical Kit","Toolbox","DollysMirror","Strawberry","Ginger","Bronze Scales","Mango","Lee\u0027s Waffle","Centennial Puzzle","Pantograph","Shuriken"],"acts_visited":["Exordium","Exordium","Gensokyo:Gensokyoer","TheEnding"],"potions_floor_usage":[],"damage_taken":[{"damage":5,"enemies":"2 Louse","floor":1,"turns":2},{"damage":22,"enemies":"Gremlin Nob","floor":7,"turns":5},{"damage":3,"enemies":"Jaw Worm","floor":10,"turns":3},{"damage":0,"enemies":"HollowMod:MossKnight","floor":11,"turns":2},{"damage":0,"enemies":"Small Slimes","floor":14,"turns":1},{"damage":46,"enemies":"Hexaghost","floor":16,"turns":5},{"damage":0,"enemies":"Gensokyo:2_Gloops","floor":18,"turns":2},{"damage":0,"enemies":"Gensokyo:Chomper","floor":22,"turns":2},{"damage":22,"enemies":"Gensokyo:Koishi","floor":24,"turns":3},{"damage":18,"enemies":"Gensokyo:Wraith","floor":27,"turns":4},{"damage":28,"enemies":"Gensokyo:Tenshi","floor":28,"turns":4},{"damage":9,"enemies":"Gensokyo:Koishi","floor":30,"turns":3},{"damage":37,"enemies":"Gensokyo:Eternal_Rivals","floor":33,"turns":5},{"damage":18,"enemies":"Gensokyo:3_Boulders","floor":35,"turns":3},{"damage":0,"enemies":"Gensokyo:3_Bats","floor":38,"turns":2},{"damage":0,"enemies":"Gensokyo:3_Boulders","floor":39,"turns":1},{"damage":8,"enemies":"Gensokyo:Kasen","floor":40,"turns":4},{"damage":0,"enemies":"Gensokyo:AtlasGolem","floor":44,"turns":2},{"damage":85,"enemies":"Gensokyo:Marisa","floor":46,"turns":5},{"damage":0,"enemies":"Gensokyo:SeedOfUnknown","floor":47,"turns":1},{"damage":5,"enemies":"Gensokyo:Yuyuko","floor":50,"turns":3},{"damage":74,"enemies":"Shield and Spear","floor":54,"turns":5},{"damage":58,"enemies":"The Heart","floor":55,"turns":3}],"seed_played":"5545123780953285835","potions_obtained":[{"floor":7,"key":"MagicPotion:ReiMu"},{"floor":14,"key":"EssenceOfSteel"},{"floor":30,"key":"BlessingOfTheForge"},{"floor":44,"key":"Dexterity Potion"},{"floor":46,"key":"EntropicBrew"}],"is_trial":false,"path_per_floor":["M","?","$","?","?","R","E","?","T","M","E","$","R","M","R","B",null,"M","?","$","?","M","R","E","R","T","M","E","$","E","?","R","B",null,"M","?","?","M","M","E","R","COS","T","M","R","E","M","?","R","B",null,"R","$","E","B",null],"character_chosen":"MARISA","items_purchased":["Lizard Tail","Frozen Eye","Happy Flower","SporeBomb","construct:BoolHorns","HandmadeGrimoire","Orrery","Metamorphosis+1","AsteroidBelt+1","Orichalcum","InkBottle","Strange Spoon","StarBarrage","HollowMod:LifeEnderRelic","Runesmith:Locket","OrangePellets","Dark Shackles+1","Mango","Lee\u0027s Waffle","Centennial Puzzle","Master of Strategy+1","BinaryStars+1"],"campfire_rested":0,"item_purchase_floors":[3,3,3,3,12,12,12,12,12,20,20,20,20,29,29,29,29,53,53,53,53,53],"current_hp_per_floor":[77,77,77,74,54,54,82,87,87,84,84,84,84,84,84,38,87,87,87,87,79,79,79,79,79,79,79,79,79,70,77,77,83,86,86,86,86,86,86,78,78,78,85,85,85,37,37,37,37,37,93,93,114,114,56],"gold":503,"neow_bonus":"TEN_PERCENT_HP_BONUS","is_daily":false,"chose_seed":false,"campfire_upgraded":9,"win_rate":0.0,"timestamp":1612873233,"path_taken":["M","?","$","?","?","R","E","?","T","M","E","?","R","M","R","BOSS","M","?","$","?","?","R","E","R","T","M","E","$","E","?","R","BOSS","M","?","?","M","M","E","R","COS","T","M","R","E","M","?","R","BOSS","R","$","E","BOSS"],"items_purchased_type":["Relic","Relic","Relic","Card","Relic","Relic","Relic","Card","Card","Relic","Relic","Relic","Card","Relic","Relic","Relic","Card","Relic","Relic","Relic","Card","Card"],"build_version":"2020-12-22","purchased_purges":5,"victory":true,"max_hp_per_floor":[82,82,82,82,82,82,82,87,87,87,87,87,87,87,87,87,87,87,87,87,79,79,79,79,79,79,79,79,79,79,86,86,86,86,86,86,86,86,86,86,86,86,93,93,93,93,93,93,93,93,93,93,114,114,114],"card_choices":[{"not_picked":["DoubleSpark","WitchOfGreed"],"picked":"6A","floor":1},{"not_picked":["BlazingStar","DoubleSpark"],"picked":"BlazeAway","floor":7},{"not_picked":["NonDirectionalLaser","DeepEcoloBomb"],"picked":"DarkMatter+1","floor":10},{"not_picked":["DragonMeteor","WitchLeyline"],"picked":"Acceleration+1","floor":11},{"not_picked":["WitchOfGreed","DC"],"picked":"SuperPerseids+1","floor":12},{"not_picked":["OrrerysSun","6A"],"picked":"FairyDestructionRay","floor":12},{"not_picked":["WitchOfGreed","ChargingUp+1"],"picked":"SprinkleStarSeal+1","floor":12},{"not_picked":["GrandCross","DC"],"picked":"EventHorizon","floor":12},{"not_picked":["FairyDestructionRay","GrandCross"],"picked":"BlazeAway+1","floor":12},{"not_picked":["DeepEcoloBomb","GasGiant+1"],"picked":"IllusionStar+1","floor":14},{"not_picked":["CollectingQuirk","MaximisePower+1"],"picked":"FinalSpark","floor":16},{"not_picked":["WitchLeyline","EventHorizon","GrandCross"],"picked":"SKIP","floor":18},{"not_picked":["Gensokyo:TekeTeke","Gensokyo:SevenSchoolMysteries"],"picked":"Gensokyo:EightFeetTall+1","floor":21},{"not_picked":["BigCrunch+1","Acceleration+1"],"picked":"MysteriousBeam+1","floor":22},{"not_picked":["BlazeAway+1","Orbital+1"],"picked":"StarDustReverie+1","floor":24},{"not_picked":["MysteriousBeam","DragonMeteor"],"picked":"PowerUp+1","floor":27},{"not_picked":["ShootingEcho","TreasureHunter","UnstableBomb"],"picked":"SKIP","floor":28},{"not_picked":["DC","GravityBeat"],"picked":"DoubleSpark+1","floor":30},{"not_picked":["BigCrunch+1","BinaryStars+1"],"picked":"SatelliteIllusion","floor":33},{"not_picked":["UnstableBomb","GrandCross"],"picked":"PowerUp+1","floor":35},{"not_picked":["GrandCross","WitchLeyline+1"],"picked":"PowerUp+1","floor":38},{"not_picked":["DragonMeteor+1","GrandCross"],"picked":"PulseMagic+1","floor":39},{"not_picked":["ShootTheMoon","DoubleSpark+1"],"picked":"RefractionSpark","floor":40},{"not_picked":["MeteoricShower+1","StarBarrage","DC+1"],"picked":"SKIP","floor":44},{"not_picked":["Acceleration+1","DarkSpark"],"picked":"BinaryStars+1","floor":46},{"not_picked":["WitchLeyline+1","NonDirectionalLaser+1","ShootingEcho+1"],"picked":"SKIP","floor":46},{"not_picked":["6A+1","OneTimeOff+1","Orbital+1"],"picked":"SKIP","floor":47},{"not_picked":["DoubleSpark","PowerUp+1"],"picked":"RefractionSpark","floor":54}],"player_experience":55138,"relics_obtained":[{"floor":7,"key":"Nunchaku"},{"floor":9,"key":"Toxic Egg 2"},{"floor":11,"key":"RuthlessExorcism:ReiMu"},{"floor":27,"key":"Gensokyo:MosesMiracle"},{"floor":28,"key":"Calipers"},{"floor":30,"key":"Thread and Needle"},{"floor":40,"key":"Potion Belt"},{"floor":43,"key":"Strawberry"},{"floor":46,"key":"Ginger"},{"floor":54,"key":"Shuriken"}],"event_choices":[{"damage_healed":0,"gold_gain":0,"player_choice":"Left Gold","damage_taken":0,"max_hp_gain":0,"max_hp_loss":0,"event_name":"World of Goop","floor":2,"gold_loss":34},{"damage_healed":0,"gold_gain":0,"player_choice":"Success","damage_taken":3,"relics_obtained":["HollowMod:StagPassRelic"],"max_hp_gain":0,"max_hp_loss":0,"event_name":"Scrap Ooze","floor":4,"gold_loss":0},{"damage_healed":0,"gold_gain":0,"player_choice":"Take Damage","damage_taken":20,"relics_obtained":["Golden Idol"],"max_hp_gain":0,"max_hp_loss":0,"event_name":"Golden Idol","floor":5,"gold_loss":0},{"damage_healed":0,"gold_gain":0,"player_choice":"Donut","damage_taken":0,"max_hp_gain":5,"max_hp_loss":0,"event_name":"Big Fish","floor":8,"gold_loss":0}],"is_beta":false,"boss_relics":[{"not_picked":["Busted Crown","Ectoplasm"],"picked":"Runic Pyramid"},{"not_picked":["Fusion Hammer","SacredBark"],"picked":"BewitchedHakkero"}],"items_purged_floors":[3,12,20,29,53],"is_endless":false,"potions_floor_spawned":[7,14,22,24,30,33,39,44,46,54],"ascension_level":0}}