{"host":"2p3jwbtacxwf1d73","time":1612839614,"event":{"mods":["BaseMod","Colored Powertips","Hermit","Hubris","Minty Spire (QoL Compilation)","Potionbrewer","Quick Restart","Reliquary","Small Relic Pack","StSLib","The Cursed","The Death Knight","The Gatherer","The Hierophant","The Necromancer","The Servant 0.9.4"],"gold_per_floor":[113,124,140,315,315,349,33,48,48,48,92,115,141,150,150,280,280,309,42,42,42,75,122,122,150,219,219,31,61,106,106,106,245,245,272,128,128,150,177,177,200,0,0,47,59,86,98,138,150,162],"floor_reached":51,"language":"ENG","playtime":1786,"items_purged":[],"score":973,"play_id":"f0424c83-2ce0-4b2d-a598-41d8720f91a1","local_time":"20210208210014","daily_mods":["Draft","Heirloom"],"is_ascension_mode":false,"campfire_choices":[{"data":"1","floor":15,"key":"LIFT"},{"data":"2","floor":24,"key":"LIFT"},{"data":"3","floor":27,"key":"LIFT"},{"data":"TheCursedMod:CursedMace","floor":32,"key":"SMITH"},{"data":"TheCursedMod:CircleOfWindfury","floor":40,"key":"SMITH"},{"data":"TheCursedMod:CursedBoomerang","floor":47,"key":"SMITH"},{"data":"TheCursedMod:CursedBlade","floor":49,"key":"SMITH"}],"circlet_count":0,"master_deck":["TheCursedMod:CircleOfBlood","TheCursedMod:TacticalStrike+1","TheCursedMod:Obscuration","TheCursedMod:RapidMovement+1","TheCursedMod:SurpriseAttack","TheCursedMod:HellfireBreathing","TheCursedMod:CursedMace+1","TheCursedMod:SpitefulPray","TheCursedMod:CursedAmulet","TheCursedMod:Evocation+1","TheCursedMod:CircleOfFlame+1","TheCursedMod:EmpowerCircles","TheCursedMod:CircleOfFlame","TheCursedMod:CursedBoomerang","TheCursedMod:TacticalStrike","TheCursedMod:CircleOfFocus","TheCursedMod:CircleOfFocus","TheCursedMod:CursedBlade","Doubt","Injury","Panache","TheCursedMod:CursedBlade","Pain","TheCursedMod:AntiAging","TheCursedMod:Wield+1","TheCursedMod:VoidForm+1","TheCursedMod:CursedBlade+1","Swift Strike","TheCursedMod:ForbiddenAlchemy","TheCursedMod:CircleOfCorruption","TheCursedMod:CursedBoomerang+1","Apotheosis","TheCursedMod:CircleOfCorruption+1","TheCursedMod:CircleOfFlame","TheCursedMod:SpitefulPlan","TheCursedMod:AntiAging","TheCursedMod:HellfireBreathing+1","TheCursedMod:CircleOfWindfury+1","Panacea","Flash of Steel","Transmutation","TheCursedMod:HellfireBreathing+1","TheCursedMod:HellfireBreathing"],"relics":["TheCursedMod:BlackMagic101","Girya","Golden Idol","DeathKnight:SindragosasSkull","hubris:EmptyBottle","Pear","CeramicFish","Odd Mushroom","WarpedTongs","hubris:BlackHole","Strange Spoon","reliquary:Boomerang","hubris:CrystalStatue","Smiling Mask","potionbrewer:BhaskarasWheel","reliquary:Bookmark","hubris:Icosahedron","Red Mask","TungstenRod","MawBank","reliquary:PorcupineQuills"],"acts_visited":["Exordium","TheCity","TheBeyond"],"potions_floor_usage":[6,16,16,23,23,25,25,25,25,29,29,29,29,29,29,29,29,30,30,30,33,33,33,33,33,33,33,33,33,33,33,33,33,41,41,48,48,48,48,48,48,48,48,48,48,48,48,48,48,48,50,50,50,50,50,50,50,50,50],"damage_taken":[{"damage":0,"enemies":"Jaw Worm","floor":1,"turns":2},{"damage":0,"enemies":"2 Louse","floor":2,"turns":1},{"damage":0,"enemies":"Small Slimes","floor":3,"turns":2},{"damage":0,"enemies":"Lagavulin","floor":6,"turns":3},{"damage":9,"enemies":"Exordium Thugs","floor":8,"turns":4},{"damage":6,"enemies":"Gremlin Nob","floor":11,"turns":3},{"damage":0,"enemies":"Lots of Slimes","floor":12,"turns":1},{"damage":0,"enemies":"The Mushroom Lair","floor":13,"turns":4},{"damage":11,"enemies":"Slime Boss","floor":16,"turns":6},{"damage":5,"enemies":"Chosen","floor":18,"turns":3},{"damage":1,"enemies":"Spheric Guardian","floor":22,"turns":3},{"damage":8,"enemies":"Slavers","floor":23,"turns":3},{"damage":16,"enemies":"Centurion and Healer","floor":25,"turns":3},{"damage":0,"enemies":"Snecko","floor":29,"turns":1},{"damage":12,"enemies":"Book of Stabbing","floor":30,"turns":4},{"damage":0,"enemies":"Collector","floor":33,"turns":4},{"damage":14,"enemies":"3 Shapes","floor":35,"turns":2},{"damage":0,"enemies":"Orb Walker","floor":38,"turns":1},{"damage":0,"enemies":"3 Darklings","floor":41,"turns":3},{"damage":0,"enemies":"Nemesis","floor":44,"turns":1},{"damage":0,"enemies":"Spire Growth","floor":46,"turns":1},{"damage":7,"enemies":"Jaw Worm Horde","floor":48,"turns":3},{"damage":4,"enemies":"Time Eater","floor":50,"turns":3}],"seed_played":"8503488188896910080","potions_obtained":[{"floor":2,"key":"PowerPotion"},{"floor":8,"key":"potionbrewer:AcidPotion"},{"floor":11,"key":"Block Potion"},{"floor":13,"key":"SteroidPotion"},{"floor":16,"key":"DeathKnight:RimePotion"}],"is_trial":true,"path_per_floor":["M","M","M","?","?","E","$","M","T","$","E","M","?","?","R","B",null,"M","$","?","$","M","E","R","M","T","R","$","M","E","?","R","B",null,"M","$","?","M","?","R","M","?","T","E","T","M","R","M","R","B",null],"character_chosen":"THE_CURSED","items_purchased":["Panache","hubris:EmptyBottle","TheCursedMod:VoidForm","TheCursedMod:CursedBlade","Swift Strike","Strange Spoon","Apotheosis","TheCursedMod:CircleOfCorruption","reliquary:Bookmark"],"campfire_rested":0,"item_purchase_floors":[7,7,19,19,19,21,28,28,36],"current_hp_per_floor":[75,75,75,75,75,75,75,66,76,76,76,76,76,76,76,67,85,87,87,87,77,76,72,72,71,71,71,71,71,66,90,90,90,90,76,76,76,76,66,66,80,80,80,92,92,94,94,97,97,95],"gold":174,"neow_bonus":"","is_daily":false,"chose_seed":false,"campfire_upgraded":4,"win_rate":0.0,"timestamp":1612839614,"path_taken":["M","M","M","?","?","E","$","M","T","$","E","M","?","?","R","BOSS","M","$","?","?","M","E","R","M","T","R","$","M","E","?","R","BOSS","M","$","?","M","?","R","M","?","T","E","?","M","R","M","R","BOSS"],"items_purchased_type":["Card","Relic","Card","Card","Card","Relic","Card","Card","Relic"],"build_version":"2020-12-22","purchased_purges":0,"victory":true,"max_hp_per_floor":[75,75,75,75,75,75,75,75,85,85,85,85,85,85,85,85,85,87,87,87,87,87,87,87,87,87,87,87,87,90,90,90,90,90,90,90,90,90,90,90,92,92,92,92,92,94,94,97,97,99],"card_choices":[{"not_picked":["TheCursedMod:Stretching","TheCursedMod:CursedBlade"],"picked":"TheCursedMod:CircleOfBlood","floor":0},{"not_picked":["TheCursedMod:RapidMovement","TheCursedMod:SpitefulStrike"],"picked":"TheCursedMod:TacticalStrike","floor":0},{"not_picked":["TheCursedMod:Torture","TheCursedMod:RavingStaff"],"picked":"TheCursedMod:Obscuration","floor":0},{"not_picked":["TheCursedMod:FleshFromBone","TheCursedMod:RavingStaff"],"picked":"TheCursedMod:RapidMovement","floor":0},{"not_picked":["TheCursedMod:CursedAmulet","TheCursedMod:HellfireBreathing"],"picked":"TheCursedMod:SurpriseAttack","floor":0},{"not_picked":["TheCursedMod:Torture","TheCursedMod:Mangle"],"picked":"TheCursedMod:HellfireBreathing","floor":0},{"not_picked":["TheCursedMod:WearCloak","TheCursedMod:Obscuration"],"picked":"TheCursedMod:CursedMace","floor":0},{"not_picked":["TheCursedMod:VitalStrike","TheCursedMod:CursedMace"],"picked":"TheCursedMod:SpitefulPray","floor":0},{"not_picked":["TheCursedMod:SmokeScreen","TheCursedMod:BloodBarrier"],"picked":"TheCursedMod:CursedAmulet","floor":0},{"not_picked":["TheCursedMod:Mangle","TheCursedMod:FleshFromBone"],"picked":"TheCursedMod:Evocation","floor":0},{"not_picked":["TheCursedMod:RavingStaff","TheCursedMod:Torture"],"picked":"TheCursedMod:CircleOfFlame","floor":0},{"not_picked":["TheCursedMod:SpitefulPlan","TheCursedMod:VitalStrike"],"picked":"TheCursedMod:EmpowerCircles","floor":0},{"not_picked":["TheCursedMod:SaltUponWound","TheCursedMod:CircleOfFocus"],"picked":"TheCursedMod:CircleOfFlame","floor":0},{"not_picked":["TheCursedMod:CursedAmulet","TheCursedMod:LuckyCharm"],"picked":"TheCursedMod:CursedBoomerang","floor":0},{"not_picked":["TheCursedMod:CursedArmor","TheCursedMod:FleshFromBone"],"picked":"TheCursedMod:TacticalStrike","floor":0},{"not_picked":["TheCursedMod:Stretching","TheCursedMod:CircleOfFlame"],"picked":"TheCursedMod:CircleOfFocus","floor":1},{"not_picked":["TheCursedMod:PrepareRite","TheCursedMod:Torture"],"picked":"TheCursedMod:CircleOfFocus","floor":2},{"not_picked":["TheCursedMod:StingEye","TheCursedMod:RapidMovement"],"picked":"TheCursedMod:CursedBlade","floor":3},{"not_picked":["TheCursedMod:AshesToAshes","TheCursedMod:RavingStaff","TheCursedMod:AbyssShockwave"],"picked":"SKIP","floor":6},{"not_picked":["TheCursedMod:CircleOfFocus","TheCursedMod:Stigma"],"picked":"TheCursedMod:CursedBlade","floor":8},{"not_picked":["TheCursedMod:DoubleShield","TheCursedMod:AshesToAshes","TheCursedMod:PrepareRite"],"picked":"SKIP","floor":11},{"not_picked":["TheCursedMod:Wield","TheCursedMod:RapidMovement","TheCursedMod:StingEye"],"picked":"SKIP","floor":12},{"not_picked":["TheCursedMod:Neurasthenia","TheCursedMod:DarkBarrier"],"picked":"TheCursedMod:AntiAging","floor":16},{"not_picked":["TheCursedMod:Obscuration","TheCursedMod:FleshFromBone"],"picked":"TheCursedMod:Wield","floor":18},{"not_picked":["TheCursedMod:VitalStrike","TheCursedMod:Torture"],"picked":"TheCursedMod:ForbiddenAlchemy","floor":22},{"not_picked":["TheCursedMod:WearCloak","TheCursedMod:TacticalStrike"],"picked":"TheCursedMod:CircleOfCorruption","floor":23},{"not_picked":["TheCursedMod:Mangle+1","TheCursedMod:RavingStaff"],"picked":"TheCursedMod:CursedBoomerang","floor":25},{"not_picked":["TheCursedMod:SmokeScreen","TheCursedMod:WearCloak+1"],"picked":"TheCursedMod:CircleOfFlame","floor":29},{"not_picked":["TheCursedMod:HellsGateOpen","TheCursedMod:BloodBarrier"],"picked":"TheCursedMod:SpitefulPlan","floor":30},{"not_picked":["TheCursedMod:OutForBlood","TheCursedMod:ForbiddenAlchemy"],"picked":"TheCursedMod:AntiAging","floor":33},{"not_picked":["TheCursedMod:CursedSpellbook","TheCursedMod:CircleOfCorruption+1"],"picked":"TheCursedMod:HellfireBreathing+1","floor":35},{"not_picked":["TheCursedMod:Torture","TheCursedMod:TacticalStrike+1"],"picked":"TheCursedMod:CircleOfWindfury","floor":38},{"not_picked":["Secret Weapon","Transmutation"],"picked":"Panacea","floor":39},{"not_picked":["Secret Weapon","Apotheosis"],"picked":"Flash of Steel","floor":39},{"not_picked":["Enlightenment","Dark Shackles"],"picked":"Transmutation","floor":39},{"not_picked":["TheCursedMod:CircleOfCorruption","TheCursedMod:SpitefulStrike","TheCursedMod:CursedBlade"],"picked":"SKIP","floor":41},{"not_picked":["TheCursedMod:ParallelWorld","TheCursedMod:BlessingInDisguise"],"picked":"TheCursedMod:HellfireBreathing+1","floor":44},{"not_picked":["TheCursedMod:RavingStaff+1","TheCursedMod:Torture","TheCursedMod:Wield"],"picked":"SKIP","floor":46},{"not_picked":["TheCursedMod:Wield+1","TheCursedMod:RapidMovement+1"],"picked":"TheCursedMod:HellfireBreathing","floor":48}],"player_experience":470692,"relics_obtained":[{"floor":6,"key":"DeathKnight:SindragosasSkull"},{"floor":9,"key":"Pear"},{"floor":11,"key":"CeramicFish"},{"floor":13,"key":"Odd Mushroom"},{"floor":23,"key":"reliquary:Boomerang"},{"floor":26,"key":"hubris:CrystalStatue"},{"floor":30,"key":"Smiling Mask"},{"floor":43,"key":"TungstenRod"},{"floor":44,"key":"MawBank"},{"floor":45,"key":"reliquary:PorcupineQuills"}],"event_choices":[{"damage_healed":0,"gold_gain":175,"player_choice":"AGREE","damage_taken":0,"max_hp_gain":0,"max_hp_loss":0,"event_name":"Liars Game","floor":4,"gold_loss":0,"cards_obtained":["Doubt"]},{"damage_healed":0,"gold_gain":0,"player_choice":"Take Wound","damage_taken":0,"relics_obtained":["Golden Idol"],"max_hp_gain":0,"max_hp_loss":0,"event_name":"Golden Idol","floor":5,"gold_loss":0,"cards_obtained":["Injury"]},{"damage_healed":0,"gold_gain":0,"player_choice":"Fought Mushrooms","damage_taken":0,"max_hp_gain":0,"max_hp_loss":0,"event_name":"Mushrooms","floor":13,"gold_loss":0},{"damage_healed":0,"gold_gain":0,"player_choice":"Rummage","damage_taken":0,"relics_obtained":["WarpedTongs"],"max_hp_gain":0,"max_hp_loss":0,"event_name":"Accursed Blacksmith","floor":14,"gold_loss":0,"cards_obtained":["Pain"]},{"damage_healed":0,"gold_gain":0,"player_choice":"Upgraded","damage_taken":0,"max_hp_gain":0,"max_hp_loss":0,"event_name":"Upgrade Shrine","floor":20,"gold_loss":0,"cards_upgraded":["TheCursedMod:VoidForm"]},{"damage_healed":30,"gold_gain":0,"player_choice":"Heal","damage_taken":0,"max_hp_gain":0,"max_hp_loss":0,"event_name":"The Library","floor":31,"gold_loss":0},{"damage_healed":0,"gold_gain":0,"player_choice":"Memory 3","damage_taken":10,"max_hp_gain":0,"max_hp_loss":0,"event_name":"SensoryStone","floor":39,"gold_loss":0},{"damage_healed":0,"gold_gain":0,"player_choice":"Paid","damage_taken":0,"relics_obtained":["Red Mask"],"max_hp_gain":0,"max_hp_loss":0,"event_name":"Tomb of Lord Red Mask","floor":42,"gold_loss":200}],"is_beta":false,"boss_relics":[{"not_picked":["Philosopher\u0027s Stone","hubris:RunicObelisk"],"picked":"hubris:BlackHole"},{"not_picked":["Sozu","Astrolabe"],"picked":"potionbrewer:BhaskarasWheel"}],"items_purged_floors":[],"is_endless":false,"potions_floor_spawned":[2,8,11,13,16,18,22,41,46,48],"ascension_level":0}}