{"host":"nwtxriuk34b069je","time":1612835974,"event":{"mods":["AchievementEnabler","BaseMod","Better Skull","Colored Map","Colored Powertips","Hermit","Minty Spire (QoL Compilation)","Relic Stats","StSLib"],"gold_per_floor":[109,122,72,86,86,86,86,109,109,148,72,87,107,107,107,235,235,253,99,99,132,47,59,71,110,122,134,158,170,199,211,223,337,349,372,435,447,469,481,520,582,606,691,703,728,57,67,82,82,82,82],"floor_reached":50,"language":"ENG","playtime":2055,"items_purged":["Defend_G"],"score":665,"play_id":"1246519a-98a0-4f88-89a3-5869e844ad66","local_time":"20210208195934","is_ascension_mode":false,"campfire_choices":[{"data":"Cloak And Dagger","floor":6,"key":"SMITH"},{"floor":15,"key":"REST"},{"floor":23,"key":"REST"},{"data":"Corpse Explosion","floor":27,"key":"SMITH"},{"data":"Cloak And Dagger","floor":29,"key":"SMITH"},{"data":"Noxious Fumes","floor":32,"key":"SMITH"},{"floor":49,"key":"DIG"}],"circlet_count":0,"master_deck":["Strike_G","Strike_G","Strike_G","Strike_G","Defend_G","Defend_G","Defend_G","Defend_G","Survivor","Cloak And Dagger+1","Poisoned Stab","Cloak And Dagger+1","Blur","Caltrops+1","Deflect","Corpse Explosion+1","Blade Dance+1","Noxious Fumes+1","Accuracy+1","Terror+1","Strike_R+1","Footwork","Deadly Poison","Bouncing Flask","Caltrops","Footwork","Cloak And Dagger+1"],"relics":["Ring of the Snake","Bloody Idol","Shuriken","Eternal Feather","HoveringKite","Red Mask","MawBank","Meat on the Bone","The Courier","Kunai","Black Star","Shovel","Juzu Bracelet","Singing Bowl","Unceasing Top","Molten Egg 2","Snake Skull","Pen Nib","MealTicket","Akabeko","StrikeDummy"],"acts_visited":["Exordium","TheCity","TheBeyond"],"potions_floor_usage":[36,47],"damage_taken":[{"damage":0,"enemies":"Small Slimes","floor":1,"turns":5},{"damage":1,"enemies":"2 Louse","floor":2,"turns":3},{"damage":0,"enemies":"Cultist","floor":4,"turns":4},{"damage":10,"enemies":"Large Slime","floor":8,"turns":6},{"damage":13,"enemies":"Lagavulin","floor":10,"turns":8},{"damage":6,"enemies":"2 Fungi Beasts","floor":12,"turns":4},{"damage":2,"enemies":"Looter","floor":13,"turns":3},{"damage":17,"enemies":"The Guardian","floor":16,"turns":12},{"damage":11,"enemies":"Chosen","floor":18,"turns":6},{"damage":20,"enemies":"Masked Bandits","floor":21,"turns":4},{"damage":25,"enemies":"Slavers","floor":25,"turns":4},{"damage":0,"enemies":"Spheric Guardian","floor":28,"turns":3},{"damage":0,"enemies":"3 Cultists","floor":30,"turns":3},{"damage":42,"enemies":"Collector","floor":33,"turns":9},{"damage":39,"enemies":"3 Darklings","floor":35,"turns":4},{"damage":42,"enemies":"2 Orb Walkers","floor":36,"turns":4},{"damage":15,"enemies":"3 Shapes","floor":38,"turns":4},{"damage":29,"enemies":"Giant Head","floor":40,"turns":7},{"damage":4,"enemies":"Mind Bloom Boss Battle","floor":41,"turns":6},{"damage":9,"enemies":"Jaw Worm Horde","floor":42,"turns":4},{"damage":43,"enemies":"Writhing Mass","floor":45,"turns":5},{"damage":1,"enemies":"Transient","floor":47,"turns":5},{"damage":10,"enemies":"4 Shapes","floor":48,"turns":4},{"damage":98,"enemies":"Time Eater","floor":50,"turns":7}],"seed_played":"-5390887008385473890","potions_obtained":[{"floor":2,"key":"Regen Potion"},{"floor":13,"key":"Poison Potion"},{"floor":25,"key":"EntropicBrew"},{"floor":30,"key":"SmokeBomb"},{"floor":36,"key":"FairyPotion"},{"floor":42,"key":"GhostInAJar"}],"is_trial":true,"path_per_floor":["M","M","?","M","?","R","$","M","T","E","$","M","M","?","R","B",null,"M","$","?","?","?","R","T","E","T","R","M","R","M","$","R","B",null,"M","?","$","M","?","E","?","M","T","?","M","$","M","M","R","B"],"character_chosen":"THE_SILENT","items_purchased":["Caltrops","Noxious Fumes","Snake Skull","Pen Nib","Deadly Poison","MealTicket","Akabeko","Bouncing Flask","Caltrops","Footwork"],"campfire_rested":2,"item_purchase_floors":[11,19,46,46,46,46,46,46,46,46],"current_hp_per_floor":[70,69,69,69,65,65,65,55,55,42,42,36,34,34,62,45,65,54,54,54,39,39,65,65,45,50,65,65,65,65,65,65,40,65,43,28,33,40,45,40,48,51,61,66,45,50,56,51,66,0,0],"gold":82,"neow_bonus":"","is_daily":false,"chose_seed":false,"campfire_upgraded":4,"win_rate":0.0,"timestamp":1612835974,"path_taken":["M","M","?","M","?","R","$","M","T","E","$","M","M","?","R","BOSS","M","$","?","?","?","R","?","E","T","R","M","R","M","$","R","BOSS","M","?","$","M","?","E","?","M","T","?","M","$","M","M","R","BOSS"],"items_purchased_type":["Card","Card","Relic","Relic","Card","Relic","Relic","Card","Card","Card"],"build_version":"2020-12-22","purchased_purges":1,"victory":false,"max_hp_per_floor":[70,70,70,70,65,65,65,65,65,65,65,65,65,65,65,65,65,65,65,65,65,65,65,65,65,65,65,65,65,65,65,65,65,65,65,65,65,65,65,67,69,71,71,71,71,71,73,73,73,73,73],"relic_stats":{"Singing Bowl":8,"counters":[24,124],"HoveringKite":[10],"Eternal Feather":45,"Snake Skull":[20],"Pen Nib":[3],"Juzu Bracelet":1,"MawBank":288,"Shovel":1,"Shuriken":[52],"Bloody Idol":138,"MealTicket":0,"Black Star":1,"Kunai":[36],"obtain_stats":[{"Singing Bowl":40,"Golden Idol":5,"HoveringKite":17,"Eternal Feather":10,"The Courier":25,"Snake Skull":46,"Pen Nib":46,"Juzu Bracelet":40,"MawBank":22,"Akabeko":46,"Shovel":36,"Shuriken":9,"Bloody Idol":20,"Molten Egg 2":43,"MealTicket":46,"Red Mask":21,"Black Star":34,"Kunai":26,"StrikeDummy":49,"Unceasing Top":41,"Ring of the Snake":0,"Meat on the Bone":24},{"Singing Bowl":18,"Golden Idol":3,"HoveringKite":8,"Eternal Feather":5,"The Courier":11,"Snake Skull":21,"Pen Nib":21,"Juzu Bracelet":18,"MawBank":10,"Akabeko":21,"Shovel":16,"Shuriken":4,"Bloody Idol":9,"Molten Egg 2":20,"MealTicket":21,"Red Mask":10,"Black Star":14,"Kunai":11,"StrikeDummy":23,"Unceasing Top":19,"Ring of the Snake":0,"Meat on the Bone":10},{"Singing Bowl":93,"Golden Idol":12,"HoveringKite":45,"Eternal Feather":26,"The Courier":59,"Snake Skull":108,"Pen Nib":108,"Juzu Bracelet":93,"MawBank":55,"Akabeko":108,"Shovel":82,"Shuriken":18,"Bloody Idol":51,"Molten Egg 2":103,"MealTicket":108,"Red Mask":55,"Black Star":74,"Kunai":59,"StrikeDummy":117,"Unceasing Top":99,"Ring of the Snake":0,"Meat on the Bone":55}],"Unceasing Top":[4],"Ring of the Snake":[48],"Meat on the Bone":72},"card_choices":[{"not_picked":["Deflect","Backflip"],"picked":"Cloak And Dagger","floor":1},{"not_picked":["Backflip","Sucker Punch"],"picked":"Poisoned Stab","floor":2},{"not_picked":["Dagger Throw","Acrobatics"],"picked":"Cloak And Dagger","floor":4},{"not_picked":["Cloak And Dagger","Quick Slash"],"picked":"Blur","floor":8},{"not_picked":["Poisoned Stab","Prepared","Outmaneuver"],"picked":"SKIP","floor":10},{"not_picked":["Riddle With Holes","Dodge and Roll","Sucker Punch"],"picked":"SKIP","floor":12},{"not_picked":["Glass Knife","Bane"],"picked":"Deflect","floor":13},{"not_picked":["Bullet Time","Die Die Die"],"picked":"Corpse Explosion","floor":16},{"not_picked":["Cloak And Dagger","Dagger Throw+1"],"picked":"Blade Dance+1","floor":18},{"not_picked":["Well Laid Plans","Bouncing Flask"],"picked":"Accuracy+1","floor":25},{"not_picked":["Calculated Gamble+1","Dagger Spray","Bane"],"picked":"SKIP","floor":28},{"not_picked":["Well Laid Plans","Predator","Underhanded Strike"],"picked":"SKIP","floor":30},{"not_picked":["Dagger Spray","Flying Knee+1"],"picked":"Terror+1","floor":35},{"not_picked":["Dagger Throw","Predator","Bane+1"],"picked":"SKIP","floor":38},{"not_picked":["Flechettes+1","PiercingWail+1","Night Terror"],"picked":"Singing Bowl","floor":40},{"not_picked":["PiercingWail+1","Reflex+1","Choke+1"],"picked":"Singing Bowl","floor":41},{"not_picked":["Bane","Choke+1","Quick Slash"],"picked":"Singing Bowl","floor":42},{"not_picked":["Escape Plan+1","Well Laid Plans+1"],"picked":"Footwork","floor":45},{"not_picked":["Prepared","Acrobatics","Concentrate"],"picked":"Singing Bowl","floor":47},{"not_picked":["Dagger Throw+1","Bane+1"],"picked":"Cloak And Dagger+1","floor":48}],"player_experience":528292,"relics_obtained":[{"floor":9,"key":"Shuriken"},{"floor":10,"key":"Eternal Feather"},{"floor":21,"key":"Red Mask"},{"floor":24,"key":"Meat on the Bone"},{"floor":25,"key":"The Courier"},{"floor":26,"key":"Kunai"},{"floor":36,"key":"Shovel"},{"floor":40,"key":"Juzu Bracelet"},{"floor":40,"key":"Singing Bowl"},{"floor":41,"key":"Unceasing Top"},{"floor":43,"key":"Molten Egg 2"},{"floor":49,"key":"StrikeDummy"}],"event_choices":[{"cards_removed":["Strike_G"],"damage_healed":0,"gold_gain":0,"player_choice":"Card Removal","damage_taken":0,"max_hp_gain":0,"max_hp_loss":0,"event_name":"The Cleric","floor":3,"gold_loss":50},{"damage_healed":0,"gold_gain":0,"player_choice":"Lose Max HP","damage_taken":0,"relics_obtained":["Golden Idol"],"max_hp_gain":0,"max_hp_loss":5,"event_name":"Golden Idol","floor":5,"gold_loss":0},{"damage_healed":0,"gold_gain":0,"player_choice":"Forge","damage_taken":0,"max_hp_gain":0,"max_hp_loss":0,"event_name":"Accursed Blacksmith","floor":14,"gold_loss":0,"cards_upgraded":["Caltrops"]},{"damage_healed":0,"gold_gain":0,"player_choice":"Gave Idol","damage_taken":0,"relics_obtained":["Bloody Idol"],"max_hp_gain":0,"max_hp_loss":0,"event_name":"Forgotten Altar","floor":20,"relics_lost":["Golden Idol"],"gold_loss":0},{"damage_healed":0,"gold_gain":0,"player_choice":"Fought Bandits","damage_taken":0,"max_hp_gain":0,"max_hp_loss":0,"event_name":"Masked Bandits","floor":21,"gold_loss":0},{"damage_healed":0,"gold_gain":0,"player_choice":"Obtained Relic","damage_taken":0,"relics_obtained":["MawBank"],"max_hp_gain":0,"max_hp_loss":0,"event_name":"Addict","floor":22,"gold_loss":85},{"damage_healed":0,"gold_gain":0,"player_choice":"Fight","damage_taken":0,"max_hp_gain":0,"max_hp_loss":0,"event_name":"Mysterious Sphere","floor":36,"gold_loss":0},{"damage_healed":0,"gold_gain":0,"player_choice":"Ignored","damage_taken":0,"max_hp_gain":0,"max_hp_loss":0,"event_name":"SecretPortal","floor":39,"gold_loss":0},{"damage_healed":0,"gold_gain":0,"player_choice":"Fight","damage_taken":0,"max_hp_gain":0,"max_hp_loss":0,"event_name":"MindBloom","floor":41,"gold_loss":0},{"cards_removed":["Neutralize"],"damage_healed":0,"gold_gain":0,"player_choice":"Took Card","damage_taken":0,"max_hp_gain":0,"max_hp_loss":0,"event_name":"NoteForYourself","floor":44,"gold_loss":0,"cards_obtained":["Strike_R"]}],"is_beta":false,"boss_relics":[{"not_picked":["Pandora\u0027s Box","Ring of the Serpent"],"picked":"HoveringKite"},{"not_picked":["Velvet Choker","Tiny House"],"picked":"Black Star"}],"items_purged_floors":[19],"is_endless":true,"potions_floor_spawned":[2,13,25,30,33,36,38,41,42],"killed_by":"Time Eater","ascension_level":0}}