{"host":"sav7uxregyirlf69","time":1612849485,"event":{"mods":["AchievementEnabler","BaseMod","Colored Map","DeckTracker","Keyboard Shortcuts","Minty Spire (QoL Compilation)","READ ME - Guardian Mod","StSLib","SuperFastMode"],"gold_per_floor":[111,111,121,171,186,186,216,233,233,245,259,273,273,287,287,287,287],"floor_reached":16,"language":"KOR","playtime":289,"items_purged":[],"score":186,"play_id":"fd6376cc-f9b5-4783-90b8-3ddac0772478","local_time":"20210209144445","is_ascension_mode":true,"campfire_choices":[{"data":"Eruption","floor":6,"key":"SMITH"},{"floor":13,"key":"REST"},{"data":"Adaptation","floor":15,"key":"SMITH"}],"circlet_count":0,"master_deck":["AscendersBane","Strike_P","Strike_P","Strike_P","Strike_P","Defend_P","Defend_P","Defend_P","Defend_P","Eruption+1","Vigilance","Adaptation+1","Conclude","Brilliance","MentalFortress","FlurryOfBlows","CrushJoints","FearNoEvil"],"relics":["PureWater","Gambling Chip","Kunai","TeardropLocket"],"acts_visited":["Exordium"],"potions_floor_usage":[7,7],"damage_taken":[{"damage":4.0,"enemies":"Jaw Worm","floor":1.0,"turns":5.0},{"damage":9.0,"enemies":"2 Louse","floor":3.0,"turns":2.0},{"damage":0,"enemies":"Cultist","floor":5,"turns":3},{"damage":12,"enemies":"Lagavulin","floor":7,"turns":5},{"damage":22,"enemies":"Gremlin Gang","floor":8,"turns":3},{"damage":4,"enemies":"Blue Slaver","floor":10,"turns":2},{"damage":0,"enemies":"Large Slime","floor":11,"turns":6},{"damage":0,"enemies":"2 Fungi Beasts","floor":12,"turns":2},{"damage":17,"enemies":"Exordium Thugs","floor":14,"turns":3},{"damage":12,"enemies":"Hexaghost","floor":16,"turns":8}],"seed_played":"-6401725901760973120","potions_obtained":[{"floor":1.0,"key":"SteroidPotion"},{"floor":5,"key":"DuplicationPotion"},{"floor":12,"key":"SpeedPotion"}],"is_trial":false,"path_per_floor":["M","?","M","?","M","R","E","M","T","M","M","M","R","M","R","B"],"character_chosen":"WATCHER","items_purchased":[],"campfire_rested":1,"item_purchase_floors":[],"current_hp_per_floor":[63,58,49,42,42,42,30,8,8,4,4,4,26,9,9,0,0],"gold":287,"neow_bonus":"TEN_PERCENT_HP_BONUS","is_daily":false,"chose_seed":false,"campfire_upgraded":2,"win_rate":0.0,"timestamp":1612849485,"path_taken":["M","?","M","?","?","R","E","M","T","M","M","M","R","M","R","BOSS"],"items_purchased_type":[],"build_version":"2020-12-22","purchased_purges":0,"victory":false,"max_hp_per_floor":[74,74,74,74,74,74,74,74,74,74,74,74,74,74,74,74,74],"card_choices":[{"not_picked":["Perseverance","JustLucky"],"picked":"Adaptation","floor":1.0},{"not_picked":["CutThroughFate","FollowUp","SashWhip"],"picked":"SKIP","floor":3.0},{"not_picked":["ClearTheMind","FollowUp"],"picked":"Conclude","floor":5},{"not_picked":["Conclude","BowlingBash"],"picked":"Brilliance","floor":7},{"not_picked":["CutThroughFate","DeceiveReality"],"picked":"MentalFortress","floor":8},{"not_picked":["Meditate","FearNoEvil"],"picked":"FlurryOfBlows","floor":10},{"not_picked":["BowlingBash","WaveOfTheHand"],"picked":"CrushJoints","floor":11},{"not_picked":["FlyingSleeves","CutThroughFate","SandsOfTime"],"picked":"SKIP","floor":12},{"not_picked":["FlyingSleeves","CrushJoints"],"picked":"FearNoEvil","floor":14}],"player_experience":1536383,"relics_obtained":[{"floor":7,"key":"Kunai"},{"floor":9,"key":"TeardropLocket"}],"event_choices":[{"damage_healed":0.0,"max_hp_gain":0.0,"max_hp_loss":0.0,"gold_gain":0.0,"event_name":"Scrap Ooze","player_choice":"Success","floor":2.0,"gold_loss":0.0,"damage_taken":5.0,"relics_obtained":["Gambling Chip"]},{"damage_healed":0,"gold_gain":50,"player_choice":"Touch","damage_taken":7,"max_hp_gain":0,"max_hp_loss":0,"event_name":"FaceTrader","floor":4,"gold_loss":0}],"is_beta":false,"boss_relics":[],"items_purged_floors":[],"is_endless":false,"potions_floor_spawned":[1,5,12],"killed_by":"Hexaghost","ascension_level":15}}