{"host":"5dk97cf2ubw2v967","time":1612878968,"event":{"mods":["AlwaysNeverKeys","BaseMod","Better Altar","Better Vampires","Block Reminder","Card Filter","Colored Powertips","Downfall","Googly Eyes","Highlight Path","Minty Spire (QoL Compilation)","Permanent Neow","Potion Indicator Mod","Quick Restart","Relic Filter","Relic Stats","Say the Spire","Spicy Shops","StSLib","Waifu the Spire","everything is the same but u backflip on backflip"],"gold_per_floor":[110,110,126,144,156,156,185,185,185,215,215,215,234,248,248,321,321,339,339,96,129,29,29,61,61,87,103,23,53,53,53,53],"floor_reached":31,"language":"ENG","playtime":828,"items_purged":["Writhe","Defend_R"],"score":612,"play_id":"e0fb5324-105e-423b-a644-2362106efb8b","local_time":"20210209135608","is_ascension_mode":true,"campfire_choices":[{"data":"Armaments","floor":6,"key":"SMITH"},{"data":"Bludgeon","floor":8,"key":"SMITH"},{"floor":12,"key":"REST"},{"data":"Feel No Pain","floor":15,"key":"SMITH"},{"floor":23,"key":"REST"},{"data":"Havoc","floor":25,"key":"SMITH"}],"circlet_count":0,"master_deck":["AscendersBane","Strike_R","Strike_R","Strike_R","Defend_R","Defend_R","Defend_R","Bash","Bludgeon+1","Havoc+1","Feel No Pain+1","Armaments+1","Shrug It Off","Anger","Double Tap","Seeing Red","Burning Pact","Sentinel","Power Through","Bloodletting"],"relics":["Burning Blood","Tiny Chest","Letter Opener","Orichalcum","Philosopher\u0027s Stone","Pen Nib","PreservedInsect","Red Mask","Omamori","Anchor","Dream Catcher","Regal Pillow"],"acts_visited":["Exordium","TheCity"],"potions_floor_usage":[7,16,24],"damage_taken":[{"damage":12,"enemies":"Jaw Worm","floor":1,"turns":2},{"damage":0,"enemies":"Cultist","floor":3,"turns":2},{"damage":9,"enemies":"2 Louse","floor":4,"turns":3},{"damage":16,"enemies":"Large Slime","floor":5,"turns":8},{"damage":8,"enemies":"Gremlin Nob","floor":7,"turns":3},{"damage":17,"enemies":"Lagavulin","floor":10,"turns":5},{"damage":3,"enemies":"2 Fungi Beasts","floor":13,"turns":3},{"damage":0,"enemies":"Exordium Wildlife","floor":14,"turns":4},{"damage":33,"enemies":"Slime Boss","floor":16,"turns":11},{"damage":0,"enemies":"Chosen","floor":18,"turns":2},{"damage":39,"enemies":"Masked Bandits","floor":21,"turns":4},{"damage":21,"enemies":"Slavers","floor":24,"turns":5},{"damage":6,"enemies":"2 Thieves","floor":27,"turns":3},{"damage":0,"enemies":"Gremlin Leader","floor":29,"turns":4},{"damage":82,"enemies":"Cultist and Chosen","floor":31,"turns":5}],"seed_played":"6565437797709526592","potions_obtained":[{"floor":1,"key":"ColorlessPotion"},{"floor":5,"key":"FairyPotion"},{"floor":13,"key":"PowerPotion"},{"floor":16,"key":"Dexterity Potion"},{"floor":21,"key":"FearPotion"}],"is_trial":false,"path_per_floor":["M","?","M","M","M","R","E","R","T","E","?","R","M","M","R","B",null,"M","?","$","?","$","R","E","R","T","M","$","E","T","M"],"character_chosen":"IRONCLAD","items_purchased":["PreservedInsect","Power Through"],"campfire_rested":2,"item_purchase_floors":[20,28],"current_hp_per_floor":[62,62,68,65,55,55,53,53,53,42,35,57,60,66,66,39,66,72,72,72,39,39,61,46,46,46,46,46,52,52,0,0],"gold":53,"neow_bonus":"ONE_RANDOM_RARE_CARD","is_daily":false,"chose_seed":false,"campfire_upgraded":4,"win_rate":0.0,"timestamp":1612878968,"path_taken":["M","?","M","?","M","R","E","R","T","E","?","R","M","M","R","BOSS","M","?","$","?","$","R","E","R","T","M","$","E","?","M"],"items_purchased_type":["Relic","Card"],"build_version":"2020-12-22","purchased_purges":2,"victory":false,"max_hp_per_floor":[75,75,75,75,75,75,75,75,75,75,75,75,75,75,75,75,75,75,75,75,75,75,75,75,75,75,75,75,75,75,75,75],"relic_stats":{"Dream Catcher":0,"Regal Pillow":0,"counters":[15,64],"Tiny Chest":1,"Pen Nib":[4],"PreservedInsect":88,"Letter Opener":[102],"Orichalcum":[84],"obtain_stats":[{"Anchor":26,"Dream Catcher":29,"Regal Pillow":30,"Tiny Chest":7,"Philosopher\u0027s Stone":17,"Pen Nib":19,"PreservedInsect":20,"Red Mask":21,"Omamori":24,"Letter Opener":9,"Orichalcum":10,"Burning Blood":0},{"Anchor":12,"Dream Catcher":14,"Regal Pillow":14,"Tiny Chest":5,"Philosopher\u0027s Stone":9,"Pen Nib":10,"PreservedInsect":10,"Red Mask":11,"Omamori":12,"Letter Opener":5,"Orichalcum":6,"Burning Blood":0},{"Anchor":52,"Dream Catcher":59,"Regal Pillow":59,"Tiny Chest":18,"Philosopher\u0027s Stone":41,"Pen Nib":43,"PreservedInsect":43,"Red Mask":47,"Omamori":52,"Letter Opener":18,"Orichalcum":23,"Burning Blood":0}],"Burning Blood":84},"card_choices":[{"not_picked":["Disarm","Armaments"],"picked":"Havoc","floor":1},{"not_picked":["Heavy Blade","Battle Trance"],"picked":"Feel No Pain","floor":3},{"not_picked":["Thunderclap","Flex","Cleave"],"picked":"SKIP","floor":4},{"not_picked":["Pommel Strike","Clothesline"],"picked":"Armaments","floor":5},{"not_picked":["Sever Soul","Entrench"],"picked":"Shrug It Off","floor":7},{"not_picked":["Havoc","Sword Boomerang"],"picked":"Anger","floor":10},{"not_picked":["Heavy Blade","Reaper","Iron Wave"],"picked":"SKIP","floor":13},{"not_picked":["Twin Strike","Anger","Heavy Blade"],"picked":"SKIP","floor":14},{"not_picked":["Juggernaut","Offering"],"picked":"Double Tap","floor":16},{"not_picked":["Twin Strike","Warcry"],"picked":"Seeing Red","floor":18},{"not_picked":["Sword Boomerang","Sever Soul"],"picked":"Burning Pact","floor":21},{"not_picked":["Armaments","Cleave","Twin Strike"],"picked":"SKIP","floor":24},{"not_picked":["Ghostly Armor","Warcry"],"picked":"Sentinel","floor":27},{"not_picked":["Spot Weakness","Heavy Blade"],"picked":"Bloodletting","floor":29}],"player_experience":1302870,"relics_obtained":[{"floor":7,"key":"Tiny Chest"},{"floor":9,"key":"Letter Opener"},{"floor":10,"key":"Orichalcum"},{"floor":21,"key":"Red Mask"},{"floor":24,"key":"Omamori"},{"floor":26,"key":"Anchor"},{"floor":29,"key":"Dream Catcher"},{"floor":30,"key":"Regal Pillow"}],"event_choices":[{"cards_removed":["Strike_R"],"damage_healed":0,"gold_gain":0,"player_choice":"Purged","damage_taken":0,"max_hp_gain":0,"max_hp_loss":0,"event_name":"Purifier","floor":2,"gold_loss":0},{"cards_removed":["Strike_R"],"damage_healed":0,"gold_gain":0,"player_choice":"Card Removal","damage_taken":7,"max_hp_gain":0,"max_hp_loss":0,"event_name":"Golden Wing","floor":11,"gold_loss":0},{"damage_healed":0,"gold_gain":0,"player_choice":"Opened","damage_taken":0,"relics_obtained":["Pen Nib"],"max_hp_gain":0,"max_hp_loss":0,"event_name":"The Mausoleum","floor":19,"gold_loss":0,"cards_obtained":["Writhe"]},{"damage_healed":0,"gold_gain":0,"player_choice":"Fought Bandits","damage_taken":0,"max_hp_gain":0,"max_hp_loss":0,"event_name":"Masked Bandits","floor":21,"gold_loss":0}],"is_beta":false,"boss_relics":[{"not_picked":["Runic Pyramid","SacredBark"],"picked":"Philosopher\u0027s Stone"}],"items_purged_floors":[20,22],"is_endless":false,"potions_floor_spawned":[1,5,13,14,16,21],"killed_by":"Cultist and Chosen","ascension_level":20}}