{"host":"41vgbr386mrj4p17","time":1612854373,"event":{"mods":["AchievementEnabler","AlwaysNeverKeys","BaseMod","Bestiary","Better Altar","Better Match","Better Note","Better Sensory Stone","Better Skull","Better Third Choice","Colored Map","Curses Come First","Downfall","Googly Eyes","Hermit","Highlight Path","Minty Spire (QoL Compilation)","Shade Mod","StSLib","The Cursed"],"gold_per_floor":[113,113,63,27,27,58,68,95,95,95,121,141,141,62,62,159,159,174,184,184,203,128,128,156,156,156,156,156],"floor_reached":27,"language":"ENG","playtime":1548,"items_purged":["TheCursedMod:Defend_TheCursed"],"score":371,"play_id":"914bdeb4-ae2b-4c6d-a5db-a97ab60e8bfd","local_time":"20210209020613","is_ascension_mode":true,"campfire_choices":[{"floor":10,"key":"REST"},{"floor":13,"key":"REST"},{"data":"TheCursedMod:CleanUpWorkshop","floor":15,"key":"SMITH"},{"data":"TheCursedMod:SpitefulPlan","floor":23,"key":"SMITH"}],"circlet_count":0,"master_deck":["TheCursedMod:Strike_TheCursed+1","TheCursedMod:Strike_TheCursed","TheCursedMod:Strike_TheCursed","TheCursedMod:Defend_TheCursed","TheCursedMod:CursedWand","TheCursedMod:CleanUpWorkshop+1","TheCursedMod:Dregs","TheCursedMod:RapidMovement","TheCursedMod:CursedStaff","TheCursedMod:CursedBoomerang+1","TheCursedMod:StunningStrike","TheCursedMod:TroublousMinions","TheCursedMod:SpitefulPlan+1","TheCursedMod:CircleOfCorruption","TheCursedMod:LuckyCharm","TheCursedMod:DemonSword","TheCursedMod:LuckyCharm","TheCursedMod:StunningStrike","TheCursedMod:SoulReap"],"relics":["TheCursedMod:BlackMagicAdvanced","Sundial","Question Card","Whetstone","Pear","Juzu Bracelet","Pen Nib","Blood Vial"],"acts_visited":["Exordium","TheCity"],"potions_floor_usage":[8,19,21,24,24],"damage_taken":[{"damage":1,"enemies":"Jaw Worm","floor":1,"turns":5},{"damage":16,"enemies":"Gremlin Nob","floor":6,"turns":3},{"damage":0,"enemies":"Small Slimes","floor":7,"turns":2},{"damage":44,"enemies":"3 Sentries","floor":8,"turns":11},{"damage":32,"enemies":"Gremlin Nob","floor":11,"turns":4},{"damage":0,"enemies":"Cultist","floor":12,"turns":2},{"damage":24,"enemies":"Hexaghost","floor":16,"turns":9},{"damage":43,"enemies":"2 Thieves","floor":18,"turns":4},{"damage":0,"enemies":"3 Byrds","floor":19,"turns":3},{"damage":23,"enemies":"Centurion and Healer","floor":21,"turns":8},{"damage":60,"enemies":"Slavers","floor":24,"turns":7},{"damage":10,"enemies":"Chosen and Byrds","floor":27,"turns":2}],"seed_played":"-6425879092635574416","potions_obtained":[{"floor":7,"key":"Block Potion"},{"floor":8,"key":"SpeedPotion"},{"floor":12,"key":"Ancient Potion"},{"floor":16,"key":"Block Potion"},{"floor":19,"key":"DistilledChaos"},{"floor":24,"key":"SmokeBomb"}],"is_trial":false,"path_per_floor":["M","?","?","$","?","E","M","E","T","R","E","M","R","$","R","B",null,"M","M","?","M","$","R","E","?","T","M"],"character_chosen":"THE_CURSED","items_purchased":["TheCursedMod:CursedBoomerang","TheCursedMod:LuckyCharm"],"campfire_rested":2,"item_purchase_floors":[4,14],"current_hp_per_floor":[67,72,72,72,72,56,56,12,12,36,14,14,41,41,41,17,72,29,29,90,67,67,67,7,7,7,0,0],"gold":156,"neow_bonus":"TRANSFORM_CARD","is_daily":false,"chose_seed":false,"campfire_upgraded":2,"win_rate":0.0,"timestamp":1612854373,"path_taken":["M","?","?","$","?","E","M","E","T","R","E","M","R","$","R","BOSS","M","?","?","?","$","R","E","?","T","M"],"items_purchased_type":["Card","Card"],"build_version":"2020-12-22","purchased_purges":1,"victory":false,"max_hp_per_floor":[75,80,80,80,80,80,80,80,80,80,90,90,90,90,90,90,90,90,90,90,90,90,90,90,90,90,90,90],"card_choices":[{"not_picked":["TheCursedMod:CircleOfFlame","TheCursedMod:WearCloak"],"picked":"TheCursedMod:CursedStaff","floor":1},{"not_picked":["TheCursedMod:PrepareRite","TheCursedMod:ReleasedKnowledge"],"picked":"TheCursedMod:StunningStrike","floor":6},{"not_picked":["TheCursedMod:PrepareRite","TheCursedMod:SoulCrush"],"picked":"TheCursedMod:TroublousMinions","floor":7},{"not_picked":["TheCursedMod:ReleasedKnowledge","TheCursedMod:VitalStrike","TheCursedMod:CursedMace"],"picked":"SKIP","floor":8},{"not_picked":["TheCursedMod:VitalStrike","TheCursedMod:CircleOfCorruption","TheCursedMod:Stretching"],"picked":"TheCursedMod:SpitefulPlan","floor":11},{"not_picked":["TheCursedMod:CircleOfFlame","TheCursedMod:SpitefulStrike","TheCursedMod:CircleOfWindfury"],"picked":"TheCursedMod:CircleOfCorruption","floor":12},{"not_picked":["TheCursedMod:CursedRelics","TheCursedMod:AntiAging","TheCursedMod:ParallelWorld"],"picked":"TheCursedMod:DemonSword","floor":16},{"not_picked":["TheCursedMod:SpitefulStrike+1","TheCursedMod:SmokeScreen","TheCursedMod:CircleOfFlame","TheCursedMod:CursedAmulet"],"picked":"SKIP","floor":18},{"not_picked":["TheCursedMod:HellfireBreathing","TheCursedMod:WearCloak","TheCursedMod:Wield"],"picked":"TheCursedMod:LuckyCharm","floor":19},{"not_picked":["TheCursedMod:CursedBlade","TheCursedMod:Stigma","TheCursedMod:CircleOfCorruption"],"picked":"TheCursedMod:StunningStrike","floor":21},{"not_picked":["TheCursedMod:SpitefulPlan","TheCursedMod:Stigma","TheCursedMod:Torture"],"picked":"TheCursedMod:SoulReap","floor":24}],"player_experience":1061036,"relics_obtained":[{"floor":6,"key":"Sundial"},{"floor":8,"key":"Question Card"},{"floor":9,"key":"Whetstone"},{"floor":11,"key":"Pear"},{"floor":24,"key":"Juzu Bracelet"},{"floor":26,"key":"Blood Vial"}],"event_choices":[{"damage_healed":0,"gold_gain":0,"player_choice":"Donut","damage_taken":0,"max_hp_gain":5,"max_hp_loss":0,"event_name":"Big Fish","floor":2,"gold_loss":0},{"cards_removed":["TheCursedMod:Defend_TheCursed"],"damage_healed":0,"gold_gain":0,"player_choice":"Card Removal","damage_taken":0,"max_hp_gain":0,"max_hp_loss":0,"event_name":"The Cleric","floor":3,"gold_loss":50},{"damage_healed":0,"gold_gain":0,"cards_transformed":["TheCursedMod:Strike_TheCursed"],"player_choice":"Transformed","damage_taken":0,"max_hp_gain":0,"max_hp_loss":0,"event_name":"Transmorgrifier","floor":5,"gold_loss":0,"cards_obtained":["TheCursedMod:SpreadPlague"]},{"cards_removed":["TheCursedMod:SpreadPlague"],"damage_healed":61,"gold_gain":0,"player_choice":"Offered Uncommon","damage_taken":0,"max_hp_gain":0,"max_hp_loss":0,"event_name":"Bonfire Elementals","floor":20,"gold_loss":0},{"damage_healed":0,"gold_gain":0,"player_choice":"Gave Potion","damage_taken":0,"relics_obtained":["Pen Nib"],"max_hp_gain":0,"max_hp_loss":0,"event_name":"WeMeetAgain","floor":25,"gold_loss":0}],"is_beta":false,"boss_relics":[{"not_picked":["SlaversCollar","Empty Cage"],"picked":"TheCursedMod:BlackMagicAdvanced"}],"items_purged_floors":[22],"is_endless":false,"potions_floor_spawned":[7,8,12,16,19,24],"killed_by":"Chosen and Byrds","ascension_level":8}}