{"host":"zxkjcgzis4pm3za5","time":1612845060,"event":{"mods":["AchievementEnabler","BaseMod","Colored Map","Colored Powertips","Minty Spire (QoL Compilation)","Quick Restart","RNG Fix","Random Character Button","Relic Sorter","Relic Stats","StSLib"],"gold_per_floor":[165,183,196,196,211,244,264,264,264,264,290,290,306,277,277,348,348,362,287,562,580,580,580],"floor_reached":22,"language":"ENG","playtime":854,"items_purged":["Strike_P"],"score":480,"play_id":"bd9429e4-8f22-4253-bd24-7f7b08c21eee","local_time":"20210209100100","is_ascension_mode":true,"campfire_choices":[{"data":"Devotion","floor":8,"key":"SMITH"},{"floor":10,"key":"REST"},{"data":"Devotion","floor":12,"key":"SMITH"},{"data":"Pray","floor":15,"key":"SMITH"}],"circlet_count":0,"master_deck":["AscendersBane","Strike_P","Strike_P","Defend_P","Defend_P","Defend_P","Defend_P","Eruption+1","Vigilance","Consecrate","FearNoEvil","Wallop","FlurryOfBlows","Devotion+1","Protect","Worship","Devotion+1","Pray+1","Evaluate","Wish","ForeignInfluence+1","Regret","CrushJoints"],"relics":["Tiny House","Lantern","Pear","Boot","Philosopher\u0027s Stone"],"acts_visited":["Exordium","TheCity"],"potions_floor_usage":[11,16,22],"damage_taken":[{"damage":7,"enemies":"Jaw Worm","floor":1,"turns":4},{"damage":1,"enemies":"Small Slimes","floor":2,"turns":3},{"damage":0,"enemies":"Cultist","floor":3,"turns":2},{"damage":7,"enemies":"2 Fungi Beasts","floor":5,"turns":2},{"damage":13,"enemies":"Lagavulin","floor":6,"turns":6},{"damage":13,"enemies":"Lots of Slimes","floor":7,"turns":4},{"damage":13,"enemies":"3 Sentries","floor":11,"turns":6},{"damage":13,"enemies":"Red Slaver","floor":13,"turns":4},{"damage":0,"enemies":"Slime Boss","floor":16,"turns":6},{"damage":17,"enemies":"Spheric Guardian","floor":18,"turns":5},{"damage":28,"enemies":"Shell Parasite","floor":21,"turns":7},{"damage":34,"enemies":"3 Cultists","floor":22,"turns":4}],"seed_played":"3751633943454934553","potions_obtained":[{"floor":0,"key":"Fire Potion"},{"floor":2,"key":"CultistPotion"},{"floor":13,"key":"Ambrosia"}],"is_trial":false,"path_per_floor":["M","M","M","?","M","E","M","R","T","R","E","R","M","$","R","B",null,"M","$","?","M","M"],"character_chosen":"WATCHER","items_purchased":["Evaluate"],"campfire_rested":1,"item_purchase_floors":[14],"current_hp_per_floor":[59,58,58,58,51,38,25,25,35,59,46,46,33,33,33,33,71,54,54,54,26,0,0],"gold":580,"neow_bonus":"BOSS_RELIC","is_daily":false,"chose_seed":false,"campfire_upgraded":3,"win_rate":0.0,"timestamp":1612845060,"path_taken":["M","M","M","?","M","E","M","R","T","R","E","R","M","$","R","BOSS","M","$","?","M","M"],"items_purchased_type":["Card"],"build_version":"2020-12-22","purchased_purges":1,"victory":false,"max_hp_per_floor":[73,73,73,73,73,73,73,73,83,83,83,83,83,83,83,83,83,83,83,83,83,83,83],"relic_stats":{"counters":[12,53],"Boot":[5],"obtain_stats":[{"Lantern":6,"Tiny House":0,"Pear":9,"Philosopher\u0027s Stone":17,"PureWater":0,"Boot":11},{"Lantern":5,"Tiny House":0,"Pear":6,"Philosopher\u0027s Stone":9,"PureWater":0,"Boot":7},{"Lantern":17,"Tiny House":0,"Pear":21,"Philosopher\u0027s Stone":37,"PureWater":0,"Boot":27}]},"card_choices":[{"not_picked":["EmptyFist","Pray"],"picked":"Consecrate","floor":0},{"not_picked":["LikeWater","Evaluate"],"picked":"FearNoEvil","floor":1},{"not_picked":["FlurryOfBlows","EmptyFist"],"picked":"Wallop","floor":2},{"not_picked":["CutThroughFate","Halt"],"picked":"FlurryOfBlows","floor":3},{"not_picked":["ClearTheMind","Wireheading"],"picked":"Devotion","floor":5},{"not_picked":["FlurryOfBlows","LikeWater"],"picked":"Protect","floor":6},{"not_picked":["ForeignInfluence","Conclude"],"picked":"Worship","floor":7},{"not_picked":["Worship","Collect"],"picked":"Devotion","floor":11},{"not_picked":["CarveReality","Protect"],"picked":"Pray","floor":13},{"not_picked":["Vault","ConjureBlade"],"picked":"Wish","floor":16},{"not_picked":["Halt+1","FollowUp"],"picked":"ForeignInfluence+1","floor":18},{"not_picked":["EmptyBody","Weave"],"picked":"CrushJoints","floor":21}],"player_experience":340154,"relics_obtained":[{"floor":6,"key":"Lantern"},{"floor":9,"key":"Pear"},{"floor":11,"key":"Boot"}],"event_choices":[{"cards_removed":["Strike_P"],"damage_healed":0,"gold_gain":0,"player_choice":"Forget","damage_taken":0,"max_hp_gain":0,"max_hp_loss":0,"event_name":"Living Wall","floor":4,"gold_loss":0},{"damage_healed":0,"gold_gain":275,"player_choice":"Desecrate","damage_taken":0,"max_hp_gain":0,"max_hp_loss":0,"event_name":"Golden Shrine","floor":20,"gold_loss":0,"cards_obtained":["Regret"]}],"is_beta":false,"boss_relics":[{"not_picked":["Fusion Hammer","Pandora\u0027s Box"],"picked":"Philosopher\u0027s Stone"}],"items_purged_floors":[19],"is_endless":false,"potions_floor_spawned":[2,3,13],"killed_by":"3 Cultists","ascension_level":19}}