{"host":"ej72cplobca8grby","time":1612865034,"event":{"mods":["BaseMod","Downfall","Minty Spire (QoL Compilation)","StSLib"],"gold_per_floor":[99,99,99,99,99,130,154,54,65,28,55,55,87,107,117,212,212,212,229,239,256,273,30,30,30,45,45,79,97,127,142,153,258,258,58,74,155,255,267,267,335,58,73,73,105,105,121,155,165,165,165,194,7,7,7,7],"floor_reached":57,"language":"ENG","playtime":5112,"items_purged":["champ:Strike","champ:Defend","champ:Defend","Parasite"],"score":1374,"play_id":"12cd2a37-7572-47b3-9fbe-892bad153196","local_time":"20210209120354","is_ascension_mode":true,"campfire_choices":[{"floor":1,"key":"RECALL"},{"data":"champ:BladeFlurry","floor":8,"key":"SMITH"},{"data":"champ:FaceSlap","floor":12,"key":"SMITH"},{"data":"champ:GladiatorForm","floor":18,"key":"SMITH"},{"data":"champ:Taunt","floor":25,"key":"SMITH"},{"data":"champ:Execute","floor":27,"key":"SMITH"},{"data":"champ:StrikeOfGenius","floor":35,"key":"SMITH"},{"data":"champ:BladeFlurry","floor":40,"key":"SMITH"},{"data":"champ:Strike","floor":44,"key":"SMITH"},{"data":"champ:Defend","floor":46,"key":"SMITH"},{"floor":54,"key":"REST"}],"circlet_count":0,"master_deck":["champ:Strike+1","champ:Strike+1","champ:Strike+1","champ:Defend+1","champ:Execute+1","champ:Taunt+1","champ:BladeFlurry+1","champ:BerserkersShout+1","champ:FaceSlap+1","champ:FocusedBerserking+1","champ:BerserkersShout+1","champ:ShieldSlam+1","champ:EnchantCrown+1","champ:AdrenalArmor+1","champ:GladiatorForm+1","champ:SwordSigil+1","champ:ViciousMockery+1","champ:FancyFootwork+1","champ:IgnorePain+1","champ:BladeFlurry+1","champ:CalledShot+1","champ:AdrenalArmor+1","champ:StrikeOfGenius+1","champ:AdrenalArmor+1","champ:CalledShot+1","champ:EndlessRage+1","champ:BerserkersShout+1","champ:SwordSigil+1"],"relics":["champ:ChampionCrown","downfall:HeartsMalice","Toxic Egg 2","Centennial Puzzle","downfall:HeartBlessingRed","Pantograph","PreservedInsect","Runic Pyramid","Whetstone","Question Card","Sozu","downfall:HeartBlessingBlue","downfall:HeartBlessingGreen","Anchor","Gremlin Horn","Happy Flower","Art of War","Molten Egg 2","Bronze Scales"],"acts_visited":["Exordium","TheCity","TheBeyond","TheEnding"],"potions_floor_usage":[],"damage_taken":[{"damage":0,"enemies":"Small Slimes","floor":2,"turns":1},{"damage":0,"enemies":"2 Louse","floor":3,"turns":1},{"damage":0,"enemies":"Gremlin Nob","floor":6,"turns":1},{"damage":10,"enemies":"Cultist","floor":9,"turns":3},{"damage":25,"enemies":"downfall:FleeingMerchant","floor":10,"turns":4},{"damage":73,"enemies":"3 Sentries","floor":11,"turns":5},{"damage":5,"enemies":"Gremlin Nob","floor":13,"turns":3},{"damage":17,"enemies":"Blue Slaver","floor":14,"turns":3},{"damage":15,"enemies":"Gremlin Gang","floor":15,"turns":4},{"damage":65,"enemies":"SI_SHIV_ARCHETYPE","floor":16,"turns":4},{"damage":40,"enemies":"Chosen","floor":19,"turns":3},{"damage":50,"enemies":"3 Cultists","floor":20,"turns":4},{"damage":85,"enemies":"Centurion and Healer","floor":21,"turns":4},{"damage":94,"enemies":"Cultist and Chosen","floor":22,"turns":5},{"damage":55,"enemies":"downfall:FleeingMerchant","floor":23,"turns":4},{"damage":65,"enemies":"Shelled Parasite and Fungi","floor":26,"turns":4},{"damage":46,"enemies":"Book of Stabbing","floor":28,"turns":3},{"damage":13,"enemies":"Snake Plant","floor":29,"turns":3},{"damage":38,"enemies":"Slavers","floor":30,"turns":4},{"damage":30,"enemies":"Sentry and Sphere","floor":31,"turns":3},{"damage":25,"enemies":"Shelled Parasite and Fungi","floor":32,"turns":3},{"damage":145,"enemies":"DF_ARCHETYPE_CLAW","floor":33,"turns":8},{"damage":40,"enemies":"Orb Walker","floor":36,"turns":2},{"damage":100,"enemies":"downfall:FleeingMerchant","floor":37,"turns":4},{"damage":25,"enemies":"3 Darklings","floor":39,"turns":3},{"damage":150,"enemies":"Transient","floor":43,"turns":5},{"damage":90,"enemies":"Reptomancer","floor":45,"turns":3},{"damage":54,"enemies":"4 Shapes","floor":47,"turns":3},{"damage":90,"enemies":"Giant Head","floor":48,"turns":4},{"damage":37,"enemies":"Writhing Mass","floor":49,"turns":3},{"damage":131,"enemies":"IC_BLOCK_ARCHETYPE","floor":50,"turns":4},{"damage":69,"enemies":"downfall:CharBossMerchant","floor":52,"turns":5},{"damage":144,"enemies":"downfall:NeowBoss","floor":55,"turns":8},{"damage":163,"enemies":"downfall:NeowBossFinal","floor":56,"turns":6}],"seed_played":"3144168144558356134","potions_obtained":[{"floor":6,"key":"sneckomod:MuddlingPotion"},{"floor":11,"key":"sneckomod:MuddlingPotion"},{"floor":13,"key":"GamblersBrew"},{"floor":14,"key":"hexamod:SoulburnPotion"},{"floor":20,"key":"DuplicationPotion"},{"floor":28,"key":"LiquidMemories"},{"floor":30,"key":"Swift Potion"}],"is_trial":false,"path_per_floor":["R","M","M","?","?","E","T","R","M","$","E","R","E","M","M","B",null,"R","M","M","M","M","$","T","R","M","R","E","M","E","M","M","B",null,"R","M","$","?","M","R","T","$","M","R","E","R","M","E","M","B",null,"E","$","R","B","B",null],"character_chosen":"THE_CHAMP","items_purchased":["champ:BerserkersShout+1","champ:IgnorePain+1","Anchor","Happy Flower","champ:SwordSigil+1"],"campfire_rested":1,"item_purchase_floors":[10,23,37,42,53],"current_hp_per_floor":[90,90,90,90,90,90,90,90,90,85,72,72,72,70,70,80,90,90,90,90,80,56,56,56,56,63,63,67,74,83,90,90,40,90,100,100,100,100,100,100,100,100,100,100,100,100,100,100,93,84,100,91,91,97,97,69],"gold":7,"neow_bonus":"THREE_ENEMY_KILL","is_daily":false,"chose_seed":false,"campfire_upgraded":9,"win_rate":0.0,"timestamp":1612865034,"path_taken":["R","M","M","?","?","E","T","R","M","$","E","R","E","?","M","BOSS","R","M","M","M","M","$","T","R","M","R","E","M","E","M","M","BOSS","R","M","$","?","?","R","T","$","M","R","E","R","?","E","M","BOSS","E","$","R","BOSS","BOSS"],"items_purchased_type":["Card","Card","Relic","Relic","Card"],"build_version":"2020-12-22","purchased_purges":4,"victory":true,"max_hp_per_floor":[90,90,90,90,90,90,90,90,90,90,90,90,90,90,90,90,90,90,90,90,90,90,90,90,90,90,90,90,90,90,90,90,90,90,100,100,100,100,100,100,100,100,100,100,100,100,100,100,100,100,100,100,97,97,97,97],"card_choices":[{"not_picked":["champ:PerfectedStrike","champ:ShieldSlam"],"picked":"champ:BladeFlurry","floor":2},{"not_picked":["champ:PreciseThrust","champ:DefensiveShout","champ:FanOfKnives"],"picked":"SKIP","floor":3},{"not_picked":["champ:RapidStrikes","champ:PreemptiveStrike"],"picked":"champ:BerserkersShout+1","floor":6},{"not_picked":["champ:Circumvent+1","champ:CrownThrow"],"picked":"champ:FaceSlap","floor":9},{"not_picked":["champ:GutPunch","champ:HeartStrike"],"picked":"champ:FocusedBerserking+1","floor":10},{"not_picked":["champ:RisingSlash","champ:Shatter"],"picked":"champ:ShieldSlam+1","floor":11},{"not_picked":["champ:BerserkersShout+1","champ:FanOfKnives"],"picked":"champ:EnchantCrown+1","floor":13},{"not_picked":["champ:Haymaker","champ:EnGarde+1","champ:ViciousMockery+1"],"picked":"SKIP","floor":14},{"not_picked":["champ:Backstep+1","champ:Duel"],"picked":"champ:AdrenalArmor+1","floor":15},{"not_picked":["champ:UltimateStance+1","champ:SteelEdge"],"picked":"champ:GladiatorForm","floor":16},{"not_picked":["champ:FaceSlap+1","champ:StanceDance+1","champ:EndlessRage"],"picked":"SKIP","floor":19},{"not_picked":["champ:ViciousMockery+1","champ:BerserkersShout+1"],"picked":"champ:SwordSigil+1","floor":20},{"not_picked":["champ:PerfectedStrike","champ:BringItOn+1"],"picked":"champ:ViciousMockery+1","floor":21},{"not_picked":["champ:FocusedDefense+1","champ:Circumvent+1"],"picked":"champ:FancyFootwork+1","floor":22},{"not_picked":["champ:UltimateStance+1","champ:HeartStrike","champ:LastStand"],"picked":"SKIP","floor":23},{"not_picked":["champ:TornadoPunch","champ:Haymaker+1","champ:FaceSlap"],"picked":"SKIP","floor":26},{"not_picked":["champ:DefensiveShout+1","champ:PreciseThrust+1"],"picked":"champ:BladeFlurry","floor":28},{"not_picked":["champ:Haymaker+1","champ:FocusedDefense+1","champ:DeathBlow+1"],"picked":"SKIP","floor":29},{"not_picked":["champ:FaceSlap","champ:BerserkersShout+1"],"picked":"champ:CalledShot+1","floor":30},{"not_picked":["champ:Haymaker","champ:ShieldSlam+1","champ:GutPunch+1"],"picked":"champ:AdrenalArmor+1","floor":31},{"not_picked":["champ:BladeFlurry","champ:StanceDance+1","champ:PreciseThrust","champ:ShieldSlam+1"],"picked":"SKIP","floor":32},{"not_picked":["champ:Improvising","champ:TripleStrike","champ:MurderStrike"],"picked":"champ:StrikeOfGenius","floor":33},{"not_picked":["champ:ArenaPreparation+1","champ:PreciseThrust+1","champ:ShieldSigil+1"],"picked":"champ:AdrenalArmor+1","floor":36},{"not_picked":["champ:FocusedBerserking+1","champ:ViciousMockery+1","champ:TornadoPunch","champ:PreciseThrust+1"],"picked":"SKIP","floor":37},{"not_picked":["champ:Lariat+1","champ:DefensiveShout+1","champ:GutPunch+1"],"picked":"champ:CalledShot+1","floor":39},{"not_picked":["champ:Endure+1","champ:FocusedBerserking+1","champ:CalledShot+1","champ:ShieldSlam+1"],"picked":"SKIP","floor":43},{"not_picked":["champ:Parry+1","champ:DefensiveStyle+1","champ:FocusedBerserking+1","champ:CrownThrow"],"picked":"SKIP","floor":45},{"not_picked":["champ:AdrenalArmor+1","champ:Duel+1","champ:PreemptiveStrike"],"picked":"champ:EndlessRage+1","floor":47},{"not_picked":["champ:DefensiveShout+1","champ:PerfectedStrike+1","champ:SteelEdge+1","champ:EnGarde+1"],"picked":"SKIP","floor":48},{"not_picked":["champ:Shatter+1","champ:CrookedStrike+1","champ:SetATrap+1","champ:PreciseThrust+1"],"picked":"SKIP","floor":49},{"not_picked":["champ:FocusedDefense+1","champ:Haymaker+1","champ:GutPunch+1"],"picked":"champ:BerserkersShout+1","floor":52}],"player_experience":1210737,"relics_obtained":[{"floor":6,"key":"Toxic Egg 2"},{"floor":7,"key":"Centennial Puzzle"},{"floor":11,"key":"Pantograph"},{"floor":13,"key":"PreservedInsect"},{"floor":28,"key":"Whetstone"},{"floor":30,"key":"Question Card"},{"floor":41,"key":"Gremlin Horn"},{"floor":45,"key":"Art of War"},{"floor":48,"key":"Molten Egg 2"},{"floor":52,"key":"Bronze Scales"}],"event_choices":[{"cards_removed":["champ:Defend"],"damage_healed":0,"gold_gain":0,"player_choice":"Card Removal","damage_taken":0,"max_hp_gain":0,"max_hp_loss":0,"event_name":"The Cleric","floor":4,"gold_loss":0},{"damage_healed":0,"gold_gain":0,"player_choice":"Ignored","damage_taken":0,"max_hp_gain":0,"max_hp_loss":0,"event_name":"NoteForYourself","floor":5,"gold_loss":0}],"is_beta":false,"boss_relics":[{"not_picked":["Coffee Dripper","Fusion Hammer"],"picked":"Runic Pyramid"},{"not_picked":["champ:PowerArmor","Tiny House"],"picked":"Sozu"}],"items_purged_floors":[23,37,42,53],"is_endless":false,"potions_floor_spawned":[6,11,13,14,20,21,28,30,39,47,48],"ascension_level":1}}