{"host":"o1scrl1hgy598kuq","time":1612875364,"event":{"mods":["BaseMod","Colored Map","Colored Powertips","Minty Spire (QoL Compilation)","Remilia??????","Replay The Spire","Shop Mod","StSLib","The Jungle","The Marked","The Servant 0.9.4"],"gold_per_floor":[111,131,131,149,149,149,187,187,187,205,205,228,244,277,277,398,398,422,422,422,422,383,423,423,446,522,276,276,276,292,313,313,433,433,451,469,183,199,218,257,278,318,344,380,713,713,713,727,727,727,727,727,44,70,70],"floor_reached":56,"language":"ENG","playtime":3882,"items_purged":["Lust_TH","Clumsy","theMarked:EternalStudent"],"score":1317,"play_id":"b553051a-61b7-473e-b08f-d9621028c679","local_time":"20210209065604","is_ascension_mode":false,"campfire_choices":[{"data":"theMarked:SoldierOfQuellstein","floor":6,"key":"SMITH"},{"data":"theMarked:ComboAttacks","floor":8,"key":"SMITH"},{"floor":15,"key":"REST"},{"data":"theMarked:MysticalArsenal","floor":24,"key":"SMITH"},{"data":"theMarked:TakeOffHeels","floor":29,"key":"SMITH"},{"floor":32,"key":"RECALL"},{"data":"theMarked:TakeOffHeels","floor":47,"key":"SMITH"},{"data":"theMarked:Challenge","floor":49,"key":"SMITH"},{"data":"theMarked:BindingBlade","floor":52,"key":"SMITH"}],"circlet_count":0,"master_deck":["theMarked:Defend","theMarked:Defend","theMarked:SoldierOfQuellstein+1","theMarked:ComboAttacks+1","theMarked:BanishingStrike","theMarked:Determination+1","theMarked:Improvise+1","theMarked:TakeOffHeels+1","theMarked:Challenge+1","ReplayTheSpireMod:Faulty Equipment","theMarked:BanishingStrike","theMarked:MysticalArsenal+1","theMarked:MuscleMemory","theMarked:Memento+1","theMarked:WardOff","theMarked:TakeOffHeels+1","theMarked:MysticalArsenal+1","theMarked:EnhanceMovement+1","theMarked:BindingBlade+1","theMarked:RogueSparks+1","theMarked:Overcharge"],"relics":["theMarked:ArtifactOfAir","theMarked:DemonDagger","Divine Protection","Pen Nib","Ginger","MerchantsRug","PreservedInsect","Iron Hammer","ReplayTheSpireMod:TigerMarble","SlaversCollar","Centennial Puzzle","Happy Flower","HornCleat","Bronze Scales","Ornamental Fan","Lee\u0027s Waffle","FossilizedHelix"],"acts_visited":["Exordium","TheCity","TheBeyond","TheEnding"],"potions_floor_usage":[7,14,14,23,33,33,42,50,50,55,55,55],"damage_taken":[{"damage":2,"enemies":"2 Louse","floor":1,"turns":3},{"damage":5,"enemies":"Cultist","floor":2,"turns":4},{"damage":3,"enemies":"Jaw Worm","floor":4,"turns":4},{"damage":16,"enemies":"Lagavulin","floor":7,"turns":5},{"damage":0,"enemies":"Red Slaver","floor":10,"turns":3},{"damage":0,"enemies":"2 Fungi Beasts","floor":12,"turns":3},{"damage":2,"enemies":"Looter","floor":13,"turns":2},{"damage":6,"enemies":"Gremlin Nob","floor":14,"turns":3},{"damage":1,"enemies":"Hexaghost","floor":16,"turns":7},{"damage":3,"enemies":"3 Byrds","floor":18,"turns":5},{"damage":0,"enemies":"Book of Stabbing","floor":23,"turns":3},{"damage":0,"enemies":"Spheric Guardian","floor":25,"turns":3},{"damage":0,"enemies":"Shelled Parasite and Fungi","floor":30,"turns":2},{"damage":2,"enemies":"Snecko","floor":31,"turns":3},{"damage":7,"enemies":"Automaton","floor":33,"turns":5},{"damage":1,"enemies":"3 Shapes","floor":35,"turns":5},{"damage":1,"enemies":"Orb Walker","floor":36,"turns":3},{"damage":0,"enemies":"Maw","floor":38,"turns":6},{"damage":18,"enemies":"Jaw Worm Horde","floor":39,"turns":4},{"damage":3,"enemies":"R_Hoarder","floor":40,"turns":5},{"damage":29,"enemies":"Transient","floor":41,"turns":5},{"damage":0,"enemies":"Reptomancer","floor":42,"turns":3},{"damage":0,"enemies":"Giant Head","floor":44,"turns":4},{"damage":0,"enemies":"Sphere and 2 Shapes","floor":48,"turns":4},{"damage":18,"enemies":"Time Eater","floor":50,"turns":6},{"damage":0,"enemies":"Shield and Spear","floor":54,"turns":3},{"damage":3,"enemies":"The Heart","floor":55,"turns":6}],"seed_played":"5669907995501689898","potions_obtained":[{"floor":2,"key":"AttackPotion"},{"floor":12,"key":"SkillPotion"},{"floor":13,"key":"DuplicationPotion"},{"floor":14,"key":"Milkshake"},{"floor":18,"key":"AttackPotion"},{"floor":30,"key":"Venom Potion"},{"floor":31,"key":"Toxic Potion"},{"floor":38,"key":"DuplicationPotion"},{"floor":42,"key":"ColorlessPotion"}],"is_trial":false,"path_per_floor":["M","M","?","M","?","R","E","R","T","M","T","M","M","E","R","B",null,"M","?","?","T","$","E","R","M","T","$","?","R","M","M","R_BF","B",null,"M","M","$","M","M","E","M","E","T","E","?","?","R","M","R","B",null,"R","$","E","B",null],"character_chosen":"THE_DEFAULT","items_purchased":["MerchantsRug","theMarked:MysticalArsenal","ReplayTheSpireMod:TigerMarble","theMarked:TakeOffHeels","CultistPotion","Adrenaline Potion","Bronze Scales","Ornamental Fan","DuplicationPotion","Adrenaline Potion","Lee\u0027s Waffle"],"campfire_rested":1,"item_purchase_floors":[22,22,27,37,37,37,53,53,53,53,53],"current_hp_per_floor":[68,63,46,43,43,43,27,27,27,27,27,27,25,19,40,39,70,67,67,67,67,67,67,67,67,67,67,67,67,67,65,65,58,70,69,68,68,68,50,47,30,42,42,42,42,42,42,42,42,36,70,70,77,77,74],"gold":70,"neow_bonus":"RANDOM_EVENT","is_daily":false,"chose_seed":false,"campfire_upgraded":7,"win_rate":0.0,"timestamp":1612875364,"path_taken":["M","M","?","M","?","R","E","R","T","?","?","?","M","E","R","BOSS","M","?","?","?","$","E","R","M","T","$","?","R","M","M","R_BF","BOSS","M","M","$","M","M","E","?","E","T","E","?","?","R","M","R","BOSS","R","$","E","BOSS"],"items_purchased_type":["Relic","Card","Relic","Card","Potion","Potion","Relic","Relic","Potion","Potion","Relic"],"build_version":"2020-12-22","purchased_purges":3,"victory":true,"max_hp_per_floor":[70,70,70,70,70,70,70,70,70,70,70,70,70,70,70,70,70,70,70,70,70,70,70,70,70,70,70,70,70,70,70,70,70,70,70,70,70,70,70,70,70,70,70,70,70,70,70,70,70,70,70,70,77,77,77],"card_choices":[{"not_picked":["theMarked:ResourceFulStrike","theMarked:WastefulAttack"],"picked":"theMarked:ComboAttacks","floor":1},{"not_picked":["theMarked:ElectricStrings","theMarked:Parkour"],"picked":"theMarked:Frustration","floor":2},{"not_picked":["theMarked:Electrify","theMarked:MuscleMemory"],"picked":"theMarked:BanishingStrike","floor":4},{"not_picked":["theMarked:CreepingChasm","theMarked:FavorableWinds","theMarked:ResourceFulStrike"],"picked":"SKIP","floor":7},{"not_picked":["theMarked:Maelstrom","theMarked:ElectricStrings"],"picked":"theMarked:Determination","floor":10},{"not_picked":["theMarked:TakeCover","theMarked:ElectricStrings"],"picked":"theMarked:Improvise","floor":12},{"not_picked":["theMarked:TwofoldDefense","theMarked:ResourceFulStrike","theMarked:HeightenedSenses"],"picked":"SKIP","floor":13},{"not_picked":["theMarked:ChainLightning","theMarked:HeightenedSenses"],"picked":"theMarked:TakeOffHeels","floor":14},{"not_picked":["theMarked:Toughness","theMarked:FavorableWinds"],"picked":"theMarked:Challenge","floor":16},{"not_picked":["theMarked:OneWithTheBlade","theMarked:Panic+1"],"picked":"theMarked:BanishingStrike","floor":18},{"not_picked":["theMarked:OneWithTheBlade","theMarked:Overthink","theMarked:TakeCover"],"picked":"SKIP","floor":23},{"not_picked":["theMarked:ElectricStrings","theMarked:HeightenedSenses","theMarked:BanishingStrike"],"picked":"SKIP","floor":25},{"not_picked":["theMarked:KeepCalmAndFight","theMarked:StartUp+1"],"picked":"theMarked:MuscleMemory","floor":30},{"not_picked":["theMarked:OneWithTheBlade","theMarked:Generate+1"],"picked":"theMarked:Memento+1","floor":31},{"not_picked":["theMarked:FavorableWinds","theMarked:UnarmedFury"],"picked":"theMarked:EternalStudent","floor":33},{"not_picked":["theMarked:Pokerface","theMarked:Improvise+1"],"picked":"theMarked:WardOff","floor":35},{"not_picked":["theMarked:Friction","theMarked:ChainLightning","theMarked:BanishingWave"],"picked":"SKIP","floor":36},{"not_picked":["theMarked:Aftermath+1","theMarked:Parkour+1"],"picked":"theMarked:MysticalArsenal+1","floor":38},{"not_picked":["theMarked:TwofoldDefense+1","theMarked:GodGivenPower","theMarked:Polarize+1"],"picked":"SKIP","floor":39},{"not_picked":["theMarked:BanishingStrike+1","theMarked:Convert+1"],"picked":"theMarked:EnhanceMovement+1","floor":40},{"not_picked":["theMarked:ChainLightning+1","theMarked:Static"],"picked":"theMarked:BindingBlade","floor":41},{"not_picked":["theMarked:ResourceFulStrike","theMarked:ThrowWeapon"],"picked":"theMarked:RogueSparks+1","floor":42},{"not_picked":["theMarked:CreepingChasm+1","theMarked:Parkour+1"],"picked":"theMarked:Overcharge","floor":44},{"not_picked":["theMarked:SelfDefenseTraining","theMarked:BanishingStrike","theMarked:WardOff"],"picked":"SKIP","floor":48},{"not_picked":["theMarked:Static+1","theMarked:EmpowerWeapon","theMarked:KeepCalmAndFight"],"picked":"SKIP","floor":54}],"player_experience":253218,"relics_obtained":[{"floor":7,"key":"Matryoshka"},{"floor":9,"key":"theMarked:DemonDagger"},{"floor":9,"key":"Divine Protection"},{"floor":11,"key":"Pen Nib"},{"floor":14,"key":"Meat on the Bone"},{"floor":21,"key":"Ginger"},{"floor":23,"key":"PreservedInsect"},{"floor":26,"key":"Iron Hammer"},{"floor":40,"key":"Centennial Puzzle"},{"floor":42,"key":"Golden Egg"},{"floor":43,"key":"Happy Flower"},{"floor":44,"key":"HornCleat"},{"floor":54,"key":"FossilizedHelix"}],"event_choices":[{"cards_removed":["theMarked:Strike"],"damage_healed":0,"gold_gain":0,"player_choice":"Forget","damage_taken":0,"max_hp_gain":0,"max_hp_loss":0,"event_name":"Living Wall","floor":0,"gold_loss":0},{"damage_healed":0,"gold_gain":0,"player_choice":"Take Damage","damage_taken":17,"relics_obtained":["Golden Idol"],"max_hp_gain":0,"max_hp_loss":0,"event_name":"Golden Idol","floor":3,"gold_loss":0},{"cards_removed":["theMarked:Strike"],"damage_healed":0,"gold_gain":0,"player_choice":"Purged","damage_taken":0,"max_hp_gain":0,"max_hp_loss":0,"event_name":"Purifier","floor":5,"gold_loss":0},{"damage_healed":0,"gold_gain":0,"player_choice":"Ignored","damage_taken":0,"max_hp_gain":0,"max_hp_loss":0,"event_name":"Ghosts","floor":20,"gold_loss":0},{"cards_removed":["theMarked:Frustration"],"damage_healed":0,"gold_gain":0,"player_choice":"Purged","damage_taken":0,"max_hp_gain":0,"max_hp_loss":0,"event_name":"Purifier","floor":28,"gold_loss":0},{"damage_healed":0,"gold_gain":333,"player_choice":"Gave Idol","damage_taken":0,"max_hp_gain":0,"max_hp_loss":0,"event_name":"The Moai Head","floor":45,"relics_lost":["Golden Idol"],"gold_loss":0},{"damage_healed":0,"gold_gain":0,"player_choice":"Ignored","damage_taken":0,"max_hp_gain":0,"max_hp_loss":0,"event_name":"Tomb of Lord Red Mask","floor":46,"gold_loss":0}],"is_beta":false,"boss_relics":[{"not_picked":["Runic Dome","ChewingGum"],"picked":"Kintsugi"},{"not_picked":["Replay:Drink Me","Velvet Choker"],"picked":"SlaversCollar"}],"items_purged_floors":[22,27,53],"is_endless":false,"potions_floor_spawned":[2,12,13,14,18,30,31,38,39,41,42,48],"ascension_level":0}}