{"host":"r5cycnjhcbwgkpkf","time":1612892845,"event":{"mods":["2.2 Compatiblity","AchievementEnabler","BaseMod","Bestiary","Better Altar","Better Match","Better Note","Better Skull","Better Third Choice","BetterRewards","Colored Map","Colored Powertips","Infinite Spire","Minty Spire (QoL Compilation)","Reliquary","Replay The Spire","Spicy Shops","StSLib"],"gold_per_floor":[114,9,25,25,41,41,116,116,142,32,32,63,63,97,97,194,194,211,211,183,183,196,230,248,248,248,248,248,281,281,291,291,389,389,404,404,404,454,480,480,513,513,559,559,559,109,139,173,173,179,179],"floor_reached":50,"language":"ENG","playtime":1855,"items_purged":["Strike_P"],"score":988,"play_id":"688caf62-f26d-43ec-8c1f-7f9c300a626d","local_time":"20210209094725","is_ascension_mode":true,"campfire_choices":[{"floor":6.0,"key":"REST"},{"data":"Eruption","floor":11.0,"key":"SMITH"},{"floor":13.0,"key":"REST"},{"data":"WindmillStrike","floor":15.0,"key":"SMITH"},{"floor":25.0,"key":"REST"},{"floor":27.0,"key":"REST"},{"data":"Blasphemy","floor":27.0,"key":"SMITH"},{"floor":32.0,"key":"REST"},{"data":"Adaptation","floor":32.0,"key":"SMITH"},{"floor":40.0,"key":"REST"},{"data":"Ragnarok","floor":40.0,"key":"SMITH"},{"floor":45.0,"key":"REST"},{"data":"Replay:Hum","floor":45.0,"key":"SMITH"},{"floor":49.0,"key":"REST"},{"data":"Replay:LoomingThreat","floor":49.0,"key":"SMITH"}],"circlet_count":0,"master_deck":["Strike_P","Strike_P","Strike_P","Defend_P","Defend_P+1","Defend_P","Defend_P","Eruption+1","Vigilance+1","EmptyFist","Adaptation+1","WindmillStrike+1","SandsOfTime+1","FollowUp","Crescendo","Replay:Hum+1","BattleHymn+1","TalkToTheHand+1","Establishment+1","Consecrate+1","Blasphemy+1","Ragnarok+1","Replay:LoomingThreat+1"],"relics":["PureWater","infinitespire:WardingShard","reliquary:PartyBalloon","Vajra","Strawberry","Question Card","PreservedInsect","MealTicket","Blue Doll","ReplayTheSpireMod:DimensionalGlitch","Bag of Preparation","infinitespire:Magic Flask","reliquary:BallBearing","FossilizedHelix","reliquary:WeakTea","Replay:Bandana","Toy Ornithopter","War Paint","Guide Book","reliquary:Boomerang"],"acts_visited":["Exordium","TheCity","TheBeyond"],"potions_floor_usage":[50],"damage_taken":[{"damage":8.0,"enemies":"infinitespire:Voidling","floor":1.0,"turns":4.0},{"damage":4.0,"enemies":"Jaw Worm","floor":3.0,"turns":4.0},{"damage":0.0,"enemies":"Small Slimes","floor":5.0,"turns":2.0},{"damage":10.0,"enemies":"3 Sentries","floor":12.0,"turns":3.0},{"damage":5.0,"enemies":"Replay:BlueRogue","floor":14.0,"turns":3.0},{"damage":0.0,"enemies":"Slime Boss","floor":16.0,"turns":3.0},{"damage":12.0,"enemies":"2 Thieves","floor":18.0,"turns":2.0},{"damage":5.0,"enemies":"Chosen","floor":22.0,"turns":3.0},{"damage":27.0,"enemies":"Book of Stabbing","floor":23.0,"turns":4.0},{"damage":17.0,"enemies":"Snake Plant","floor":24.0,"turns":2.0},{"damage":0.0,"enemies":"Gremlin Leader","floor":29.0,"turns":3.0},{"damage":23.0,"enemies":"Centurion and Healer","floor":31.0,"turns":2.0},{"damage":45.0,"enemies":"Collector","floor":33.0,"turns":6.0},{"damage":23.0,"enemies":"3 Darklings","floor":35.0,"turns":4.0},{"damage":0.0,"enemies":"Mind Bloom Boss Battle","floor":38.0,"turns":3.0},{"damage":0.0,"enemies":"Giant Head","floor":41.0,"turns":5.0},{"damage":3.0,"enemies":"3 Shapes","floor":47.0,"turns":2.0},{"damage":32.0,"enemies":"3 Darklings","floor":48.0,"turns":3.0},{"damage":150064,"enemies":"Awakened One","floor":50,"turns":5}],"seed_played":"1625263810813089898","potions_obtained":[{"floor":1.0,"key":"SkillPotion"},{"floor":5.0,"key":"SkillPotion"},{"floor":12.0,"key":"PowerPotion"},{"floor":22.0,"key":"Explosive Potion"}],"is_trial":false,"path_per_floor":["M","$","M","$","M","R","?","T","T","$","R","E","R","E","R","B",null,"M","?","$","?","M","E","M","R","T","R","?","E","$","M","R","B",null,"M","?","?","?","T","R","E","?","T","?","R","$","M","M","R","B"],"character_chosen":"WATCHER","items_purchased":["infinitespire:WardingShard","reliquary:PartyBalloon","Vajra","EmptyFist","Adaptation","Strawberry","Explosive Potion","SandsOfTime+1","FollowUp","Replay:Hum","Consecrate+1","War Paint","Guide Book","reliquary:Boomerang"],"campfire_rested":8,"item_purchase_floors":[0,0,0,0,0,0,0,2,2,10,20,46,46,46],"current_hp_per_floor":[43,43,39,39,39,62,51,51,51,51,51,41,64,59,59,59,74,62,62,77,77,72,45,28,51,51,74,74,74,79,56,79,34,68,45,45,45,45,45,68,68,68,68,68,79,79,76,44,67,0,0],"gold":179,"neow_bonus":"","is_daily":false,"chose_seed":false,"campfire_upgraded":7,"win_rate":0.0,"timestamp":1612892845,"path_taken":["M","$","?","$","M","R","?","?","T","?","R","E","R","E","R","BOSS","M","?","$","?","M","E","M","R","T","R","?","E","$","M","R","BOSS","M","?","?","?","?","R","E","?","T","?","R","$","?","M","R","BOSS"],"items_purchased_type":["Relic","Relic","Relic","Card","Card","Relic","Potion","Card","Card","Card","Card","Relic","Relic","Relic"],"build_version":"2020-12-22","purchased_purges":1,"victory":false,"max_hp_per_floor":[79,79,79,79,79,79,79,79,79,79,79,79,79,79,79,79,79,79,79,79,79,79,79,79,79,79,79,79,79,79,79,79,79,79,79,79,79,79,79,79,79,79,79,79,79,79,79,79,79,79,79],"card_choices":[{"not_picked":["SandsOfTime","Perseverance"],"picked":"WindmillStrike","floor":1.0},{"not_picked":["SignatureMove","CutThroughFate","FollowUp"],"picked":"SKIP","floor":3.0},{"not_picked":["PathToVictory","WheelKick"],"picked":"Crescendo","floor":5.0},{"not_picked":["FlurryOfBlows","PathToVictory","Swivel"],"picked":"BattleHymn","floor":12.0},{"not_picked":["Evaluate","Replay:DivineShield","Wireheading"],"picked":"TalkToTheHand","floor":14.0},{"not_picked":["DevaForm","Brilliance","Judgement"],"picked":"Establishment","floor":16.0},{"not_picked":["EmptyBody","Replay:BluntJabs","Replay:Cycle","CutThroughFate"],"picked":"SKIP","floor":18.0},{"not_picked":["DeceiveReality","WreathOfFlame","EmptyFist+1","Replay:AtTheReady"],"picked":"SKIP","floor":22.0},{"not_picked":["SignatureMove","ClearTheMind","Replay:ManipulateFuture"],"picked":"Blasphemy","floor":23.0},{"not_picked":["ThirdEye","Worship","SandsOfTime","FollowUp+1"],"picked":"SKIP","floor":24.0},{"not_picked":["Swivel","ForeignInfluence+1","WindmillStrike","EmptyMind+1"],"picked":"SKIP","floor":29.0},{"not_picked":["ThirdEye","JustLucky","EmptyMind+1","SashWhip"],"picked":"SKIP","floor":31.0},{"not_picked":["DeusExMachina","Replay:AllIn","Establishment"],"picked":"Ragnarok","floor":33.0},{"not_picked":["Replay:ManipulateFuture+1","Protect","Consecrate","JustLucky+1"],"picked":"SKIP","floor":35.0},{"not_picked":["CutThroughFate","Meditate+1","Replay:Cycle+1","Wallop"],"picked":"SKIP","floor":41.0},{"not_picked":["MentalFortress","ThirdEye","FollowUp","Replay:AtTheReady"],"picked":"SKIP","floor":47.0},{"not_picked":["Replay:BluntJabs+1","DeceiveReality+1","EmptyBody"],"picked":"Replay:LoomingThreat","floor":48.0}],"player_experience":405941,"relics_obtained":[{"floor":8.0,"key":"Question Card"},{"floor":9.0,"key":"PreservedInsect"},{"floor":12.0,"key":"MealTicket"},{"floor":14.0,"key":"Blue Doll"},{"floor":23.0,"key":"Bag of Preparation"},{"floor":26.0,"key":"infinitespire:Magic Flask"},{"floor":29.0,"key":"reliquary:BallBearing"},{"floor":38.0,"key":"FossilizedHelix"},{"floor":39.0,"key":"reliquary:WeakTea"},{"floor":41.0,"key":"Replay:Bandana"},{"floor":43.0,"key":"Toy Ornithopter"}],"event_choices":[{"damage_healed":0.0,"max_hp_gain":0.0,"max_hp_loss":0.0,"gold_gain":75.0,"event_name":"betterThird:BetterGoop","player_choice":"Gold","floor":7.0,"gold_loss":0.0,"damage_taken":11.0},{"damage_healed":0.0,"max_hp_gain":0.0,"max_hp_loss":0.0,"gold_gain":0.0,"event_name":"Ghosts","player_choice":"Ignored","floor":21.0,"gold_loss":0.0,"damage_taken":0.0},{"damage_healed":0.0,"max_hp_gain":0.0,"max_hp_loss":0.0,"gold_gain":0.0,"event_name":"Vampires","player_choice":"Ignored","floor":28.0,"gold_loss":0.0,"damage_taken":0.0},{"damage_healed":0.0,"max_hp_gain":0.0,"max_hp_loss":0.0,"gold_gain":0.0,"event_name":"MindBloom","player_choice":"Fight","floor":38.0,"gold_loss":0.0,"damage_taken":0.0},{"damage_healed":0.0,"max_hp_gain":0.0,"max_hp_loss":0.0,"gold_gain":0.0,"event_name":"SensoryStone","player_choice":"Memory 1","floor":42.0,"gold_loss":0.0,"damage_taken":0.0},{"damage_healed":0.0,"max_hp_gain":0.0,"max_hp_loss":0.0,"gold_gain":0.0,"event_name":"Accursed Blacksmith","player_choice":"Forge","floor":44.0,"gold_loss":0.0,"damage_taken":0.0,"cards_upgraded":["TalkToTheHand"]}],"is_beta":false,"boss_relics":[{"not_picked":["Calling Bell","reliquary:RedCape"],"picked":"ReplayTheSpireMod:DimensionalGlitch"},{"not_picked":["Velvet Choker","reliquary:KinkedSpring","Honey Jar"]}],"items_purged_floors":[10],"is_endless":false,"potions_floor_spawned":[1,5,12,22,24,29,33,38,48],"killed_by":"Awakened One","ascension_level":6}}