{"host":"2yqfi47fogfu1ic4","time":1612895165,"event":{"mods":["AchievementEnabler","BaseMod","Colored Map","Colored Powertips","Highlight Path","Minty Spire (QoL Compilation)","Permanent Neow","Relic Stats","StSLib"],"gold_per_floor":[109,109,122,136,154,154,181,181,204,204,230,245,262,296,296,372,372,382,562,577,238,238,238,258,258,285,302,302,318,15,25,25,104,104,122,14,14,33,47,75,88,119,119,154,154,15,15,50,50,50,50,50,50,11,41,41],"floor_reached":57,"language":"DEU","playtime":6662,"items_purged":["Strike_G","Strike_G"],"score":3059,"play_id":"a02276b7-7d71-47ef-8b41-a5d5bd02b9b2","local_time":"20210209192605","is_ascension_mode":true,"campfire_choices":[{"data":"Blade Dance","floor":6.0,"key":"SMITH"},{"data":"Backstab","floor":10.0,"key":"SMITH"},{"floor":15.0,"key":"REST"},{"data":"Burst","floor":23.0,"key":"SMITH"},{"data":"Neutralize","floor":25.0,"key":"SMITH"},{"data":"Apotheosis","floor":32,"key":"SMITH"},{"floor":45,"key":"RECALL"},{"data":"Wraith Form v2","floor":49,"key":"SMITH"},{"data":"Acrobatics","floor":53,"key":"SMITH"}],"circlet_count":0,"master_deck":["AscendersBane","Strike_G","Strike_G","Strike_G","Defend_G","Defend_G","Defend_G","Defend_G","Survivor","Neutralize+1","Blade Dance+1","Dagger Throw","PiercingWail","Backflip","Backstab+1","Poisoned Stab","Dagger Throw","Dagger Spray","Backflip","Burst+1","Deflect+1","Calculated Gamble","Ghostly","Ghostly","Ghostly","Calculated Gamble","Calculated Gamble+1","Apotheosis+1","Reflex","Blade Dance","Wraith Form v2+1","Acrobatics","Accuracy","Caltrops+1","Acrobatics+1","Grand Finale","Terror+1","Burst+1","PiercingWail+1","Accuracy","Phantasmal Killer+1"],"relics":["HoveringKite","MealTicket","PreservedInsect","Potion Belt","Orichalcum","SlaversCollar","Membership Card","Paper Crane","Toy Ornithopter","Kunai","Runic Pyramid","Question Card","Toxic Egg 2","StrikeDummy","Bag of Preparation","Pen Nib","Eternal Feather"],"acts_visited":["Exordium","TheCity","TheBeyond","TheEnding"],"potions_floor_usage":[29,56],"damage_taken":[{"damage":17.0,"enemies":"Jaw Worm","floor":1.0,"turns":6.0},{"damage":4.0,"enemies":"2 Louse","floor":3.0,"turns":3.0},{"damage":1.0,"enemies":"Cultist","floor":4.0,"turns":3.0},{"damage":0.0,"enemies":"Blue Slaver","floor":5.0,"turns":5.0},{"damage":14.0,"enemies":"3 Sentries","floor":7.0,"turns":10.0},{"damage":1.0,"enemies":"Gremlin Nob","floor":11.0,"turns":3.0},{"damage":0.0,"enemies":"3 Louse","floor":12.0,"turns":2.0},{"damage":0.0,"enemies":"Gremlin Gang","floor":13.0,"turns":3.0},{"damage":11.0,"enemies":"Lagavulin","floor":14.0,"turns":5.0},{"damage":35.0,"enemies":"Slime Boss","floor":16.0,"turns":6.0},{"damage":0.0,"enemies":"3 Byrds","floor":18.0,"turns":4.0},{"damage":16.0,"enemies":"Spheric Guardian","floor":20.0,"turns":4.0},{"damage":11.0,"enemies":"Shelled Parasite and Fungi","floor":24.0,"turns":7.0},{"damage":1,"enemies":"Snake Plant","floor":27,"turns":6},{"damage":20,"enemies":"Cultist and Chosen","floor":29,"turns":10},{"damage":0,"enemies":"Centurion and Healer","floor":31,"turns":8},{"damage":19,"enemies":"Champ","floor":33,"turns":21},{"damage":5,"enemies":"3 Shapes","floor":35,"turns":7},{"damage":0,"enemies":"Orb Walker","floor":38,"turns":5},{"damage":0,"enemies":"4 Shapes","floor":39,"turns":8},{"damage":1,"enemies":"Giant Head","floor":40,"turns":7},{"damage":0,"enemies":"Spire Growth","floor":41,"turns":7},{"damage":0,"enemies":"Nemesis","floor":42,"turns":7},{"damage":0,"enemies":"Giant Head","floor":44,"turns":6},{"damage":0,"enemies":"Reptomancer","floor":48,"turns":5},{"damage":0,"enemies":"Awakened One","floor":50,"turns":16},{"damage":18,"enemies":"Time Eater","floor":51,"turns":13},{"damage":6,"enemies":"Shield and Spear","floor":55,"turns":9},{"damage":27,"enemies":"The Heart","floor":56,"turns":10}],"seed_played":"-4130282142050534374","potions_obtained":[{"floor":7.0,"key":"Energy Potion"},{"floor":11.0,"key":"Fire Potion"},{"floor":12.0,"key":"DistilledChaos"},{"floor":16.0,"key":"Energy Potion"},{"floor":20.0,"key":"SkillPotion"},{"floor":27,"key":"ColorlessPotion"},{"floor":35,"key":"Regen Potion"},{"floor":41,"key":"EntropicBrew"}],"is_trial":false,"path_per_floor":["M","?","M","M","M","R","E","?","T","R","E","M","M","E","R","B",null,"M","?","M","$","?","R","M","R","T","M","?","M","$","M","R","B",null,"M","$","?","M","M","E","M","E","T","E","R","$","?","E","R","B","B",null,"R","$","E","B",null],"character_chosen":"THE_SILENT","items_purchased":["Membership Card","Paper Crane","Kunai","Apotheosis","Reflex","Acrobatics","DuplicationPotion","FairyPotion","Bag of Preparation","GhostInAJar","Accuracy"],"campfire_rested":1,"item_purchase_floors":[21,21,30,30,30,36,36,36,46,46,54],"current_hp_per_floor":[42,47,43,42,42,42,28,28,28,28,27,27,27,16,37,2,54,54,35,19,34,34,34,23,23,23,22,45,30,45,45,45,26,40,35,45,45,45,45,44,44,44,44,44,44,45,43,43,43,43,25,39,39,43,37,15],"gold":41,"neow_bonus":"BOSS_RELIC","is_daily":false,"chose_seed":false,"campfire_upgraded":7,"win_rate":0.0,"timestamp":1612895165,"path_taken":["M","?","M","M","M","R","E","?","T","R","E","?","M","E","R","BOSS","M","?","?","$","?","R","M","R","T","M","?","M","$","?","R","BOSS","M","?","?","M","M","E","?","E","T","E","R","$","?","E","R","BOSS","BOSS","R","$","E","BOSS"],"items_purchased_type":["Relic","Relic","Relic","Card","Card","Card","Potion","Potion","Relic","Potion","Card"],"build_version":"2020-12-22","purchased_purges":2,"victory":true,"max_hp_per_floor":[66,71,71,71,71,71,71,71,71,71,71,71,71,71,71,71,71,71,71,71,71,35,35,35,35,35,35,45,45,45,45,45,45,45,45,45,45,45,45,45,45,45,45,45,45,45,43,43,43,43,43,43,43,43,43,43],"relic_stats":{"counters":[29,206],"HoveringKite":[124],"MealTicket":45,"Eternal Feather":0,"PreservedInsect":499,"Pen Nib":[16],"Bag of Preparation":[10],"Kunai":[113],"Orichalcum":[348],"Question Card":5,"obtain_stats":[{"Potion Belt":11,"HoveringKite":0,"Eternal Feather":55,"PreservedInsect":9,"Pen Nib":48,"Bag of Preparation":46,"Orichalcum":14,"Paper Crane":21,"Question Card":40,"SlaversCollar":17,"MealTicket":7,"Membership Card":21,"Kunai":30,"Toxic Egg 2":42,"StrikeDummy":44,"Toy Ornithopter":26,"Ring of the Snake":0,"Runic Pyramid":34},{"Potion Belt":6,"HoveringKite":0,"Eternal Feather":28,"PreservedInsect":5,"Pen Nib":25,"Bag of Preparation":24,"Orichalcum":9,"Paper Crane":12,"Question Card":21,"SlaversCollar":10,"MealTicket":5,"Membership Card":12,"Kunai":15,"Toxic Egg 2":23,"StrikeDummy":24,"Toy Ornithopter":13,"Ring of the Snake":0,"Runic Pyramid":17},{"Potion Belt":30,"HoveringKite":0,"Eternal Feather":196,"PreservedInsect":27,"Pen Nib":158,"Bag of Preparation":153,"Orichalcum":40,"Paper Crane":54,"Question Card":133,"SlaversCollar":46,"MealTicket":27,"Membership Card":54,"Kunai":77,"Toxic Egg 2":147,"StrikeDummy":153,"Toy Ornithopter":61,"Ring of the Snake":0,"Runic Pyramid":106}],"Toy Ornithopter":10},"card_choices":[{"not_picked":["Cloak And Dagger","Tactician"],"picked":"Blade Dance","floor":1.0},{"not_picked":["Dash","Riddle With Holes"],"picked":"Dagger Throw","floor":3.0},{"not_picked":["Caltrops","Setup"],"picked":"PiercingWail","floor":4.0},{"not_picked":["Cloak And Dagger","Caltrops"],"picked":"Unload","floor":5.0},{"not_picked":["Flechettes","Concentrate"],"picked":"Backflip","floor":7.0},{"not_picked":["PiercingWail","Escape Plan"],"picked":"Poisoned Stab","floor":11.0},{"not_picked":["Bane","Deadly Poison"],"picked":"Dagger Throw","floor":12.0},{"not_picked":["Endless Agony","Deadly Poison"],"picked":"Dagger Spray","floor":13.0},{"not_picked":["Deadly Poison","Caltrops"],"picked":"Backflip","floor":14.0},{"not_picked":["A Thousand Cuts","Bullet Time"],"picked":"Burst","floor":16.0},{"not_picked":["Poisoned Stab","Quick Slash"],"picked":"Deflect+1","floor":18.0},{"not_picked":["Quick Slash","Finisher"],"picked":"Calculated Gamble","floor":20.0},{"not_picked":["Concentrate","Quick Slash"],"picked":"Calculated Gamble","floor":24.0},{"not_picked":["Dagger Spray","Deadly Poison"],"picked":"Calculated Gamble+1","floor":27},{"not_picked":["Quick Slash","Dagger Spray","Deflect"],"picked":"SKIP","floor":29},{"not_picked":["Heel Hook","Escape Plan"],"picked":"Blade Dance","floor":31},{"not_picked":["Storm of Steel","Doppelganger"],"picked":"Wraith Form v2","floor":33},{"not_picked":["Quick Slash+1","Dagger Throw+1","Outmaneuver"],"picked":"SKIP","floor":35},{"not_picked":["Escape Plan+1","Deadly Poison+1"],"picked":"Accuracy","floor":38},{"not_picked":["Prepared","Sucker Punch"],"picked":"Caltrops+1","floor":39},{"not_picked":["Infinite Blades","Backstab+1"],"picked":"Acrobatics","floor":40},{"not_picked":["Escape Plan","Outmaneuver","Quick Slash+1"],"picked":"Grand Finale","floor":41},{"not_picked":["Expertise+1","Crippling Poison+1","Well Laid Plans+1"],"picked":"Terror+1","floor":42},{"not_picked":["Terror+1","Deflect+1","Acrobatics+1"],"picked":"Burst+1","floor":44},{"not_picked":["Sucker Punch","Acrobatics+1","Quick Slash"],"picked":"PiercingWail+1","floor":48},{"not_picked":["Deflect+1","Dodge and Roll+1","Bane"],"picked":"Phantasmal Killer+1","floor":55}],"player_experience":1726075,"relics_obtained":[{"floor":7.0,"key":"MealTicket"},{"floor":9.0,"key":"PreservedInsect"},{"floor":11.0,"key":"Potion Belt"},{"floor":14.0,"key":"Orichalcum"},{"floor":26.0,"key":"Toy Ornithopter"},{"floor":40,"key":"Question Card"},{"floor":42,"key":"Toxic Egg 2"},{"floor":44,"key":"StrikeDummy"},{"floor":48,"key":"Pen Nib"},{"floor":55,"key":"Eternal Feather"}],"event_choices":[{"damage_healed":0.0,"max_hp_gain":5.0,"max_hp_loss":0.0,"gold_gain":0.0,"event_name":"Big Fish","player_choice":"Donut","floor":2.0,"gold_loss":0.0,"damage_taken":0.0},{"damage_healed":0.0,"max_hp_gain":0.0,"max_hp_loss":0.0,"gold_gain":0.0,"cards_transformed":["Defend_G"],"event_name":"Living Wall","player_choice":"Change","floor":8.0,"gold_loss":0.0,"damage_taken":0.0,"cards_obtained":["Backstab"]},{"damage_healed":0.0,"max_hp_gain":0.0,"max_hp_loss":0.0,"gold_gain":180.0,"event_name":"Knowing Skull","player_choice":"GOLD GOLD ","floor":19.0,"potions_obtained":[],"gold_loss":0.0,"damage_taken":19.0,"cards_obtained":[]},{"damage_healed":0.0,"max_hp_gain":0.0,"max_hp_loss":36.0,"gold_gain":0.0,"event_name":"Ghosts","player_choice":"Became a Ghost","floor":22.0,"gold_loss":0.0,"damage_taken":0.0,"cards_obtained":["Ghostly","Ghostly","Ghostly"]},{"cards_removed":["Unload"],"damage_healed":13,"gold_gain":0,"player_choice":"Offered Rare","damage_taken":0,"max_hp_gain":10,"max_hp_loss":0,"event_name":"Bonfire Elementals","floor":28,"gold_loss":0},{"damage_healed":0,"gold_gain":0,"player_choice":"Ignored","damage_taken":0,"max_hp_gain":0,"max_hp_loss":0,"event_name":"SecretPortal","floor":37,"gold_loss":0},{"damage_healed":0,"gold_gain":0,"player_choice":"Max HP","damage_taken":0,"max_hp_gain":0,"max_hp_loss":2,"event_name":"Winding Halls","floor":47,"gold_loss":0}],"is_beta":false,"boss_relics":[{"not_picked":["Philosopher\u0027s Stone","Calling Bell"],"picked":"SlaversCollar"},{"not_picked":["WristBlade","Cursed Key"],"picked":"Runic Pyramid"}],"items_purged_floors":[21,30],"is_endless":false,"potions_floor_spawned":[7,11,12,16,20,27,35,38,41,48],"ascension_level":20}}