{"host":"hf83sijwe64ts2lm","time":1612832156,"event":{"mods":["2.2 Compatiblity","BaseMod","Better Altar","Better Match","Better Note","Better Sensory Stone","Better Skull","Better Third Choice","Colored Map","Colored Powertips","Highlight Path","Hubris","Infinite Spire","Minty Spire (QoL Compilation)","Quick Restart","Rare Cards Sparkle","Relic Stats","Reliquary","Replay The Spire","Shop Mod","Spicy Shops","Spire Arcade","StSLib","Thieving Mod"],"gold_per_floor":[115,125,143,157,157,157,184,203,203,214,184,184,195,60,60,163,163,179,195,195,195],"floor_reached":20,"language":"ENG","playtime":484,"items_purged":[],"score":205,"play_id":"ba883871-fab0-467f-b61a-6105d912df57","local_time":"20210208195556","is_ascension_mode":true,"campfire_choices":[{"floor":6,"key":"REST"},{"floor":12,"key":"REST"},{"floor":15,"key":"REST"}],"circlet_count":0,"master_deck":["Strike_G","Strike_G","Strike_G","Strike_G","Strike_G","Defend_G","Defend_G","Defend_G","Defend_G","Defend_G","Survivor","Neutralize","hubris:Strike_Merchant","hubris:Strike_Merchant","The Bomb","Riddle With Holes","Blade Dance","Blur","Bouncing Flask","Replay:Poison Smokescreen","Pot Of Greed","Pot Of Greed","Infinite Blades","Riddle With Holes","Riddle With Holes","Choke","Pot Of Greed","Bandage Up","Dagger Spray","ReplayTheSpireMod:From All Sides","Infinite Blades","Masterful Stab+1"],"relics":["Ring of the Serpent","Grinning Jar"],"acts_visited":["Exordium","TheCity"],"potions_floor_usage":[13,16,16,18,20,20],"damage_taken":[{"damage":0,"enemies":"2 Louse","floor":1,"turns":3},{"damage":6,"enemies":"Jaw Worm","floor":2,"turns":4},{"damage":1,"enemies":"Cultist","floor":3,"turns":3},{"damage":13,"enemies":"Large Slime","floor":4,"turns":6},{"damage":19,"enemies":"Lagavulin","floor":7,"turns":6},{"damage":6,"enemies":"2 Fungi Beasts","floor":8,"turns":3},{"damage":18,"enemies":"Red Slaver","floor":10,"turns":3},{"damage":7,"enemies":"Large Slime","floor":13,"turns":4},{"damage":15,"enemies":"Slime Boss","floor":16,"turns":7},{"damage":30,"enemies":"Spheric Guardian","floor":18,"turns":4},{"damage":32,"enemies":"Shell Parasite","floor":19,"turns":4},{"damage":34,"enemies":"Cultist and Chosen","floor":20,"turns":4}],"seed_played":"3119115556281218106","potions_obtained":[{"floor":2,"key":"Elixir"},{"floor":11,"key":"Strength Potion"},{"floor":11,"key":"CunningPotion"},{"floor":13,"key":"Energy Potion"},{"floor":16,"key":"Weak Potion"},{"floor":18,"key":"Swift Potion"},{"floor":19,"key":"SteroidPotion"}],"is_trial":false,"path_per_floor":["M","M","M","M","?","R","E","M","T","M","?","R","M","$","R","B",null,"M","M","M"],"character_chosen":"THE_SILENT","items_purchased":["Bandage Up","Dagger Spray"],"campfire_rested":3,"item_purchase_floors":[14,14],"current_hp_per_floor":[70,64,63,50,50,70,51,45,45,27,27,48,41,41,62,47,70,44,16,0,0],"gold":195,"neow_bonus":"RANDOM_COLORLESS_2","is_daily":false,"chose_seed":false,"campfire_upgraded":0,"win_rate":0.0,"timestamp":1612832156,"path_taken":["M","M","M","M","?","R","E","M","T","M","?","R","M","$","R","BOSS","M","M","?"],"items_purchased_type":["Card","Card"],"build_version":"2020-12-22","purchased_purges":0,"victory":false,"max_hp_per_floor":[70,70,70,70,70,70,70,70,70,70,70,70,70,70,70,70,70,70,70,70,70],"relic_stats":{"counters":[12,51],"obtain_stats":[{"Grinning Jar":7,"Ring of the Serpent":17,"Ring of the Snake":0},{"Grinning Jar":5,"Ring of the Serpent":9,"Ring of the Snake":0},{"Grinning Jar":22,"Ring of the Serpent":39,"Ring of the Snake":0}]},"card_choices":[{"not_picked":["Magnetism","ReplayTheSpireMod:Necrogeddon"],"picked":"The Bomb","floor":0},{"not_picked":["Bane","Underhanded Strike"],"picked":"Riddle With Holes","floor":1},{"not_picked":["PiercingWail","Sneak Up"],"picked":"Blade Dance","floor":2},{"not_picked":["Prepared","Dodge and Roll"],"picked":"Blur","floor":3},{"not_picked":["Skewer","Dagger Throw"],"picked":"Bouncing Flask","floor":4},{"not_picked":["Burst","Poisoned Stab"],"picked":"Infinite Blades","floor":7},{"not_picked":["Underhanded Strike","Backflip"],"picked":"Riddle With Holes","floor":8},{"not_picked":["hubris:SlightOfHand","Outmaneuver"],"picked":"Riddle With Holes","floor":10},{"not_picked":["Catalyst","Dodge and Roll"],"picked":"Choke","floor":13},{"not_picked":["Doppelganger","Night Terror"],"picked":"ReplayTheSpireMod:From All Sides","floor":16},{"not_picked":["Distraction","Setup"],"picked":"Infinite Blades","floor":18},{"not_picked":["Dash","ReplayTheSpireMod:Shiv Toss+1"],"picked":"Masterful Stab+1","floor":19}],"player_experience":164276,"relics_obtained":[{"floor":7,"key":"Grinning Jar"}],"event_choices":[{"damage_healed":0,"gold_gain":0,"player_choice":"Bought 2 Potions","damage_taken":0,"max_hp_gain":0,"max_hp_loss":0,"event_name":"The Woman in Blue","floor":11,"gold_loss":0}],"is_beta":false,"boss_relics":[{"not_picked":["hubris:GrandSneckoEye","Coffee Dripper"],"picked":"Ring of the Serpent"}],"items_purged_floors":[],"is_endless":false,"potions_floor_spawned":[2,13,16,18,19],"killed_by":"Cultist and Chosen","ascension_level":3}}