{"host":"dfpl7xml5jko8we2","time":1612900799,"event":{"mods":["2.2 Compatiblity","Act Like it!","Astrologer","Bard","BaseMod","Beaked The Cultist","Bestiary","Better Note","Better Third Choice","Challenge The Spire","Colored Map","Colored Powertips","Conspire","Curses Come First","Downfall","Duelist Mod","Elementarium","Energized Spire","Gensokyo","GifTheSpireLib","Gremlin Mod","Hallownest","Hermit","Hubris","Infinite Spire","Jorbs\u0027s Wanderer Trilogy","Mad Scientist","Marisa????????","Menagerie","Minty Spire (QoL Compilation)","Monster B Gone","Pale of the Ancients","Quick Restart","Rare Cards Sparkle","Reliquary","Remilia??????","Replay The Spire","Robot Space Explorer","Shade Mod","Shop Mod","Somnambulant","Spire Arcade","StSLib","The Bladedancer","The Bug Knight","The Construct","The Disciple","The Dragon Tamer","The Elementalist","The Forsaken","The Gatherer","The Hayseed","The Hierophant","The Marked","The Mystic","The Necromancer","The Poker Player","The Runesmith","The Saiyan","The Servant 0.9.4","The Wild Card","TheBandit","Wandering Minibosses","everything is the same but u backflip on backflip","slay the spire mod where everything is the same but ironclad has a cowboy hat"],"gold_per_floor":[110,110,128,40,140,166,180,196,265,284,318,318,351,365,365,467,467,469,469,482,482,501,501,515,515,515,24,58,71,91,109,109,202,202,218,218,218,237,254,254,244,244],"floor_reached":41,"language":"ENG","playtime":4721,"items_purged":[],"score":585,"play_id":"57fcee50-a930-4dc9-8380-7b503361d513","local_time":"20210209135959","is_ascension_mode":false,"campfire_choices":[{"floor":15.0,"key":"RECALL"},{"data":"infinitespire:DeathsTouch","floor":23.0,"key":"SMITH"},{"data":"astrologer:MeteorShower","floor":25.0,"key":"SMITH"},{"floor":40,"key":"REST"}],"circlet_count":0,"master_deck":["astrologer:Strike","astrologer:Strike","astrologer:Strike","astrologer:Strike","astrologer:Defend","astrologer:Defend","astrologer:Defend","astrologer:Defend","astrologer:NorthStar","astrologer:TheFool","astrologer:Fireball","astrologer:RejectReality","astrologer:Cataclysm","astrologer:SolarFlare","astrologer:FadingStar","astrologer:MeteorShower+1","astrologer:Opposition","astrologer:MeteorShower","Pot Of Greed","Pot Of Greed","astrologer:FrozenStar","astrologer:Justice","astrologer:Moonlight","astrologer:WheelofFortune","astrologer:Moonlight","astrologer:StarOfChange","Pot Of Greed","infinitespire:DeathsTouch+1","astrologer:FrozenStar+1","astrologer:Eclipse","astrologer:Starfield+1","astrologer:Strength","astrologer:TheStar","astrologer:ReadTheStars+1","astrologer:TheEmperor","astrologer:Quincunx+1","astrologer:Wish","astrologer:SpaceDust+1","astrologer:TheMagician","Pot Of Greed","astrologer:GlassStar","infinitespire:FutureSight","astrologer:Eclipse+1","astrologer:NeutronStar"],"relics":["astrologer:SkyMirror","NeowsBlessing","hubris:Icosahedron","infinitespire:Bottled Soul","Grinning Jar","reliquary:Aerogel","Painkiller Herb","Sundial","Lee\u0027s Waffle","Replay:Mystery Machine","Strawberry","Replay:Multitool","conspire:SlowCooker","hubris:MedicalManual","White Beast Statue"],"acts_visited":["Exordium","TheCity","TheBeyond"],"potions_floor_usage":[41],"damage_taken":[{"damage":0.0,"enemies":"Small Slimes","floor":1.0,"turns":1.0},{"damage":10.0,"enemies":"2 Louse","floor":3.0,"turns":1.0},{"damage":0.0,"enemies":"Gremlin Nob","floor":6.0,"turns":1.0},{"damage":1.0,"enemies":"Cultist","floor":7.0,"turns":3.0},{"damage":4.0,"enemies":"Large Slime","floor":8.0,"turns":4.0},{"damage":8.0,"enemies":"Red Slaver","floor":10.0,"turns":4.0},{"damage":0.0,"enemies":"Replay:BlueRogue","floor":11.0,"turns":4.0},{"damage":13.0,"enemies":"3 Sentries","floor":13.0,"turns":5.0},{"damage":0.0,"enemies":"Looter","floor":14.0,"turns":2.0},{"damage":15.0,"enemies":"Slime Boss","floor":16.0,"turns":8.0},{"damage":12.0,"enemies":"Spheric Guardian","floor":18.0,"turns":4.0},{"damage":5.0,"enemies":"3 Byrds","floor":20.0,"turns":5.0},{"damage":26.0,"enemies":"conspire:HollyBat","floor":22.0,"turns":8.0},{"damage":18.0,"enemies":"Chosen and Byrds","floor":24.0,"turns":6.0},{"damage":13.0,"enemies":"Replay:Snechameleon","floor":28.0,"turns":4.0},{"damage":11.0,"enemies":"Centurion and Healer","floor":29.0,"turns":5.0},{"damage":9.0,"enemies":"Shelled Parasite and Fungi","floor":30.0,"turns":6.0},{"damage":12.0,"enemies":"conspire:HollyBat","floor":31.0,"turns":5.0},{"damage":50.0,"enemies":"hubris:MusketHawk","floor":33.0,"turns":8.0},{"damage":3.0,"enemies":"Orb Walker","floor":35.0,"turns":3.0},{"damage":31.0,"enemies":"infinitespire:Three Voidlings","floor":38.0,"turns":5.0},{"damage":78.0,"enemies":"Nightmare_Alpha","floor":38.0,"turns":13.0},{"damage":4,"enemies":"3 Shapes","floor":39,"turns":3},{"damage":40,"enemies":"Nightmare","floor":41,"turns":7}],"seed_played":"-8458576113557494991","potions_obtained":[{"floor":8.0,"key":"SteroidPotion"},{"floor":10.0,"key":"Fruit Juice"},{"floor":12.0,"key":"CultistPotion"},{"floor":12.0,"key":"conspire:TimeTravelPotion"},{"floor":16.0,"key":"Fruit Juice"},{"floor":18.0,"key":"Flashbang"},{"floor":24.0,"key":"Swift Potion"},{"floor":29.0,"key":"SkillPotion"},{"floor":39,"key":"Swift Potion"}],"is_trial":false,"path_per_floor":["M","?","M","$","?","E","M","M","T","M","E","?","E","M","R_BF","B",null,"?","?","?","AVR","?","T","?","T","T","T","E","?","?","?","T","B",null,"?","?","?","?","?","T","NM"],"character_chosen":"ASTROLOGER","items_purchased":["astrologer:Cataclysm","astrologer:SolarFlare","astrologer:Starfield","astrologer:Strength","astrologer:TheStar","astrologer:ReadTheStars","Strawberry"],"campfire_rested":1,"item_purchase_floors":[4,4,27,27,27,27,27],"current_hp_per_floor":[70,70,60,60,60,60,59,55,55,52,52,52,39,39,39,29,80,68,68,63,87,61,61,61,61,61,68,55,44,35,23,51,1,94,91,99,99,10,6,35,0,0],"gold":244,"neow_bonus":"THREE_ENEMY_KILL","is_daily":false,"chose_seed":false,"campfire_upgraded":2,"win_rate":0.0,"timestamp":1612900799,"path_taken":["M","?","M","$","?","E","M","M","T","?","E","?","E","?","R_BF","BOSS","?","?","?","AVR","?","T","?","T","T","T","E","?","?","?","T","BOSS","?","?","?","?","?","T","NM"],"items_purchased_type":["Card","Card","Card","Card","Card","Card","Relic"],"build_version":"2020-12-22","purchased_purges":0,"victory":false,"max_hp_per_floor":[70,70,70,70,70,70,70,70,70,75,75,75,75,75,75,80,80,80,80,80,87,87,87,87,87,87,94,94,94,94,94,94,94,94,94,99,99,99,99,99,99,99],"card_choices":[{"not_picked":["astrologer:Conjunction","astrologer:Still"],"picked":"astrologer:Fireball","floor":1.0},{"not_picked":["astrologer:Still","astrologer:Radiance"],"picked":"astrologer:RejectReality","floor":3.0},{"not_picked":["astrologer:Conjunction","astrologer:FrozenStar"],"picked":"astrologer:FadingStar","floor":6.0},{"not_picked":["astrologer:Still","astrologer:Stardust"],"picked":"astrologer:MeteorShower","floor":7.0},{"not_picked":["astrologer:TheHangedMan","astrologer:Stardust"],"picked":"astrologer:Opposition","floor":8.0},{"not_picked":["astrologer:ReadTheStars","astrologer:TheMoon"],"picked":"astrologer:MeteorShower","floor":10.0},{"not_picked":["astrologer:Shine","astrologer:SolarFlare"],"picked":"astrologer:FrozenStar","floor":11.0},{"not_picked":["astrologer:Eclipse","astrologer:WheelofFortune"],"picked":"astrologer:Justice","floor":13.0},{"not_picked":["astrologer:SolarFlare","astrologer:ReadTheStars"],"picked":"astrologer:Moonlight","floor":14.0},{"not_picked":["astrologer:RejectReality","astrologer:BlackHole"],"picked":"astrologer:WheelofFortune","floor":16.0},{"not_picked":["astrologer:CometStrike","astrologer:MeteorShower"],"picked":"astrologer:Moonlight","floor":18.0},{"not_picked":["astrologer:ReadTheStars","astrologer:Still+1"],"picked":"astrologer:StarOfChange","floor":20.0},{"not_picked":["astrologer:Judgement+1","astrologer:MeteorShower"],"picked":"astrologer:FrozenStar+1","floor":22.0},{"not_picked":["astrologer:TheLovers","astrologer:CosmicExpanse"],"picked":"astrologer:Eclipse","floor":24.0},{"not_picked":["astrologer:Still+1","astrologer:FrozenStar+1"],"picked":"astrologer:TheEmperor","floor":28.0},{"not_picked":["astrologer:ReadTheStars","astrologer:CrystalBall+1"],"picked":"astrologer:Quincunx+1","floor":29.0},{"not_picked":["astrologer:LonelyStar","astrologer:Opposition+1"],"picked":"astrologer:Wish","floor":30.0},{"not_picked":["astrologer:Divination","astrologer:FadingStar"],"picked":"astrologer:SpaceDust+1","floor":31.0},{"not_picked":["astrologer:BlackHole","astrologer:Wish"],"picked":"astrologer:TheMagician","floor":33.0},{"not_picked":["astrologer:CometStrike","astrologer:Premeditation"],"picked":"astrologer:GlassStar","floor":35.0},{"not_picked":["infinitespire:Oblivion","infinitespire:FinalStrike"],"picked":"infinitespire:FutureSight","floor":38},{"not_picked":["astrologer:TheMoon","astrologer:Stardust"],"picked":"astrologer:Eclipse+1","floor":38},{"not_picked":["astrologer:Shine","astrologer:SolarFlare"],"picked":"astrologer:NeutronStar","floor":39}],"player_experience":348169,"relics_obtained":[{"floor":9.0,"key":"infinitespire:Bottled Soul"},{"floor":11.0,"key":"Grinning Jar"},{"floor":13.0,"key":"reliquary:Aerogel"},{"floor":26.0,"key":"Replay:Mystery Machine"},{"floor":28.0,"key":"Replay:Multitool"},{"floor":38,"key":"hubris:MedicalManual"}],"event_choices":[{"damage_healed":0.0,"max_hp_gain":0.0,"max_hp_loss":0.0,"gold_gain":100.0,"event_name":"Golden Shrine","player_choice":"Pray","floor":5.0,"gold_loss":0.0,"damage_taken":0.0},{"damage_healed":0.0,"max_hp_gain":0.0,"max_hp_loss":0.0,"gold_gain":0.0,"event_name":"Lab","player_choice":"Got Potions","floor":12.0,"gold_loss":0.0,"damage_taken":0.0},{"damage_healed":0.0,"max_hp_gain":0.0,"max_hp_loss":0.0,"gold_gain":0.0,"event_name":"WeMeetAgain","player_choice":"Gave Potion","floor":19.0,"gold_loss":0.0,"damage_taken":0.0,"relics_obtained":["Sundial"]},{"damage_healed":0,"gold_gain":0,"player_choice":"Paid Gold","damage_taken":0,"relics_obtained":["White Beast Statue"],"max_hp_gain":0,"max_hp_loss":0,"event_name":"WeMeetAgain","floor":38,"gold_loss":71}],"is_beta":false,"boss_relics":[{"not_picked":["energizedSpire:HugeHouse","Runesmith:UraniumAnvil"],"picked":"Painkiller Herb"},{"not_picked":["ChewingGum","Velvet Choker"],"picked":"conspire:SlowCooker"}],"items_purged_floors":[],"is_endless":false,"potions_floor_spawned":[8,10,16,18,24,29,38,39],"killed_by":"Nightmare","ascension_level":0}}