{"host":"g8a0qo0vjtg6u5wv","time":1612914541,"event":{"mods":["BaseMod","Colored Map","Custom Start","KOR Keyword Fix","Minty Spire (QoL Compilation)","StSLib","SuperFastMode"],"gold_per_floor":[118,128,128,29,29,58,75,75,75,94,94,110,110,128,128,227,227,245,245,260,290,151,151,186,199,199,217,217,231,30,30,30,30,30],"floor_reached":33,"language":"KOR","playtime":790,"items_purged":["Defend_P","Defend_P","Defend_P"],"score":434,"play_id":"d6f35cd7-6ea4-48d4-9ad2-fa89f98a2691","local_time":"20210210084901","is_ascension_mode":true,"campfire_choices":[{"data":"Eruption","floor":8.0,"key":"SMITH"},{"data":"Indignation","floor":11.0,"key":"SMITH"},{"floor":15.0,"key":"REST"},{"floor":23,"key":"REST"},{"data":"ForeignInfluence","floor":32,"key":"SMITH"}],"circlet_count":0,"master_deck":["Strike_P+1","Strike_P+1","Eruption+1","Vigilance","EmptyBody","FollowUp","EmptyBody+1","FlyingSleeves","Indignation+1","FlurryOfBlows","EmptyFist","LessonLearned+1","ClearTheMind","ForeignInfluence+1","Prostrate","Halt+1","MentalFortress","Shame"],"relics":["Empty Cage","Pear","Gremlin Horn","Singing Bowl","Busted Crown","Red Mask","Art of War","Damaru","Bird Faced Urn"],"acts_visited":["Exordium","TheCity"],"potions_floor_usage":[21,24,27],"damage_taken":[{"damage":7.0,"enemies":"Cultist","floor":1.0,"turns":3.0},{"damage":0.0,"enemies":"2 Louse","floor":2.0,"turns":4.0},{"damage":15.0,"enemies":"3 Sentries","floor":6.0,"turns":12.0},{"damage":7.0,"enemies":"Jaw Worm","floor":7.0,"turns":3.0},{"damage":0.0,"enemies":"Large Slime","floor":10.0,"turns":3.0},{"damage":5.0,"enemies":"Blue Slaver","floor":12.0,"turns":2.0},{"damage":0.0,"enemies":"3 Louse","floor":14.0,"turns":1.0},{"damage":19.0,"enemies":"Hexaghost","floor":16.0,"turns":7.0},{"damage":16.0,"enemies":"Shell Parasite","floor":18.0,"turns":4.0},{"damage":12.0,"enemies":"Chosen","floor":20.0,"turns":4.0},{"damage":19,"enemies":"Masked Bandits","floor":21,"turns":5},{"damage":0,"enemies":"Gremlin Leader","floor":24,"turns":3},{"damage":2,"enemies":"3 Cultists","floor":25,"turns":4},{"damage":8,"enemies":"Chosen and Byrds","floor":27,"turns":2},{"damage":23,"enemies":"Sentry and Sphere","floor":29,"turns":5},{"damage":60,"enemies":"Collector","floor":33,"turns":5}],"seed_played":"-3879978550015068322","potions_obtained":[{"floor":2.0,"key":"Explosive Potion"},{"floor":6.0,"key":"Strength Potion"},{"floor":7.0,"key":"Strength Potion"},{"floor":10.0,"key":"SneckoOil"},{"floor":18.0,"key":"BottledMiracle"},{"floor":21,"key":"LiquidMemories"},{"floor":24,"key":"Energy Potion"},{"floor":25,"key":"Swift Potion"}],"is_trial":false,"path_per_floor":["M","M","?","$","?","E","M","R","T","M","R","M","?","M","R","B",null,"M","?","M","?","$","R","E","M","T","M","?","M","$","?","R","B"],"character_chosen":"WATCHER","items_purchased":["EmptyBody","ForeignInfluence","MentalFortress"],"campfire_rested":2,"item_purchase_floors":[4,22,30],"current_hp_per_floor":[58,58,44,44,51,36,29,29,29,29,29,24,24,26,51,32,71,57,40,28,11,11,38,40,40,40,32,64,41,41,41,41,0,0],"gold":30,"neow_bonus":"BOSS_RELIC","is_daily":false,"chose_seed":false,"campfire_upgraded":3,"win_rate":0.0,"timestamp":1612914541,"path_taken":["M","?","?","$","?","E","M","R","T","M","R","M","?","M","R","BOSS","M","?","M","?","$","R","E","M","T","M","?","M","$","?","R","BOSS"],"items_purchased_type":["Card","Card","Card"],"build_version":"2020-12-22","purchased_purges":3,"victory":false,"max_hp_per_floor":[72,72,72,72,82,82,82,82,82,82,82,82,82,84,84,84,84,86,91,91,93,93,93,95,97,97,97,97,97,97,97,97,97,97],"card_choices":[{"not_picked":["ReachHeaven","CutThroughFate"],"picked":"EmptyBody","floor":1.0},{"not_picked":["Wireheading","Collect"],"picked":"FollowUp","floor":2.0},{"not_picked":["Prostrate","JustLucky"],"picked":"FlyingSleeves","floor":6.0},{"not_picked":["Omniscience","WreathOfFlame"],"picked":"Indignation","floor":7.0},{"not_picked":["Sanctity","BowlingBash"],"picked":"FlurryOfBlows","floor":10.0},{"not_picked":["Consecrate","Fasting2"],"picked":"EmptyFist","floor":12.0},{"not_picked":["ThirdEye","FollowUp","WreathOfFlame"],"picked":"Singing Bowl","floor":14.0},{"not_picked":["Wish","Judgement"],"picked":"LessonLearned","floor":16.0},{"not_picked":["Swivel"],"picked":"Singing Bowl","floor":18.0},{"not_picked":[],"picked":"ClearTheMind","floor":20.0},{"not_picked":["PathToVictory"],"picked":"Singing Bowl","floor":21},{"not_picked":["ConjureBlade"],"picked":"Singing Bowl","floor":24},{"not_picked":["CrushJoints"],"picked":"Singing Bowl","floor":25},{"not_picked":[],"picked":"Prostrate","floor":27},{"not_picked":[],"picked":"Halt+1","floor":29}],"player_experience":572062,"relics_obtained":[{"floor":6.0,"key":"Gremlin Horn"},{"floor":9.0,"key":"Singing Bowl"},{"floor":21,"key":"Red Mask"},{"floor":24,"key":"Art of War"},{"floor":26,"key":"Damaru"}],"event_choices":[{"damage_healed":0.0,"max_hp_gain":0.0,"max_hp_loss":0.0,"gold_gain":0.0,"event_name":"Shining Light","player_choice":"Entered Light","floor":3.0,"gold_loss":0.0,"damage_taken":14.0,"cards_upgraded":["Strike_P","Strike_P"]},{"damage_healed":0.0,"max_hp_gain":0.0,"max_hp_loss":0.0,"gold_gain":0.0,"event_name":"Scrap Ooze","player_choice":"Success","floor":5.0,"gold_loss":0.0,"damage_taken":3.0,"relics_obtained":["Pear"]},{"cards_removed":["Strike_P"],"damage_healed":0.0,"max_hp_gain":0.0,"max_hp_loss":0.0,"gold_gain":0.0,"event_name":"Living Wall","player_choice":"Forget","floor":13.0,"gold_loss":0.0,"damage_taken":0.0},{"damage_healed":0.0,"max_hp_gain":5.0,"max_hp_loss":0.0,"gold_gain":0.0,"event_name":"Forgotten Altar","player_choice":"Shed Blood","floor":19.0,"gold_loss":0.0,"damage_taken":22.0},{"damage_healed":0,"gold_gain":0,"player_choice":"Fought Bandits","damage_taken":0,"max_hp_gain":0,"max_hp_loss":0,"event_name":"Masked Bandits","floor":21,"gold_loss":0},{"damage_healed":32,"gold_gain":0,"player_choice":"Heal","damage_taken":0,"max_hp_gain":0,"max_hp_loss":0,"event_name":"The Library","floor":28,"gold_loss":0},{"damage_healed":0,"gold_gain":0,"player_choice":"Stole Relic","damage_taken":0,"relics_obtained":["Bird Faced Urn"],"max_hp_gain":0,"max_hp_loss":0,"event_name":"Addict","floor":31,"gold_loss":0,"cards_obtained":["Shame"]}],"is_beta":false,"boss_relics":[{"not_picked":["Cursed Key","Runic Pyramid"],"picked":"Busted Crown"}],"items_purged_floors":[4,22,30],"is_endless":false,"potions_floor_spawned":[2,6,7,10,18,21,24,25],"killed_by":"Collector","ascension_level":8}}