{"host":"nuc2w1a7ik2yhkv2","time":1612838785,"event":{"mods":["Act Like it!","BaseMod","Minty Spire (QoL Compilation)","Quick Restart","Rare Cards Sparkle","StSLib"],"gold_per_floor":[363,363,387,398,416,416,433,17,17,44,44,69,104,104,104,104,104],"floor_reached":16,"language":"ZHS","playtime":553,"items_purged":["Strike_B"],"score":220,"play_id":"277a2a99-6eee-47b3-a688-c31206a8fb8d","local_time":"20210209104625","is_ascension_mode":true,"campfire_choices":[{"data":"Consume","floor":6.0,"key":"SMITH"},{"floor":15.0,"key":"REST"}],"circlet_count":0,"master_deck":["AscendersBane","Strike_B","Strike_B","Strike_B","Defend_B","Defend_B","Defend_B","Defend_B","Zap","Dualcast","Consume+1","Compile Driver","Ball Lightning","Echo Form","Conserve Battery","Steam Power","Seek"],"relics":["Cracked Core","Tiny Chest","Incense Burner","Question Card","CaptainsWheel","Golden Idol","MealTicket"],"acts_visited":["Exordium"],"potions_floor_usage":[],"damage_taken":[{"damage":6.0,"enemies":"Cultist","floor":1.0,"turns":3.0},{"damage":2.0,"enemies":"Jaw Worm","floor":4.0,"turns":3.0},{"damage":9.0,"enemies":"2 Louse","floor":5.0,"turns":3.0},{"damage":2.0,"enemies":"Exordium Wildlife","floor":7.0,"turns":3.0},{"damage":25.0,"enemies":"Lagavulin","floor":10.0,"turns":6.0},{"damage":4.0,"enemies":"Blue Slaver","floor":12.0,"turns":4.0},{"damage":16.0,"enemies":"Gremlin Nob","floor":13.0,"turns":4.0},{"damage":41,"enemies":"The Guardian","floor":16,"turns":9}],"seed_played":"5810326657195836831","potions_obtained":[{"floor":1.0,"key":"ColorlessPotion"},{"floor":4.0,"key":"FairyPotion"},{"floor":5.0,"key":"AttackPotion"},{"floor":12.0,"key":"PowerPotion"}],"is_trial":false,"path_per_floor":["M","?","T","M","M","R","M","$","T","E","?","M","E","?","R","B"],"character_chosen":"DEFECT","items_purchased":["Incense Burner"],"campfire_rested":1,"item_purchase_floors":[8],"current_hp_per_floor":[58,58,58,56,47,47,45,45,45,20,20,16,19,19,38,0,0],"gold":104,"neow_bonus":"TWO_FIFTY_GOLD","is_daily":false,"chose_seed":false,"campfire_upgraded":1,"win_rate":0.0,"timestamp":1612838785,"path_taken":["M","?","?","M","M","R","M","$","T","E","?","?","E","?","R","BOSS"],"items_purchased_type":["Relic"],"build_version":"2020-12-22","purchased_purges":1,"victory":false,"max_hp_per_floor":[71,71,71,71,71,71,71,71,71,71,64,64,64,64,64,64,64],"card_choices":[{"not_picked":["Capacitor","Steam"],"picked":"Consume","floor":1.0},{"not_picked":["Go for the Eyes","Stack"],"picked":"Compile Driver","floor":4.0},{"not_picked":["Streamline","Steam"],"picked":"Ball Lightning","floor":5.0},{"not_picked":["Streamline","Hello World"],"picked":"Echo Form","floor":7.0},{"not_picked":["Stack","Hologram","Coolheaded"],"picked":"Conserve Battery","floor":10.0},{"not_picked":["Hologram","Streamline","Cold Snap"],"picked":"Steam Power","floor":12.0},{"not_picked":["Rainbow","Reprogram","Creative AI"],"picked":"Seek","floor":13.0}],"player_experience":886899,"relics_obtained":[{"floor":3.0,"key":"Tiny Chest"},{"floor":9.0,"key":"Question Card"},{"floor":10.0,"key":"CaptainsWheel"},{"floor":13.0,"key":"MealTicket"}],"event_choices":[{"cards_removed":["Regret"],"damage_healed":0.0,"max_hp_gain":0.0,"max_hp_loss":0.0,"gold_gain":0.0,"event_name":"Living Wall","player_choice":"Forget","floor":2.0,"gold_loss":0.0,"damage_taken":0.0},{"damage_healed":0.0,"max_hp_gain":0.0,"max_hp_loss":7.0,"gold_gain":0.0,"event_name":"Golden Idol","player_choice":"Lose Max HP","floor":11.0,"gold_loss":0.0,"damage_taken":0.0,"relics_obtained":["Golden Idol"]},{"damage_healed":0.0,"max_hp_gain":0.0,"max_hp_loss":0.0,"gold_gain":0.0,"event_name":"Shining Light","player_choice":"Ignored","floor":14.0,"gold_loss":0.0,"damage_taken":0.0}],"is_beta":false,"boss_relics":[],"items_purged_floors":[8],"is_endless":false,"potions_floor_spawned":[1,4,5,12],"killed_by":"The Guardian","ascension_level":20}}