{"host":"ewns8ifhbubwkcum","time":1612851821,"event":{"mods":["BaseMod","Block Reminder","Colored Map","Colored Powertips","Downfall","Highlight Path","Minty Spire (QoL Compilation)","Permanent Neow","Quick Restart","Random Character Button","StSLib"],"gold_per_floor":[0,18,18,66,81,116,140,166,163,175,187,232,262,309,331,440,452,464,491,503,526,550,575,587,599,646,458,495,28,28,28,47,152,152,52,52,72,72,89,116,116,116,134,146,193,225,475,509,527,527,527,555,4,4,4,4,4,4],"floor_reached":56,"language":"ENG","playtime":6112,"items_purged":["downfall:Malfunctioning","Slimebound:ServeAndProtect"],"score":1150,"play_id":"75b85d6a-2cf5-43f4-8158-8f224f7a443b","local_time":"20210209002341","is_ascension_mode":true,"campfire_choices":[{"data":"Slimebound:CorrosiveSpit","floor":1.0,"key":"SMITH"},{"data":"Slimebound:CheckThePlaybook","floor":11.0,"key":"SMITH"},{"floor":18.0,"key":"RECALL"},{"data":"Slimebound:GoopSpray","floor":27.0,"key":"SMITH"},{"data":"Slimebound:PrepareCrush","floor":30.0,"key":"SMITH"},{"data":"RitualDagger","floor":35.0,"key":"SMITH"},{"floor":54.0,"key":"REST"}],"circlet_count":0,"master_deck":["Slimebound:Strike_Slimebound+1","Slimebound:Strike_Slimebound+1","Slimebound:Defend_Slimebound+1","Slimebound:Defend_Slimebound+1","Slimebound:Defend_Slimebound+1","Slimebound:CorrosiveSpit+1","Slimebound:Replication","Slimebound:GoopSpray+1","Slimebound:Prepare+1","Slimebound:GoopSpray+1","Slimebound:CheckThePlaybook+1","Slimebound:GrowthPunch","Slimebound:Gluttony","Slimebound:RollThrough","Slimebound:SlimeSpikes","Slimebound:PrepareCrush+1","Slimebound:GoopSpray","Slimebound:Prepare","RitualDagger+1","Slimebound:FinishingTackle","Slimebound:RollThrough+1","Slimebound:HauntingLick+1","Slimebound:GoopSpray+1"],"relics":["Slimebound:AbsorbEndCombat","Blue Candle","Bronze Scales","Meat on the Bone","MawBank","sneckomod:BlankCard","Bag of Marbles","Busted Crown","Lizard Tail","downfall:HeartBlessingRed","downfall:HeartBlessingBlue","The Courier","Omamori","Guardian:GemstoneGun","expansioncontent:StudyCardRelic","downfall:HeartBlessingGreen","Bottled Lightning","Bottled Tornado","Gremlin Horn","TungstenRod","Unceasing Top","Letter Opener","Mercury Hourglass","OrangePellets","champ:DeflectingBracers"],"acts_visited":["Exordium","TheCity","TheBeyond","TheEnding"],"potions_floor_usage":[55,56,56],"damage_taken":[{"damage":2.0,"enemies":"Jaw Worm","floor":2.0,"turns":4.0},{"damage":1.0,"enemies":"Cultist","floor":5.0,"turns":3.0},{"damage":9.0,"enemies":"Lagavulin","floor":6.0,"turns":7.0},{"damage":0.0,"enemies":"2 Louse","floor":8.0,"turns":3.0},{"damage":0.0,"enemies":"downfall:FleeingMerchant","floor":9.0,"turns":4.0},{"damage":11.0,"enemies":"3 Sentries","floor":12.0,"turns":6.0},{"damage":4.0,"enemies":"Large Slime","floor":13.0,"turns":3.0},{"damage":19.0,"enemies":"Lagavulin","floor":14.0,"turns":6.0},{"damage":0.0,"enemies":"2 Fungi Beasts","floor":15.0,"turns":2.0},{"damage":8.0,"enemies":"SI_SHIV_ARCHETYPE","floor":16.0,"turns":5.0},{"damage":15.0,"enemies":"3 Byrds","floor":19.0,"turns":2.0},{"damage":0.0,"enemies":"Spheric Guardian","floor":21.0,"turns":3.0},{"damage":10.0,"enemies":"Centurion and Healer","floor":22.0,"turns":4.0},{"damage":0.0,"enemies":"Snecko","floor":23.0,"turns":2.0},{"damage":12.0,"enemies":"Book of Stabbing","floor":26.0,"turns":5.0},{"damage":20.0,"enemies":"Gremlin Leader","floor":28.0,"turns":7.0},{"damage":1.0,"enemies":"downfall:FleeingMerchant","floor":29.0,"turns":4.0},{"damage":2.0,"enemies":"Sentry and Sphere","floor":32.0,"turns":4.0},{"damage":9.0,"enemies":"IC_MUSHROOM_ARCHETYPE","floor":33.0,"turns":7.0},{"damage":0.0,"enemies":"Orb Walker","floor":37.0,"turns":2.0},{"damage":10.0,"enemies":"3 Darklings","floor":39.0,"turns":5.0},{"damage":2.0,"enemies":"Giant Head","floor":40.0,"turns":5.0},{"damage":0.0,"enemies":"Jaw Worm Horde","floor":43.0,"turns":2.0},{"damage":11.0,"enemies":"Spire Growth","floor":44.0,"turns":5.0},{"damage":2.0,"enemies":"2 Orb Walkers","floor":45.0,"turns":4.0},{"damage":14.0,"enemies":"Nemesis","floor":46.0,"turns":7.0},{"damage":0.0,"enemies":"downfall:FleeingMerchant","floor":47.0,"turns":2.0},{"damage":0.0,"enemies":"Giant Head","floor":48.0,"turns":5.0},{"damage":3.0,"enemies":"4 Shapes","floor":49.0,"turns":2.0},{"damage":31.0,"enemies":"DF_ARCHETYPE_ORBS","floor":50.0,"turns":9.0},{"damage":31.0,"enemies":"downfall:CharBossMerchant","floor":52.0,"turns":5.0},{"damage":61,"enemies":"downfall:NeowBoss","floor":55,"turns":14},{"damage":87,"enemies":"downfall:NeowBossFinal","floor":56,"turns":8}],"seed_played":"-6408833327438988284","potions_obtained":[{"floor":2.0,"key":"Regen Potion"},{"floor":12.0,"key":"champ:CounterPotion"},{"floor":14.0,"key":"Slimebound:SlimedPotion"},{"floor":19.0,"key":"Fruit Juice"},{"floor":21.0,"key":"Guardian:BlockOnCardUsePotion"},{"floor":32.0,"key":"Slimebound:SlimedPotion"},{"floor":33.0,"key":"FearPotion"},{"floor":43.0,"key":"GamblersBrew"},{"floor":48.0,"key":"ColorlessPotion"}],"is_trial":false,"path_per_floor":["R","M","?","T","M","E","T","M","$","?","R","E","M","E","M","B",null,"R","M","?","M","M","M","T","?","E","R","E","$","R","?","M","B",null,"R","?","M","T","M","E","T","?","M","M","?","E","$","E","M","B",null,"E","$","R","B","B"],"character_chosen":"SLIMEBOUND","items_purchased":["Omamori","Guardian:GemstoneGun","Slimebound:SplitMire","Guardian:BlockOnCardUsePotion","SteroidPotion","OrangePellets","Slimebound:ThreeZeroPotion","champ:DeflectingBracers"],"campfire_rested":1,"item_purchase_floors":[29,29,29,53,53,53,53,53],"current_hp_per_floor":[65,65,60,60,63,60,60,64,65,65,65,62,64,47,51,51,62,62,47,47,56,54,61,61,55,51,61,49,54,54,54,54,53,73,73,73,80,80,70,76,76,76,80,73,78,66,72,80,80,49,72,49,49,73,31,0,0,0],"gold":4,"neow_bonus":"REMOVE_TWO","is_daily":false,"chose_seed":false,"campfire_upgraded":5,"win_rate":0.0,"timestamp":1612851821,"path_taken":["R","M","?","?","M","E","T","?","$","?","R","E","M","E","M","BOSS","R","M","?","M","M","M","T","?","E","R","E","$","R","?","M","BOSS","R","?","M","?","M","E","T","?","M","M","?","E","$","E","M","BOSS","E","$","R","BOSS","BOSS"],"items_purchased_type":["Relic","Relic","Card","Potion","Potion","Relic","Potion","Relic"],"build_version":"2020-12-22","purchased_purges":2,"victory":false,"max_hp_per_floor":[65,65,65,65,65,65,65,65,65,65,65,65,65,65,65,65,65,65,65,65,70,70,70,70,70,70,80,80,80,80,80,80,80,80,80,80,80,80,80,80,80,80,80,80,80,80,80,80,80,80,80,80,80,80,80,80,80,80],"card_choices":[{"not_picked":["Slimebound:FlameTackle","Slimebound:Schlurp"],"picked":"Slimebound:Replication","floor":2.0},{"not_picked":["Slimebound:RollThrough","Slimebound:SplitBruiser"],"picked":"Slimebound:GoopSpray","floor":5.0},{"not_picked":["Slimebound:DivideAndConquer","Slimebound:GoopTackle"],"picked":"Slimebound:Prepare","floor":6.0},{"not_picked":["Slimebound:LivingWall","Slimebound:AcidTongue"],"picked":"Slimebound:GoopSpray","floor":8.0},{"not_picked":["Slimebound:Schlurp","Slimebound:Gluttony"],"picked":"Slimebound:CheckThePlaybook","floor":9.0},{"not_picked":["Slimebound:FlameTackle","Slimebound:GoopTackle"],"picked":"Slimebound:GrowthPunch","floor":12.0},{"not_picked":["Slimebound:SplitLeeching","Slimebound:GoopTackle"],"picked":"Slimebound:Gluttony","floor":13.0},{"not_picked":["Slimebound:AcidTongue","Slimebound:FinishingTackle"],"picked":"Slimebound:RollThrough","floor":14.0},{"not_picked":["Slimebound:SplitBruiser","Slimebound:FinishingTackle"],"picked":"Slimebound:SlimeSpikes","floor":15.0},{"not_picked":["Slimebound:Teamwork","Slimebound:LeechLife"],"picked":"Slimebound:PrepareCrush","floor":16.0},{"not_picked":["Slimebound:SplitLeeching"],"picked":"SKIP","floor":19.0},{"not_picked":[],"picked":"Slimebound:GoopSpray","floor":21.0},{"not_picked":["Slimebound:FormOfPuddle+1"],"picked":"SKIP","floor":22.0},{"not_picked":[],"picked":"Slimebound:Prepare","floor":23.0},{"not_picked":["Slimebound:LevelUp+1"],"picked":"SKIP","floor":26.0},{"not_picked":["Slimebound:Schlurp"],"picked":"SKIP","floor":28.0},{"not_picked":["Slimebound:ItLooksTasty+1"],"picked":"SKIP","floor":29.0},{"not_picked":[],"picked":"Slimebound:RollThrough+1","floor":32.0},{"not_picked":["Slimebound:FormOfPuddle+1"],"picked":"SKIP","floor":37.0},{"not_picked":["Slimebound:HungryTackle"],"picked":"SKIP","floor":39.0},{"not_picked":["Slimebound:SplitBruiser"],"picked":"SKIP","floor":40.0},{"not_picked":["Slimebound:TongueLash"],"picked":"SKIP","floor":43.0},{"not_picked":["Slimebound:GoopSpray"],"picked":"SKIP","floor":44.0},{"not_picked":[],"picked":"Slimebound:HauntingLick+1","floor":46.0},{"not_picked":[],"picked":"Slimebound:GoopSpray+1","floor":47.0},{"not_picked":["Slimebound:PressTheAttack"],"picked":"SKIP","floor":48.0},{"not_picked":["Slimebound:HungryTackle"],"picked":"SKIP","floor":49.0},{"not_picked":["Slimebound:ServeAndProtect+1"],"picked":"SKIP","floor":52.0}],"player_experience":1168781,"relics_obtained":[{"floor":4.0,"key":"Bronze Scales"},{"floor":6.0,"key":"Meat on the Bone"},{"floor":7.0,"key":"MawBank"},{"floor":12.0,"key":"sneckomod:BlankCard"},{"floor":14.0,"key":"Bag of Marbles"},{"floor":26.0,"key":"Lizard Tail"},{"floor":28.0,"key":"The Courier"},{"floor":38.0,"key":"Bottled Lightning"},{"floor":40.0,"key":"Bottled Tornado"},{"floor":41.0,"key":"Gremlin Horn"},{"floor":45.0,"key":"TungstenRod"},{"floor":46.0,"key":"Unceasing Top"},{"floor":48.0,"key":"Letter Opener"},{"floor":52.0,"key":"Mercury Hourglass"}],"event_choices":[{"damage_healed":0.0,"max_hp_gain":0.0,"max_hp_loss":0.0,"gold_gain":0.0,"cards_transformed":["Slimebound:Split","Slimebound:SplitMire"],"event_name":"Drug Dealer","player_choice":"Became Test Subject","floor":31.0,"gold_loss":0.0,"damage_taken":0.0,"cards_obtained":["Slimebound:ServeAndProtect","Slimebound:FinishingTackle"]},{"cards_removed":["Slimebound:Tackle"],"damage_healed":0.0,"max_hp_gain":0.0,"max_hp_loss":0.0,"gold_gain":0.0,"event_name":"Falling","player_choice":"Removed Attack","floor":36.0,"gold_loss":0.0,"damage_taken":0.0},{"damage_healed":0.0,"max_hp_gain":0.0,"max_hp_loss":0.0,"gold_gain":0.0,"event_name":"Mysterious Sphere","player_choice":"Fight","floor":45.0,"gold_loss":0.0,"damage_taken":0.0}],"is_beta":false,"boss_relics":[{"not_picked":["Empty Cage","Fusion Hammer"],"picked":"Busted Crown"},{"not_picked":["Pandora\u0027s Box","Tiny House"],"picked":"expansioncontent:StudyCardRelic"}],"items_purged_floors":[29,47],"is_endless":false,"potions_floor_spawned":[2,12,14,15,19,21,22,32,33,43,46,48],"killed_by":"downfall:NeowBossFinal","ascension_level":5}}