{"host":"nwtxriuk34b069je","time":1612914762,"event":{"mods":["AchievementEnabler","BaseMod","Better Skull","Colored Map","Colored Powertips","Hermit","Minty Spire (QoL Compilation)","Relic Stats","StSLib"],"gold_per_floor":[115,133,146,71,171,185,196,146,146,146,146],"floor_reached":10,"language":"ENG","playtime":227,"items_purged":["Defend_R"],"score":110,"play_id":"eb760f48-8835-4d71-ac3a-c4e6b553b47d","local_time":"20210209175242","is_ascension_mode":false,"campfire_choices":[],"circlet_count":0,"master_deck":["Strike_R","Strike_R","Strike_R","Strike_R","Strike_R","Defend_R","Defend_R","Bash","Cleave","Rage"],"relics":["Unceasing Top","PreservedInsect"],"acts_visited":["Exordium"],"potions_floor_usage":[6],"damage_taken":[{"damage":11,"enemies":"Jaw Worm","floor":1,"turns":2},{"damage":6,"enemies":"Cultist","floor":2,"turns":3},{"damage":12,"enemies":"Small Slimes","floor":3,"turns":4},{"damage":4,"enemies":"3 Louse","floor":6,"turns":2},{"damage":26,"enemies":"Large Slime","floor":7,"turns":5},{"damage":25,"enemies":"Lagavulin","floor":10,"turns":4}],"seed_played":"1978126860600621576","potions_obtained":[{"floor":1,"key":"Block Potion"}],"is_trial":true,"path_per_floor":["M","M","M","$","?","M","M","?","T","E"],"character_chosen":"IRONCLAD","items_purchased":[],"campfire_rested":0,"item_purchase_floors":[],"current_hp_per_floor":[69,63,51,51,51,47,21,21,21,0,0],"gold":146,"neow_bonus":"","is_daily":false,"chose_seed":false,"campfire_upgraded":0,"win_rate":0.0,"timestamp":1612914762,"path_taken":["M","M","M","$","?","M","?","?","T","E"],"items_purchased_type":[],"build_version":"2020-12-22","purchased_purges":1,"victory":false,"max_hp_per_floor":[80,80,80,80,80,80,80,80,80,80,80],"relic_stats":{"counters":[6,20],"PreservedInsect":28,"obtain_stats":[{"PreservedInsect":9,"Unceasing Top":0},{"PreservedInsect":5,"Unceasing Top":0},{"PreservedInsect":16,"Unceasing Top":0}],"Unceasing Top":[0]},"card_choices":[{"not_picked":["Combust","Twin Strike"],"picked":"Cleave","floor":1},{"not_picked":["Shrug It Off","Headbutt","True Grit"],"picked":"SKIP","floor":2},{"not_picked":["Metallicize","Entrench","Blood for Blood"],"picked":"SKIP","floor":3},{"not_picked":["Dropkick","Clothesline"],"picked":"Rage","floor":6},{"not_picked":["Blood for Blood","Shrug It Off","Burning Pact"],"picked":"SKIP","floor":7}],"player_experience":534046,"relics_obtained":[{"floor":9,"key":"PreservedInsect"}],"event_choices":[{"damage_healed":0,"gold_gain":100,"player_choice":"Gold","damage_taken":0,"max_hp_gain":0,"max_hp_loss":0,"event_name":"Wheel of Change","floor":5,"gold_loss":0},{"cards_removed":["Defend_R"],"damage_healed":0,"gold_gain":0,"player_choice":"Card Removal","damage_taken":0,"max_hp_gain":0,"max_hp_loss":0,"event_name":"The Cleric","floor":8,"gold_loss":50}],"is_beta":false,"boss_relics":[],"items_purged_floors":[4],"is_endless":true,"potions_floor_spawned":[1],"killed_by":"Lagavulin","ascension_level":0}}