{"host":"vlqejv0notyktumz","time":1612911048,"event":{"mods":["AchievementEnabler","BaseMod","Colored Map","Colored Powertips","Downfall","Googly Eyes","Minty Spire (QoL Compilation)","StSLib"],"gold_per_floor":[113,127,137,62,78,78,78,78,378,378,398,398,432,445,445,544,544,528,528,528,528],"floor_reached":20,"language":"ENG","playtime":605,"items_purged":["Strike_G"],"score":261,"play_id":"eba615d7-a0a1-426c-b0fe-35c97f9a8de6","local_time":"20210209165048","is_ascension_mode":true,"campfire_choices":[{"data":"Dodge and Roll","floor":6,"key":"SMITH"},{"data":"Survivor","floor":10,"key":"SMITH"},{"data":"Infinite Blades","floor":12,"key":"SMITH"},{"floor":15,"key":"REST"}],"circlet_count":0,"master_deck":["AscendersBane","Strike_G","Strike_G","Strike_G","Defend_G","Defend_G","Defend_G","Defend_G","Defend_G","Survivor+1","Neutralize+1","Infinite Blades+1","Blade Dance+1","Backflip","Dodge and Roll+1","Riddle With Holes","Deflect","Envenom","Heel Hook"],"relics":["Ring of the Snake","Old Coin","Du-Vu Doll","SacredBark"],"acts_visited":["Exordium","TheCity"],"potions_floor_usage":[1,16],"damage_taken":[{"damage":7,"enemies":"Jaw Worm","floor":1,"turns":6},{"damage":4,"enemies":"Small Slimes","floor":2,"turns":4},{"damage":2,"enemies":"Cultist","floor":3,"turns":4},{"damage":4,"enemies":"2 Fungi Beasts","floor":5,"turns":5},{"damage":20,"enemies":"Lots of Slimes","floor":11,"turns":6},{"damage":28,"enemies":"3 Sentries","floor":13,"turns":8},{"damage":1,"enemies":"3 Louse","floor":14,"turns":4},{"damage":45,"enemies":"Slime Boss","floor":16,"turns":13},{"damage":19,"enemies":"2 Thieves","floor":18,"turns":4},{"damage":43,"enemies":"Spheric Guardian","floor":20,"turns":7}],"seed_played":"-325858016880523942","potions_obtained":[{"floor":1,"key":"Fruit Juice"},{"floor":13,"key":"CunningPotion"},{"floor":16,"key":"FearPotion"}],"is_trial":false,"path_per_floor":["M","M","M","$","M","R","?","?","T","R","M","R","E","M","R","B",null,"M","?","M"],"character_chosen":"THE_SILENT","items_purchased":[],"campfire_rested":1,"item_purchase_floors":[],"current_hp_per_floor":[61,57,55,55,51,51,75,75,75,75,55,55,27,26,48,3,57,38,38,0,0],"gold":528,"neow_bonus":"UPGRADE_CARD","is_daily":false,"chose_seed":false,"campfire_upgraded":3,"win_rate":0.0,"timestamp":1612911048,"path_taken":["M","M","M","$","M","R","?","?","T","R","M","R","E","M","R","BOSS","M","?","?"],"items_purchased_type":[],"build_version":"2020-12-22","purchased_purges":1,"victory":false,"max_hp_per_floor":[75,75,75,75,75,75,75,75,75,75,75,75,75,75,75,75,75,75,75,75,75],"card_choices":[{"not_picked":["Riddle With Holes","Dodge and Roll"],"picked":"Infinite Blades","floor":1},{"not_picked":["Flying Knee","Backstab"],"picked":"Blade Dance","floor":2},{"not_picked":["Endless Agony","Blade Dance"],"picked":"Backflip","floor":3},{"not_picked":["Acrobatics","Bane"],"picked":"Dodge and Roll","floor":5},{"not_picked":["Setup","Catalyst"],"picked":"Riddle With Holes","floor":11},{"not_picked":["Catalyst","Riddle With Holes"],"picked":"Deflect","floor":13},{"not_picked":["Expertise","Underhanded Strike","Quick Slash"],"picked":"SKIP","floor":14},{"not_picked":["Grand Finale","Doppelganger"],"picked":"Envenom","floor":16},{"not_picked":["Dagger Throw","Sucker Punch"],"picked":"Heel Hook","floor":18}],"player_experience":406729,"relics_obtained":[{"floor":9,"key":"Old Coin"},{"floor":13,"key":"Du-Vu Doll"}],"event_choices":[{"damage_healed":25,"gold_gain":0,"player_choice":"Banana","damage_taken":0,"max_hp_gain":0,"max_hp_loss":0,"event_name":"Big Fish","floor":7,"gold_loss":0},{"damage_healed":0,"gold_gain":0,"player_choice":"Grow","damage_taken":0,"max_hp_gain":0,"max_hp_loss":0,"event_name":"Living Wall","floor":8,"gold_loss":0,"cards_upgraded":["Blade Dance"]},{"cards_removed":["Strike_G"],"damage_healed":0,"gold_gain":0,"player_choice":"Offered Basic","damage_taken":0,"max_hp_gain":0,"max_hp_loss":0,"event_name":"Bonfire Elementals","floor":19,"gold_loss":0}],"is_beta":false,"boss_relics":[{"not_picked":["Runic Dome","Ring of the Serpent"],"picked":"SacredBark"}],"items_purged_floors":[4],"is_endless":false,"potions_floor_spawned":[1,13,16],"killed_by":"Spheric Guardian","ascension_level":10}}