{"host":"xp5rvh2jwe2ejyfm","time":1612884145,"event":{"mods":["2.2 Compatiblity","Aspiration","BaseMod","Better Altar","Better Match","Better Note","Better Sensory Stone","Better Skull","BetterRewards","Colored Powertips","Conspire","Downfall","GifTheSpireLib","Gremlin Mod","GungeonMod","Hermit","Hubris","Jorbs\u0027s Wanderer Trilogy","Minty Spire (QoL Compilation)","Potionbrewer","Quick Restart","Replay The Spire","Robot Space Explorer","Shade Mod","Somnambulant","StSLib","The Bug Knight","The Clintock","The Construct","The Cursed","The Disciple","The Forsaken","The Hierophant","The Necromancer","The Runesmith","The Servant 0.9.4","The Valiant","The Witch","TheFirefly","thorton"],"gold_per_floor":[117,127,2,2,2,13,42,60,86,106,118,131,151,183,183,288,288,299,299,299,319,339,339,366,377,423,423,423,501,17,32,32,32,32],"floor_reached":33,"language":"ENG","playtime":1662,"items_purged":["ReplayTheSpireMod:Splinters"],"score":311,"play_id":"be634c78-5ddb-4ff8-b429-bba9582e741b","local_time":"20210209102225","is_ascension_mode":false,"campfire_choices":[{"floor":15.0,"key":"REST"},{"floor":23.0,"key":"REST"},{"floor":27.0,"key":"REST"},{"floor":32,"key":"REST"}],"circlet_count":0,"master_deck":["Shade:AnimateDead","Shade:CarefulCut","Shade:FreshBones","Shade:CommandSoldier","Shade:FreshBones","Shade:Carnophage","Shade:FreshBones+1","Shade:PressTheAttack","Shade:Asphyxiate","Shade:FleshLikeOak","Shade:PoundOfFlesh","Shade:CommandSoldier","Shade:ClawBack","Shade:Trample","Shade:FreshBones","Shade:GreaterAnimation","Shade:Excise","Shade:CoffinDance","Shade:Trample","Shade:FleshToFlesh","Shade:FreshBones","Shade:FreshBones","Shade:MadHubris","Shade:SpectralStrikes","Shade:AncientSpear+1","Shade:RavenousHorde","Shade:Bonestorm+1","Shade:CloudOfShrapnel+1","Shade:FreshBones","Shade:FeralStrike","sneckomod:RainOfDice","DemoMod:Invincible","conspire:Banana","Runesmith:GrandSlam"],"relics":["Shade:YorickSkull","hubris:Towel","Blood Vial","theForsaken:Gavel","War Paint","Pandora\u0027s Box","Red Mask","Replay:Baseball","PrismaticShard","Bag of Marbles","Thread and Needle","ReplayTheSpireMod:ShopPack"],"acts_visited":["Exordium","TheCity"],"potions_floor_usage":[31,31],"damage_taken":[{"damage":4.0,"enemies":"Jaw Worm","floor":1.0,"turns":4.0},{"damage":10.0,"enemies":"2 Louse","floor":2.0,"turns":2.0},{"damage":2.0,"enemies":"Small Slimes","floor":6.0,"turns":3.0},{"damage":0.0,"enemies":"Gremlin Nob","floor":7.0,"turns":3.0},{"damage":7.0,"enemies":"Exordium Thugs","floor":8.0,"turns":3.0},{"damage":7.0,"enemies":"3 Louse","floor":10.0,"turns":3.0},{"damage":0.0,"enemies":"Blue Slaver","floor":11.0,"turns":2.0},{"damage":0.0,"enemies":"Looter","floor":12.0,"turns":2.0},{"damage":8.0,"enemies":"3 Louse","floor":13.0,"turns":3.0},{"damage":23.0,"enemies":"3 Sentries","floor":14.0,"turns":4.0},{"damage":21.0,"enemies":"Fading Forest","floor":16.0,"turns":11.0},{"damage":23.0,"enemies":"3 Byrds","floor":18.0,"turns":4.0},{"damage":6.0,"enemies":"Spheric Guardian","floor":21.0,"turns":3.0},{"damage":39.0,"enemies":"3 Cultists","floor":22.0,"turns":6.0},{"damage":0.0,"enemies":"Masked Bandits","floor":24.0,"turns":2.0},{"damage":20.0,"enemies":"Sentry and Sphere","floor":25.0,"turns":5.0},{"damage":10,"enemies":"Snake Plant","floor":31,"turns":5},{"damage":32,"enemies":"Champ","floor":33,"turns":6}],"seed_played":"4827868048039523119","potions_obtained":[{"floor":6.0,"key":"SpeedPotion"},{"floor":7.0,"key":"AttackPotion"},{"floor":10.0,"key":"potionbrewer:BarricadePotion"},{"floor":12.0,"key":"potionbrewer:AcidPotion"},{"floor":14.0,"key":"potionbrewer:CleansingPotion"},{"floor":16.0,"key":"Weak Potion"}],"is_trial":false,"path_per_floor":["M","M","$","?","?","M","E","M","T","M","M","M","M","E","R","B",null,"M","?","?","M","M","R","?","M","T","R","?","?","$","M","R","B"],"character_chosen":"SHADE","items_purchased":["Shade:Carnophage","Shade:FreshBones","Thread and Needle","ReplayTheSpireMod:ShopPack"],"campfire_rested":4,"item_purchase_floors":[3,3,30,30],"current_hp_per_floor":[61,51,51,51,51,49,49,44,44,39,41,43,37,16,35,24,65,42,42,42,38,1,20,22,4,4,23,15,15,15,8,27,0,0],"gold":32,"neow_bonus":"THREE_CARDS","is_daily":false,"chose_seed":false,"campfire_upgraded":0,"win_rate":0.0,"timestamp":1612884145,"path_taken":["M","M","$","?","?","M","E","M","T","M","M","M","M","E","R","BOSS","M","?","?","M","?","R","?","M","T","R","?","?","$","M","R","BOSS"],"items_purchased_type":["Card","Card","Relic","Relic"],"build_version":"2020-12-22","purchased_purges":1,"victory":false,"max_hp_per_floor":[65,65,65,65,65,65,65,65,65,65,65,65,65,65,65,65,65,65,65,65,65,65,65,65,65,65,65,65,65,65,66,66,67,67],"card_choices":[{"not_picked":["Shade:AblativeArmor","Shade:FingerOfDeath"],"picked":"Shade:FreshBones","floor":0.0},{"not_picked":["Shade:GreyBargain","Shade:FeralStrike"],"picked":"Shade:CommandSoldier","floor":1.0},{"not_picked":["Shade:PotionOfRestlessness","Shade:StitchTogether"],"picked":"Shade:FreshBones","floor":2.0},{"not_picked":["Shade:BoneShards","Shade:PoundOfFlesh"],"picked":"Shade:PressTheAttack","floor":6.0},{"not_picked":["Shade:Frenzy","Shade:Excise"],"picked":"Shade:Asphyxiate","floor":7.0},{"not_picked":["Shade:Doomsay","Shade:GoDigging"],"picked":"Shade:FleshLikeOak","floor":8.0},{"not_picked":["Shade:LoseControl","Shade:SkeletonHug"],"picked":"Shade:PoundOfFlesh","floor":10.0},{"not_picked":["Shade:PotionOfRestlessness","Shade:CallWraith"],"picked":"Shade:CommandSoldier","floor":11.0},{"not_picked":["Shade:FleshOffering","Shade:BoneShards"],"picked":"Shade:ClawBack","floor":12.0},{"not_picked":["Shade:SkeletonHug","Shade:FuneraryArmor"],"picked":"Shade:Trample","floor":13.0},{"not_picked":["Shade:FleshToFlesh","Shade:PotionOfRestlessness"],"picked":"Shade:FreshBones","floor":14.0},{"not_picked":["Shade:OneIsEnough","Shade:SoulPierce"],"picked":"Shade:GreaterAnimation","floor":16.0},{"not_picked":["Shade:GreyBargain+1","Shade:Patience"],"picked":"Shade:AncientSpear+1","floor":18.0},{"not_picked":["Shade:PoundOfFlesh+1","Shade:SpontaneousRitual"],"picked":"Shade:RavenousHorde","floor":21.0},{"not_picked":["Shade:AncientSpear","Shade:SpontaneousRitual+1"],"picked":"Shade:Bonestorm+1","floor":22.0},{"not_picked":["Shade:Awaken+1","Shade:GoDigging+1"],"picked":"Shade:CloudOfShrapnel+1","floor":24.0},{"not_picked":["Shade:CoffinDance","Shade:FingerOfDeath+1"],"picked":"Shade:FreshBones","floor":25.0},{"not_picked":["Shade:BoneShards","Shade:DangerousRitual"],"picked":"Shade:FeralStrike","floor":28.0},{"not_picked":["bronze:Terminator","hexamod:BurningTouch+1"],"picked":"sneckomod:RainOfDice","floor":29.0},{"not_picked":["Secret Technique","DemoMod:Deposit"],"picked":"DemoMod:Invincible","floor":30.0},{"not_picked":["PanicButton","Madness"],"picked":"conspire:Banana","floor":30.0},{"not_picked":["Feel No Pain","HollowMod:FastStrike"],"picked":"Runesmith:GrandSlam","floor":31}],"player_experience":474134,"relics_obtained":[{"floor":7.0,"key":"Blood Vial"},{"floor":9.0,"key":"theForsaken:Gavel"},{"floor":14.0,"key":"War Paint"},{"floor":24.0,"key":"Red Mask"},{"floor":26.0,"key":"Replay:Baseball"},{"floor":28.0,"key":"PrismaticShard"},{"floor":29.0,"key":"Bag of Marbles"}],"event_choices":[{"damage_healed":0.0,"max_hp_gain":0.0,"max_hp_loss":0.0,"gold_gain":0.0,"event_name":"Golden Wing","player_choice":"Ignored","floor":4.0,"gold_loss":0.0,"damage_taken":0.0},{"damage_healed":0.0,"max_hp_gain":0.0,"max_hp_loss":0.0,"gold_gain":0.0,"event_name":"betterNote:BetterNote","player_choice":"Ignored","floor":19.0,"gold_loss":0.0,"damage_taken":0.0,"cards_obtained":["Shade:FleshToFlesh"]},{"damage_healed":0.0,"max_hp_gain":0.0,"max_hp_loss":0.0,"gold_gain":0.0,"event_name":"Purifier","player_choice":"Ignored","floor":20.0,"gold_loss":0.0,"damage_taken":0.0},{"damage_healed":0.0,"max_hp_gain":0.0,"max_hp_loss":0.0,"gold_gain":0.0,"event_name":"Masked Bandits","player_choice":"Fought Bandits","floor":24.0,"gold_loss":0.0,"damage_taken":0.0}],"is_beta":false,"boss_relics":[{"not_picked":["Empty Cage","Replay:Wanted Poster"],"picked":"Pandora\u0027s Box"}],"items_purged_floors":[30],"is_endless":false,"potions_floor_spawned":[6,7,10,12,14,16,18,21],"killed_by":"Champ","ascension_level":0}}