{"host":"a3wpq7kyokchzawk","time":1612846344,"event":{"mods":["BaseMod","Colored Map","Highlight Path","Minty Spire (QoL Compilation)","Permanent Neow","Potion Indicator Mod","Relic Stats","Weighted Paths"],"gold_per_floor":[13,24,37,37,37,37,37],"floor_reached":6,"language":"ENG","playtime":410,"items_purged":[],"score":72,"play_id":"19c23eb4-5093-451d-b16e-455b1f7f51b6","local_time":"20210209025224","is_ascension_mode":true,"campfire_choices":[],"circlet_count":0,"master_deck":["AscendersBane","Strike_R","Strike_R","Strike_R","Strike_R","Defend_R","Defend_R","Defend_R","Defend_R","Bash","Twin Strike","Second Wind","Shrug It Off"],"relics":["Burning Blood","Champion Belt"],"acts_visited":["Exordium"],"potions_floor_usage":[6],"damage_taken":[{"damage":12,"enemies":"Jaw Worm","floor":1,"turns":4},{"damage":8,"enemies":"2 Louse","floor":2,"turns":3},{"damage":6,"enemies":"Cultist","floor":3,"turns":3},{"damage":56,"enemies":"Gremlin Nob","floor":6,"turns":5}],"seed_played":"3724329521096343868","potions_obtained":[{"floor":2,"key":"Energy Potion"}],"is_trial":false,"path_per_floor":["M","M","M","?","?","E"],"character_chosen":"IRONCLAD","items_purchased":[],"campfire_rested":0,"item_purchase_floors":[],"current_hp_per_floor":[62,60,60,53,53,0,0],"gold":37,"neow_bonus":"ONE_RARE_RELIC","is_daily":false,"chose_seed":false,"campfire_upgraded":0,"win_rate":0.0,"timestamp":1612846344,"path_taken":["M","M","M","?","?","E"],"items_purchased_type":[],"build_version":"2020-12-22","purchased_purges":0,"victory":false,"max_hp_per_floor":[75,75,75,75,75,75,75],"relic_stats":{"counters":[4,15],"Champion Belt":[5],"obtain_stats":[{"Champion Belt":0,"Burning Blood":0},{"Champion Belt":0,"Burning Blood":0},{"Champion Belt":0,"Burning Blood":0}],"Burning Blood":18},"card_choices":[{"not_picked":["Blood for Blood","Headbutt"],"picked":"Twin Strike","floor":1},{"not_picked":["Perfected Strike","Heavy Blade"],"picked":"Second Wind","floor":2},{"not_picked":["Fire Breathing","Flex"],"picked":"Shrug It Off","floor":3}],"player_experience":2675731,"relics_obtained":[],"event_choices":[{"cards_removed":["Strike_R"],"damage_healed":0,"gold_gain":0,"player_choice":"Card Removal","damage_taken":7,"max_hp_gain":0,"max_hp_loss":0,"event_name":"Golden Wing","floor":4,"gold_loss":0},{"damage_healed":0,"gold_gain":0,"player_choice":"Ignored","damage_taken":0,"max_hp_gain":0,"max_hp_loss":0,"event_name":"Liars Game","floor":5,"gold_loss":0}],"is_beta":false,"boss_relics":[],"items_purged_floors":[],"is_endless":false,"potions_floor_spawned":[2],"killed_by":"Gremlin Nob","ascension_level":20}}