{"host":"juvwyqk4ifq614bf","time":1612908281,"event":{"mods":["2.2 Compatiblity","Act Like it!","BaseMod","Better Altar","Better Match","Better Note","Better Sensory Stone","Better Third Choice","ChefMod","Conspire","Ekko","Friendly Minions","GifTheSpireLib","Hubris","Infinite Spire","Minty Spire (QoL Compilation)","Mirrors Mod","Replay The Spire","StSLib","Stuff the Spire","The Alterego","TheVelvet"],"gold_per_floor":[111,111,111,128,146,175,175,175,175,187,187,200,200,219,219,315,315,333,315,315,398,398,398],"floor_reached":22,"language":"ENG","playtime":1874,"items_purged":[],"score":211,"play_id":"00b9395b-4e75-46cc-9166-b91972754cb4","local_time":"20210209230441","is_ascension_mode":false,"campfire_choices":[{"data":"chefmod:Ratatouille","floor":7,"key":"SMITH"},{"data":"chefmod:CandyBowl","floor":11,"key":"SMITH"},{"data":"chefmod:VegetableTart","floor":15,"key":"SMITH"}],"circlet_count":0,"master_deck":["chefmod:Strike","chefmod:Strike","chefmod:Strike","chefmod:QuickThaw","chefmod:Defend","chefmod:Defend","chefmod:TodaysSpecial","chefmod:KnifeFlurry+1","chefmod:Ratatouille+1","chefmod:CandyBowl+1","chefmod:Chop","chefmod:Granita","chefmod:SliceAndDice","chefmod:OldCookbook","chefmod:Fillet","chefmod:DinoKale","chefmod:FryPan","chefmod:DimSum","chefmod:VegetableTart+1","chefmod:FryPan+1","chefmod:CuttingBoard","chefmod:SushiPlatter","chefmod:NoSoupForYou+1","chefmod:SaveForLater","chefmod:NewMenu"],"relics":["chefmod:OldKettle","conspire:GiftBox","Counterbalance","conspire:DeflatedDodgeball"],"acts_visited":["Exordium","TheCity"],"potions_floor_usage":[12,12,16,19],"damage_taken":[{"damage":0,"enemies":"Jaw Worm","floor":1,"turns":5},{"damage":0,"enemies":"2 Louse","floor":4,"turns":3},{"damage":1,"enemies":"Cultist","floor":5,"turns":4},{"damage":9,"enemies":"3 Sentries","floor":6,"turns":7},{"damage":0,"enemies":"3 Louse","floor":10,"turns":3},{"damage":7,"enemies":"Blue Slaver","floor":12,"turns":2},{"damage":0,"enemies":"2 Fungi Beasts","floor":14,"turns":4},{"damage":54,"enemies":"The Guardian","floor":16,"turns":20},{"damage":4,"enemies":"Chosen","floor":18,"turns":6},{"damage":15,"enemies":"2 Thieves","floor":19,"turns":4},{"damage":52,"enemies":"Cultist and Chosen","floor":22,"turns":8}],"seed_played":"-2909085688007413603","potions_obtained":[{"floor":4,"key":"conspire:TimeTravelPotion"},{"floor":5,"key":"Doom Potion"},{"floor":10,"key":"Dexterity Potion"},{"floor":18,"key":"Explosive Potion"}],"is_trial":false,"path_per_floor":["M","?","?","M","M","E","R","?","T","M","R","M","T","M","R","B",null,"M","M","?","?","M"],"character_chosen":"THE_CHEF","items_purchased":[],"campfire_rested":0,"item_purchase_floors":[],"current_hp_per_floor":[76,76,76,76,75,66,66,66,66,66,66,66,66,66,66,12,76,72,57,57,38,0,0],"gold":398,"neow_bonus":"RANDOM_EVENT","is_daily":false,"chose_seed":false,"campfire_upgraded":3,"win_rate":0.0,"timestamp":1612908281,"path_taken":["M","?","?","M","?","E","R","?","T","M","R","M","?","M","R","BOSS","M","M","?","?","M"],"items_purchased_type":[],"build_version":"2020-12-22","purchased_purges":0,"victory":false,"max_hp_per_floor":[76,76,76,76,76,76,76,76,76,76,76,76,76,76,76,76,76,76,76,76,76,76,76],"card_choices":[{"not_picked":["chefmod:Defrost","chefmod:FreezeSolid","chefmod:DinoKale"],"picked":"SKIP","floor":1},{"not_picked":["chefmod:Bruschetta","chefmod:ColdSteel"],"picked":"chefmod:Ratatouille","floor":4},{"not_picked":["chefmod:ColdSteel","chefmod:CuttingBoard","chefmod:IcePick"],"picked":"SKIP","floor":5},{"not_picked":["chefmod:OrderUp","chefmod:SushiPlatter"],"picked":"chefmod:CandyBowl","floor":6},{"not_picked":["chefmod:DinoKale","chefmod:Defrost"],"picked":"chefmod:Chop","floor":6},{"not_picked":["chefmod:IceCreamCone","chefmod:Defrost"],"picked":"chefmod:FryPan","floor":10},{"not_picked":["chefmod:SliceAndDice","chefmod:FreezeSolid"],"picked":"chefmod:DimSum","floor":12},{"not_picked":["chefmod:Chop","chefmod:FarmersMarket"],"picked":"chefmod:VegetableTart","floor":14},{"not_picked":["chefmod:BaoBuns","chefmod:Granita"],"picked":"chefmod:FryPan+1","floor":18},{"not_picked":["chefmod:Julienne+1","chefmod:Escargot","chefmod:ZaruSoba+1"],"picked":"SKIP","floor":19},{"not_picked":["chefmod:HotSoup","chefmod:Granita"],"picked":"chefmod:NoSoupForYou+1","floor":21},{"not_picked":["chefmod:Defrost","chefmod:DinoKale"],"picked":"chefmod:SaveForLater","floor":21},{"not_picked":["chefmod:IcePick","chefmod:Granita"],"picked":"chefmod:NewMenu","floor":21}],"player_experience":238774,"relics_obtained":[{"floor":6,"key":"conspire:GiftBox"},{"floor":9,"key":"Counterbalance"},{"floor":13,"key":"conspire:DeflatedDodgeball"}],"event_choices":[{"cards_removed":["chefmod:Defend"],"damage_healed":0,"gold_gain":0,"player_choice":"Forget","damage_taken":0,"max_hp_gain":0,"max_hp_loss":0,"event_name":"Living Wall","floor":0,"gold_loss":0},{"damage_healed":0,"gold_gain":0,"player_choice":"Take","damage_taken":0,"max_hp_gain":0,"max_hp_loss":0,"event_name":"betterNote:BetterNote","floor":3,"gold_loss":0,"cards_obtained":["chefmod:KnifeFlurry"]},{"damage_healed":0,"gold_gain":0,"cards_transformed":["chefmod:Defend","chefmod:Strike"],"player_choice":"Became Test Subject","damage_taken":0,"max_hp_gain":0,"max_hp_loss":0,"event_name":"Drug Dealer","floor":20,"gold_loss":0,"cards_obtained":["chefmod:CuttingBoard","chefmod:SushiPlatter"]}],"is_beta":false,"boss_relics":[{"not_picked":["Fusion Hammer","SlaversCollar"],"picked":"chefmod:OldKettle"}],"items_purged_floors":[],"is_endless":false,"potions_floor_spawned":[4,5,10,18],"killed_by":"Cultist and Chosen","ascension_level":0}}