{"host":"1q02rw1wpi0nrsss","time":1612903736,"event":{"mods":["AchievementEnabler","BaseMod","Better Note","Better Third Choice","Bossed Relics","Custom Start","Dark Map","DeckTracker","Disable Question Mark Monsters","Minty Spire (QoL Compilation)","Permanent Neow","Quick Restart","Rare Cards Sparkle","Relic Stats","StSLib","??????REMEMod"],"gold_per_floor":[119,134,149,169,119,119,139,172,196,220,253,253,253,281,281,383,383,394,406,331,331,331,331,348,362,412,412,423,423,423],"floor_reached":29,"language":"ENG","playtime":1099,"items_purged":["Strike_R"],"score":336,"play_id":"e50e15f2-265c-499a-b4b7-9c2289ce6e4a","local_time":"20210209124856","is_ascension_mode":true,"campfire_choices":[{"data":"Body Slam","floor":6.0,"key":"SMITH"},{"data":"Body Slam","floor":13.0,"key":"SMITH"},{"data":"Flex","floor":15.0,"key":"SMITH"},{"data":"Barricade","floor":23.0,"key":"SMITH"},{"floor":27.0,"key":"REST"}],"circlet_count":0,"master_deck":["Strike_R","Strike_R","Strike_R+1","Defend_R","Defend_R","Defend_R","Defend_R","Bash+1","REME_Shoggoth","Immolate","Sword Boomerang","Body Slam+1","Rampage","Flex+1","Body Slam+1","REME_TheLastStrike","Barricade+1","REME_Scribble+1"],"relics":["Burning Blood","REME_ComplimentaryCards","Whetstone","Omamori","Odd Mushroom","Oddly Smooth Stone","Philosopher\u0027s Stone","PreservedInsect","Nilry\u0027s Codex","MealTicket","NlothsMask"],"acts_visited":["Exordium","TheCity"],"potions_floor_usage":[28],"damage_taken":[{"damage":1.0,"enemies":"Cultist","floor":1.0,"turns":3.0},{"damage":6.0,"enemies":"Jaw Worm","floor":2.0,"turns":2.0},{"damage":2.0,"enemies":"2 Louse","floor":3.0,"turns":3.0},{"damage":11.0,"enemies":"Lots of Slimes","floor":4.0,"turns":3.0},{"damage":0.0,"enemies":"2 Fungi Beasts","floor":7.0,"turns":2.0},{"damage":17.0,"enemies":"3 Sentries","floor":8.0,"turns":4.0},{"damage":9.0,"enemies":"The Mushroom Lair","floor":10.0,"turns":2.0},{"damage":8.0,"enemies":"Lagavulin","floor":11.0,"turns":3.0},{"damage":0.0,"enemies":"3 Sentries","floor":14.0,"turns":2.0},{"damage":0.0,"enemies":"Slime Boss","floor":16.0,"turns":1.0},{"damage":6.0,"enemies":"Chosen","floor":18.0,"turns":4.0},{"damage":10.0,"enemies":"3 Byrds","floor":19.0,"turns":2.0},{"damage":42.0,"enemies":"Snake Plant","floor":24.0,"turns":5.0},{"damage":12.0,"enemies":"Centurion and Healer","floor":25.0,"turns":4.0},{"damage":3,"enemies":"Snecko","floor":28,"turns":4}],"seed_played":"-2265685165138446554","potions_obtained":[{"floor":4.0,"key":"CultistPotion"},{"floor":7.0,"key":"Weak Potion"},{"floor":10.0,"key":"Strength Potion"},{"floor":12.0,"key":"Swift Potion"},{"floor":12.0,"key":"ColorlessPotion"},{"floor":12.0,"key":"LiquidMemories"},{"floor":24.0,"key":"DuplicationPotion"},{"floor":25.0,"key":"Dexterity Potion"},{"floor":28,"key":"LiquidMemories"}],"is_trial":false,"path_per_floor":["M","M","M","M","?","R","M","E","T","?","E","?","R","E","R","B",null,"M","M","$","T","?","R","M","M","T","R","M","?"],"character_chosen":"IRONCLAD","items_purchased":[],"campfire_rested":1,"item_purchase_floors":[],"current_hp_per_floor":[80,80,80,75,75,75,80,69,69,66,64,64,64,80,80,80,80,80,76,76,76,60,60,24,21,21,45,51,51,51],"gold":423,"neow_bonus":"ONE_RANDOM_RARE_CARD","is_daily":false,"chose_seed":false,"campfire_upgraded":4,"win_rate":0.0,"timestamp":1612903736,"path_taken":["M","M","M","?","?","R","M","E","T","?","E","?","R","E","R","BOSS","M","?","$","?","?","R","M","M","T","R","M","?"],"items_purchased_type":[],"build_version":"2020-12-22","purchased_purges":1,"victory":false,"max_hp_per_floor":[80,80,80,80,80,80,80,80,80,80,80,80,80,80,80,80,80,80,80,80,80,80,80,80,83,83,83,86,86,86],"relic_stats":{"counters":[15,44],"MealTicket":0,"PreservedInsect":0,"Whetstone":["Strike_R","Bash"],"obtain_stats":[{"Nilry\u0027s Codex":22,"Oddly Smooth Stone":11,"Philosopher\u0027s Stone":17,"MealTicket":26,"PreservedInsect":21,"Omamori":9,"Whetstone":8,"Odd Mushroom":10,"Burning Blood":0,"REME_ComplimentaryCards":0,"NlothsMask":29},{"Nilry\u0027s Codex":12,"Oddly Smooth Stone":8,"Philosopher\u0027s Stone":10,"MealTicket":14,"PreservedInsect":12,"Omamori":6,"Whetstone":6,"Odd Mushroom":7,"Burning Blood":0,"REME_ComplimentaryCards":0,"NlothsMask":15},{"Nilry\u0027s Codex":31,"Oddly Smooth Stone":22,"Philosopher\u0027s Stone":25,"MealTicket":40,"PreservedInsect":31,"Omamori":17,"Whetstone":17,"Odd Mushroom":19,"Burning Blood":0,"REME_ComplimentaryCards":0,"NlothsMask":44}],"Burning Blood":68},"card_choices":[{"not_picked":["Iron Wave","Pommel Strike"],"picked":"Sword Boomerang","floor":1.0},{"not_picked":["Armaments","Perfected Strike"],"picked":"Body Slam","floor":2.0},{"not_picked":["Havoc","Cleave","Sword Boomerang"],"picked":"SKIP","floor":3.0},{"not_picked":["Metallicize","Limit Break"],"picked":"Rampage","floor":4.0},{"not_picked":["Pommel Strike","Rupture","Armaments"],"picked":"SKIP","floor":7.0},{"not_picked":["Shrug It Off","Bludgeon"],"picked":"Flex","floor":8.0},{"not_picked":["Dropkick","Havoc"],"picked":"Body Slam","floor":10.0},{"not_picked":["Burning Pact","Heavy Blade","Warcry"],"picked":"SKIP","floor":11.0},{"not_picked":["Corruption","Iron Wave"],"picked":"REME_TheLastStrike","floor":14.0},{"not_picked":["Immolate","REME_TheLastStrike"],"picked":"Barricade","floor":16.0},{"not_picked":["Pummel","Wild Strike+1","Armaments+1"],"picked":"SKIP","floor":18.0},{"not_picked":["Rupture","Clothesline","Headbutt"],"picked":"SKIP","floor":19.0},{"not_picked":["Sever Soul","Metallicize"],"picked":"REME_Scribble+1","floor":24.0},{"not_picked":["Clothesline","Feel No Pain+1","Wild Strike"],"picked":"SKIP","floor":25.0},{"not_picked":["Iron Wave","Thunderclap","Sword Boomerang+1"],"picked":"SKIP","floor":28}],"player_experience":88722,"relics_obtained":[{"floor":8.0,"key":"Whetstone"},{"floor":9.0,"key":"Omamori"},{"floor":10.0,"key":"Odd Mushroom"},{"floor":11.0,"key":"Oddly Smooth Stone"},{"floor":21.0,"key":"PreservedInsect"},{"floor":22.0,"key":"Nilry\u0027s Codex"},{"floor":26.0,"key":"MealTicket"}],"event_choices":[{"cards_removed":["Strike_R"],"damage_healed":0.0,"max_hp_gain":0.0,"max_hp_loss":0.0,"gold_gain":0.0,"event_name":"The Cleric","player_choice":"Card Removal","floor":5.0,"gold_loss":50.0,"damage_taken":0.0},{"damage_healed":0.0,"max_hp_gain":0.0,"max_hp_loss":0.0,"gold_gain":0.0,"event_name":"Mushrooms","player_choice":"Fought Mushrooms","floor":10.0,"gold_loss":0.0,"damage_taken":0.0},{"damage_healed":0.0,"max_hp_gain":0.0,"max_hp_loss":0.0,"gold_gain":0.0,"event_name":"Lab","player_choice":"Got Potions","floor":12.0,"gold_loss":0.0,"damage_taken":0.0},{"damage_healed":0.0,"max_hp_gain":0.0,"max_hp_loss":0.0,"gold_gain":0.0,"event_name":"Cursed Tome","player_choice":"Obtained Book","floor":22.0,"gold_loss":0.0,"damage_taken":16.0},{"damage_healed":0,"gold_gain":0,"player_choice":"Trade","damage_taken":0,"relics_obtained":["NlothsMask"],"max_hp_gain":0,"max_hp_loss":0,"event_name":"FaceTrader","floor":29,"gold_loss":0}],"is_beta":false,"boss_relics":[{"not_picked":["Runic Dome","Black Blood"],"picked":"Philosopher\u0027s Stone"}],"items_purged_floors":[20],"is_endless":false,"potions_floor_spawned":[4,7,10,24,25,28],"ascension_level":1}}