{"host":"o3n4et6u1y1w2h5j","time":1612886444,"event":{"mods":["AchievementEnabler","BaseMod","Block Reminder","Minty Spire (QoL Compilation)","Rare Cards Sparkle","Relic Stats","StSLib"],"gold_per_floor":[119,35,54,54,121,154,154,173,196,196,41,41,57,57,57,186,186,199,199,225,152,199,211,223,235,247,298,334,346,371,383,395,511,523,554,240,260,260,271,271,303,226,226,226,236,286,301,331,331,331,331],"floor_reached":50,"language":"ENG","playtime":3193,"items_purged":[],"score":565,"play_id":"42a95464-ea13-4070-91a3-596ee266bdee","local_time":"20210209080044","is_ascension_mode":true,"campfire_choices":[{"floor":7,"key":"REST"},{"data":"Genetic Algorithm","floor":10,"key":"SMITH"},{"data":"Zap","floor":15,"key":"SMITH"},{"data":"DeusExMachina","floor":23,"key":"SMITH"},{"data":"White Noise","floor":25,"key":"SMITH"},{"data":"Study","floor":32,"key":"SMITH"},{"data":"Apotheosis","floor":40,"key":"SMITH"},{"data":"Consume","floor":44,"key":"SMITH"},{"floor":49,"key":"REST"}],"circlet_count":0,"master_deck":["Zap+1","Dualcast","Reboot","Sunder+1","Genetic Algorithm+1","Ball Lightning","Lockon","White Noise+1","Glacier","All For One","Turbo+1","DeusExMachina+1","Chill","Leap","Scrape","Rip and Tear","Fusion","Reprogram","Thunderclap","Impatience","White Noise+1","Beam Cell","Study+1","Devotion","Apotheosis+1","Defragment","Wraith Form v2","Consume+1","Decay","Parasite","Cold Snap+1"],"relics":["Cracked Core","Juzu Bracelet","Mercury Hourglass","Whetstone","PrismaticShard","Bloody Idol","Pandora\u0027s Box","MawBank","Mummified Hand","Red Mask","Strawberry","Cursed Key","Toolbox","War Paint","Sundial","Ice Cream","Ancient Tea Set"],"acts_visited":["Exordium","TheCity","TheBeyond"],"potions_floor_usage":[27,30,33,33,35,45],"damage_taken":[{"damage":6,"enemies":"2 Louse","floor":1,"turns":2},{"damage":0,"enemies":"Small Slimes","floor":3,"turns":2},{"damage":31,"enemies":"Gremlin Nob","floor":6,"turns":4},{"damage":0,"enemies":"Cultist","floor":8,"turns":3},{"damage":0,"enemies":"3 Louse","floor":13,"turns":1},{"damage":25,"enemies":"The Guardian","floor":16,"turns":13},{"damage":11,"enemies":"2 Thieves","floor":18,"turns":2},{"damage":21,"enemies":"Masked Bandits","floor":22,"turns":4},{"damage":21,"enemies":"Slavers","floor":27,"turns":5},{"damage":0,"enemies":"3 Byrds","floor":28,"turns":4},{"damage":5,"enemies":"Shelled Parasite and Fungi","floor":30,"turns":3},{"damage":21,"enemies":"Automaton","floor":33,"turns":8},{"damage":0,"enemies":"3 Darklings","floor":35,"turns":3},{"damage":8,"enemies":"Orb Walker","floor":37,"turns":2},{"damage":2,"enemies":"3 Darklings","floor":39,"turns":4},{"damage":29,"enemies":"Giant Head","floor":41,"turns":7},{"damage":9,"enemies":"Spire Growth","floor":45,"turns":3},{"damage":3,"enemies":"Mind Bloom Boss Battle","floor":46,"turns":5},{"damage":20,"enemies":"Writhing Mass","floor":47,"turns":5},{"damage":26,"enemies":"Nemesis","floor":48,"turns":7},{"damage":32,"enemies":"Donu and Deca","floor":50,"turns":4}],"seed_played":"-4720630222467299144","potions_obtained":[{"floor":3,"key":"Weak Potion"},{"floor":13,"key":"Regen Potion"},{"floor":16,"key":"Strength Potion"},{"floor":27,"key":"SteroidPotion"},{"floor":29,"key":"Ancient Potion"},{"floor":33,"key":"DistilledChaos"},{"floor":41,"key":"Swift Potion"},{"floor":46,"key":"BlessingOfTheForge"},{"floor":47,"key":"LiquidBronze"}],"is_trial":false,"path_per_floor":["M","$","M","?","?","E","R","M","T","R","$","?","M","?","R","B",null,"M","?","T","?","?","R","?","R","T","E","M","?","M","?","R","B",null,"M","$","M","?","M","R","E","$","T","R","M","?","M","E","R","B"],"character_chosen":"DEFECT","items_purchased":["Genetic Algorithm","Ball Lightning","PrismaticShard","Apotheosis","Toolbox","Consume"],"campfire_rested":2,"item_purchase_floors":[2,2,11,36,36,42],"current_hp_per_floor":[69,69,69,36,36,5,27,27,27,27,27,27,27,27,27,2,69,58,58,58,58,37,37,37,37,37,23,23,23,27,27,32,21,76,76,76,73,72,72,72,48,48,48,48,44,46,31,10,31,0,0],"gold":331,"neow_bonus":"TRANSFORM_CARD","is_daily":false,"chose_seed":false,"campfire_upgraded":7,"win_rate":0.0,"timestamp":1612886444,"path_taken":["M","$","M","?","?","E","R","M","T","R","$","?","M","?","R","BOSS","M","?","?","?","?","R","?","R","T","E","M","?","M","?","R","BOSS","M","$","M","?","M","R","E","$","T","R","M","?","M","E","R","BOSS"],"items_purchased_type":["Card","Card","Relic","Card","Relic","Card"],"build_version":"2020-12-22","purchased_purges":0,"victory":false,"max_hp_per_floor":[75,75,75,75,75,75,75,75,75,75,75,75,75,69,69,69,69,69,69,69,69,69,69,69,69,69,76,76,76,76,76,76,76,76,76,76,76,72,72,72,72,72,72,72,72,72,72,72,72,72,72],"relic_stats":{"counters":[21,89],"Mummified Hand":[60],"Sundial":[4],"Bloody Idol":52,"Pandora\u0027s Box":["Chill","Leap","Scrape","Rip and Tear","Fusion","Reprogram"],"Juzu Bracelet":3,"Whetstone":["Strike_B","Sunder"],"War Paint":["White Noise","Turbo"],"MawBank":192,"Cursed Key":1,"obtain_stats":[{"Ice Cream":46,"Golden Idol":14,"Juzu Bracelet":4,"Whetstone":9,"War Paint":41,"PrismaticShard":11,"MawBank":20,"Cursed Key":34,"Ancient Tea Set":48,"Mercury Hourglass":6,"Mummified Hand":21,"Sundial":43,"Strawberry":27,"Bloody Idol":31,"Toolbox":36,"Pandora\u0027s Box":17,"Red Mask":22,"Cracked Core":0},{"Ice Cream":18,"Golden Idol":5,"Juzu Bracelet":2,"Whetstone":4,"War Paint":16,"PrismaticShard":4,"MawBank":7,"Cursed Key":12,"Ancient Tea Set":20,"Mercury Hourglass":3,"Mummified Hand":7,"Sundial":16,"Strawberry":9,"Bloody Idol":11,"Toolbox":13,"Pandora\u0027s Box":6,"Red Mask":8,"Cracked Core":0},{"Ice Cream":73,"Golden Idol":12,"Juzu Bracelet":4,"Whetstone":11,"War Paint":65,"PrismaticShard":11,"MawBank":26,"Cursed Key":49,"Ancient Tea Set":85,"Mercury Hourglass":8,"Mummified Hand":26,"Sundial":65,"Strawberry":35,"Bloody Idol":41,"Toolbox":52,"Pandora\u0027s Box":25,"Red Mask":30,"Cracked Core":0}],"Mercury Hourglass":[329]},"card_choices":[{"not_picked":["Beam Cell","Fusion"],"picked":"Sunder","floor":1},{"not_picked":["Rebound","Aggregate"],"picked":"Lockon","floor":3},{"not_picked":["Streamline","Sweeping Beam"],"picked":"White Noise","floor":6},{"not_picked":["Coolheaded","Steam"],"picked":"Glacier","floor":8},{"not_picked":["Predator","Whirlwind"],"picked":"Turbo","floor":13},{"not_picked":["Metamorphosis","Fiend Fire"],"picked":"DeusExMachina","floor":16},{"not_picked":["Deflect","Auto Shields"],"picked":"Thunderclap","floor":18},{"not_picked":["Reflex","TalkToTheHand"],"picked":"Impatience","floor":22},{"not_picked":["Prepared","Doom and Gloom","Bloodletting"],"picked":"SKIP","floor":27},{"not_picked":["Armaments","Rip and Tear"],"picked":"Beam Cell","floor":28},{"not_picked":["Entrench","Riddle With Holes+1"],"picked":"Study","floor":30},{"not_picked":["Unload","Magnetism"],"picked":"Devotion","floor":33},{"not_picked":["CrushJoints+1","Clash+1","Flex"],"picked":"SKIP","floor":35},{"not_picked":["Vengeance","BootSequence+1","Prepared"],"picked":"SKIP","floor":37},{"not_picked":["Clothesline+1","Steam+1"],"picked":"Defragment","floor":39},{"not_picked":["Jack Of All Trades+1","Finisher+1"],"picked":"Wraith Form v2","floor":41},{"not_picked":["Lockon","Combust+1","ClearTheMind"],"picked":"SKIP","floor":45},{"not_picked":["Clash+1","Reckless Charge+1","Perfected Strike"],"picked":"SKIP","floor":47},{"not_picked":["Rage","Stack+1"],"picked":"Cold Snap+1","floor":48}],"player_experience":79673,"relics_obtained":[{"floor":6,"key":"Mercury Hourglass"},{"floor":9,"key":"Whetstone"},{"floor":20,"key":"MawBank"},{"floor":22,"key":"Red Mask"},{"floor":27,"key":"Strawberry"},{"floor":41,"key":"War Paint"},{"floor":43,"key":"Sundial"},{"floor":46,"key":"Ice Cream"},{"floor":48,"key":"Ancient Tea Set"}],"event_choices":[{"damage_healed":0,"gold_gain":0,"player_choice":"Success","damage_taken":33,"relics_obtained":["Juzu Bracelet"],"max_hp_gain":0,"max_hp_loss":0,"event_name":"Scrap Ooze","floor":4,"gold_loss":0},{"damage_healed":0,"gold_gain":67,"player_choice":"Gained Gold","damage_taken":0,"max_hp_gain":0,"max_hp_loss":0,"event_name":"Golden Wing","floor":5,"gold_loss":0},{"damage_healed":0,"gold_gain":0,"cards_transformed":["Strike_B"],"player_choice":"Transformed","damage_taken":0,"max_hp_gain":0,"max_hp_loss":0,"event_name":"Transmorgrifier","floor":12,"gold_loss":0,"cards_obtained":["All For One"]},{"damage_healed":0,"gold_gain":0,"player_choice":"Lose Max HP","damage_taken":0,"relics_obtained":["Golden Idol"],"max_hp_gain":0,"max_hp_loss":6,"event_name":"Golden Idol","floor":14,"gold_loss":0},{"damage_healed":0,"gold_gain":0,"player_choice":"Ignored","damage_taken":0,"max_hp_gain":0,"max_hp_loss":0,"event_name":"Beggar","floor":19,"gold_loss":0},{"damage_healed":0,"gold_gain":0,"player_choice":"Obtained Relic","damage_taken":0,"relics_obtained":["Mummified Hand"],"max_hp_gain":0,"max_hp_loss":0,"event_name":"Addict","floor":21,"gold_loss":85},{"damage_healed":0,"gold_gain":0,"player_choice":"Fought Bandits","damage_taken":0,"max_hp_gain":0,"max_hp_loss":0,"event_name":"Masked Bandits","floor":22,"gold_loss":0},{"damage_healed":0,"gold_gain":0,"player_choice":"Read","damage_taken":0,"max_hp_gain":0,"max_hp_loss":0,"event_name":"The Library","floor":24,"gold_loss":0,"cards_obtained":["White Noise"]},{"damage_healed":0,"gold_gain":0,"player_choice":"Got Potions","damage_taken":0,"max_hp_gain":0,"max_hp_loss":0,"event_name":"Lab","floor":29,"gold_loss":0},{"damage_healed":0,"gold_gain":0,"player_choice":"Gave Idol","damage_taken":0,"relics_obtained":["Bloody Idol"],"max_hp_gain":0,"max_hp_loss":0,"event_name":"Forgotten Altar","floor":31,"relics_lost":["Golden Idol"],"gold_loss":0},{"damage_healed":0,"gold_gain":0,"player_choice":"Max HP","damage_taken":0,"max_hp_gain":0,"max_hp_loss":4,"event_name":"Winding Halls","floor":38,"gold_loss":0},{"damage_healed":0,"gold_gain":0,"player_choice":"Fight","damage_taken":0,"max_hp_gain":0,"max_hp_loss":0,"event_name":"MindBloom","floor":46,"gold_loss":0}],"is_beta":false,"boss_relics":[{"not_picked":["SlaversCollar","Calling Bell"],"picked":"Pandora\u0027s Box"},{"not_picked":["SacredBark","Coffee Dripper"],"picked":"Cursed Key"}],"items_purged_floors":[],"is_endless":false,"potions_floor_spawned":[3,13,16,27,33,41,46,47],"killed_by":"Donu and Deca","ascension_level":2}}