{"host":"rygl6lff02urotq6","time":1612871917,"event":{"mods":["AchievementEnabler","BaseMod","Bestiary","Better Altar","Better Match","Better Note","Better Sensory Stone","Better Skull","Better Third Choice","BetterRewards","Colored Map","Colored Powertips","Curses Come First","DeckTracker","Minty Spire (QoL Compilation)","Quick Restart","Spicy Shops","StSLib","SuperFastMode","The Bug Knight","Transform Curses"],"gold_per_floor":[111,111,125,136,150,150,150],"floor_reached":6,"language":"ENG","playtime":372,"items_purged":["Pain"],"score":38,"play_id":"8b30b3d6-22c5-4947-a441-9a0a772470e9","local_time":"20210209065837","is_ascension_mode":false,"campfire_choices":[],"circlet_count":0,"master_deck":["HollowMod:NailStrikeStart","HollowMod:NailStrikeStart","HollowMod:NailStrikeStart","HollowMod:NailStrikeStart","HollowMod:QuickDashStart","HollowMod:QuickDashStart","HollowMod:QuickDashStart","HollowMod:QuickDashStart","HollowMod:FocusHealStart","HollowMod:PogoStrike","HollowMod:SoulMaster","HollowMod:GrimmsGift","HollowMod:DescendingDark","HollowMod:MylasSalvation","HollowMod:BlackTendrils","HollowMod:VengefulVoid","HollowMod:PerfectDash"],"relics":["HollowMod:VesselMask","Shuriken","Ornamental Fan"],"acts_visited":["Exordium"],"potions_floor_usage":[],"damage_taken":[{"damage":2,"enemies":"Small Slimes","floor":1,"turns":4},{"damage":9,"enemies":"Jaw Worm","floor":3,"turns":4},{"damage":11,"enemies":"2 Louse","floor":4,"turns":2},{"damage":20,"enemies":"Exordium Thugs","floor":5,"turns":3},{"damage":30,"enemies":"3 Sentries","floor":6,"turns":4}],"seed_played":"-3200851763060705014","potions_obtained":[{"floor":3,"key":"Swift Potion"}],"is_trial":false,"path_per_floor":["M","?","M","M","M","E"],"character_chosen":"THE_BUGKNIGHT","items_purchased":["Shuriken","Ornamental Fan","HollowMod:GrimmsGift"],"campfire_rested":0,"item_purchase_floors":[0,0,0],"current_hp_per_floor":[52,52,53,42,25,0,0],"gold":150,"neow_bonus":"","is_daily":false,"chose_seed":false,"campfire_upgraded":0,"win_rate":0.0,"timestamp":1612871917,"path_taken":["M","?","M","M","M","E"],"items_purchased_type":["Relic","Relic","Card"],"build_version":"2020-12-22","purchased_purges":1,"victory":false,"max_hp_per_floor":[75,75,75,75,75,75,75],"card_choices":[{"not_picked":["HollowMod:TaintedHusks","HollowMod:VengefulVoid"],"picked":"HollowMod:DescendingDark","floor":1},{"not_picked":["HollowMod:Grubsong","HollowMod:SoulShaman"],"picked":"HollowMod:BlackTendrils","floor":3},{"not_picked":["HollowMod:HeavyBlow","HollowMod:CornifersMapStart"],"picked":"HollowMod:VengefulVoid","floor":4},{"not_picked":["HollowMod:HowlingWraiths","HollowMod:RecoilStrike"],"picked":"HollowMod:PerfectDash","floor":5}],"player_experience":324937,"relics_obtained":[],"event_choices":[],"is_beta":false,"boss_relics":[],"items_purged_floors":[0],"is_endless":false,"potions_floor_spawned":[3],"killed_by":"3 Sentries","ascension_level":0}}