{"host":"qy1e0kd24tpj3i2m","time":1612898521,"event":{"mods":["Act Like it!","BaseMod","Better Skull","Better Vampires","Colored Map","Colored Powertips","Custom Start","Displayed Cursed Tome","Faster Ascension Climbing","Friendly Minions","GifTheSpireLib","Gremlin Skip","Highlight Path","Minty Spire (QoL Compilation)","Permanent Neow","Poor People Problems","Quick Restart","Red Circlet Mod","Relic Filter Mod","Relic Sorter","Reorder Act Four","SacredBarkPlus","Shop Mod","StSLib","SuperFastMode","Transform Curses","没有小屋子和绿帽子啦"],"gold_per_floor":[113,113,113,128,143,143,154,154,154,154,15,33,58,71,71,148,148,118,118,10,20,89,89,89,89],"floor_reached":24,"language":"ZHS","playtime":875,"items_purged":[],"score":396,"play_id":"e8646b95-7c87-46a7-a0d0-9fe45a684175","local_time":"20210210042201","is_ascension_mode":true,"campfire_choices":[{"data":"True Grit","floor":6.0,"key":"SMITH"},{"data":"Uppercut","floor":10.0,"key":"SMITH"},{"data":"Entrench","floor":15.0,"key":"SMITH"},{"data":"Berserk","floor":23.0,"key":"SMITH"}],"circlet_count":0,"master_deck":["AscendersBane","Strike_R","Strike_R","Strike_R","Strike_R","Strike_R","Defend_R","Defend_R","Defend_R","Defend_R","Uppercut+1","Iron Wave","True Grit+1","Power Through","Evolve","Metallicize","Entrench+1","Shrug It Off","Berserk+1","CurseOfTheBell","Seeing Red","Uppercut+1"],"relics":["Burning Blood","NeowsBlessing","Oddly Smooth Stone","Ancient Tea Set","Nunchaku","Self Forming Clay","Calling Bell","Art of War","Paper Frog","Champion Belt","SsserpentHead","DollysMirror"],"acts_visited":["Exordium","TheCity"],"potions_floor_usage":[24],"damage_taken":[{"damage":0.0,"enemies":"Jaw Worm","floor":1.0,"turns":1.0},{"damage":0.0,"enemies":"Cultist","floor":4.0,"turns":1.0},{"damage":0.0,"enemies":"2 Louse","floor":5.0,"turns":1.0},{"damage":0.0,"enemies":"Exordium Thugs","floor":7.0,"turns":5.0},{"damage":6.0,"enemies":"Large Slime","floor":12.0,"turns":8.0},{"damage":39.0,"enemies":"Gremlin Nob","floor":13.0,"turns":7.0},{"damage":0.0,"enemies":"Blue Slaver","floor":14.0,"turns":4.0},{"damage":13.0,"enemies":"Hexaghost","floor":16.0,"turns":10.0},{"damage":20.0,"enemies":"2 Thieves","floor":18.0,"turns":4.0},{"damage":12.0,"enemies":"Chosen","floor":21.0,"turns":6.0},{"damage":9.0,"enemies":"Centurion and Healer","floor":22.0,"turns":9.0},{"damage":27,"enemies":"Gremlin Leader","floor":24,"turns":6}],"seed_played":"-2914185767594710283","potions_obtained":[{"floor":1.0,"key":"EssenceOfSteel"},{"floor":4.0,"key":"BloodPotion"},{"floor":12.0,"key":"GamblersBrew"},{"floor":21.0,"key":"FearPotion"},{"floor":22.0,"key":"FearPotion"}],"is_trial":false,"path_per_floor":["M","?","?","M","M","R","M","$","T","R","$","M","E","M","R","B",null,"M","?","$","M","M","R","E"],"character_chosen":"IRONCLAD","items_purchased":["PowerPotion","Metallicize","DollysMirror"],"campfire_rested":0,"item_purchase_floors":[11,11,20],"current_hp_per_floor":[74,74,20,41,47,47,53,53,53,53,53,53,20,26,26,19,61,47,47,47,41,38,38,11,11],"gold":89,"neow_bonus":"THREE_ENEMY_KILL","is_daily":false,"chose_seed":false,"campfire_upgraded":4,"win_rate":0.0,"timestamp":1612898521,"path_taken":["M","?","?","?","M","R","M","?","T","R","$","M","E","M","R","BOSS","M","?","?","M","?","R","E"],"items_purchased_type":["Potion","Card","Relic"],"build_version":"2020-12-22","purchased_purges":0,"victory":false,"max_hp_per_floor":[75,75,75,75,75,75,75,75,75,75,75,75,75,75,75,75,75,75,75,75,75,75,75,75,75],"card_choices":[{"not_picked":["Searing Blow","Iron Wave"],"picked":"Uppercut","floor":1.0},{"not_picked":["Cleave","Rampage"],"picked":"True Grit","floor":4.0},{"not_picked":["Iron Wave","True Grit"],"picked":"Power Through","floor":5.0},{"not_picked":["Cleave","Dropkick"],"picked":"Evolve","floor":7.0},{"not_picked":["Pummel","Sentinel"],"picked":"Entrench","floor":12.0},{"not_picked":["Anger","Battle Trance","Fiend Fire"],"picked":"SKIP","floor":13.0},{"not_picked":["Anger","Battle Trance","Fiend Fire"],"picked":"SKIP","floor":13.0},{"not_picked":["Pommel Strike","Wild Strike"],"picked":"Shrug It Off","floor":14.0},{"not_picked":["Brutality","Immolate"],"picked":"Berserk","floor":16.0},{"not_picked":["Clothesline+1","Twin Strike"],"picked":"Seeing Red","floor":18.0},{"not_picked":["Sever Soul","Clothesline+1","Armaments+1"],"picked":"SKIP","floor":21.0},{"not_picked":["Clothesline","Heavy Blade","Sword Boomerang+1"],"picked":"SKIP","floor":22.0}],"player_experience":1001113,"relics_obtained":[{"floor":13.0,"key":"Self Forming Clay"},{"floor":17.0,"key":"Art of War"},{"floor":17.0,"key":"Paper Frog"},{"floor":17.0,"key":"Champion Belt"}],"event_choices":[{"damage_healed":0.0,"max_hp_gain":0.0,"max_hp_loss":0.0,"gold_gain":0.0,"cards_transformed":["Bash"],"event_name":"Living Wall","player_choice":"Change","floor":2.0,"gold_loss":0.0,"damage_taken":0.0,"cards_obtained":["Iron Wave"]},{"damage_healed":0.0,"max_hp_gain":0.0,"max_hp_loss":0.0,"gold_gain":0.0,"event_name":"betterSkull:BetterSkull","player_choice":"RE RE RE ","floor":3.0,"gold_loss":0.0,"damage_taken":60.0,"cards_upgraded":[],"relics_obtained":["Oddly Smooth Stone","Ancient Tea Set","Nunchaku"]},{"damage_healed":0.0,"max_hp_gain":0.0,"max_hp_loss":0.0,"gold_gain":0.0,"event_name":"FaceTrader","player_choice":"Trade","floor":19.0,"gold_loss":0.0,"damage_taken":0.0,"relics_obtained":["SsserpentHead"]}],"is_beta":false,"boss_relics":[{"not_picked":["Tiny House","Runic Cube"],"picked":"Calling Bell"}],"items_purged_floors":[],"is_endless":false,"potions_floor_spawned":[1,4,12,21,22],"killed_by":"Gremlin Leader","ascension_level":20}}