{"host":"dztixnx9b0gu6w9i","time":1612854868,"event":{"mods":["BaseMod","Bestiary","Minty Spire (QoL Compilation)","Relic Stats","Slay the Relics Exporter","SpireBot","ojb\u0027s Better Paths Mod","ojb\u0027s Info Mod"],"gold_per_floor":[366,516,57,68,88,115,115,142,142,142,172,172,172,182,182,256,256,270,282,302,302,316,341,14,14,62,92,92,92,52,87,99,185,197,224,236,267,289,52,84,98,118,118,137,137,157,174,199,199,199,199],"floor_reached":50,"language":"ENG","playtime":10277,"items_purged":["Doubt"],"score":1339,"play_id":"792c7fa1-ea60-49d8-bf28-da9f5aaf99e0","local_time":"20210209021428","is_ascension_mode":true,"campfire_choices":[{"floor":7,"key":"REST"},{"data":"Go for the Eyes","floor":12,"key":"SMITH"},{"data":"Beam Cell","floor":15,"key":"SMITH"},{"data":"Doom and Gloom","floor":25,"key":"SMITH"},{"data":"Fission","floor":32,"key":"SMITH"},{"data":"Capacitor","floor":45,"key":"SMITH"},{"floor":49,"key":"RECALL"}],"circlet_count":0,"master_deck":["AscendersBane","Strike_B","Strike_B+1","Strike_B","Defend_B","Defend_B","Defend_B","Defend_B","Zap","Dualcast","Beam Cell+1","Auto Shields","Ball Lightning","Coolheaded","Go for the Eyes+1","Barrage","Ball Lightning","Compile Driver+1","All For One","Steam","Leap","Hologram","Glacier","FTL","Doom and Gloom+1","Fission+1","Writhe","Necronomicurse","Capacitor+1","Cold Snap","Cold Snap","Gash","Go for the Eyes+1","Turbo+1","Consume","FTL+1","Multi-Cast","FTL","Cold Snap"],"relics":["Cracked Core","Sling","Lantern","Meat on the Bone","Blood Vial","Mango","Philosopher\u0027s Stone","Regal Pillow","Whetstone","Lee\u0027s Waffle","Anchor","FossilizedHelix","Mercury Hourglass","Necronomicon","MawBank","Nuclear Battery","DataDisk","Nunchaku","Frozen Egg 2"],"acts_visited":["Exordium","TheCity","TheBeyond"],"potions_floor_usage":[6,11,16,22,23,27,31,33,40,40,47,50],"damage_taken":[{"damage":0,"enemies":"Small Slimes","floor":1,"turns":2},{"damage":6,"enemies":"2 Louse","floor":4,"turns":2},{"damage":1,"enemies":"Cultist","floor":5,"turns":3},{"damage":16,"enemies":"3 Sentries","floor":6,"turns":6},{"damage":2,"enemies":"Lagavulin","floor":8,"turns":4},{"damage":4,"enemies":"Gremlin Nob","floor":11,"turns":3},{"damage":15,"enemies":"Exordium Wildlife","floor":14,"turns":4},{"damage":44,"enemies":"The Guardian","floor":16,"turns":10},{"damage":1,"enemies":"Chosen","floor":18,"turns":4},{"damage":13,"enemies":"2 Thieves","floor":19,"turns":3},{"damage":25,"enemies":"Cultist and Chosen","floor":20,"turns":7},{"damage":11,"enemies":"Snecko","floor":22,"turns":4},{"damage":46,"enemies":"Slavers","floor":23,"turns":6},{"damage":13,"enemies":"Gremlin Leader","floor":27,"turns":4},{"damage":20,"enemies":"Book of Stabbing","floor":31,"turns":4},{"damage":41,"enemies":"Automaton","floor":33,"turns":8},{"damage":0,"enemies":"Orb Walker","floor":35,"turns":3},{"damage":0,"enemies":"3 Darklings","floor":37,"turns":4},{"damage":0,"enemies":"Sphere and 2 Shapes","floor":38,"turns":3},{"damage":0,"enemies":"Giant Head","floor":40,"turns":5},{"damage":26,"enemies":"Maw","floor":41,"turns":8},{"damage":0,"enemies":"4 Shapes","floor":42,"turns":15},{"damage":19,"enemies":"Jaw Worm Horde","floor":44,"turns":5},{"damage":13,"enemies":"Maw","floor":46,"turns":7},{"damage":18,"enemies":"3 Darklings","floor":47,"turns":6},{"damage":35,"enemies":"Reptomancer","floor":48,"turns":5},{"damage":52,"enemies":"Donu and Deca","floor":50,"turns":7}],"seed_played":"1764887257253669069","potions_obtained":[{"floor":5,"key":"FearPotion"},{"floor":8,"key":"SteroidPotion"},{"floor":11,"key":"SmokeBomb"},{"floor":14,"key":"Dexterity Potion"},{"floor":20,"key":"LiquidBronze"},{"floor":22,"key":"DuplicationPotion"},{"floor":23,"key":"DistilledChaos"},{"floor":31,"key":"SkillPotion"},{"floor":35,"key":"SkillPotion"},{"floor":37,"key":"Strength Potion"},{"floor":38,"key":"PowerPotion"},{"floor":40,"key":"SpeedPotion"},{"floor":46,"key":"Block Potion"}],"is_trial":false,"path_per_floor":["M","?","$","M","M","E","R","E","T","?","E","R","?","M","R","B",null,"M","M","M","?","M","E","$","R","T","E","?","?","$","E","R","B",null,"M","?","M","M","$","E","M","M","T","M","R","M","M","E","R","B"],"character_chosen":"DEFECT","items_purchased":["Sling","Rip and Tear","Auto Shields","PowerPotion","Lee\u0027s Waffle","FTL","Doom and Gloom","Capacitor","Consume","DataDisk"],"campfire_rested":1,"item_purchase_floors":[3,3,3,3,24,24,24,30,39,39],"current_hp_per_floor":[46,46,46,40,39,23,44,42,42,35,59,59,54,53,53,23,70,71,60,49,49,52,20,92,92,92,79,79,58,58,52,52,25,75,77,77,79,81,81,83,59,61,61,56,56,57,53,32,32,0,0],"gold":199,"neow_bonus":"TWO_FIFTY_GOLD","is_daily":false,"chose_seed":false,"campfire_upgraded":5,"win_rate":0.0,"timestamp":1612854868,"path_taken":["M","?","$","M","M","E","R","E","T","?","E","R","?","M","R","BOSS","M","M","?","?","M","E","?","R","T","E","?","?","$","E","R","BOSS","M","?","M","M","$","E","M","?","T","M","R","M","M","E","R","BOSS"],"items_purchased_type":["Relic","Card","Card","Potion","Relic","Card","Card","Card","Card","Relic"],"build_version":"2020-12-22","purchased_purges":1,"victory":false,"max_hp_per_floor":[71,71,71,71,71,71,71,71,71,71,85,85,85,85,85,85,85,85,85,85,85,85,85,92,92,92,92,92,92,92,92,92,92,92,92,92,92,92,92,92,92,92,92,92,92,92,92,92,92,92,92],"relic_stats":{"Blood Vial":42,"Regal Pillow":0,"Lee\u0027s Waffle":72,"Nunchaku":[15],"counters":[27,141],"Necronomicon":[24],"Whetstone":["Compile Driver","Strike_B"],"MawBank":96,"obtain_stats":[{"Lantern":6,"Regal Pillow":21,"Lee\u0027s Waffle":24,"Mango":11,"Whetstone":23,"Frozen Egg 2":48,"Sling":3,"MawBank":31,"Mercury Hourglass":28,"Nuclear Battery":34,"Blood Vial":9,"Anchor":26,"DataDisk":39,"Nunchaku":40,"Philosopher\u0027s Stone":17,"Necronomicon":29,"Cracked Core":0,"FossilizedHelix":27,"Meat on the Bone":8},{"Lantern":4,"Regal Pillow":11,"Lee\u0027s Waffle":13,"Mango":6,"Whetstone":13,"Frozen Egg 2":26,"Sling":1,"MawBank":15,"Mercury Hourglass":14,"Nuclear Battery":16,"Blood Vial":5,"Anchor":13,"DataDisk":19,"Nunchaku":20,"Philosopher\u0027s Stone":8,"Necronomicon":14,"Cracked Core":0,"FossilizedHelix":14,"Meat on the Bone":5},{"Lantern":13,"Regal Pillow":48,"Lee\u0027s Waffle":58,"Mango":20,"Whetstone":58,"Frozen Egg 2":134,"Sling":2,"MawBank":66,"Mercury Hourglass":62,"Nuclear Battery":74,"Blood Vial":17,"Anchor":58,"DataDisk":84,"Nunchaku":89,"Philosopher\u0027s Stone":34,"Necronomicon":62,"Cracked Core":0,"FossilizedHelix":62,"Meat on the Bone":17}],"Meat on the Bone":144,"Mercury Hourglass":[310]},"card_choices":[{"not_picked":["Streamline","Gash"],"picked":"Beam Cell","floor":1},{"not_picked":["Auto Shields","Hologram"],"picked":"Ball Lightning","floor":4},{"not_picked":["Static Discharge","Redo"],"picked":"Coolheaded","floor":5},{"not_picked":["Storm","Stack"],"picked":"Go for the Eyes","floor":6},{"not_picked":["Buffer","Streamline"],"picked":"Barrage","floor":8},{"not_picked":["White Noise","Chaos"],"picked":"Ball Lightning","floor":11},{"not_picked":["Darkness","Melter"],"picked":"Compile Driver","floor":14},{"not_picked":["Rainbow","Thunder Strike"],"picked":"All For One","floor":16},{"not_picked":["Skim","Darkness"],"picked":"Steam","floor":18},{"not_picked":["Consume","Tempest","Double Energy"],"picked":"SKIP","floor":19},{"not_picked":["Heatsinks","Rebound"],"picked":"Leap","floor":20},{"not_picked":["Loop","Force Field"],"picked":"Hologram","floor":22},{"not_picked":["Aggregate","Streamline+1"],"picked":"Glacier","floor":23},{"not_picked":["Turbo","Force Field"],"picked":"Fission","floor":27},{"not_picked":["Steam Power","Leap"],"picked":"Cold Snap","floor":31},{"not_picked":["Stack","Leap"],"picked":"Cold Snap","floor":35},{"not_picked":["Stack","Streamline"],"picked":"Go for the Eyes+1","floor":37},{"not_picked":["Ball Lightning+1","Streamline"],"picked":"Turbo+1","floor":38},{"not_picked":["Gash","Ball Lightning","Chill"],"picked":"SKIP","floor":40},{"not_picked":["Rebound","Ball Lightning","Turbo"],"picked":"SKIP","floor":41},{"not_picked":["Rebound","Ball Lightning","Turbo"],"picked":"SKIP","floor":41},{"not_picked":["Barrage+1","Undo"],"picked":"FTL+1","floor":42},{"not_picked":["Hello World+1","Hologram"],"picked":"Multi-Cast","floor":44},{"not_picked":["Hello World+1","Fusion+1"],"picked":"FTL","floor":46},{"not_picked":["Self Repair","Redo","Reprogram"],"picked":"SKIP","floor":47},{"not_picked":["Sunder","Steam"],"picked":"Cold Snap","floor":48}],"player_experience":8516669,"relics_obtained":[{"floor":6,"key":"Lantern"},{"floor":8,"key":"Meat on the Bone"},{"floor":9,"key":"Blood Vial"},{"floor":11,"key":"Mango"},{"floor":23,"key":"Whetstone"},{"floor":26,"key":"Anchor"},{"floor":27,"key":"FossilizedHelix"},{"floor":29,"key":"Necronomicon"},{"floor":31,"key":"MawBank"},{"floor":40,"key":"Nunchaku"},{"floor":48,"key":"Frozen Egg 2"}],"event_choices":[{"damage_healed":0,"gold_gain":150,"player_choice":"AGREE","damage_taken":0,"max_hp_gain":0,"max_hp_loss":0,"event_name":"Liars Game","floor":2,"gold_loss":0,"cards_obtained":["Doubt"]},{"cards_removed":["Strike_B"],"damage_healed":0,"gold_gain":0,"player_choice":"Card Removal","damage_taken":7,"max_hp_gain":0,"max_hp_loss":0,"event_name":"Golden Wing","floor":10,"gold_loss":0},{"damage_healed":0,"gold_gain":0,"player_choice":"Bought 0 Potions","damage_taken":0,"max_hp_gain":0,"max_hp_loss":0,"event_name":"The Woman in Blue","floor":13,"gold_loss":0},{"cards_removed":["Rip and Tear"],"damage_healed":0,"gold_gain":0,"player_choice":"Gave Card","damage_taken":0,"relics_obtained":["Regal Pillow"],"max_hp_gain":0,"max_hp_loss":0,"event_name":"WeMeetAgain","floor":21,"gold_loss":0},{"damage_healed":0,"gold_gain":0,"player_choice":"Opened","damage_taken":0,"relics_obtained":["Mercury Hourglass"],"max_hp_gain":0,"max_hp_loss":0,"event_name":"The Mausoleum","floor":28,"gold_loss":0,"cards_obtained":["Writhe"]},{"damage_healed":0,"gold_gain":0,"player_choice":"Obtained Book","damage_taken":21,"max_hp_gain":0,"max_hp_loss":0,"event_name":"Cursed Tome","floor":29,"gold_loss":0},{"damage_healed":0,"gold_gain":0,"player_choice":"1 cards matched","damage_taken":0,"max_hp_gain":0,"max_hp_loss":0,"event_name":"Match and Keep!","floor":36,"gold_loss":0,"cards_obtained":["Gash"]}],"is_beta":false,"boss_relics":[{"not_picked":["Tiny House","Black Star"],"picked":"Philosopher\u0027s Stone"},{"not_picked":["Velvet Choker","FrozenCore"],"picked":"Nuclear Battery"}],"items_purged_floors":[3],"is_endless":false,"potions_floor_spawned":[5,8,11,14,20,22,23,31,35,37,38,40,46],"killed_by":"Donu and Deca","ascension_level":20}}