{"host":"rzvepkyh9344fbo1","time":1612852011,"event":{"mods":["AchievementEnabler","Act Like it!","BaseMod","Better Third Choice","Colored Map","Colored Powertips","Curses Come First","Downfall","Evolution","Fox Events","Hermit","Highlight Path","Minty Spire (QoL Compilation)","Replay The Spire","Robot Space Explorer","Shade Mod","Shop Mod","StS++","StSLib","The Cursed","The Marked","The Necromancer"],"gold_per_floor":[99,113,126,126,144,158,158,158,174,201,217,217,230,230,250,250,250,250],"floor_reached":16,"language":"ENG","playtime":1390,"items_purged":[],"score":106,"play_id":"9caa24c3-ce86-4ae8-be2e-dbe505041b3e","local_time":"20210209172651","is_ascension_mode":false,"campfire_choices":[{"data":"hexamod:Float","floor":1,"key":"SMITH"},{"floor":8,"key":"RECALL"}],"circlet_count":0,"master_deck":["hexamod:Strike","hexamod:Strike","hexamod:Strike","hexamod:Strike","hexamod:Defend","hexamod:Defend","hexamod:Defend","hexamod:Defend","hexamod:Sear+1","hexamod:Float+1","hexamod:PhantomFireball","hexamod:WildfireWeapon+1","hexamod:WildfireWeapon","hexamod:HeatShield+1","hexamod:NecessarySacrifice+1"],"relics":["hexamod:SpiritBrand","EVO:Axolotl","hexamod:MatchstickCase","Toxic Egg 2"],"acts_visited":["Exordium"],"potions_floor_usage":[10,16],"damage_taken":[{"damage":0,"enemies":"Small Slimes","floor":2,"turns":3},{"damage":0,"enemies":"Cultist","floor":3,"turns":4},{"damage":1,"enemies":"Jaw Worm","floor":5,"turns":3},{"damage":0,"enemies":"Large Slime","floor":6,"turns":3},{"damage":21,"enemies":"Gremlin Gang","floor":9,"turns":4},{"damage":25,"enemies":"3 Sentries","floor":10,"turns":10},{"damage":5,"enemies":"2 Fungi Beasts","floor":11,"turns":3},{"damage":0,"enemies":"Blue Slaver","floor":13,"turns":3},{"damage":8,"enemies":"Red Slaver","floor":15,"turns":3},{"damage":21,"enemies":"WA_ARCHETYPE_RETAIN","floor":16,"turns":4}],"seed_played":"-4784817454326071889","potions_obtained":[{"floor":2,"key":"Venom Potion"},{"floor":5,"key":"StSpp:ScatteredPotion"},{"floor":9,"key":"ColorlessPotion"}],"is_trial":false,"path_per_floor":["R","M","M","?","M","M","T","R","M","E","M","?","M","?","M","B"],"character_chosen":"THE_SPIRIT","items_purchased":[],"campfire_rested":0,"item_purchase_floors":[],"current_hp_per_floor":[70,70,70,70,69,69,69,69,48,23,18,18,18,23,15,0,0,0],"gold":250,"neow_bonus":"UPGRADE_CARD","is_daily":false,"chose_seed":false,"campfire_upgraded":1,"win_rate":0.0,"timestamp":1612852011,"path_taken":["R","M","M","?","?","M","T","R","M","E","M","?","M","?","M","BOSS"],"items_purchased_type":[],"build_version":"2020-12-22","purchased_purges":0,"victory":false,"max_hp_per_floor":[70,70,70,70,70,70,70,70,70,70,70,70,70,70,70,70,70,70],"card_choices":[{"not_picked":["hexamod:ShieldOfDarkness","hexamod:HeatShield"],"picked":"hexamod:PhantomFireball","floor":2},{"not_picked":["hexamod:ShieldOfDarkness","hexamod:Hexaguard"],"picked":"hexamod:WildfireWeapon","floor":3},{"not_picked":["hexamod:BurningTouch","hexamod:ShieldOfDarkness","hexamod:PhantomCloak"],"picked":"SKIP","floor":5},{"not_picked":["hexamod:Firestarter","hexamod:FirstSeal","hexamod:HauntingEcho"],"picked":"SKIP","floor":6},{"not_picked":["hexamod:FastForward","hexamod:NightmareStrike"],"picked":"hexamod:WildfireWeapon","floor":9},{"not_picked":["hexamod:SoulSteal+1","hexamod:SpectersWail"],"picked":"hexamod:HeatShield+1","floor":10},{"not_picked":["hexamod:BurningTouch+1","hexamod:NightmareGuise+1"],"picked":"hexamod:NecessarySacrifice+1","floor":11},{"not_picked":["hexamod:Haunt+1","hexamod:HeatMetal"],"picked":"hexamod:ShieldOfDarkness+1","floor":13},{"not_picked":["hexamod:SwordOfDarkness","hexamod:GhostLash","hexamod:HauntingEcho"],"picked":"SKIP","floor":15}],"player_experience":290595,"relics_obtained":[{"floor":7,"key":"hexamod:MatchstickCase"},{"floor":10,"key":"Toxic Egg 2"}],"event_choices":[{"cards_removed":["hexamod:ShieldOfDarkness"],"damage_healed":5,"gold_gain":0,"player_choice":"Offered Common","damage_taken":0,"max_hp_gain":0,"max_hp_loss":0,"event_name":"Bonfire Elementals","floor":14,"gold_loss":0},{"cards_removed":["hexamod:ShieldOfDarkness"],"damage_healed":5,"gold_gain":0,"player_choice":"Offered Special","damage_taken":0,"max_hp_gain":0,"max_hp_loss":0,"event_name":"Bonfire Elementals","floor":14,"gold_loss":0}],"is_beta":false,"boss_relics":[],"items_purged_floors":[],"is_endless":false,"potions_floor_spawned":[2,5,9],"killed_by":"WA_ARCHETYPE_RETAIN","ascension_level":0}}