{"host":"ljaiy5ygc2blx6r2","time":1612880679,"event":{"mods":["BaseMod","Challenge The Spire","Colored Powertips","Conspire","Highlight Path","HornydragonMod","Koishi","Marisa（F雨　魔理沙）","Minty Spire (QoL Compilation)","Reimu（博丽灵梦）","Remilia（蕾米莉亚）","Replay The Spire","RumiaBox-露米娅的神秘盒子","SOS（斯巴达之子）","StSLib","TestMod","The Animator","The Bug Knight","The Cursed","The Disciple","The Gatherer","The Hierophant","The Necromancer","The Runesmith","The Senshi","UnlockEverythingMod","Yuri Mod","Yuyuko","[IsaacMod]以撒尖塔","【功能Mod】聪明的最终Boss","篝火指南"],"gold_per_floor":[130,147,147,157,174,174,232,232,232,244,244,272,272,283,283,382,382,398,418,46,90,105,105,105,105],"floor_reached":24,"language":"ZHS","playtime":1127,"items_purged":["TheCursedMod:Defend_TheCursed"],"score":247,"play_id":"7f00f2ed-8a59-426a-a1da-60f40094d23f","local_time":"20210209222439","is_ascension_mode":true,"campfire_choices":[{"data":"BettingIsNotGood","floor":6.0,"key":"SMITH"},{"data":"TheCursedMod:HellfireBreathing","floor":8.0,"key":"SMITH"},{"floor":11.0,"key":"REST"},{"data":"TheCursedMod:Grudge","floor":15,"key":"SMITH"},{"data":"TheCursedMod:AntiAging","floor":23,"key":"SMITH"}],"circlet_count":0,"master_deck":["TheCursedMod:Strike_TheCursed","TheCursedMod:Strike_TheCursed","TheCursedMod:Defend_TheCursed","TheCursedMod:Defend_TheCursed","TheCursedMod:Defend_TheCursed","TheCursedMod:CursedWand","TheCursedMod:CleanUpWorkshop","TheCursedMod:Dregs","BettingIsNotGood+1","TheCursedMod:CursedAmulet","TheCursedMod:CursedBlade","TheCursedMod:CursedMace","TheCursedMod:Obscuration","TheCursedMod:SurpriseAttack","TheCursedMod:HellfireBreathing+1","TheCursedMod:VitalStrike","TheCursedMod:CircleOfAbyss","TheCursedMod:Grudge+1","TheCursedMod:CircleOfCorruption","TheCursedMod:AntiAging+1","TheCursedMod:LuckyCharm","TheCursedMod:FleshFromBone+1","TheCursedMod:Wield+1","TheCursedMod:CursedSpellbook"],"relics":["TheCursedMod:BlackMagic101","testmod-TestBox","HushsDoor","DeadEye","testmod-IntensifyImprint","NeowsBlessing","Baka","Simple Rune","Runesmith:AutoHammer","Ring of Chaos","Oddly Smooth Stone","Blood Vial"],"acts_visited":["Exordium","TheCity"],"potions_floor_usage":[21],"damage_taken":[{"damage":0.0,"enemies":"Cultist","floor":1.0,"turns":1.0},{"damage":3.0,"enemies":"2 Louse","floor":2.0,"turns":2.0},{"damage":0.0,"enemies":"Jaw Worm","floor":4.0,"turns":1.0},{"damage":3.0,"enemies":"Gremlin Gang","floor":5.0,"turns":4.0},{"damage":20.0,"enemies":"3 Sentries","floor":7.0,"turns":9.0},{"damage":9.0,"enemies":"conspire:2 RoseBushes","floor":10.0,"turns":3.0},{"damage":6.0,"enemies":"Gremlin Nob","floor":12.0,"turns":2.0},{"damage":11,"enemies":"Red Slaver","floor":14,"turns":4},{"damage":10,"enemies":"The Guardian","floor":16,"turns":7},{"damage":3,"enemies":"Chosen","floor":18,"turns":4},{"damage":7,"enemies":"Shell Parasite","floor":19,"turns":4},{"damage":36,"enemies":"Sentry and Sphere","floor":21,"turns":10},{"damage":13,"enemies":"Snecko","floor":22,"turns":5},{"damage":12,"enemies":"conspire:Head Lice","floor":24,"turns":4}],"seed_played":"1279673365719811070","potions_obtained":[{"floor":1.0,"key":"Toxic Potion"},{"floor":2.0,"key":"ColorlessPotion"},{"floor":4.0,"key":"AttackPotion"},{"floor":7.0,"key":"Weak Potion"},{"floor":16,"key":"Dexterity Potion"},{"floor":22,"key":"DistilledChaos"}],"is_trial":false,"path_per_floor":["M","M","?","M","M","R","E","R","T","M","R","E","?","M","R","B",null,"M","M","$","M","M","R","E"],"character_chosen":"THE_CURSED","items_purchased":["Oddly Smooth Stone","Blood Vial"],"campfire_rested":1,"item_purchase_floors":[20,20],"current_hp_per_floor":[75,72,72,75,75,75,55,55,55,46,68,62,62,54,54,47,81,81,76,76,62,63,63,63,63],"gold":105,"neow_bonus":"THREE_ENEMY_KILL","is_daily":false,"chose_seed":false,"campfire_upgraded":4,"win_rate":0.0,"timestamp":1612880679,"path_taken":["M","?","?","?","M","R","E","R","T","M","R","E","?","M","R","BOSS","M","M","$","M","M","R","E"],"items_purchased_type":["Relic","Relic"],"build_version":"2020-12-22","purchased_purges":1,"victory":false,"max_hp_per_floor":[75,75,75,75,75,75,75,75,75,75,75,75,75,78,78,81,81,81,83,83,83,85,85,85,85],"card_choices":[{"not_picked":[],"picked":"BettingIsNotGood","floor":0.0},{"not_picked":["TheCursedMod:SoulCrush","TheCursedMod:SmokeScreen"],"picked":"TheCursedMod:CursedAmulet","floor":1.0},{"not_picked":["TheCursedMod:TroublousMinions","TheCursedMod:CursedShiv"],"picked":"TheCursedMod:CursedBlade","floor":2.0},{"not_picked":["TheCursedMod:CursedMace","TheCursedMod:AshesToAshes"],"picked":"TheCursedMod:Obscuration","floor":4.0},{"not_picked":["TheCursedMod:CircleOfBlood","TheCursedMod:CursedBlade"],"picked":"TheCursedMod:SurpriseAttack","floor":5.0},{"not_picked":["TheCursedMod:CursedSpellbook","TheCursedMod:AbyssShockwave"],"picked":"TheCursedMod:HellfireBreathing","floor":7.0},{"not_picked":["TheCursedMod:FuryStrike","TheCursedMod:FleshFromBone"],"picked":"TheCursedMod:VitalStrike","floor":10.0},{"not_picked":["TheCursedMod:RapidMovement","TheCursedMod:RavingStaff"],"picked":"TheCursedMod:CircleOfAbyss","floor":12.0},{"not_picked":["TheCursedMod:CursedBlade","TheCursedMod:Torture"],"picked":"TheCursedMod:CircleOfCorruption","floor":14},{"not_picked":["TheCursedMod:CircleOfAbyss","TheCursedMod:ShockAndAwe"],"picked":"TheCursedMod:AntiAging","floor":16},{"not_picked":["TheCursedMod:CursedSpellbook","TheCursedMod:Wield"],"picked":"TheCursedMod:LuckyCharm","floor":18},{"not_picked":["TheCursedMod:Wield","TheCursedMod:Mangle"],"picked":"TheCursedMod:FleshFromBone+1","floor":19},{"not_picked":["TheCursedMod:Mangle","TheCursedMod:SurpriseAttack"],"picked":"TheCursedMod:Wield+1","floor":21},{"not_picked":["TheCursedMod:WearCloak","TheCursedMod:AshesToAshes+1"],"picked":"TheCursedMod:CursedSpellbook","floor":22}],"player_experience":201506,"relics_obtained":[{"floor":1.0,"key":"Baka"},{"floor":7.0,"key":"Simple Rune"},{"floor":12.0,"key":"Runesmith:AutoHammer"}],"event_choices":[{"damage_healed":0.0,"max_hp_gain":0.0,"max_hp_loss":0.0,"gold_gain":0.0,"cards_transformed":["TheCursedMod:Strike_TheCursed"],"event_name":"Transmorgrifier","player_choice":"Transformed","floor":3.0,"gold_loss":0.0,"damage_taken":0.0,"cards_obtained":["TheCursedMod:CursedMace"]},{"damage_healed":0,"gold_gain":0,"cards_transformed":["TheCursedMod:Strike_TheCursed"],"player_choice":"Transformed","damage_taken":0,"max_hp_gain":0,"max_hp_loss":0,"event_name":"Transmorgrifier","floor":13,"gold_loss":0,"cards_obtained":["TheCursedMod:Grudge"]}],"is_beta":false,"boss_relics":[{"not_picked":["testmod-HarvestTotem","Astrolabe"],"picked":"Ring of Chaos"},{"not_picked":[]}],"items_purged_floors":[20],"is_endless":false,"potions_floor_spawned":[1,2,4,7,16,19,22],"killed_by":"conspire:Head Lice","ascension_level":1}}