{"host":"d744ndivyohnro60","time":1612834807,"event":{"mods":["BaseMod","Bestiary","Colored Powertips","Minty Spire (QoL Compilation)","Relic Stats"],"gold_per_floor":[116,127,202,212,19,19,53,53,80,28,42,2,2,14,14,117,117,135,18,30,30,30],"floor_reached":21,"language":"ENG","playtime":1019,"items_purged":["Pain"],"score":224,"play_id":"564c5435-70de-4061-820f-f6e49a931608","local_time":"20210208204007","is_ascension_mode":true,"campfire_choices":[{"floor":6,"key":"REST"},{"floor":15,"key":"REST"}],"circlet_count":0,"master_deck":["Zap","Dualcast","Hologram+1","Creative AI","Rip and Tear","Fission+1","Undo","Creative AI","Seek","Storm","Force Field+1","Storm","Conserve Battery","Capacitor","Stack","Cold Snap","Force Field","Double Energy","Lockon","Echo Form"],"relics":["Pandora\u0027s Box","Membership Card","Nunchaku","Blood Vial","WarpedTongs","Inserter","War Paint"],"acts_visited":["Exordium","TheCity"],"potions_floor_usage":[11,14,16],"damage_taken":[{"damage":11,"enemies":"Small Slimes","floor":1,"turns":4},{"damage":13,"enemies":"2 Louse","floor":2,"turns":4},{"damage":13,"enemies":"Cultist","floor":4,"turns":4},{"damage":17,"enemies":"3 Sentries","floor":7,"turns":4},{"damage":8,"enemies":"Blue Slaver","floor":11,"turns":3},{"damage":1,"enemies":"Looter","floor":14,"turns":3},{"damage":29,"enemies":"The Guardian","floor":16,"turns":6},{"damage":46,"enemies":"2 Thieves","floor":18,"turns":4},{"damage":16,"enemies":"3 Byrds","floor":20,"turns":4},{"damage":7,"enemies":"Snake Plant","floor":21,"turns":2}],"seed_played":"3492279015087664441","potions_obtained":[{"floor":1,"key":"GamblersBrew"},{"floor":14,"key":"FocusPotion"}],"is_trial":false,"path_per_floor":["M","M","?","M","$","R","E","?","T","$","M","$","?","M","R","B",null,"M","$","M","M"],"character_chosen":"DEFECT","items_purchased":["Membership Card","Capacitor","Cold Snap","Energy Potion","Double Energy","War Paint"],"campfire_rested":2,"item_purchase_floors":[5,5,10,10,12,19],"current_hp_per_floor":[64,51,40,27,27,49,32,32,32,32,26,26,26,27,49,22,62,18,18,4,0,0],"gold":30,"neow_bonus":"BOSS_RELIC","is_daily":false,"chose_seed":false,"campfire_upgraded":0,"win_rate":0.0,"timestamp":1612834807,"path_taken":["M","M","?","M","$","R","E","?","T","$","M","$","?","M","R","BOSS","M","$","M","M"],"items_purchased_type":["Relic","Card","Card","Potion","Card","Relic"],"build_version":"2020-12-22","purchased_purges":1,"victory":false,"max_hp_per_floor":[75,75,75,75,75,75,75,75,75,75,75,75,75,75,75,75,75,75,75,75,75,75],"relic_stats":{"Blood Vial":12,"Nunchaku":[1],"Inserter":[5],"counters":[10,38],"Pandora\u0027s Box":["Hologram","Creative AI","Rip and Tear","Fission","Undo","Creative AI","Seek","Storm"],"War Paint":["Force Field","Fission"],"obtain_stats":[{"Blood Vial":9,"Nunchaku":7,"Inserter":17,"Pandora\u0027s Box":0,"Membership Card":5,"War Paint":19,"Cracked Core":0,"WarpedTongs":13},{"Blood Vial":4,"Nunchaku":4,"Inserter":7,"Pandora\u0027s Box":0,"Membership Card":3,"War Paint":8,"Cracked Core":0,"WarpedTongs":5},{"Blood Vial":16,"Nunchaku":16,"Inserter":28,"Pandora\u0027s Box":0,"Membership Card":12,"War Paint":32,"Cracked Core":0,"WarpedTongs":19}],"WarpedTongs":[19]},"card_choices":[{"not_picked":["Stack","Turbo"],"picked":"Force Field","floor":1},{"not_picked":["Static Discharge","Steam"],"picked":"Storm","floor":2},{"not_picked":["Steam","BootSequence"],"picked":"Conserve Battery","floor":4},{"not_picked":["Hologram","Scrape"],"picked":"Stack","floor":7},{"not_picked":["Coolheaded","BootSequence"],"picked":"Force Field","floor":11},{"not_picked":["Hologram","Streamline"],"picked":"Lockon","floor":14},{"not_picked":["Biased Cognition","Hyperbeam"],"picked":"Echo Form","floor":16},{"not_picked":["Barrage","Lockon","Gash"],"picked":"SKIP","floor":18},{"not_picked":["Go for the Eyes","Stack","Hologram"],"picked":"SKIP","floor":20}],"player_experience":219920,"relics_obtained":[{"floor":7,"key":"Nunchaku"},{"floor":9,"key":"Blood Vial"}],"event_choices":[{"damage_healed":0,"gold_gain":75,"player_choice":"Gather Gold","damage_taken":11,"max_hp_gain":0,"max_hp_loss":0,"event_name":"World of Goop","floor":3,"gold_loss":0},{"damage_healed":0,"gold_gain":0,"player_choice":"Grow","damage_taken":0,"max_hp_gain":0,"max_hp_loss":0,"event_name":"Living Wall","floor":8,"gold_loss":0,"cards_upgraded":["Hologram"]},{"damage_healed":0,"gold_gain":0,"player_choice":"Rummage","damage_taken":0,"relics_obtained":["WarpedTongs"],"max_hp_gain":0,"max_hp_loss":0,"event_name":"Accursed Blacksmith","floor":13,"gold_loss":0,"cards_obtained":["Pain"]}],"is_beta":false,"boss_relics":[{"not_picked":["Velvet Choker","Sozu"],"picked":"Inserter"}],"items_purged_floors":[19],"is_endless":false,"potions_floor_spawned":[1,14],"killed_by":"Snake Plant","ascension_level":5}}