{"host":"dcj2yvrgcvh5dl2s","time":1612877655,"event":{"mods":["BaseMod","Bestiary","Better Note","Block Reminder","Colored Powertips","Curses Come First","DeckTracker","Minty Spire (QoL Compilation)","Quick Restart","Rare Cards Sparkle","Relic Stats","StSLib"],"gold_per_floor":[111,19,19,33,33,33,62,86,168,180,180,214,229,261,261,333,333,353,353,278,53,53,53,82,94,119,131,131,161,161,173,173,251,251,265,285,285,285],"floor_reached":37,"language":"ENG","playtime":1768,"items_purged":["Strike_R"],"score":900,"play_id":"c3f09617-df7c-4fff-9302-47d53b3b539e","local_time":"20210209233415","is_ascension_mode":true,"campfire_choices":[{"data":"Body Slam","floor":6.0,"key":"SMITH"},{"floor":15.0,"key":"REST"},{"floor":23.0,"key":"REST"},{"data":"Double Tap","floor":30.0,"key":"SMITH"},{"floor":32.0,"key":"REST"}],"circlet_count":0,"master_deck":["AscendersBane","Strike_R+1","Strike_R+1","Strike_R+1","Strike_R+1","Defend_R+1","Defend_R+1","Defend_R+1","Defend_R+1","Bash","Dropkick","Inflame","Body Slam+1","Inflame","Reaper","Double Tap+1","RitualDagger","Shrug It Off","Bandage Up","Body Slam","Ghostly Armor+1","Decay","Thunderclap","Demon Form","Berserk","Sword Boomerang"],"relics":["Black Blood","NeowsBlessing","Blue Candle","Boot","Gremlin Horn","Lizard Tail","Potion Belt","Art of War","Cursed Key","Turnip","Red Skull","White Beast Statue"],"acts_visited":["Exordium","TheCity","TheBeyond"],"potions_floor_usage":[37],"damage_taken":[{"damage":0.0,"enemies":"Cultist","floor":1.0,"turns":1.0},{"damage":0.0,"enemies":"2 Louse","floor":4.0,"turns":1.0},{"damage":0.0,"enemies":"Lagavulin","floor":7.0,"turns":1.0},{"damage":12.0,"enemies":"Jaw Worm","floor":10.0,"turns":2.0},{"damage":11.0,"enemies":"Gremlin Nob","floor":12.0,"turns":3.0},{"damage":23.0,"enemies":"3 Louse","floor":13.0,"turns":4.0},{"damage":21.0,"enemies":"Lagavulin","floor":14.0,"turns":5.0},{"damage":61.0,"enemies":"The Guardian","floor":16.0,"turns":10.0},{"damage":30.0,"enemies":"Chosen","floor":18.0,"turns":5.0},{"damage":80.0,"enemies":"Slavers","floor":24.0,"turns":7.0},{"damage":45.0,"enemies":"Shell Parasite","floor":25.0,"turns":5.0},{"damage":15.0,"enemies":"Centurion and Healer","floor":27.0,"turns":5.0},{"damage":14.0,"enemies":"Gremlin Leader","floor":29.0,"turns":6.0},{"damage":25.0,"enemies":"Cultist and Chosen","floor":31.0,"turns":4.0},{"damage":94.0,"enemies":"Automaton","floor":33.0,"turns":9.0},{"damage":24.0,"enemies":"3 Shapes","floor":35.0,"turns":3.0},{"damage":25.0,"enemies":"Orb Walker","floor":36.0,"turns":4.0},{"damage":54,"enemies":"Spire Growth","floor":37,"turns":3}],"seed_played":"5889358257232737352","potions_obtained":[{"floor":1.0,"key":"ColorlessPotion"},{"floor":4.0,"key":"AttackPotion"},{"floor":12.0,"key":"SmokeBomb"},{"floor":14.0,"key":"EntropicBrew"},{"floor":16.0,"key":"PowerPotion"},{"floor":24.0,"key":"Regen Potion"},{"floor":31.0,"key":"SmokeBomb"},{"floor":33.0,"key":"FearPotion"},{"floor":35.0,"key":"Swift Potion"},{"floor":36.0,"key":"DuplicationPotion"}],"is_trial":false,"path_per_floor":["M","$","$","M","$","R","E","T","T","M","?","E","M","E","R","B",null,"M","?","?","$","?","R","E","M","T","M","?","E","R","M","R","B",null,"M","M","M"],"character_chosen":"IRONCLAD","items_purchased":["Inflame","Body Slam","Shrug It Off","Bandage Up"],"campfire_rested":3,"item_purchase_floors":[2,2,21,21],"current_hp_per_floor":[74,74,74,75,75,75,75,75,75,69,69,64,47,32,54,11,59,44,38,38,38,38,60,43,31,31,48,48,53,53,56,75,37,66,63,54,0,0],"gold":285,"neow_bonus":"THREE_ENEMY_KILL","is_daily":false,"chose_seed":false,"campfire_upgraded":2,"win_rate":0.0,"timestamp":1612877655,"path_taken":["M","?","$","?","$","R","E","?","T","?","?","E","M","E","R","BOSS","M","?","?","$","?","R","E","M","T","M","?","E","R","M","R","BOSS","M","M","M"],"items_purchased_type":["Card","Card","Card","Card"],"build_version":"2020-12-22","purchased_purges":1,"victory":false,"max_hp_per_floor":[75,75,75,75,75,75,75,75,75,75,75,75,75,75,75,75,75,75,75,75,75,75,75,75,75,75,75,75,75,75,75,75,75,75,75,75,75,75],"relic_stats":{"Lizard Tail":37,"Gremlin Horn":[16,16],"counters":[18,78],"Blue Candle":[10],"Black Blood":103,"Turnip":[6],"Art of War":[2],"Boot":[36],"Cursed Key":1,"obtain_stats":[{"Potion Belt":12,"NeowsBlessing":0,"Gremlin Horn":9,"Blue Candle":7,"Black Blood":34,"Boot":8,"Cursed Key":17,"Burning Blood":0,"White Beast Statue":29,"Lizard Tail":11,"Turnip":24,"Art of War":14,"Red Skull":26},{"Potion Belt":5,"NeowsBlessing":0,"Gremlin Horn":3,"Blue Candle":3,"Black Blood":15,"Boot":3,"Cursed Key":8,"Burning Blood":0,"White Beast Statue":13,"Lizard Tail":4,"Turnip":10,"Art of War":7,"Red Skull":11},{"Potion Belt":8,"NeowsBlessing":0,"Gremlin Horn":3,"Blue Candle":3,"Black Blood":68,"Boot":3,"Cursed Key":27,"Burning Blood":0,"White Beast Statue":55,"Lizard Tail":5,"Turnip":39,"Art of War":17,"Red Skull":44}]},"card_choices":[{"not_picked":["Carnage","Wild Strike"],"picked":"Dropkick","floor":1.0},{"not_picked":["Blood for Blood","True Grit","Havoc"],"picked":"SKIP","floor":4.0},{"not_picked":["Blood for Blood","Anger"],"picked":"Inflame","floor":7.0},{"not_picked":["Evolve","Wild Strike","Twin Strike"],"picked":"SKIP","floor":10.0},{"not_picked":["True Grit","Clothesline","Burning Pact"],"picked":"SKIP","floor":12.0},{"not_picked":["Flame Barrier","True Grit","Rampage"],"picked":"SKIP","floor":13.0},{"not_picked":["Spot Weakness","True Grit"],"picked":"Reaper","floor":14.0},{"not_picked":["Juggernaut","Berserk"],"picked":"Double Tap","floor":16.0},{"not_picked":["True Grit","Perfected Strike","Wild Strike+1"],"picked":"SKIP","floor":18.0},{"not_picked":["Havoc","Rage+1"],"picked":"Body Slam","floor":24.0},{"not_picked":["Headbutt","Flame Barrier"],"picked":"Ghostly Armor+1","floor":25.0},{"not_picked":["Armaments","Iron Wave"],"picked":"Thunderclap","floor":27.0},{"not_picked":["Dual Wield+1","Cleave","Spot Weakness"],"picked":"SKIP","floor":29.0},{"not_picked":["Demon Form","Ghostly Armor","Cleave"],"picked":"SKIP","floor":31.0},{"not_picked":["Ghostly Armor","Cleave"],"picked":"Demon Form","floor":31.0},{"not_picked":["Brutality","Impervious"],"picked":"Berserk","floor":33.0},{"not_picked":["Iron Wave","Anger","Perfected Strike"],"picked":"SKIP","floor":35.0},{"not_picked":["Iron Wave","Pommel Strike"],"picked":"Sword Boomerang","floor":36.0}],"player_experience":2357310,"relics_obtained":[{"floor":7.0,"key":"Blue Candle"},{"floor":8.0,"key":"Boot"},{"floor":9.0,"key":"Gremlin Horn"},{"floor":12.0,"key":"Potion Belt"},{"floor":14.0,"key":"Art of War"},{"floor":24.0,"key":"Turnip"},{"floor":26.0,"key":"Red Skull"},{"floor":29.0,"key":"White Beast Statue"}],"event_choices":[{"damage_healed":0.0,"max_hp_gain":0.0,"max_hp_loss":0.0,"gold_gain":0.0,"event_name":"Big Fish","player_choice":"Box","floor":11.0,"gold_loss":0.0,"damage_taken":0.0,"relics_obtained":["Lizard Tail"],"cards_obtained":["Regret"]},{"damage_healed":0.0,"max_hp_gain":0.0,"max_hp_loss":0.0,"gold_gain":0.0,"event_name":"Nest","player_choice":"Joined the Cult","floor":19.0,"gold_loss":0.0,"damage_taken":6.0,"cards_obtained":["RitualDagger"]},{"cards_removed":["Regret"],"damage_healed":0.0,"max_hp_gain":0.0,"max_hp_loss":0.0,"gold_gain":0.0,"event_name":"Beggar","player_choice":"Gave Gold","floor":20.0,"gold_loss":75.0,"damage_taken":0.0},{"damage_healed":0.0,"max_hp_gain":0.0,"max_hp_loss":0.0,"gold_gain":0.0,"event_name":"Vampires","player_choice":"Ignored","floor":22.0,"gold_loss":0.0,"damage_taken":0.0},{"damage_healed":0.0,"max_hp_gain":0.0,"max_hp_loss":0.0,"gold_gain":0.0,"event_name":"Back to Basics","player_choice":"Simplicity","floor":28.0,"gold_loss":0.0,"damage_taken":0.0,"cards_upgraded":["Strike_R","Strike_R","Strike_R","Strike_R","Defend_R","Defend_R","Defend_R","Defend_R"]}],"is_beta":false,"boss_relics":[{"not_picked":["Tiny House","Runic Cube"],"picked":"Cursed Key"},{"not_picked":["Philosopher\u0027s Stone","Velvet Choker"],"picked":"Black Blood"}],"items_purged_floors":[21],"is_endless":false,"potions_floor_spawned":[1,4,12,14,16,24,31,33,35,36],"killed_by":"Spire Growth","ascension_level":20}}