{"host":"j5j96s76v36ug78u","time":1612875947,"event":{"mods":["BaseMod","Better Third Choice","Hermit","Highlight Path","Jorbs\u0027s Wanderer Trilogy","Marisa????????","Minty Spire (QoL Compilation)","Onozuka Komachi Mod","Potion Indicator Mod","Reliquary","Robot Space Explorer","StSLib","The Blue Laboratory","The Bug Knight","The Clintock","The Cursed","The Hayseed","The Marked","The Spell Scribe","The Valiant"],"gold_per_floor":[114,145,9,25,25,59,59,59,135,135,147,147,72,84,84,182,182,199,124,223,242,258,258,289,289,289,289,289,289,100,150,150,248,248,258,275,325,335,345,378,390,78,103,153,153,0,13,47,47,52,52],"floor_reached":50,"language":"ENG","playtime":3917,"items_purged":["Burn","stsjorbsmod:Strike_Wanderer"],"score":593,"play_id":"b3cb0b1f-e771-4353-bc4b-11958d3db154","local_time":"20210209100547","is_ascension_mode":false,"campfire_choices":[{"floor":8,"key":"REST"},{"data":"stsjorbsmod:IvoryTower","floor":10,"key":"SMITH"},{"data":"stsjorbsmod:Prestidigitation","floor":15,"key":"SMITH"},{"data":"stsjorbsmod:MirrorImage","floor":23,"key":"SMITH"},{"data":"stsjorbsmod:Message","floor":25,"key":"SMITH"},{"data":"stsjorbsmod:Patron","floor":27,"key":"SMITH"},{"data":"stsjorbsmod:Rediscovery","floor":32,"key":"SMITH"},{"floor":45,"key":"REST"},{"floor":49,"key":"RECALL"}],"circlet_count":0,"master_deck":["stsjorbsmod:ForbiddenGrimoire+1","stsjorbsmod:Strike_Wanderer","stsjorbsmod:Strike_Wanderer","stsjorbsmod:Defend_Wanderer","stsjorbsmod:Defend_Wanderer","stsjorbsmod:Defend_Wanderer","stsjorbsmod:Defend_Wanderer","stsjorbsmod:FreshAdventure","stsjorbsmod:EyeOfTheStorm","stsjorbsmod:WanderingMind","stsjorbsmod:Prestidigitation+1","stsjorbsmod:Trauma","stsjorbsmod:IvoryTower+1","Ragnarok+1","stsjorbsmod:Patron","stsjorbsmod:MirrorImage+1","stsjorbsmod:BurningFlask+1","stsjorbsmod:FracturedMind","stsjorbsmod:FracturedMind","stsjorbsmod:Message+1","stsjorbsmod:Rediscovery+1","Writhe","stsjorbsmod:GatherPower+1","stsjorbsmod:Index+1","stsjorbsmod:DoubleCheck","stsjorbsmod:TrueStrike","stsjorbsmod:LoseGrip+1","Finesse","stsjorbsmod:Counterspell","stsjorbsmod:DoubleCheck+1","stsjorbsmod:Index","stsjorbsmod:Will+1","stsjorbsmod:FaerieFire","stsjorbsmod:MageArmor","Swift Strike","stsjorbsmod:RefuseToForget+1"],"relics":["stsjorbsmod:GrimoireRelic","NeowsBlessing","Juzu Bracelet","Pear","InkBottle","Prayer Beads","Busted Crown","reliquary:IridiumChain","HornCleat","SsserpentHead","reliquary:HotPoker","reliquary:RedCape","Bag of Preparation","Orrery","MealTicket","Red Mask","Mummified Hand"],"acts_visited":["Exordium","TheCity","TheBeyond"],"potions_floor_usage":[16,22,36,50],"damage_taken":[{"damage":0,"enemies":"Cultist","floor":1,"turns":1},{"damage":0,"enemies":"2 Louse","floor":2,"turns":1},{"damage":0,"enemies":"Small Slimes","floor":4,"turns":1},{"damage":28,"enemies":"Lagavulin","floor":6,"turns":7},{"damage":7,"enemies":"Blue Slaver","floor":11,"turns":3},{"damage":2,"enemies":"3 Louse","floor":14,"turns":2},{"damage":7,"enemies":"The Guardian","floor":16,"turns":7},{"damage":11,"enemies":"Shell Parasite","floor":18,"turns":4},{"damage":3,"enemies":"3 Byrds","floor":21,"turns":3},{"damage":15,"enemies":"3 Cultists","floor":22,"turns":3},{"damage":0,"enemies":"HollowMod:Nosk","floor":24,"turns":2},{"damage":38,"enemies":"Collector","floor":33,"turns":7},{"damage":3,"enemies":"3 Darklings","floor":35,"turns":3},{"damage":11,"enemies":"3 Shapes","floor":36,"turns":2},{"damage":0,"enemies":"Spire Growth","floor":38,"turns":3},{"damage":14,"enemies":"Sphere and 2 Shapes","floor":39,"turns":5},{"damage":9,"enemies":"Reptomancer","floor":40,"turns":5},{"damage":3,"enemies":"4 Shapes","floor":41,"turns":2},{"damage":3,"enemies":"Spire Growth","floor":47,"turns":3},{"damage":0,"enemies":"Nemesis","floor":48,"turns":5},{"damage":61,"enemies":"Time Eater","floor":50,"turns":5}],"seed_played":"5684593324673348910","potions_obtained":[{"floor":2,"key":"blueLaboratory:TrueEctoplasm"},{"floor":6,"key":"ColorlessPotion"},{"floor":14,"key":"Energy Potion"},{"floor":18,"key":"blueLaboratory:ForbiddenFruitJuice"},{"floor":35,"key":"blueLaboratory:BubblePotion"},{"floor":38,"key":"stsjorbsmod:DimensionDoorPotion"},{"floor":47,"key":"blueLaboratory:Moonshine"}],"is_trial":false,"path_per_floor":["M","M","$","M","?","E","?","R","T","R","M","T","$","M","R","B",null,"M","?","?","M","M","R","E","R","T","R","?","?","$","?","R","B",null,"M","M","?","M","M","E","M","$","T","?","R","?","M","E","R","B"],"character_chosen":"WANDERER","items_purchased":["stsjorbsmod:Trauma","stsjorbsmod:Rediscovery","Finesse","stsjorbsmod:Counterspell","Orrery"],"campfire_rested":2,"item_purchase_floors":[3,30,42,42,42],"current_hp_per_floor":[68,68,68,68,68,40,29,52,52,52,45,45,45,43,43,36,78,67,67,67,64,49,49,49,49,49,49,49,49,49,49,49,11,78,75,64,64,64,50,41,38,38,38,38,61,61,58,61,61,0,0],"gold":52,"neow_bonus":"THREE_ENEMY_KILL","is_daily":false,"chose_seed":false,"campfire_upgraded":6,"win_rate":0.0,"timestamp":1612875947,"path_taken":["M","?","$","M","?","E","?","R","T","R","M","?","?","M","R","BOSS","M","?","?","M","M","R","E","R","T","R","?","?","?","?","R","BOSS","M","M","?","M","M","E","M","$","T","?","R","?","M","E","R","BOSS"],"items_purchased_type":["Card","Card","Card","Card","Relic"],"build_version":"2020-12-22","purchased_purges":2,"victory":false,"max_hp_per_floor":[68,68,68,68,68,68,78,78,78,78,78,78,78,78,78,78,78,78,78,78,78,78,78,78,78,78,78,78,78,78,78,78,78,78,78,78,78,78,78,78,78,78,78,78,78,78,78,78,78,78,78],"card_choices":[{"not_picked":["stsjorbsmod:ParryingBlow","stsjorbsmod:Firebolt"],"picked":"stsjorbsmod:WanderingMind","floor":1},{"not_picked":["stsjorbsmod:Inferno","stsjorbsmod:FaerieFire"],"picked":"stsjorbsmod:Prestidigitation","floor":2},{"not_picked":["stsjorbsmod:WeightOfMemory","stsjorbsmod:Hurt","stsjorbsmod:RayOfFrost"],"picked":"SKIP","floor":4},{"not_picked":["stsjorbsmod:FlameWard","stsjorbsmod:AnimateObjects"],"picked":"stsjorbsmod:IvoryTower","floor":6},{"not_picked":["stsjorbsmod:Will","stsjorbsmod:DisguiseSelf"],"picked":"stsjorbsmod:Patron","floor":11},{"not_picked":["stsjorbsmod:WeightOfMemory","stsjorbsmod:Prepare","stsjorbsmod:BurningFlask"],"picked":"SKIP","floor":14},{"not_picked":["stsjorbsmod:Trauma","stsjorbsmod:Fear"],"picked":"stsjorbsmod:MirrorImage","floor":16},{"not_picked":[],"picked":"stsjorbsmod:BurningFlask+1","floor":18},{"not_picked":[],"picked":"stsjorbsmod:FracturedMind","floor":21},{"not_picked":[],"picked":"stsjorbsmod:FracturedMind","floor":22},{"not_picked":[],"picked":"stsjorbsmod:Message","floor":24},{"not_picked":[],"picked":"stsjorbsmod:GatherPower","floor":33},{"not_picked":[],"picked":"stsjorbsmod:Index+1","floor":35},{"not_picked":[],"picked":"stsjorbsmod:DoubleCheck","floor":36},{"not_picked":["stsjorbsmod:Will"],"picked":"SKIP","floor":38},{"not_picked":[],"picked":"stsjorbsmod:TrueStrike","floor":39},{"not_picked":[],"picked":"stsjorbsmod:LoseGrip+1","floor":40},{"not_picked":["stsjorbsmod:Mending"],"picked":"SKIP","floor":41},{"not_picked":[],"picked":"stsjorbsmod:DoubleCheck+1","floor":42},{"not_picked":[],"picked":"stsjorbsmod:Index","floor":42},{"not_picked":[],"picked":"stsjorbsmod:Will+1","floor":42},{"not_picked":[],"picked":"stsjorbsmod:FaerieFire","floor":42},{"not_picked":[],"picked":"stsjorbsmod:MageArmor","floor":42},{"not_picked":[],"picked":"Swift Strike","floor":44},{"not_picked":[],"picked":"stsjorbsmod:RefuseToForget+1","floor":47},{"not_picked":["stsjorbsmod:TrueStrike"],"picked":"SKIP","floor":48}],"player_experience":165510,"relics_obtained":[{"floor":6,"key":"Juzu Bracelet"},{"floor":9,"key":"InkBottle"},{"floor":12,"key":"Prayer Beads"},{"floor":24,"key":"reliquary:IridiumChain"},{"floor":40,"key":"Bag of Preparation"},{"floor":43,"key":"MealTicket"},{"floor":48,"key":"Mummified Hand"}],"event_choices":[{"damage_healed":68,"gold_gain":0,"player_choice":"Embrace Burn","damage_taken":0,"max_hp_gain":0,"max_hp_loss":68,"event_name":"betterThird:BetterShining","floor":5,"gold_loss":0},{"cards_removed":["stsjorbsmod:Strike_Wanderer"],"damage_healed":0,"gold_gain":0,"player_choice":"Gave Gold","damage_taken":0,"max_hp_gain":0,"max_hp_loss":0,"event_name":"Beggar","floor":19,"gold_loss":75},{"damage_healed":0,"gold_gain":99,"player_choice":"Steal","damage_taken":0,"max_hp_gain":0,"max_hp_loss":0,"event_name":"betterThird:BetterNest","floor":20,"gold_loss":0},{"damage_healed":0,"gold_gain":0,"player_choice":"Gave Potion","damage_taken":0,"relics_obtained":["HornCleat"],"max_hp_gain":0,"max_hp_loss":0,"event_name":"WeMeetAgain","floor":28,"gold_loss":0},{"damage_healed":0,"gold_gain":0,"player_choice":"Trade","damage_taken":0,"relics_obtained":["SsserpentHead"],"max_hp_gain":0,"max_hp_loss":0,"event_name":"FaceTrader","floor":29,"gold_loss":0},{"damage_healed":0,"gold_gain":0,"player_choice":"Opened","damage_taken":0,"relics_obtained":["reliquary:HotPoker"],"max_hp_gain":0,"max_hp_loss":0,"event_name":"The Mausoleum","floor":31,"gold_loss":0,"cards_obtained":["Writhe"]},{"damage_healed":0,"gold_gain":0,"player_choice":"Upgraded","damage_taken":0,"max_hp_gain":0,"max_hp_loss":0,"event_name":"Upgrade Shrine","floor":37,"gold_loss":0,"cards_upgraded":["stsjorbsmod:GatherPower"]},{"damage_healed":0,"gold_gain":0,"player_choice":"Memory 1","damage_taken":0,"max_hp_gain":0,"max_hp_loss":0,"event_name":"SensoryStone","floor":44,"gold_loss":0},{"damage_healed":0,"gold_gain":0,"player_choice":"Paid","damage_taken":0,"relics_obtained":["Red Mask"],"max_hp_gain":0,"max_hp_loss":0,"event_name":"Tomb of Lord Red Mask","floor":46,"gold_loss":203}],"is_beta":false,"boss_relics":[{"not_picked":["Empty Cage","SacredBark"],"picked":"Busted Crown"},{"not_picked":["Calling Bell","reliquary:Ember"],"picked":"reliquary:RedCape"}],"items_purged_floors":[13,30],"is_endless":false,"potions_floor_spawned":[2,6,14,18,35,38,47],"killed_by":"Time Eater","ascension_level":0}}