{"host":"q349ucdsdrgdzjwk","time":1612891704,"event":{"mods":["2.2 Compatiblity","A Penny For Your Troubles","AchievementEnabler","BaseMod","Beaked The Cultist","Better Altar","Better Match","Better Note","Better Skull","Better Third Choice","BetterRewards","Displayed Cursed Tome","Downfall","Friendly Minions","Googly Eyes","Gremlin Mod","Hermit","Hubris","Infinite Spire","Marisa????????","Minty Spire (QoL Compilation)","Permanent Neow","Relic Filter Mod","Reliquary","Replay The Spire","Robot Space Explorer","Shop Mod","Spire Arcade","StSLib","The Construct","The Cursed","The Disciple","The Marked","The Necromancer","The Servant 0.9.4","TheVacant","Transform Curses"],"gold_per_floor":[115,115,126,126,51,81,81,171,194,194,262,285,285,356,356,555,555,629,677,260,344,80,80,156,156,156,156,106,106,128,223,223,402,402,437,772,835,911,1002,1002,1144,1144,1144,1233,1277,1373,1373,1373,1373,1519],"floor_reached":51,"language":"ENG","playtime":3605,"items_purged":["Delirium","hubris:Disease","Delirium","ReplayTheSpireMod:Splinters","hermit:Covet"],"score":1418,"play_id":"6cc792a9-5345-4f10-9c9f-8e734c6e0e2e","local_time":"20210209172824","is_ascension_mode":true,"campfire_choices":[{"data":"hermit:Defend_Hermit","floor":10,"key":"SMITH"},{"data":"hermit:GhostlyPresence","floor":13,"key":"SMITH"},{"data":"hermit:FlashPowder","floor":15,"key":"SMITH"},{"data":"hermit:Combo","floor":23,"key":"SMITH"},{"data":"hermit:Combo","floor":25,"key":"SMITH"},{"data":"hermit:GoldenBullet","floor":29,"key":"SMITH"},{"data":"hermit:Showdown","floor":32,"key":"SMITH"},{"data":"hermit:GoldenBullet","floor":40,"key":"SMITH"},{"data":"Crow Ritual","floor":49,"key":"SMITH"}],"circlet_count":0,"master_deck":["hermit:Strike_Hermit+1","hermit:Strike_Hermit","hermit:Strike_Hermit","hermit:Strike_Hermit+1","hermit:Defend_Hermit","hermit:Defend_Hermit","hermit:Defend_Hermit+1","hermit:Defend_Hermit","hermit:GhostlyPresence+1","hermit:Determination","hermit:FlashPowder+1","hermit:DeadOrAlive","hubris:DuctTapeCard","hermit:Scavenge","hermit:EyeOfTheStorm","hermit:GoldenBullet+1","hermit:GoldenBullet+1","Crow Ritual+1","hubris:Insight","hermit:BigShot","hermit:Combo+1","hermit:Combo+1","hermit:Showdown+1","hermit:BigShot+1","hermit:Enervate","hermit:RoundhouseKick","hermit:Dive+1","hermit:Snipe+1","hermit:Brawl+1","hermit:Maintenance+1"],"relics":["Replay:Baseball","construct:BoolHorns","Turnip","ReplayTheSpireMod:CursedCoin","infinitespire:Joker Card","FossilizedHelix","MerchantsRug","Replay:Bandana","ReplayTheSpireMod:Shallot","infinitespire:EmpoweringShard","MealTicket","Lee\u0027s Waffle","hubris:CuriousFeather","Pen Nib","Eternal Feather","Tiny Chest","infinitespire:Bottled Soul","Replay:Ancient Bell","Smiling Mask","Torii","ReplayTheSpireMod:ShopPack","StrikeDummy","Bag of Marbles","reliquary:PrincelyHelmet","Painkiller Herb","hubris:NiceRug","Toxic Egg 2","hubris:TenFootPole","Sling","Art of War","Replay:Ringing Soul","Regal Pillow","reliquary:PorcupineQuills","Orichalcum"],"acts_visited":["Exordium","TheCity","TheBeyond"],"potions_floor_usage":[8,11,24,33,36,36,41,50,50,50],"damage_taken":[{"damage":0,"enemies":"Small Slimes","floor":1,"turns":4},{"damage":0,"enemies":"Cultist","floor":3,"turns":2},{"damage":0,"enemies":"Jaw Worm","floor":6,"turns":2},{"damage":0,"enemies":"3 Sentries","floor":8,"turns":6},{"damage":0,"enemies":"Gremlin Nob","floor":11,"turns":3},{"damage":0,"enemies":"Lagavulin","floor":14,"turns":4},{"damage":5,"enemies":"Hexaghost","floor":16,"turns":10},{"damage":7,"enemies":"Shell Parasite","floor":18,"turns":9},{"damage":0,"enemies":"Spheric Guardian","floor":19,"turns":1},{"damage":9,"enemies":"Cultist and Chosen","floor":21,"turns":8},{"damage":16,"enemies":"Centurion and Healer","floor":24,"turns":6},{"damage":0,"enemies":"Sentry and Sphere","floor":30,"turns":1},{"damage":24,"enemies":"Gremlin Leader","floor":31,"turns":7},{"damage":61,"enemies":"hubris:MusketHawk","floor":33,"turns":10},{"damage":0,"enemies":"Orb Walker","floor":35,"turns":2},{"damage":0,"enemies":"hubris:Merchant","floor":36,"turns":5},{"damage":0,"enemies":"3 Darklings","floor":37,"turns":2},{"damage":10,"enemies":"4 Shapes","floor":38,"turns":4},{"damage":0,"enemies":"Writhing Mass","floor":39,"turns":4},{"damage":0,"enemies":"beaked:SuperParasite","floor":41,"turns":5},{"damage":0,"enemies":"Nemesis","floor":44,"turns":7},{"damage":0,"enemies":"Jaw Worm Horde","floor":45,"turns":2},{"damage":0,"enemies":"beaked:SuperParasite","floor":46,"turns":3},{"damage":0,"enemies":"Awakened One","floor":50,"turns":6}],"seed_played":"-1525309080788986922","potions_obtained":[{"floor":1,"key":"Swift Potion"},{"floor":3,"key":"Slimebound:ThreeZeroPotion"},{"floor":14,"key":"Fire Potion"},{"floor":30,"key":"sneckomod:MuddlingPotion"},{"floor":31,"key":"Toxic Potion"},{"floor":33,"key":"hermit:Tonic"},{"floor":36,"key":"hermit:Eclipse"},{"floor":36,"key":"Dexterity Potion"},{"floor":36,"key":"FearPotion"},{"floor":38,"key":"Energy Potion"},{"floor":41,"key":"Ancient Potion"},{"floor":45,"key":"hermit:Tonic"}],"is_trial":false,"path_per_floor":["M","?","M","$","$","M","?","E","T","R","E","T","R","E","R","B",null,"M","M","$","M","$","R","M","R","T","?","$","R","M","E","R","B",null,"?","T","?","?","?","T","E","T","T","E","?","E","?","T","T","B",null],"character_chosen":"HERMIT","items_purchased":["Replay:Baseball","ReplayTheSpireMod:CursedCoin","infinitespire:Joker Card","MerchantsRug","Replay:Bandana","ReplayTheSpireMod:Shallot","infinitespire:EmpoweringShard","MealTicket","Lee\u0027s Waffle","ReplayTheSpireMod:ShopPack","StrikeDummy","hermit:GoldenBullet","hermit:Combo","Bag of Marbles"],"campfire_rested":0,"item_purchase_floors":[0,0,0,0,4,4,4,4,5,20,20,20,22,22],"current_hp_per_floor":[75,75,75,23,82,82,66,66,66,66,66,66,72,72,78,73,82,75,75,82,73,82,82,66,78,78,78,82,82,82,58,70,9,82,82,82,82,72,72,82,82,82,82,82,82,85,81,81,81,81],"gold":1519,"neow_bonus":"","is_daily":false,"chose_seed":false,"campfire_upgraded":9,"win_rate":0.0,"timestamp":1612891704,"path_taken":["M","?","?","?","$","M","?","E","T","R","E","?","R","E","R","BOSS","M","?","$","M","$","R","M","R","T","?","?","R","M","E","R","BOSS","?","T","?","?","?","T","E","?","T","E","?","E","?","T","T","BOSS"],"items_purchased_type":["Relic","Relic","Relic","Relic","Relic","Relic","Relic","Relic","Relic","Relic","Relic","Card","Card","Relic"],"build_version":"2020-12-22","purchased_purges":5,"victory":true,"max_hp_per_floor":[75,75,75,75,82,82,82,82,82,82,82,82,82,82,82,82,82,82,82,82,82,82,82,82,82,82,82,82,82,82,82,82,82,82,82,82,82,82,82,82,82,82,82,82,82,85,81,81,81,81],"card_choices":[{"not_picked":["hermit:LowProfile","hermit:Misfire","hermit:Snipe"],"picked":"SKIP","floor":1},{"not_picked":["hermit:Quickdraw","hermit:HighCaliber"],"picked":"hermit:GhostlyPresence","floor":3},{"not_picked":["hermit:Midnight","hermit:Glare"],"picked":"hermit:Vantage","floor":6},{"not_picked":["hermit:ItchyTrigger","hermit:Quickdraw"],"picked":"hermit:Determination","floor":8},{"not_picked":["hermit:HighCaliber","hermit:LowProfile","hermit:Cheat"],"picked":"SKIP","floor":11},{"not_picked":["hermit:Snipe","hermit:Roulette"],"picked":"hermit:FlashPowder","floor":14},{"not_picked":["hermit:FatalDesire","hermit:Roughhouse"],"picked":"hermit:DeadOrAlive","floor":16},{"not_picked":["hubris:Lust","Regret"],"picked":"ReplayTheSpireMod:Splinters","floor":17},{"not_picked":["ReplayTheSpireMod:Doomed","Amnesia"],"picked":"Delirium","floor":17},{"not_picked":["downfall:Haunted","CurseOfTheBell"],"picked":"hubris:Disease","floor":17},{"not_picked":["hermit:LowProfile","hermit:Feint"],"picked":"hermit:Scavenge","floor":18},{"not_picked":["hermit:Headshot","hermit:PistolWhip"],"picked":"hermit:EyeOfTheStorm","floor":19},{"not_picked":["The Bomb","Chrysalis"],"picked":"Crow Ritual","floor":20},{"not_picked":["Thinking Ahead","Deep Breath"],"picked":"hubris:Insight","floor":20},{"not_picked":["hermit:ItchyTrigger","hermit:LuckOfTheDraw"],"picked":"hermit:BigShot","floor":21},{"not_picked":["hermit:TrackingShot","hermit:Dissolve","hermit:NoHoldsBarred"],"picked":"SKIP","floor":24},{"not_picked":["hermit:HoleUp","hermit:Glare"],"picked":"hermit:Showdown","floor":30},{"not_picked":["hermit:Determination","hermit:TakeAim+1","hermit:Brawl"],"picked":"SKIP","floor":31},{"not_picked":["hermit:Snipe","hermit:Brawl+1"],"picked":"hermit:BigShot+1","floor":35},{"not_picked":[],"picked":"hermit:Enervate","floor":36},{"not_picked":[],"picked":"hermit:RoundhouseKick","floor":36},{"not_picked":[],"picked":"hermit:Dive+1","floor":36},{"not_picked":["hermit:DeadMansHand+1"],"picked":"SKIP","floor":36},{"not_picked":["hermit:Brawl"],"picked":"SKIP","floor":36},{"not_picked":["hubris:Ssssneak+1"],"picked":"SKIP","floor":36},{"not_picked":["Chrysalis+1"],"picked":"SKIP","floor":36},{"not_picked":["hermit:FromBeyond+1","hermit:ItchyTrigger"],"picked":"hermit:Snipe+1","floor":37},{"not_picked":["hermit:Dive+1","hermit:Desperado+1","hermit:Quickdraw+1"],"picked":"SKIP","floor":38},{"not_picked":["hermit:Glare+1","hermit:Snipe+1"],"picked":"hermit:Brawl+1","floor":39},{"not_picked":["hermit:RoundhouseKick","hermit:LowProfile+1","hermit:Desperado"],"picked":"SKIP","floor":41},{"not_picked":["hermit:GoldenBullet","hermit:CursedWeapon+1","hermit:Glare+1"],"picked":"SKIP","floor":44},{"not_picked":["hermit:Roulette","hermit:Coalescence+1","hermit:LuckOfTheDraw+1"],"picked":"SKIP","floor":45},{"not_picked":["hermit:FatalDesire","hermit:Vantage+1"],"picked":"hermit:Maintenance+1","floor":46}],"player_experience":457552,"relics_obtained":[{"floor":8,"key":"hubris:CuriousFeather"},{"floor":9,"key":"Pen Nib"},{"floor":11,"key":"Eternal Feather"},{"floor":12,"key":"Tiny Chest"},{"floor":14,"key":"infinitespire:Bottled Soul"},{"floor":31,"key":"reliquary:PrincelyHelmet"},{"floor":36,"key":"Toxic Egg 2"},{"floor":36,"key":"hubris:TenFootPole"},{"floor":36,"key":"Sling"},{"floor":41,"key":"Art of War"},{"floor":42,"key":"Replay:Ringing Soul"},{"floor":43,"key":"Regal Pillow"},{"floor":44,"key":"reliquary:PorcupineQuills"},{"floor":46,"key":"Orichalcum"}],"event_choices":[{"damage_healed":0,"gold_gain":0,"player_choice":"Upgraded","damage_taken":0,"max_hp_gain":0,"max_hp_loss":0,"event_name":"Upgrade Shrine","floor":2,"gold_loss":0,"cards_upgraded":["hermit:Snapshot"]},{"damage_healed":82,"gold_gain":0,"player_choice":"Upgrade","damage_taken":16,"max_hp_gain":0,"max_hp_loss":82,"event_name":"betterThird:BetterShining","floor":7,"gold_loss":0,"cards_upgraded":["hermit:Strike_Hermit","hermit:Strike_Hermit"]},{"cards_removed":["hermit:EyeOfTheStorm"],"damage_healed":0,"gold_gain":0,"player_choice":"Give","damage_taken":0,"max_hp_gain":0,"max_hp_loss":0,"event_name":"betterNote:BetterNote","floor":27,"gold_loss":0,"cards_obtained":["Offering"]},{"damage_healed":0,"gold_gain":0,"player_choice":"Max HP","damage_taken":0,"max_hp_gain":0,"max_hp_loss":4,"event_name":"Winding Halls","floor":47,"gold_loss":0}],"is_beta":false,"boss_relics":[{"not_picked":["ReplayTheSpireMod:SealedPack","Sozu"],"picked":"Replay:Ancient Bell"},{"not_picked":["sneckomod:BlankCard","reliquary:RoseTintedGlasses"],"picked":"Smiling Mask"},{"not_picked":["Replay:WaspNest","Singing Bowl"],"picked":"hubris:DuctTape"},{"not_picked":["Calipers","hubris:FunFungus"],"picked":"Torii"},{"not_picked":["hubris:VirtuousBlindfold","beaked:MawFillet"],"picked":"Painkiller Herb"}],"items_purged_floors":[0,20,22,28,36],"is_endless":false,"potions_floor_spawned":[1,3,14,30,31,33,38,39,41,45],"ascension_level":3}}