{"host":"s24sb66hw4a4sfft","time":1612887831,"event":{"mods":["AchievementEnabler","BaseMod","Colored Map","Colored Powertips","Googly Eyes","Hermit","Hubris","Minty Spire (QoL Compilation)","Quick Restart","Shop Mod","StSLib"],"gold_per_floor":[113,38,53,53,66,66,66,66,93,109,143,218,288,321,321,419,419,432,234,253,266,285,285,312,327,382,382,396,93,103,103,103,207,207,224,243,312,362,382,382,232,232,232,262,33,33,33,49,49,49,49],"floor_reached":50,"language":"ENG","playtime":2036,"items_purged":["hermit:Strike_Hermit","hermit:Strike_Hermit","hermit:Defend_Hermit","hermit:Strike_Hermit"],"score":497,"play_id":"d3f13b0d-21c5-4db0-9e52-8b73b87bf7c4","local_time":"20210209112351","is_ascension_mode":false,"campfire_choices":[{"data":"hermit:CursedWeapon","floor":6.0,"key":"SMITH"},{"data":"hermit:BlackWind","floor":8.0,"key":"SMITH"},{"floor":15.0,"key":"REST"},{"floor":23.0,"key":"REST"},{"floor":27.0,"key":"REST"},{"data":"hermit:GoldenBullet","floor":32.0,"key":"SMITH"},{"floor":40,"key":"REST"},{"data":"hermit:DeadOrAlive","floor":42,"key":"SMITH"},{"data":"hermit:Covet","floor":49,"key":"SMITH"}],"circlet_count":0,"master_deck":["hermit:Strike_Hermit+1","hermit:Defend_Hermit","hermit:Defend_Hermit","hermit:Defend_Hermit","hermit:Snapshot","hermit:Covet+1","hermit:Deadeye+1","hermit:PistolWhip","hermit:RoundhouseKick","CurseOfTheBell","hermit:GoldenBullet+1","hermit:CursedWeapon+1","hermit:EyeOfTheStorm+1","hermit:BodyArmor+1","hermit:GoldenBullet","hermit:DeadOrAlive+1","hermit:Quickdraw+1","hubris:DuctTapeCard","hermit:CursedWeapon","Bandage Up"],"relics":["hermit:Momento","Orichalcum","Oddly Smooth Stone","Sundial","Regal Pillow","Calling Bell","Nunchaku","hubris:SphereOfDissonance","Calipers","hubris:DuctTape","Whetstone","Anchor","Busted Crown","Pocketwatch","CaptainsWheel","hermit:Horseshoe","Vajra"],"acts_visited":["Exordium","TheCity","TheBeyond"],"potions_floor_usage":[50,50,50],"damage_taken":[{"damage":0.0,"enemies":"Cultist","floor":1.0,"turns":3.0},{"damage":9.0,"enemies":"Small Slimes","floor":3.0,"turns":4.0},{"damage":2.0,"enemies":"2 Louse","floor":5.0,"turns":2.0},{"damage":2.0,"enemies":"2 Fungi Beasts","floor":10.0,"turns":2.0},{"damage":20.0,"enemies":"Lagavulin","floor":11.0,"turns":4.0},{"damage":5.0,"enemies":"3 Sentries","floor":14.0,"turns":4.0},{"damage":40.0,"enemies":"Hexaghost","floor":16.0,"turns":8.0},{"damage":24.0,"enemies":"2 Thieves","floor":18.0,"turns":3.0},{"damage":19.0,"enemies":"3 Byrds","floor":20.0,"turns":4.0},{"damage":8.0,"enemies":"Cultist and Chosen","floor":21.0,"turns":3.0},{"damage":17.0,"enemies":"Snake Plant","floor":22.0,"turns":2.0},{"damage":8.0,"enemies":"Book of Stabbing","floor":24.0,"turns":2.0},{"damage":12.0,"enemies":"Centurion and Healer","floor":25.0,"turns":4.0},{"damage":4.0,"enemies":"Snecko","floor":28.0,"turns":2.0},{"damage":2.0,"enemies":"Snake Plant","floor":30.0,"turns":1.0},{"damage":26.0,"enemies":"Collector","floor":33.0,"turns":4.0},{"damage":2.0,"enemies":"3 Darklings","floor":35.0,"turns":2.0},{"damage":2.0,"enemies":"Orb Walker","floor":36.0,"turns":2.0},{"damage":4.0,"enemies":"2 Orb Walkers","floor":37.0,"turns":2.0},{"damage":4,"enemies":"Mind Bloom Boss Battle","floor":38,"turns":2},{"damage":37,"enemies":"Transient","floor":39,"turns":5},{"damage":2,"enemies":"Spire Growth","floor":44,"turns":2},{"damage":4,"enemies":"Writhing Mass","floor":48,"turns":1},{"damage":47,"enemies":"Time Eater","floor":50,"turns":8}],"seed_played":"-2772869983322172429","potions_obtained":[{"floor":1.0,"key":"Explosive Potion"},{"floor":5.0,"key":"LiquidBronze"},{"floor":14.0,"key":"Explosive Potion"},{"floor":22.0,"key":"EssenceOfSteel"},{"floor":25.0,"key":"SkillPotion"},{"floor":35.0,"key":"GamblersBrew"},{"floor":36.0,"key":"Dexterity Potion"},{"floor":44,"key":"Weak Potion"}],"is_trial":false,"path_per_floor":["M","$","M","?","M","R","$","R","T","M","E","?","?","E","R","B",null,"M","$","M","M","M","R","E","M","T","R","M","$","M","$","R","B",null,"M","M","?","?","M","R","$","R","T","M","$","?","?","M","R","B"],"character_chosen":"HERMIT","items_purchased":["Fruit Juice","hermit:GoldenBullet","Anchor","Vajra","Bandage Up"],"campfire_rested":4,"item_purchase_floors":[19,29,29,45,45],"current_hp_per_floor":[75,75,66,66,64,64,64,64,64,62,42,31,31,26,63,23,75,51,51,32,29,12,51,43,31,31,70,66,66,64,64,64,38,80,78,76,72,68,31,70,70,70,70,68,68,68,60,56,56,13,13],"gold":49,"neow_bonus":"ONE_RANDOM_RARE_CARD","is_daily":false,"chose_seed":false,"campfire_upgraded":5,"win_rate":0.0,"timestamp":1612887831,"path_taken":["M","$","?","?","?","R","$","R","T","M","E","?","?","E","R","BOSS","M","$","M","M","M","R","E","M","T","R","M","$","M","$","R","BOSS","M","M","?","?","M","R","$","R","T","M","$","?","?","M","R","BOSS"],"items_purchased_type":["Potion","Card","Relic","Relic","Card"],"build_version":"2020-12-22","purchased_purges":4,"victory":false,"max_hp_per_floor":[75,75,75,75,75,75,75,75,75,75,75,75,75,75,75,75,75,75,75,75,80,80,80,80,80,80,80,80,80,80,80,80,80,80,80,80,80,80,80,80,80,80,80,80,80,80,80,80,80,80,80],"card_choices":[{"not_picked":["hermit:WideOpen","hermit:Cheat"],"picked":"hermit:Deadeye","floor":1.0},{"not_picked":["hermit:TrackingShot","hermit:Misfire"],"picked":"hermit:CursedWeapon","floor":3.0},{"not_picked":["hermit:Dive","hermit:TakeCover"],"picked":"hermit:Horror","floor":5.0},{"not_picked":["hermit:SprayPray","hermit:Snipe","hermit:TakeAim"],"picked":"SKIP","floor":10.0},{"not_picked":["hermit:WideOpen","hermit:Gestalt","hermit:TrackingShot"],"picked":"SKIP","floor":11.0},{"not_picked":["hermit:Vantage","hermit:Reprieve"],"picked":"hermit:PistolWhip","floor":14.0},{"not_picked":["hermit:Dissolve","hermit:Purgatory"],"picked":"hermit:RoundhouseKick","floor":16.0},{"not_picked":["hermit:Combo","hermit:CalledShot"],"picked":"hermit:GoldenBullet","floor":18.0},{"not_picked":["hermit:Scavenge","hermit:Deadeye+1"],"picked":"hermit:CursedWeapon+1","floor":20.0},{"not_picked":["hermit:Vantage","hermit:TakeCover"],"picked":"hermit:EyeOfTheStorm+1","floor":21.0},{"not_picked":["hermit:ItchyTrigger","hermit:BigShot+1","hermit:Vantage"],"picked":"SKIP","floor":22.0},{"not_picked":["hermit:Ricochet","hermit:ItchyTrigger","hermit:HighCaliber"],"picked":"SKIP","floor":24.0},{"not_picked":["hermit:Desperado","hermit:Roughhouse","hermit:Maintenance+1"],"picked":"SKIP","floor":25.0},{"not_picked":["hermit:Spite+1","hermit:Desperado+1"],"picked":"hermit:BodyArmor+1","floor":28.0},{"not_picked":["hermit:LowProfile","hermit:FlashPowder","hermit:Manifest"],"picked":"SKIP","floor":30.0},{"not_picked":["hermit:HeroicBravado","hermit:FinalCanter"],"picked":"hermit:DeadOrAlive","floor":33.0},{"not_picked":[],"picked":"hermit:Quickdraw+1","floor":35.0},{"not_picked":["hermit:NoHoldsBarred"],"picked":"SKIP","floor":36.0},{"not_picked":[],"picked":"hermit:CursedWeapon","floor":38},{"not_picked":["hermit:Midnight"],"picked":"SKIP","floor":39},{"not_picked":["hermit:DeadMansHand"],"picked":"SKIP","floor":44},{"not_picked":["hermit:FullyLoaded"],"picked":"SKIP","floor":48}],"player_experience":593813,"relics_obtained":[{"floor":4.0,"key":"Orichalcum"},{"floor":9.0,"key":"Oddly Smooth Stone"},{"floor":11.0,"key":"Sundial"},{"floor":14.0,"key":"Regal Pillow"},{"floor":17.0,"key":"Nunchaku"},{"floor":17.0,"key":"hubris:SphereOfDissonance"},{"floor":17.0,"key":"Calipers"},{"floor":24.0,"key":"hubris:DuctTape"},{"floor":26.0,"key":"Whetstone"},{"floor":37.0,"key":"Pocketwatch"},{"floor":38,"key":"CaptainsWheel"},{"floor":43,"key":"hermit:Horseshoe"}],"event_choices":[{"damage_healed":0.0,"max_hp_gain":0.0,"max_hp_loss":0.0,"gold_gain":0.0,"event_name":"Wheel of Change","player_choice":"Relic","floor":4.0,"gold_loss":0.0,"damage_taken":0.0},{"damage_healed":0.0,"max_hp_gain":0.0,"max_hp_loss":0.0,"gold_gain":75.0,"event_name":"World of Goop","player_choice":"Gather Gold","floor":12.0,"gold_loss":0.0,"damage_taken":11.0},{"damage_healed":0.0,"max_hp_gain":0.0,"max_hp_loss":0.0,"gold_gain":70.0,"event_name":"Golden Wing","player_choice":"Gained Gold","floor":13.0,"gold_loss":0.0,"damage_taken":0.0},{"damage_healed":0.0,"max_hp_gain":0.0,"max_hp_loss":0.0,"gold_gain":0.0,"event_name":"Mysterious Sphere","player_choice":"Fight","floor":37.0,"gold_loss":0.0,"damage_taken":0.0},{"damage_healed":0,"gold_gain":0,"player_choice":"Fight","damage_taken":0,"max_hp_gain":0,"max_hp_loss":0,"event_name":"MindBloom","floor":38,"gold_loss":0},{"cards_removed":["hermit:Horror"],"damage_healed":0,"gold_gain":0,"player_choice":"Removed Skill","damage_taken":0,"max_hp_gain":0,"max_hp_loss":0,"event_name":"Falling","floor":46,"gold_loss":0},{"damage_healed":0,"gold_gain":0,"player_choice":"Damaged","damage_taken":8,"max_hp_gain":0,"max_hp_loss":0,"event_name":"Wheel of Change","floor":47,"gold_loss":0}],"is_beta":false,"boss_relics":[{"not_picked":["Empty Cage","Astrolabe"],"picked":"Calling Bell"},{"not_picked":["Tiny House","Runic Dome"],"picked":"Busted Crown"}],"items_purged_floors":[2,19,29,41],"is_endless":false,"potions_floor_spawned":[1,5,14,22,25,28,30,35,36,44],"killed_by":"Time Eater","ascension_level":0}}