{"host":"tj6tjcyqgbd0xj5u","time":1612838304,"event":{"mods":["Aspiration","BaseMod","Better Match","BetterRewards","Challenge The Spire","Conspire","Defuse TimeMaze Blight","Dota2Spire","Downfall","Energized Spire","Evolution","GifTheSpireLib","Good Game Mod","Halation","Hubris","Hyrulean Relics","Infinite Spire","Minty Spire (QoL Compilation)","Reliquary","Replay The Spire","Reworked Bosses","Spikes Relics","StS++","StSLib","Stuff the Spire"],"gold_per_floor":[118,68,78,38,58,83,102,102,102,129,139,139,64,64,64],"floor_reached":14,"language":"ENG","playtime":443,"items_purged":["Pain"],"score":180,"play_id":"0994b4eb-c2ea-468d-8c46-544411a4afc5","local_time":"20210208223824","is_ascension_mode":true,"campfire_choices":[{"data":"Armaments","floor":8,"key":"SMITH"}],"circlet_count":0,"master_deck":["StuffTheSpire:Incineration","StuffTheSpire:Incineration","StuffTheSpire:Incineration","StuffTheSpire:Incineration","Armaments","Armaments+1","Armaments","Armaments","Bash","ReplayTheSpireMod:Muscle Training","ReplayTheSpireMod:Limb From Limb","Uppercut","Inflame","Pummel","expansioncontent:StudyTheSpire"],"relics":["Burning Blood","EVO:Axolotl","REME:ComplimentaryCards","aspiration:Nostalgia","m_SlimeRing","StuffTheSpire:NeowsTribute","infinitespire:Broken Mirror","conspire:Dentures","WarpedTongs"],"acts_visited":["Exordium"],"potions_floor_usage":[7],"damage_taken":[{"damage":9,"enemies":"conspire:RoseBush","floor":1,"turns":2},{"damage":2,"enemies":"Cultist","floor":3,"turns":3},{"damage":3,"enemies":"2 Louse","floor":5,"turns":2},{"damage":31,"enemies":"3 Sentries","floor":6,"turns":6},{"damage":13,"enemies":"Lots of Slimes","floor":7,"turns":3},{"damage":24,"enemies":"Gremlin Nob","floor":10,"turns":4},{"damage":14,"enemies":"conspire:2 RoseBushes","floor":11,"turns":4},{"damage":26,"enemies":"3 Sentries","floor":14,"turns":4}],"seed_played":"-263075467079081436","potions_obtained":[{"floor":1,"key":"EssenceOfSteel"}],"is_trial":false,"path_per_floor":["M","?","M","$","M","E","M","R","T","E","M","?","$","E"],"character_chosen":"IRONCLAD","items_purchased":["Uppercut"],"campfire_rested":0,"item_purchase_floors":[4],"current_hp_per_floor":[69,69,73,73,76,51,44,44,44,26,18,18,18,0,0],"gold":64,"neow_bonus":"NOSTALGIA","is_daily":false,"chose_seed":false,"campfire_upgraded":1,"win_rate":0.0,"timestamp":1612838304,"path_taken":["M","?","M","$","M","E","M","R","T","E","M","?","$","E"],"items_purchased_type":["Card"],"build_version":"2020-12-22","purchased_purges":1,"victory":false,"max_hp_per_floor":[80,80,80,80,80,80,80,80,80,80,80,80,80,80,80],"card_choices":[{"not_picked":["Warcry","Slimebound:SlimeSpikes"],"picked":"ReplayTheSpireMod:Muscle Training","floor":1},{"not_picked":["Run Through","Absolvement"],"picked":"ReplayTheSpireMod:Limb From Limb","floor":3},{"not_picked":["StuffTheSpire:Slingshot","StSpp:Vengeance"],"picked":"Inflame","floor":5},{"not_picked":["Fiend Fire","Blood for Blood"],"picked":"Pummel","floor":6},{"not_picked":["Endless Agony","Shrug It Off","StuffTheSpire:RockThrow"],"picked":"SKIP","floor":7},{"not_picked":["Blood for Blood","StSpp:TheBiggerTheyAre","Cleave"],"picked":"SKIP","floor":10},{"not_picked":["StuffTheSpire:Incineration","Cloak And Dagger","Pummel"],"picked":"SKIP","floor":11}],"player_experience":140609,"relics_obtained":[{"floor":6,"key":"StuffTheSpire:NeowsTribute"},{"floor":9,"key":"infinitespire:Broken Mirror"},{"floor":10,"key":"conspire:Dentures"}],"event_choices":[{"cards_removed":["StuffTheSpire:Incineration"],"damage_healed":0,"gold_gain":0,"player_choice":"Card Removal","damage_taken":0,"max_hp_gain":0,"max_hp_loss":0,"event_name":"The Cleric","floor":2,"gold_loss":50},{"damage_healed":0,"gold_gain":0,"player_choice":"Rummage","damage_taken":0,"relics_obtained":["WarpedTongs"],"max_hp_gain":0,"max_hp_loss":0,"event_name":"Accursed Blacksmith","floor":12,"gold_loss":0,"cards_obtained":["Pain"]}],"is_beta":false,"boss_relics":[],"items_purged_floors":[13],"is_endless":false,"potions_floor_spawned":[1],"killed_by":"3 Sentries","ascension_level":6}}