{"host":"l12hrjjiowxu1z6t","time":1612836059,"event":{"mods":["AchievementEnabler","BaseMod","Colored Map","Colored Powertips","Highlight Path","Marisa????????","Minty Spire (QoL Compilation)","Rare Cards Sparkle","Relic Stats"],"gold_per_floor":[115,130,205,224,224,224,224],"floor_reached":6,"language":"ENG","playtime":269,"items_purged":[],"score":38,"play_id":"c3c4a1d4-b53b-4903-b265-ae342efa51a9","local_time":"20210209020059","is_ascension_mode":true,"campfire_choices":[],"circlet_count":0,"master_deck":["Strike_G","Strike_G","Strike_G","Strike_G","Strike_G","Defend_G","Defend_G","Defend_G","Defend_G","Defend_G","Survivor","Neutralize","Underhanded Strike","Concentrate","Acrobatics"],"relics":["SlaversCollar","Art of War"],"acts_visited":["Exordium"],"potions_floor_usage":[6],"damage_taken":[{"damage":2,"enemies":"Small Slimes","floor":1,"turns":6},{"damage":4,"enemies":"2 Louse","floor":2,"turns":2},{"damage":17,"enemies":"Jaw Worm","floor":4,"turns":6},{"damage":26,"enemies":"Gremlin Nob","floor":6,"turns":3}],"seed_played":"-4657109981677248914","potions_obtained":[{"floor":2,"key":"GamblersBrew"}],"is_trial":false,"path_per_floor":["M","M","?","M","?","E"],"character_chosen":"THE_SILENT","items_purchased":[],"campfire_rested":0,"item_purchase_floors":[],"current_hp_per_floor":[68,64,53,36,18,0,0],"gold":224,"neow_bonus":"BOSS_RELIC","is_daily":false,"chose_seed":false,"campfire_upgraded":0,"win_rate":0.0,"timestamp":1612836059,"path_taken":["M","M","?","M","?","E"],"items_purchased_type":[],"build_version":"2020-12-22","purchased_purges":0,"victory":false,"max_hp_per_floor":[70,70,70,70,70,70,70],"relic_stats":{"counters":[4,17],"Art of War":[0],"obtain_stats":[{"SlaversCollar":0,"Art of War":5,"Ring of the Snake":0},{"SlaversCollar":0,"Art of War":3,"Ring of the Snake":0},{"SlaversCollar":0,"Art of War":14,"Ring of the Snake":0}]},"card_choices":[{"not_picked":["Backflip","Bane"],"picked":"Underhanded Strike","floor":1},{"not_picked":["Backstab","Accuracy"],"picked":"Concentrate","floor":2},{"not_picked":["Flying Knee","Deadly Poison"],"picked":"Acrobatics","floor":4}],"player_experience":101636,"relics_obtained":[],"event_choices":[{"damage_healed":0,"gold_gain":75,"player_choice":"Gather Gold","damage_taken":11,"max_hp_gain":0,"max_hp_loss":0,"event_name":"World of Goop","floor":3,"gold_loss":0},{"damage_healed":0,"gold_gain":0,"player_choice":"Success","damage_taken":18,"relics_obtained":["Art of War"],"max_hp_gain":0,"max_hp_loss":0,"event_name":"Scrap Ooze","floor":5,"gold_loss":0}],"is_beta":false,"boss_relics":[],"items_purged_floors":[],"is_endless":false,"potions_floor_spawned":[2],"killed_by":"Gremlin Nob","ascension_level":1}}