{"host":"j4nfyhit1dl35m08","time":1612910957,"event":{"mods":["BaseMod","Downfall","Highlight Path","Minty Spire (QoL Compilation)","StSLib"],"gold_per_floor":[99,99,99,99,110,123,123,148,166,179,79,108,120,152,180,266,278,290,321,279,297,247,247,247,247,280,292,192,226,226,245,255,332,332,332,351,258,277,303,303,326,343,353,383,400,300,325,425,444,444,444,444,444,444],"floor_reached":52,"language":"ENG","playtime":6876,"items_purged":[],"score":1316,"play_id":"34f9189e-dd1f-48ac-8421-ce135b00aa12","local_time":"20210209164917","is_ascension_mode":true,"campfire_choices":[{"floor":1,"key":"RECALL"},{"data":"bronze:DigitalCarnage","floor":11,"key":"SMITH"},{"data":"bronze:TinkerersToolbox","floor":18,"key":"SMITH"},{"data":"bronze:DigitalCarnage","floor":23,"key":"SMITH"},{"data":"bronze:Repulsor","floor":28,"key":"SMITH"},{"data":"bronze:SpaghettiCode","floor":30,"key":"SMITH"},{"floor":35,"key":"REST"},{"floor":46,"key":"REST"}],"circlet_count":0,"master_deck":["AscendersBane","bronze:Replicate","bronze:Goto","bronze:DigitalCarnage+1","bronze:WhirlingStrike","bronze:Frontload","bronze:Deprecate","bronze:DigitalCarnage+1","bronze:Branch","bronze:ChildClass","bronze:TinkerersToolbox+1","bronze:Invalidate","bronze:AlphaBuild","bronze:Refactor","bronze:AlphaBuild","bronze:SpaghettiCode+1","bronze:Overload","bronze:CutThrough","bronze:Shell","bronze:Repulsor+1","bronze:DelayedGuard+1","bronze:Overheat","bronze:BronzeArmor","bronze:Repair","bronze:FineTuning+1","bronze:Repulsor","bronze:ChildClass","bronze:BuggyMess","bronze:ForLoop+1","bronze:Deprecate+1","bronze:ItsAFeature"],"relics":["bronze:BronzeCore","downfall:HeartsMalice","InkBottle","Singing Bowl","downfall:HeartBlessingRed","MawBank","Kunai","Pandora\u0027s Box","Meat on the Bone","downfall:HeartBlessingBlue","Mango","Fusion Hammer","Calipers","Nunchaku","Anchor","Orichalcum","downfall:HeartBlessingGreen","Bird Faced Urn","White Beast Statue"],"acts_visited":["Exordium","TheCity","TheBeyond","TheEnding"],"potions_floor_usage":[16,29,33,42,50],"damage_taken":[{"damage":0,"enemies":"Cultist","floor":2,"turns":1},{"damage":0,"enemies":"Jaw Worm","floor":3,"turns":1},{"damage":0,"enemies":"2 Louse","floor":4,"turns":1},{"damage":0,"enemies":"Large Slime","floor":5,"turns":3},{"damage":1,"enemies":"Red Slaver","floor":6,"turns":3},{"damage":15,"enemies":"3 Sentries","floor":8,"turns":5},{"damage":0,"enemies":"Large Slime","floor":9,"turns":5},{"damage":0,"enemies":"3 Louse","floor":10,"turns":3},{"damage":0,"enemies":"Gremlin Nob","floor":12,"turns":3},{"damage":8,"enemies":"Exordium Thugs","floor":14,"turns":3},{"damage":0,"enemies":"2 Fungi Beasts","floor":15,"turns":2},{"damage":6,"enemies":"SI_SHIV_ARCHETYPE","floor":16,"turns":5},{"damage":10,"enemies":"Shell Parasite","floor":19,"turns":3},{"damage":0,"enemies":"downfall:FleeingMerchant","floor":20,"turns":4},{"damage":0,"enemies":"Snake Plant","floor":21,"turns":2},{"damage":22,"enemies":"Slavers","floor":26,"turns":7},{"damage":0,"enemies":"Cultist and Chosen","floor":27,"turns":3},{"damage":45,"enemies":"Gremlin Leader","floor":29,"turns":6},{"damage":22,"enemies":"Centurion and Healer","floor":31,"turns":5},{"damage":0,"enemies":"Snecko","floor":32,"turns":3},{"damage":21,"enemies":"DF_ARCHETYPE_CLAW","floor":33,"turns":9},{"damage":7,"enemies":"3 Darklings","floor":36,"turns":3},{"damage":0,"enemies":"downfall:FleeingMerchant","floor":37,"turns":4},{"damage":11,"enemies":"3 Shapes","floor":38,"turns":5},{"damage":13,"enemies":"Transient","floor":42,"turns":5},{"damage":46,"enemies":"Writhing Mass","floor":43,"turns":7},{"damage":11,"enemies":"Nemesis","floor":44,"turns":5},{"damage":0,"enemies":"Maw","floor":45,"turns":6},{"damage":18,"enemies":"Maw","floor":47,"turns":7},{"damage":0,"enemies":"downfall:LadyInBlue","floor":48,"turns":8},{"damage":0,"enemies":"4 Shapes","floor":49,"turns":3},{"damage":12,"enemies":"IC_BLOCK_ARCHETYPE","floor":50,"turns":11},{"damage":145,"enemies":"downfall:CharBossMerchant","floor":52,"turns":8}],"seed_played":"696853629345112463","potions_obtained":[{"floor":8,"key":"champ:CounterPotion"},{"floor":9,"key":"DuplicationPotion"},{"floor":12,"key":"PowerPotion"},{"floor":26,"key":"bronze:BuildAFunctionPotion"},{"floor":29,"key":"DistilledChaos"},{"floor":32,"key":"PowerPotion"},{"floor":33,"key":"LiquidBronze"},{"floor":38,"key":"Swift Potion"},{"floor":44,"key":"BlessingOfTheForge"},{"floor":48,"key":"Swift Potion"}],"is_trial":false,"path_per_floor":["R","M","M","M","M","M","T","E","M","M","R","E","?","M","M","B",null,"R","M","$","M","?","R","T","?","E","M","R","E","R","M","M","B",null,"R","M","$","M","?","?","T","M","M","E","M","R","?","?","M","B",null,"E"],"character_chosen":"THE_AUTOMATON","items_purchased":["bronze:BronzeArmor","Calipers","bronze:Repulsor","bronze:ChildClass"],"campfire_rested":2,"item_purchase_floors":[20,37,37,37],"current_hp_per_floor":[57,57,57,57,57,56,56,43,43,43,43,43,38,30,32,26,57,57,47,47,49,69,69,69,69,49,49,59,49,49,48,57,50,90,103,105,105,104,104,104,104,93,66,62,70,102,111,113,113,113,113,0,0,0],"gold":444,"neow_bonus":"THREE_ENEMY_KILL","is_daily":false,"chose_seed":false,"campfire_upgraded":5,"win_rate":0.0,"timestamp":1612910957,"path_taken":["R","M","M","M","M","M","T","E","?","M","R","E","?","M","M","BOSS","R","M","$","M","?","R","T","?","E","M","R","E","R","M","M","BOSS","R","M","$","M","?","?","T","M","?","E","M","R","?","?","M","BOSS","E"],"items_purchased_type":["Card","Relic","Card","Card"],"build_version":"2020-12-22","purchased_purges":0,"victory":false,"max_hp_per_floor":[63,63,63,63,63,63,63,65,65,65,65,65,65,65,67,67,67,67,67,67,69,69,69,69,69,71,71,81,97,97,99,101,103,103,103,105,105,107,107,107,107,109,109,109,109,109,111,113,113,113,113,113,113,113],"card_choices":[{"not_picked":["bronze:ForceShield","bronze:Overheat"],"picked":"bronze:DigitalCarnage","floor":2},{"not_picked":["bronze:InfiniteBeams","bronze:BugBarrage"],"picked":"bronze:WhirlingStrike","floor":3},{"not_picked":["bronze:Separator","bronze:GetLatest"],"picked":"bronze:Frontload","floor":4},{"not_picked":["bronze:Shield","bronze:DelayedGuard"],"picked":"bronze:Deprecate","floor":5},{"not_picked":["bronze:Shell","bronze:DarkDash"],"picked":"bronze:DigitalCarnage","floor":6},{"not_picked":["bronze:Iterate","bronze:OilSpill","bronze:Deprecate"],"picked":"Singing Bowl","floor":8},{"not_picked":["bronze:ForceShield","bronze:Overheat"],"picked":"bronze:Branch","floor":9},{"not_picked":["bronze:BitShift","bronze:InfiniteLoop"],"picked":"bronze:ChildClass","floor":10},{"not_picked":["bronze:Branch","bronze:DelayedGuard"],"picked":"bronze:TinkerersToolbox","floor":12},{"not_picked":["bronze:CutThrough","bronze:BugBarrage"],"picked":"bronze:Invalidate","floor":14},{"not_picked":["bronze:Deprecate","bronze:BugBarrage","bronze:HyperBeam"],"picked":"Singing Bowl","floor":15},{"not_picked":["bronze:TinkerersToolbox","bronze:Mutator"],"picked":"bronze:AlphaBuild","floor":16},{"not_picked":["bronze:Repulsor","bronze:DigitalCarnage"],"picked":"bronze:DelayedGuard+1","floor":19},{"not_picked":["bronze:DelayedSlice","bronze:DarkDash"],"picked":"bronze:Overheat","floor":20},{"not_picked":["bronze:Shield","bronze:Repulsor","bronze:DelayedGuard"],"picked":"Singing Bowl","floor":21},{"not_picked":["bronze:ShipIt","bronze:Deprecate","bronze:DelayedSlice"],"picked":"Singing Bowl","floor":26},{"not_picked":["bronze:FollowUp+1","bronze:BugBarrage"],"picked":"bronze:Repair","floor":27},{"not_picked":["bronze:Overload","bronze:Hardcode","bronze:Separator"],"picked":"Singing Bowl","floor":29},{"not_picked":["bronze:BugBarrage","bronze:Shell","bronze:WhirlingStrike"],"picked":"Singing Bowl","floor":31},{"not_picked":["bronze:CutThrough","bronze:WhirlingStrike","bronze:Iterate"],"picked":"Singing Bowl","floor":32},{"not_picked":["bronze:AlphaBuild","bronze:ShipIt","bronze:RecursiveStrike"],"picked":"Singing Bowl","floor":33},{"not_picked":["bronze:Separator","bronze:Branch","bronze:Constructor"],"picked":"Singing Bowl","floor":36},{"not_picked":["bronze:BronzeArmor+1","bronze:Shell"],"picked":"bronze:FineTuning+1","floor":37},{"not_picked":["bronze:InfiniteBeams","bronze:DelayedGuard","bronze:CutThrough"],"picked":"Singing Bowl","floor":38},{"not_picked":["bronze:FollowUp","bronze:Turbo","bronze:Repulsor"],"picked":"Singing Bowl","floor":42},{"not_picked":["bronze:BugBarrage","bronze:BitShift"],"picked":"bronze:BuggyMess","floor":43},{"not_picked":["bronze:Deprecate","bronze:Break"],"picked":"bronze:ForLoop+1","floor":44},{"not_picked":["bronze:OilSpill","bronze:DarkDash+1"],"picked":"bronze:Deprecate+1","floor":45},{"not_picked":["bronze:BuggyMess","bronze:Turbo","bronze:DelayedGuard"],"picked":"Singing Bowl","floor":47},{"not_picked":["bronze:Invalidate","bronze:DarkDash+1","bronze:DelayedGuard"],"picked":"Singing Bowl","floor":48},{"not_picked":["bronze:SpaghettiCode","bronze:Turbo"],"picked":"bronze:ItsAFeature","floor":49}],"player_experience":499412,"relics_obtained":[{"floor":7,"key":"InkBottle"},{"floor":8,"key":"Singing Bowl"},{"floor":12,"key":"MawBank"},{"floor":26,"key":"Meat on the Bone"},{"floor":29,"key":"Mango"},{"floor":39,"key":"Nunchaku"},{"floor":41,"key":"Anchor"},{"floor":44,"key":"Orichalcum"},{"floor":47,"key":"Bird Faced Urn"},{"floor":48,"key":"White Beast Statue"}],"event_choices":[{"damage_healed":0,"gold_gain":0,"player_choice":"Success","damage_taken":5,"relics_obtained":["Kunai"],"max_hp_gain":0,"max_hp_loss":0,"event_name":"Scrap Ooze","floor":13,"gold_loss":0},{"cards_removed":["bronze:HyperBeam"],"damage_healed":0,"gold_gain":0,"player_choice":"Card Removal","damage_taken":0,"max_hp_gain":0,"max_hp_loss":0,"event_name":"Wheel of Change","floor":40,"gold_loss":0}],"is_beta":false,"boss_relics":[{"not_picked":["SlaversCollar","Tiny House"],"picked":"Pandora\u0027s Box"},{"not_picked":["Astrolabe","Empty Cage"],"picked":"Fusion Hammer"}],"items_purged_floors":[],"is_endless":false,"potions_floor_spawned":[8,9,12,14,15,26,29,32,33,38,44,48,49],"killed_by":"downfall:CharBossMerchant","ascension_level":15}}