{"host":"ydg0vn0pu4pubmdt","time":1612884267,"event":{"mods":["AchievementEnabler","BaseMod","Colored Map","Gold Saver","Minty Spire (QoL Compilation)","Quick Restart","SuperFastMode"],"gold_per_floor":[804,804,359,373,19,19,52,52,75,91,108,108,28,61,336,336,437,437,453,49,69,69,122,122,141,141,209,219,219,252,252,268,268,363,363,377,32,32,32,46,80,92,153,165,177,189,215,250,293,305,317],"floor_reached":52,"language":"KOR","playtime":1351,"items_purged":["Strike_P","Defend_P","Strike_P","Strike_P"],"score":1409,"play_id":"21ed292c-c6b6-471c-87af-b085f14d7036","local_time":"20210210002427","is_ascension_mode":true,"campfire_choices":[{"data":"Eruption","floor":6.0,"key":"SMITH"},{"data":"Tantrum","floor":8.0,"key":"SMITH"},{"data":"Study","floor":16.0,"key":"SMITH"},{"data":"Vault","floor":24.0,"key":"SMITH"},{"floor":29.0,"key":"REST"},{"data":"Adaptation","floor":31.0,"key":"SMITH"},{"floor":33.0,"key":"REST"},{"data":"FlurryOfBlows","floor":42.0,"key":"SMITH"},{"floor":45.0,"key":"REST"},{"floor":50,"key":"REST"}],"circlet_count":0,"master_deck":["AscendersBane","Strike_P","Defend_P","Defend_P","Eruption+1","Vigilance","Tantrum+1","FearNoEvil","EmptyBody","Study+1","Vault+1","FlurryOfBlows+1","EmptyFist","Adaptation+1","Vault+1","WheelKick"],"relics":["HolyWater","Lizard Tail","Medical Kit","Gremlin Horn","Omamori","Tiny Chest","Ancient Tea Set","VioletLotus","White Beast Statue","Bag of Marbles","Toxic Egg 2","Letter Opener","Membership Card","Pantograph","The Courier","MawBank","CloakClasp","Darkstone Periapt","Gambling Chip","Happy Flower","Damaru"],"acts_visited":["Exordium","TheCity","TheBeyond"],"potions_floor_usage":[51,51],"damage_taken":[{"damage":13.0,"enemies":"Jaw Worm","floor":1.0,"turns":5.0},{"damage":0.0,"enemies":"2 Louse","floor":4.0,"turns":2.0},{"damage":7.0,"enemies":"3 Sentries","floor":7.0,"turns":6.0},{"damage":0.0,"enemies":"Cultist","floor":10.0,"turns":2.0},{"damage":6.0,"enemies":"Blue Slaver","floor":11.0,"turns":3.0},{"damage":0.0,"enemies":"Lagavulin","floor":14.0,"turns":4.0},{"damage":0.0,"enemies":"Slime Boss","floor":17.0,"turns":3.0},{"damage":1.0,"enemies":"3 Byrds","floor":19.0,"turns":5.0},{"damage":10.0,"enemies":"2 Thieves","floor":21.0,"turns":4.0},{"damage":0.0,"enemies":"Centurion and Healer","floor":25.0,"turns":3.0},{"damage":41.0,"enemies":"Snecko","floor":28.0,"turns":6.0},{"damage":18.0,"enemies":"Slavers","floor":30.0,"turns":5.0},{"damage":7.0,"enemies":"Cultist and Chosen","floor":32.0,"turns":3.0},{"damage":75.0,"enemies":"Champ","floor":34.0,"turns":9.0},{"damage":8.0,"enemies":"3 Shapes","floor":36.0,"turns":7.0},{"damage":26.0,"enemies":"3 Darklings","floor":40.0,"turns":4.0},{"damage":0.0,"enemies":"Reptomancer","floor":41.0,"turns":3.0},{"damage":0.0,"enemies":"2 Orb Walkers","floor":43.0,"turns":2.0},{"damage":0.0,"enemies":"Spire Growth","floor":47.0,"turns":4.0},{"damage":0,"enemies":"Giant Head","floor":49,"turns":3},{"damage":40,"enemies":"Donu and Deca","floor":51,"turns":4}],"seed_played":"-1044373293161062257","potions_obtained":[{"floor":11.0,"key":"BlessingOfTheForge"},{"floor":17.0,"key":"StancePotion"},{"floor":21.0,"key":"BottledMiracle"},{"floor":28.0,"key":"LiquidBronze"},{"floor":30.0,"key":"ColorlessPotion"},{"floor":32.0,"key":"Energy Potion"},{"floor":34.0,"key":"SpeedPotion"},{"floor":36.0,"key":"Fire Potion"},{"floor":47.0,"key":"Strength Potion"},{"floor":49,"key":"PowerPotion"}],"is_trial":false,"path_per_floor":["M","?","$","M","$","R","E","R","T","M","M","M","$","E","?","R","B",null,"M","$","M","?","T","R","M","?","T","M","R","E","R","M","R","B",null,"M","$","?","T","M","E","R","?","T","R","T","M","T","E","R","B",null],"character_chosen":"WATCHER","items_purchased":["FearNoEvil","Medical Kit","EmptyBody","Fire Potion","Explosive Potion","Gremlin Horn","Study","White Beast Statue","FlurryOfBlows","Membership Card","Pantograph"],"campfire_rested":4,"item_purchase_floors":[3,3,3,3,3,5,13,20,20,37,37],"current_hp_per_floor":[52,45,45,45,45,45,38,38,38,38,32,32,32,32,32,32,32,62,61,61,51,38,38,38,38,63,63,22,45,27,27,20,43,10,60,52,52,52,52,26,26,26,26,26,49,49,49,49,49,72,37],"gold":329,"neow_bonus":"ONE_RARE_RELIC","is_daily":false,"chose_seed":false,"campfire_upgraded":6,"win_rate":0.0,"timestamp":1612884267,"path_taken":["M","?","$","M","$","R","E","R","T","M","M","M","$","E","?","R","BOSS","M","$","?","?","?","R","?","?","T","M","R","E","R","M","R","BOSS","M","$","?","?","M","E","R","?","T","R","?","?","?","E","R","BOSS"],"items_purchased_type":["Card","Relic","Card","Potion","Potion","Relic","Card","Relic","Card","Relic","Relic"],"build_version":"2020-12-22","purchased_purges":4,"victory":true,"max_hp_per_floor":[72,72,72,72,72,72,72,72,72,72,72,72,72,72,72,72,72,72,72,72,72,77,77,77,77,77,77,77,77,77,77,77,77,77,77,77,77,77,77,77,77,77,77,77,77,77,77,77,77,77,77],"card_choices":[{"not_picked":["Consecrate","Conclude"],"picked":"Tantrum","floor":1.0},{"not_picked":["BowlingBash","LikeWater","Protect"],"picked":"SKIP","floor":4.0},{"not_picked":["ForeignInfluence","Evaluate","Nirvana"],"picked":"SKIP","floor":7.0},{"not_picked":["LikeWater","Protect","EmptyBody"],"picked":"SKIP","floor":10.0},{"not_picked":["LikeWater","Protect","EmptyBody"],"picked":"SKIP","floor":10.0},{"not_picked":["EmptyBody","MasterReality","Evaluate"],"picked":"SKIP","floor":11.0},{"not_picked":["FlyingSleeves","Brilliance","Sanctity"],"picked":"SKIP","floor":14.0},{"not_picked":["Blasphemy","Judgement"],"picked":"Vault","floor":17.0},{"not_picked":["Meditate","EmptyBody","FearNoEvil"],"picked":"SKIP","floor":19.0},{"not_picked":["EmptyFist","Tantrum","Halt"],"picked":"SKIP","floor":21.0},{"not_picked":["Tantrum","Halt"],"picked":"EmptyFist","floor":21.0},{"not_picked":["Protect","Swivel","Crescendo"],"picked":"SKIP","floor":25.0},{"not_picked":["FlurryOfBlows","Prostrate+1","JustLucky"],"picked":"SKIP","floor":28.0},{"not_picked":["Prostrate+1","Vengeance+1"],"picked":"Adaptation","floor":30.0},{"not_picked":["Nirvana","FlurryOfBlows","JustLucky"],"picked":"SKIP","floor":32.0},{"not_picked":["LessonLearned","Omniscience+1"],"picked":"Vault+1","floor":34.0},{"not_picked":["FollowUp","Crescendo+1","EmptyFist+1"],"picked":"SKIP","floor":36.0},{"not_picked":["Brilliance","SashWhip"],"picked":"WheelKick","floor":40.0},{"not_picked":["FlyingSleeves","LessonLearned","Protect+1"],"picked":"SKIP","floor":41.0},{"not_picked":["FlyingSleeves","LessonLearned","Protect+1"],"picked":"SKIP","floor":41.0},{"not_picked":["PathToVictory+1","Evaluate+1","ClearTheMind+1"],"picked":"SKIP","floor":47.0},{"not_picked":["SashWhip","FlyingSleeves+1","Halt+1"],"picked":"SKIP","floor":49}],"player_experience":524282,"relics_obtained":[{"floor":7.0,"key":"Omamori"},{"floor":9.0,"key":"Tiny Chest"},{"floor":14.0,"key":"Ancient Tea Set"},{"floor":23.0,"key":"Bag of Marbles"},{"floor":27.0,"key":"Toxic Egg 2"},{"floor":30.0,"key":"Letter Opener"},{"floor":39.0,"key":"The Courier"},{"floor":41.0,"key":"MawBank"},{"floor":43.0,"key":"CloakClasp"},{"floor":44.0,"key":"Darkstone Periapt"},{"floor":46.0,"key":"Gambling Chip"},{"floor":48.0,"key":"Happy Flower"},{"floor":49,"key":"Damaru"}],"event_choices":[{"cards_removed":["Pain"],"damage_healed":0.0,"max_hp_gain":0.0,"max_hp_loss":0.0,"gold_gain":0.0,"event_name":"Golden Wing","player_choice":"Card Removal","floor":2.0,"gold_loss":0.0,"damage_taken":7.0},{"damage_healed":0.0,"max_hp_gain":0.0,"max_hp_loss":0.0,"gold_gain":275.0,"event_name":"Golden Shrine","player_choice":"Desecrate","floor":15.0,"gold_loss":0.0,"damage_taken":0.0,"cards_obtained":["Regret"]},{"damage_healed":0.0,"max_hp_gain":5.0,"max_hp_loss":0.0,"gold_gain":0.0,"event_name":"Forgotten Altar","player_choice":"Shed Blood","floor":22.0,"gold_loss":0.0,"damage_taken":18.0},{"damage_healed":25.0,"max_hp_gain":0.0,"max_hp_loss":0.0,"gold_gain":0.0,"event_name":"The Library","player_choice":"Heal","floor":26.0,"gold_loss":0.0,"damage_taken":0.0},{"cards_removed":["Defend_P"],"damage_healed":0.0,"max_hp_gain":0.0,"max_hp_loss":0.0,"gold_gain":0.0,"event_name":"Falling","player_choice":"Removed Skill","floor":38.0,"gold_loss":0.0,"damage_taken":0.0},{"damage_healed":0.0,"max_hp_gain":0.0,"max_hp_loss":0.0,"gold_gain":0.0,"event_name":"Mysterious Sphere","player_choice":"Fight","floor":43.0,"gold_loss":0.0,"damage_taken":0.0}],"is_beta":false,"boss_relics":[{"not_picked":["Snecko Eye","Sozu"],"picked":"VioletLotus"},{"not_picked":["Velvet Choker","Runic Dome"],"picked":"HolyWater"}],"items_purged_floors":[3,5,20,37],"is_endless":false,"potions_floor_spawned":[4,11,17,21,25,28,30,32,34,36,40,41,43,47,49],"ascension_level":12}}