{"host":"81vb4cbob60wa1na","time":1612895582,"event":{"mods":["AchievementEnabler","BaseMod","Bestiary","Colored Map","Colored Powertips","Downfall","Highlight Path","Minty Spire (QoL Compilation)","Quick Restart","Rare Cards Sparkle","StSLib"],"gold_per_floor":[111,123,120,150,162,174,186,208,247,278,290,402,414,445,473,585,597,609,640,752,764,764,781,781,781,290,302,302,14,14,32,52,52,52,52],"floor_reached":33,"language":"ENG","playtime":2387,"items_purged":[],"score":270,"play_id":"3b9d7a9d-7864-4c83-b29f-5b5bf5dfe034","local_time":"20210209133302","is_ascension_mode":false,"campfire_choices":[{"data":"Guardian:TwinSlam","floor":1,"key":"SMITH"},{"data":"Guardian:Suspension","floor":6,"key":"SMITH"},{"data":"Guardian:FloatingOrbs","floor":18,"key":"SMITH"},{"data":"Guardian:HyperBeam_Guardian","floor":25,"key":"SMITH"},{"floor":28,"key":"REST"}],"circlet_count":0,"master_deck":["Guardian:Strike_Guardian","Guardian:Strike_Guardian","Guardian:Strike_Guardian","Guardian:Defend_Guardian","Guardian:Defend_Guardian","Guardian:Defend_Guardian","Guardian:Defend_Guardian","Guardian:CurlUp","Guardian:TwinSlam+1","Guardian:Suspension+1","Guardian:DonusPower","Guardian:ExploitGems","Guardian:WalkerClaw","Guardian:FloatingOrbs+1","Guardian:HyperBeam_Guardian+1","Guardian:VentSteam","Guardian:AncientConstruct","Guardian:Orbwalk","Guardian:Gem_Cyan","Guardian:Gem_White","Violence","Finesse","Guardian:Gem_Red","Guardian:Gem_Synthetic","Guardian:Planning","Guardian:ShieldCharger","Guardian:Gem_Red"],"relics":["Guardian:ModeShifter","Bottled Lightning","Guardian:PickAxe","Sozu","downfall:RedIOU","Eternal Feather","Pear"],"acts_visited":["Exordium","TheCity"],"potions_floor_usage":[14,16],"damage_taken":[{"damage":5,"enemies":"downfall:FleeingMerchant","floor":3,"turns":4},{"damage":0,"enemies":"Small Slimes","floor":4,"turns":3},{"damage":3,"enemies":"Jaw Worm","floor":8,"turns":3},{"damage":16,"enemies":"Gremlin Nob","floor":9,"turns":4},{"damage":0,"enemies":"2 Louse","floor":10,"turns":2},{"damage":6,"enemies":"2 Fungi Beasts","floor":14,"turns":3},{"damage":9,"enemies":"Blue Slaver","floor":15,"turns":3},{"damage":30,"enemies":"DF_ARCHETYPE_STREAMLINE","floor":16,"turns":8},{"damage":30,"enemies":"Spheric Guardian","floor":19,"turns":4},{"damage":15,"enemies":"Snecko","floor":23,"turns":4},{"damage":15,"enemies":"downfall:FleeingMerchant","floor":26,"turns":4},{"damage":20,"enemies":"Snake Plant","floor":27,"turns":3},{"damage":20,"enemies":"downfall:FleeingMerchant","floor":29,"turns":4},{"damage":19,"enemies":"Sentry and Sphere","floor":31,"turns":4},{"damage":12,"enemies":"Centurion and Healer","floor":32,"turns":4},{"damage":40,"enemies":"SI_MIRROR_ARCHETYPE","floor":33,"turns":8}],"seed_played":"-7112909799623262933","potions_obtained":[{"floor":9,"key":"FearPotion"},{"floor":14,"key":"LiquidMemories"}],"is_trial":false,"path_per_floor":["R","?","$","M","?","R","T","M","E","M","R","?","R","M","M","B",null,"R","M","?","?","?","M","T","R","$","M","R","$","?","M","M","B"],"character_chosen":"GUARDIAN","items_purchased":["Guardian:Orbwalk","Guardian:Gem_Cyan","Guardian:Gem_White","Violence","Finesse","Pear","Guardian:Planning"],"campfire_rested":1,"item_purchase_floors":[26,26,26,26,26,29,29],"current_hp_per_floor":[80,80,75,75,80,80,80,77,61,61,61,61,61,55,46,16,85,85,55,55,55,83,68,68,77,62,42,79,69,69,50,38,0,0,0],"gold":52,"neow_bonus":"RANDOM_COMMON_RELIC","is_daily":false,"chose_seed":false,"campfire_upgraded":4,"win_rate":0.0,"timestamp":1612895582,"path_taken":["R","?","$","M","?","R","T","M","E","M","R","?","R","M","M","BOSS","R","M","?","?","?","M","T","R","$","M","R","?","?","?","M","BOSS"],"items_purchased_type":["Card","Card","Card","Card","Card","Relic","Card"],"build_version":"2020-12-22","purchased_purges":0,"victory":false,"max_hp_per_floor":[80,80,80,80,85,85,85,85,85,85,85,85,85,85,85,85,85,85,85,85,85,85,85,85,85,85,85,85,95,95,95,95,95,95,95],"card_choices":[{"not_picked":["Guardian:Gem_Cyan","Guardian:PiercingHide"],"picked":"Guardian:Gem_Fragmented","floor":3},{"not_picked":["Guardian:WalkerClaw","Guardian:Gem_Red"],"picked":"Guardian:Suspension","floor":4},{"not_picked":["Guardian:BodySlam","Guardian:Harden"],"picked":"Guardian:DonusPower","floor":8},{"not_picked":["Guardian:PiercingHide","Guardian:Gem_White"],"picked":"Guardian:ExploitGems","floor":9},{"not_picked":["Guardian:Emergency","Guardian:TemporalStrike"],"picked":"Guardian:Gem_Fragmented","floor":10},{"not_picked":["Guardian:Gem_White","Guardian:Gem_Green"],"picked":"Guardian:WalkerClaw","floor":14},{"not_picked":["Guardian:Gem_Green","Guardian:PolyBeam"],"picked":"Guardian:FloatingOrbs","floor":15},{"not_picked":["Guardian:FastForward","Guardian:GatlingBeam"],"picked":"Guardian:HyperBeam_Guardian","floor":16},{"not_picked":["Guardian:MultiBeam+1","Guardian:WalkerClaw"],"picked":"Guardian:Gem_Red","floor":19},{"not_picked":["Guardian:Emergency+1","Guardian:Suspension"],"picked":"Guardian:VentSteam","floor":23},{"not_picked":["Guardian:DonusPower+1","Guardian:Incinerate"],"picked":"Guardian:AncientConstruct","floor":26},{"not_picked":["Guardian:TemporalStrike","Guardian:Gem_Fragmented"],"picked":"Guardian:Gem_Red","floor":27},{"not_picked":["Guardian:TemporalStrike","Guardian:PrimingBeam"],"picked":"Guardian:Gem_Synthetic","floor":29},{"not_picked":["Guardian:Gem_Yellow","Guardian:RollAttack"],"picked":"Guardian:ShieldCharger","floor":31},{"not_picked":["Guardian:Emergency","Guardian:PolyBeam"],"picked":"Guardian:Gem_Red","floor":32}],"player_experience":233547,"relics_obtained":[{"floor":7,"key":"Bottled Lightning"},{"floor":9,"key":"Guardian:PickAxe"},{"floor":24,"key":"Eternal Feather"}],"event_choices":[{"damage_healed":0,"gold_gain":0,"player_choice":"Donut","damage_taken":0,"max_hp_gain":5,"max_hp_loss":0,"event_name":"Big Fish","floor":5,"gold_loss":0},{"damage_healed":28,"gold_gain":0,"player_choice":"Heal","damage_taken":0,"max_hp_gain":0,"max_hp_loss":0,"event_name":"The Library","floor":22,"gold_loss":0}],"is_beta":false,"boss_relics":[{"not_picked":["SacredBark","Cursed Key"],"picked":"Sozu"}],"items_purged_floors":[],"is_endless":false,"potions_floor_spawned":[9,14,27,31],"killed_by":"SI_MIRROR_ARCHETYPE","ascension_level":0}}