{"host":"sc0o2qwpf9j16a4i","time":1612869244,"event":{"mods":["AchievementEnabler","BaseMod","BetterRewards","Block Reminder","Colored Map","Colored Powertips","Custom Start","Highlight Path","Minty Spire (QoL Compilation)","Relic Stats"],"gold_per_floor":[114,127,127,127,145,145,145,145],"floor_reached":7,"language":"ENG","playtime":193,"items_purged":[],"score":82,"play_id":"da94652e-7544-4c91-831a-e01d4942430c","local_time":"20210209131404","is_ascension_mode":true,"campfire_choices":[{"floor":6,"key":"REST"}],"circlet_count":0,"master_deck":["AscendersBane","Strike_G","Strike_G","Strike_G","Strike_G","Strike_G","Defend_G","Defend_G","Defend_G","Defend_G","Defend_G","Survivor","Neutralize","Dagger Spray","Acrobatics","Pain","Wraith Form v2","Die Die Die"],"relics":["Fusion Hammer","Golden Idol"],"acts_visited":["Exordium"],"potions_floor_usage":[],"damage_taken":[{"damage":0,"enemies":"Jaw Worm","floor":1,"turns":5},{"damage":4,"enemies":"Small Slimes","floor":2,"turns":3},{"damage":12,"enemies":"Cultist","floor":5,"turns":4},{"damage":18,"enemies":"Lagavulin","floor":7,"turns":9}],"seed_played":"-7039332419427914763","potions_obtained":[{"floor":2,"key":"Block Potion"}],"is_trial":false,"path_per_floor":["M","M","?","?","M","R","E"],"character_chosen":"THE_SILENT","items_purchased":[],"campfire_rested":1,"item_purchase_floors":[],"current_hp_per_floor":[59,55,55,55,43,60,42,42],"gold":145,"neow_bonus":"BOSS_RELIC","is_daily":false,"chose_seed":false,"campfire_upgraded":0,"win_rate":0.0,"timestamp":1612869244,"path_taken":["M","M","?","?","M","R","E"],"items_purchased_type":[],"build_version":"2020-12-22","purchased_purges":0,"victory":false,"max_hp_per_floor":[66,66,60,60,60,60,60,60],"relic_stats":{"counters":[4,21],"Golden Idol":4,"obtain_stats":[{"Golden Idol":3,"Fusion Hammer":0,"Ring of the Snake":0},{"Golden Idol":2,"Fusion Hammer":0,"Ring of the Snake":0},{"Golden Idol":8,"Fusion Hammer":0,"Ring of the Snake":0}]},"card_choices":[{"not_picked":["Outmaneuver","Cloak And Dagger"],"picked":"Dagger Spray","floor":1},{"not_picked":["Blade Dance","Slice"],"picked":"Acrobatics","floor":2},{"not_picked":["Acrobatics","Prepared"],"picked":"Die Die Die","floor":5}],"player_experience":1289257,"relics_obtained":[],"event_choices":[{"damage_healed":0,"gold_gain":0,"player_choice":"Lose Max HP","damage_taken":0,"relics_obtained":["Golden Idol"],"max_hp_gain":0,"max_hp_loss":6,"event_name":"Golden Idol","floor":3,"gold_loss":0},{"damage_healed":0,"gold_gain":0,"player_choice":"2 cards matched","damage_taken":0,"max_hp_gain":0,"max_hp_loss":0,"event_name":"Match and Keep!","floor":4,"gold_loss":0,"cards_obtained":["Pain","Wraith Form v2"]}],"is_beta":false,"boss_relics":[],"items_purged_floors":[],"is_endless":false,"potions_floor_spawned":[2],"killed_by":"Lagavulin","ascension_level":20}}