{"host":"1ekl8hlbnopmdapi","time":1612901065,"event":{"mods":["AchievementEnabler","BaseMod","Colored Map","Colored Powertips","DeckTracker","Downfall","Googly Eyes","Highlight Path","Minty Spire (QoL Compilation)","Relic Sorter","StSLib","Synergy Search"],"gold_per_floor":[0,19,4,23,38,38,64,64,514,414,107,127,155,169,182,182,182,182],"floor_reached":16,"language":"ENG","playtime":507,"items_purged":[],"score":102,"play_id":"eabe728e-abb3-4b3f-8894-84306e0aef22","local_time":"20210209150425","is_ascension_mode":false,"campfire_choices":[{"floor":1,"key":"RECALL"},{"data":"Guardian:CurlUp","floor":8,"key":"SMITH"},{"data":"Secret Weapon","floor":10,"key":"SMITH"}],"circlet_count":0,"master_deck":["Guardian:Strike_Guardian","Guardian:Strike_Guardian","Guardian:Strike_Guardian","Guardian:Strike_Guardian","Guardian:Defend_Guardian","Guardian:Defend_Guardian","Guardian:Defend_Guardian","Guardian:Defend_Guardian","Guardian:CurlUp+1","Guardian:TwinSlam","Secret Weapon+1","Guardian:BronzeArmor","Guardian:PrismaticBeam","Guardian:PiercingHide","Guardian:CrystalBeam","Regret","downfall:Icky","downfall:Icky","downfall:Icky","Guardian:Gem_Red","The Bomb","Finesse","Guardian:Reroute","Guardian:Gem_Red","Guardian:BodySlam","Guardian:DonusPower"],"relics":["Guardian:ModeShifter","Regal Pillow","Vajra","downfall:HeartBlessingRed","Smiling Mask"],"acts_visited":["Exordium"],"potions_floor_usage":[16],"damage_taken":[{"damage":1,"enemies":"Cultist","floor":2,"turns":4},{"damage":0,"enemies":"downfall:FleeingMerchant","floor":3,"turns":4},{"damage":3,"enemies":"Small Slimes","floor":4,"turns":4},{"damage":6,"enemies":"Jaw Worm","floor":5,"turns":6},{"damage":2,"enemies":"downfall:FleeingMerchant","floor":11,"turns":4},{"damage":4,"enemies":"Exordium Wildlife","floor":12,"turns":3},{"damage":29,"enemies":"Gremlin Nob","floor":13,"turns":5},{"damage":14,"enemies":"Exordium Thugs","floor":14,"turns":5},{"damage":13,"enemies":"3 Louse","floor":15,"turns":3},{"damage":14,"enemies":"DF_ARCHETYPE_STREAMLINE","floor":16,"turns":3}],"seed_played":"-8401195637409907608","potions_obtained":[{"floor":5,"key":"Guardian:BlockOnCardUsePotion"},{"floor":12,"key":"Guardian:AcceleratePotion"},{"floor":14,"key":"Strength Potion"},{"floor":15,"key":"hexamod:SoulburnPotion"}],"is_trial":false,"path_per_floor":["R","M","$","M","M","?","T","R","?","R","$","M","E","M","M","B"],"character_chosen":"GUARDIAN","items_purchased":["The Bomb","Finesse"],"campfire_rested":0,"item_purchase_floors":[11,11],"current_hp_per_floor":[80,79,79,76,70,70,70,70,70,70,68,64,35,21,8,0,0,0],"gold":182,"neow_bonus":"RANDOM_COLORLESS_2","is_daily":false,"chose_seed":false,"campfire_upgraded":2,"win_rate":0.0,"timestamp":1612901065,"path_taken":["R","M","$","?","M","?","T","R","?","R","?","?","E","M","M","BOSS"],"items_purchased_type":["Card","Card"],"build_version":"2020-12-22","purchased_purges":0,"victory":false,"max_hp_per_floor":[80,80,80,80,80,80,80,80,80,80,80,80,80,80,80,80,80,80],"card_choices":[{"not_picked":["Violence","Magnetism"],"picked":"Secret Weapon","floor":0},{"not_picked":["Guardian:Gem_Lightblue","Guardian:MultiBeam"],"picked":"Guardian:BronzeArmor","floor":2},{"not_picked":["Guardian:Planning","Guardian:ChargeCore"],"picked":"Guardian:PrismaticBeam","floor":3},{"not_picked":["Guardian:Reroute","Guardian:ShieldSpikes"],"picked":"Guardian:PiercingHide","floor":4},{"not_picked":["Guardian:TemporalStrike","Guardian:PrismaticBeam"],"picked":"Guardian:CrystalBeam","floor":5},{"not_picked":["Guardian:TemporalShield","Guardian:RollAttack"],"picked":"Guardian:Gem_Red","floor":11},{"not_picked":["Guardian:Gem_Cyan","Guardian:Recover"],"picked":"Guardian:Reroute","floor":12},{"not_picked":["Guardian:RollAttack","Guardian:Recover"],"picked":"Guardian:Gem_Red","floor":13},{"not_picked":["Guardian:PolyBeam","Guardian:CrystalBeam"],"picked":"Guardian:BodySlam","floor":14},{"not_picked":["Guardian:TemporalShield","Guardian:ChargeCore"],"picked":"Guardian:DonusPower","floor":15}],"player_experience":540451,"relics_obtained":[{"floor":7,"key":"Vajra"},{"floor":13,"key":"Smiling Mask"}],"event_choices":[{"damage_healed":0,"gold_gain":0,"player_choice":"Box","damage_taken":0,"relics_obtained":["Regal Pillow"],"max_hp_gain":0,"max_hp_loss":0,"event_name":"Big Fish","floor":6,"gold_loss":0,"cards_obtained":["Regret"]}],"is_beta":false,"boss_relics":[],"items_purged_floors":[],"is_endless":false,"potions_floor_spawned":[5,12,14,15],"killed_by":"DF_ARCHETYPE_STREAMLINE","ascension_level":0}}