{"host":"x5nedmcg1ruvdks4","time":1612869434,"event":{"mods":["AchievementEnabler","BaseMod","Block Reminder","DeckTracker","Minty Spire (QoL Compilation)","Permanent Neow"],"gold_per_floor":[117,117,17,29,29,29,46,75,75,75,250,268,268,268],"floor_reached":13,"language":"ENG","playtime":459,"items_purged":[],"score":100,"play_id":"1c927040-2c52-48be-87f9-c4399e57ec17","local_time":"20210209121714","is_ascension_mode":true,"campfire_choices":[{"data":"Heatsinks","floor":6.0,"key":"SMITH"},{"data":"Seek","floor":10.0,"key":"SMITH"}],"circlet_count":0,"master_deck":["Strike_B","Strike_B","Strike_B","Defend_B","Defend_B","Defend_B","Defend_B","Zap","Dualcast","Seek+1","Heatsinks+1","Defragment","Conserve Battery","Defragment","Seek+1","Doubt","Capacitor"],"relics":["Cracked Core","Strawberry"],"acts_visited":["Exordium"],"potions_floor_usage":[13],"damage_taken":[{"damage":0.0,"enemies":"Small Slimes","floor":1.0,"turns":2.0},{"damage":1.0,"enemies":"Cultist","floor":4.0,"turns":3.0},{"damage":0.0,"enemies":"2 Louse","floor":7.0,"turns":3.0},{"damage":20.0,"enemies":"Lagavulin","floor":8.0,"turns":6.0},{"damage":9.0,"enemies":"Blue Slaver","floor":12.0,"turns":6.0},{"damage":23,"enemies":"3 Sentries","floor":13,"turns":4}],"seed_played":"5739376150384625740","potions_obtained":[{"floor":1.0,"key":"SneckoOil"},{"floor":7.0,"key":"Weak Potion"}],"is_trial":false,"path_per_floor":["M","?","$","M","?","R","M","E","T","R","?","M","E"],"character_chosen":"DEFECT","items_purchased":["Defragment","Conserve Battery"],"campfire_rested":0,"item_purchase_floors":[3,3],"current_hp_per_floor":[68,68,68,67,60,60,60,47,47,47,47,38,15,15],"gold":268,"neow_bonus":"THREE_RARE_CARDS","is_daily":false,"chose_seed":false,"campfire_upgraded":2,"win_rate":0.0,"timestamp":1612869434,"path_taken":["M","?","?","M","?","R","M","E","T","R","?","M","E"],"items_purchased_type":["Card","Card"],"build_version":"2020-12-22","purchased_purges":0,"victory":false,"max_hp_per_floor":[68,68,68,68,68,68,68,75,75,75,75,75,75,75],"card_choices":[{"not_picked":["Machine Learning","Meteor Strike"],"picked":"Seek","floor":0.0},{"not_picked":["FTL","Rebound"],"picked":"Heatsinks","floor":1.0},{"not_picked":["Gash","Compile Driver"],"picked":"Defragment","floor":4.0},{"not_picked":["Leap","Redo","Scrape"],"picked":"SKIP","floor":7.0},{"not_picked":["Sweeping Beam","Redo"],"picked":"Seek","floor":8.0},{"not_picked":["Go for the Eyes","Conserve Battery"],"picked":"Capacitor","floor":12.0}],"player_experience":81448,"relics_obtained":[{"floor":8.0,"key":"Strawberry"}],"event_choices":[{"damage_healed":0.0,"max_hp_gain":0.0,"max_hp_loss":0.0,"gold_gain":0.0,"event_name":"Upgrade Shrine","player_choice":"Upgraded","floor":2.0,"gold_loss":0.0,"damage_taken":0.0,"cards_upgraded":["Seek"]},{"cards_removed":["Strike_B"],"damage_healed":0.0,"max_hp_gain":0.0,"max_hp_loss":0.0,"gold_gain":0.0,"event_name":"Golden Wing","player_choice":"Card Removal","floor":5.0,"gold_loss":0.0,"damage_taken":7.0},{"damage_healed":0.0,"max_hp_gain":0.0,"max_hp_loss":0.0,"gold_gain":175.0,"event_name":"Liars Game","player_choice":"AGREE","floor":11.0,"gold_loss":0.0,"damage_taken":0.0,"cards_obtained":["Doubt"]}],"is_beta":false,"boss_relics":[],"items_purged_floors":[],"is_endless":false,"potions_floor_spawned":[1,7],"killed_by":"3 Sentries","ascension_level":4}}