{"host":"8anmd7ibyxevnonj","time":1612885368,"event":{"mods":["BaseMod","Curses Come First","Downfall","Minty Spire (QoL Compilation)","StSLib"],"gold_per_floor":[0,18,18,118,132,152,152,162,173,173,186,196,196,210,223,328,328,328,345,361,361,361,372,372,372,402,413,428,428,328,359,371,475,475,475,492,506,129,145,145,145,82,82,101,1,14,82,82,92,92],"floor_reached":51,"language":"ENG","playtime":5856,"items_purged":[],"score":712,"play_id":"4583b016-7ed0-4e56-a9e7-8a591966a0a8","local_time":"20210209164248","is_ascension_mode":false,"campfire_choices":[{"data":"Guardian:TwinSlam","floor":1,"key":"SMITH"},{"data":"Guardian:RefractedBeam","floor":10,"key":"SMITH"},{"data":"Guardian:RefractedBeam+1","floor":13,"key":"SMITH"},{"data":"Guardian:RefractedBeam+2","floor":18,"key":"SMITH"},{"data":"Guardian:RefractedBeam+3","floor":25,"key":"SMITH"},{"data":"Guardian:RefractedBeam+4","floor":30,"key":"SMITH"},{"floor":35,"key":"RECALL"},{"data":"Guardian:RefractedBeam+5","floor":43,"key":"SMITH"},{"data":"Guardian:RefractedBeam+6","floor":45,"key":"SMITH"}],"circlet_count":0,"master_deck":["Guardian:Strike_Guardian","Guardian:Defend_Guardian","Guardian:Defend_Guardian","Guardian:Defend_Guardian","Guardian:CurlUp","Guardian:TwinSlam+1","Guardian:RefractedBeam+7","Guardian:Orbwalk","Guardian:Suspension","Guardian:StasisEngine","Guardian:PiercingHide","Guardian:TemporalShield","Guardian:FierceBash","Guardian:FloatingOrbs","Guardian:Planning","RitualDagger","Guardian:SpikerProtocol","Guardian:TemporalStrike","Guardian:MultiBeam","Guardian:StasisStrike","Guardian:SentryBeam","Guardian:CompilePackage","Guardian:WalkerClaw+1","Guardian:BronzeOrb","Guardian:ChargeUp","Guardian:PolyBeam","Guardian:PiercingHide+1","Guardian:PolyBeam","Guardian:Repulse","Doubt","Guardian:Recover","Guardian:ChargeUp+1","Guardian:TimeCapacitor","Guardian:BronzeOrb"],"relics":["Guardian:ModeShifter","Ginger","Toy Ornithopter","SacredBark","WingedGreaves","Anchor","downfall:HeartBlessingGreen","Peace Pipe","Busted Crown","Pen Nib","downfall:HeartBlessingRed"],"acts_visited":["Exordium","TheCity","TheBeyond"],"potions_floor_usage":[16,16,16,23,26,31,33,38,46,47],"damage_taken":[{"damage":0,"enemies":"2 Louse","floor":2,"turns":2},{"damage":2,"enemies":"Small Slimes","floor":5,"turns":3},{"damage":1,"enemies":"Cultist","floor":6,"turns":3},{"damage":2,"enemies":"3 Louse","floor":8,"turns":3},{"damage":20,"enemies":"Exordium Thugs","floor":9,"turns":6},{"damage":2,"enemies":"Red Slaver","floor":11,"turns":4},{"damage":7,"enemies":"2 Fungi Beasts","floor":12,"turns":3},{"damage":7,"enemies":"Exordium Wildlife","floor":14,"turns":4},{"damage":2,"enemies":"3 Louse","floor":15,"turns":3},{"damage":37,"enemies":"WA_ARCHETYPE_RETAIN","floor":16,"turns":11},{"damage":1,"enemies":"Chosen","floor":19,"turns":6},{"damage":3,"enemies":"Shell Parasite","floor":20,"turns":5},{"damage":14,"enemies":"Sentry and Sphere","floor":23,"turns":6},{"damage":12,"enemies":"Gremlin Leader","floor":26,"turns":7},{"damage":21,"enemies":"3 Cultists","floor":27,"turns":6},{"damage":12,"enemies":"Centurion and Healer","floor":28,"turns":6},{"damage":17,"enemies":"Book of Stabbing","floor":31,"turns":3},{"damage":6,"enemies":"Chosen and Byrds","floor":32,"turns":5},{"damage":90,"enemies":"IC_MUSHROOM_ARCHETYPE","floor":33,"turns":10},{"damage":12,"enemies":"3 Darklings","floor":36,"turns":7},{"damage":7,"enemies":"Orb Walker","floor":37,"turns":5},{"damage":1,"enemies":"downfall:FleeingMerchant","floor":38,"turns":4},{"damage":21,"enemies":"Sphere and 2 Shapes","floor":39,"turns":6},{"damage":0,"enemies":"downfall:FleeingMerchant","floor":42,"turns":4},{"damage":26,"enemies":"3 Darklings","floor":44,"turns":4},{"damage":11,"enemies":"Transient","floor":46,"turns":5},{"damage":0,"enemies":"downfall:FleeingMerchant","floor":47,"turns":1},{"damage":4,"enemies":"Spire Growth","floor":49,"turns":4},{"damage":9,"enemies":"SI_POISON_ARCHETYPE","floor":50,"turns":9}],"seed_played":"-3024369219945481871","potions_obtained":[{"floor":2,"key":"Fruit Juice"},{"floor":5,"key":"BlessingOfTheForge"},{"floor":6,"key":"Energy Potion"},{"floor":16,"key":"CultistPotion"},{"floor":19,"key":"Regen Potion"},{"floor":20,"key":"Block Potion"},{"floor":26,"key":"SteroidPotion"},{"floor":33,"key":"Strength Potion"},{"floor":36,"key":"Weak Potion"},{"floor":44,"key":"Guardian:DefensiveModePotion"},{"floor":49,"key":"Explosive Potion"}],"is_trial":false,"path_per_floor":["R","M","?","?","M","M","T","M","M","R","M","M","R","M","M","B",null,"R","M","M","?","?","M","T","R","E","M","M","?","R","E","M","B",null,"R","M","M","$","M","?","T","$","R","M","R","M","$","?","M","B",null],"character_chosen":"GUARDIAN","items_purchased":["Guardian:ChargeUp","Guardian:PolyBeam","Pen Nib","DuplicationPotion","Guardian:Recover","Fruit Juice","Guardian:TimeCapacitor","Guardian:BronzeOrb"],"campfire_rested":0,"item_purchase_floors":[38,38,38,38,42,47,47,47],"current_hp_per_floor":[80,80,80,80,78,77,77,75,55,55,53,46,46,39,37,20,85,85,84,81,75,75,66,66,66,59,38,26,54,54,42,36,5,85,85,73,66,70,49,49,49,49,49,23,23,17,32,32,28,19],"gold":92,"neow_bonus":"ONE_RARE_RELIC","is_daily":false,"chose_seed":false,"campfire_upgraded":8,"win_rate":0.0,"timestamp":1612885368,"path_taken":["R","M","?","?","M","M","T","M","M","R","M","M","R","M","M","BOSS","R","M","M","?","?","M","T","R","E","M","?","?","R","E","M","BOSS","R","M","M","$","M","?","T","?","R","M","R","?","$","?","M","BOSS"],"items_purchased_type":["Card","Card","Relic","Potion","Card","Potion","Card","Card"],"build_version":"2020-12-13","purchased_purges":0,"victory":true,"max_hp_per_floor":[80,80,80,80,80,80,80,80,80,80,80,80,80,80,80,85,85,85,85,85,85,85,85,85,85,85,85,85,85,85,85,85,85,85,85,85,85,85,85,85,85,85,85,85,85,85,95,95,95,95],"card_choices":[{"not_picked":["Guardian:TemporalShield","Guardian:CrystalBeam"],"picked":"Guardian:RefractedBeam","floor":2},{"not_picked":["Guardian:GuardianWhirl","Guardian:VentSteam"],"picked":"Guardian:Orbwalk","floor":5},{"not_picked":["Guardian:CrystalBeam","Guardian:TemporalShield"],"picked":"Guardian:Gem_Red","floor":6},{"not_picked":["Guardian:Repulse","Guardian:Planning"],"picked":"Guardian:Gem_Purple","floor":8},{"not_picked":["Guardian:TemporalShield","Guardian:ArmoredProtocol"],"picked":"Guardian:Gem_Purple","floor":9},{"not_picked":["Guardian:Planning","Guardian:PrimingBeam"],"picked":"Guardian:Suspension","floor":11},{"not_picked":["Guardian:TemporalStrike","Guardian:Recover"],"picked":"Guardian:StasisEngine","floor":12},{"not_picked":["Guardian:ChargeCore","Guardian:Gem_Green"],"picked":"Guardian:PiercingHide","floor":14},{"not_picked":["Guardian:TemporalStrike","Guardian:RollAttack"],"picked":"Guardian:TemporalShield","floor":15},{"not_picked":["Guardian:StasisStrike","Guardian:GemFire"],"picked":"Guardian:FierceBash","floor":16},{"not_picked":["Guardian:Reroute+1","Guardian:Gem_White"],"picked":"Guardian:FloatingOrbs","floor":19},{"not_picked":["Guardian:ShieldSpikes","Guardian:Suspension"],"picked":"Guardian:Planning","floor":20},{"not_picked":["Guardian:PrimingBeam","Guardian:CrystalBeam"],"picked":"Guardian:SpikerProtocol","floor":23},{"not_picked":["Guardian:RollAttack","Guardian:PrismaticBeam"],"picked":"Guardian:TemporalStrike","floor":26},{"not_picked":["Guardian:PrimingBeam","Guardian:Gem_Red"],"picked":"Guardian:MultiBeam","floor":27},{"not_picked":["Guardian:Suspension+1","Guardian:ShieldSpikes"],"picked":"Guardian:StasisStrike","floor":28},{"not_picked":["Guardian:ExploitGems","Guardian:TemporalStrike"],"picked":"Guardian:SentryBeam","floor":31},{"not_picked":["Guardian:PrimingBeam","Guardian:RollAttack"],"picked":"Guardian:Gem_Red","floor":32},{"not_picked":["Guardian:StasisEngine","Guardian:Gem_Synthetic"],"picked":"Guardian:CompilePackage","floor":33},{"not_picked":["Guardian:VentSteam"],"picked":"SKIP","floor":36},{"not_picked":[],"picked":"Guardian:WalkerClaw+1","floor":37},{"not_picked":[],"picked":"Guardian:BronzeOrb","floor":38},{"not_picked":[],"picked":"Guardian:PiercingHide+1","floor":39},{"not_picked":["Guardian:PolyBeam"],"picked":"SKIP","floor":42},{"not_picked":[],"picked":"Guardian:ChargeUp+1","floor":44},{"not_picked":["Guardian:Planning"],"picked":"SKIP","floor":46},{"not_picked":["Guardian:TemporalStrike+1"],"picked":"SKIP","floor":47},{"not_picked":["Guardian:Gem_Green"],"picked":"SKIP","floor":49}],"player_experience":100412,"relics_obtained":[{"floor":7,"key":"Toy Ornithopter"},{"floor":24,"key":"WingedGreaves"},{"floor":26,"key":"Anchor"},{"floor":31,"key":"Peace Pipe"}],"event_choices":[{"cards_removed":["Guardian:Strike_Guardian"],"damage_healed":0,"gold_gain":0,"player_choice":"Card Removal","damage_taken":0,"max_hp_gain":0,"max_hp_loss":0,"event_name":"The Cleric","floor":3,"gold_loss":0},{"damage_healed":28,"gold_gain":0,"player_choice":"Heal","damage_taken":0,"max_hp_gain":0,"max_hp_loss":0,"event_name":"The Library","floor":29,"gold_loss":0},{"cards_removed":["Guardian:Orbwalk"],"damage_healed":0,"gold_gain":0,"player_choice":"Removed Power","damage_taken":0,"max_hp_gain":0,"max_hp_loss":0,"event_name":"Falling","floor":48,"gold_loss":0}],"is_beta":false,"boss_relics":[{"not_picked":["Snecko Eye","Velvet Choker"],"picked":"SacredBark"},{"not_picked":["Coffee Dripper","Runic Pyramid"],"picked":"Busted Crown"}],"items_purged_floors":[],"is_endless":false,"potions_floor_spawned":[2,5,6,9,16,19,20,26,33,36,44,49],"ascension_level":0}}