{"host":"roto7j7840a50pxh","time":1612847101,"event":{"mods":["Act Like it!","BaseMod","Better Altar","Better Note","Better Sensory Stone","Better Skull","Better Third Choice","BetterRewards","Colored Map","Colored Powertips","Downfall","Elementarium","Hermit","Highlight Path","Hubris","Infinite Spire","Minty Spire (QoL Compilation)","Replay The Spire","Robot Space Explorer","Shade Mod","Spicy Shops","StSLib","The Construct","The Cursed","The Dragon Tamer","The Hierophant","The Necromancer","The Runesmith","The Servant 0.9.4","TheVacant"],"gold_per_floor":[117,134,134,145,157,157,173,202,202,233,233,233,262,281,281,385,435,451,451,471,471,482,509,509,38,64,96,96,111,111,125,125,223,223,235,235,247,247,257,288,288,335,335,365,389,389,389,389,389,395],"floor_reached":51,"language":"ENG","playtime":8477,"items_purged":["downfall:Malfunctioning"],"score":1303,"play_id":"387874f8-b37a-473f-b1b2-e4cb9c0bd479","local_time":"20210209000501","is_ascension_mode":true,"campfire_choices":[{"floor":6.0,"key":"REST"},{"data":"construct:Hazardproof","floor":11.0,"key":"SMITH"},{"data":"construct:HyperBeam","floor":15.0,"key":"SMITH"},{"floor":24.0,"key":"REST"},{"data":"construct:Enhance","floor":30.0,"key":"SMITH"},{"data":"construct:Electrocute","floor":30.0,"key":"SMITH"},{"floor":32.0,"key":"REST"},{"floor":41.0,"key":"REST"},{"data":"construct:MetalShell","floor":41.0,"key":"SMITH"},{"data":"construct:PowerUp","floor":41.0,"key":"SMITH"},{"floor":46.0,"key":"REST"},{"data":"construct:Reinforce","floor":46.0,"key":"SMITH"},{"data":"construct:MemoryTap","floor":46.0,"key":"SMITH"},{"data":"construct:AttackMode","floor":49.0,"key":"SMITH"},{"data":"construct:DefenseMode","floor":49.0,"key":"SMITH"}],"circlet_count":0,"master_deck":["construct:Strike_Gold+1","construct:Strike_Gold+1","construct:Strike_Gold","construct:Strike_Gold","construct:Strike_Gold","construct:Defend_Gold+1","construct:Defend_Gold","construct:Defend_Gold","construct:Defend_Gold","construct:Defend_Gold","construct:AttackMode+1","construct:DefenseMode+1","construct:Hazardproof+1","construct:Boost","construct:BatteryAcid+1","construct:MetalShell+1","construct:SweepLaser","construct:HyperBeam+1","construct:Enhance+1","construct:Electrocute+1","construct:Backup","construct:CriticalHit+1","construct:CripplingShot+1","construct:Boost+1","construct:PowerUp+1","construct:Versatility","construct:Analyze+1","construct:Reinforce+1","construct:LaserCore","construct:Electrocute","construct:Versatility","construct:Multistage","construct:Zapper","construct:SaveState+1","theVacant:Immaterialize+1","construct:GuardCore","infinitespire:Collect","construct:Reinforce","Pot Of Greed","Pot Of Greed","Pot Of Greed+1","Pot Of Greed","construct:Forcefield","construct:Disrupt","construct:Anticipate+1","construct:Hazardproof","construct:MemoryTap+1","construct:FlameCore","construct:CripplingShot+1","construct:Synchronize","construct:SaveState+1","construct:ShiftStrike+1","Pot Of Greed","construct:OneWayMirror+1"],"relics":["construct:Cogwheel","ReplayTheSpireMod:CursedCoin","Orrery","champ:Barbells","hexamod:BolsterEngine","infinitespire:Blanks Blanky","Peace Pipe","Bottled Lightning","Runesmith:Locket","Onion Ring","Tiny House","Pen Nib","construct:WeddingRing","Grinning Jar","Iron Hammer","ClockworkSouvenir","Replay:Arrowhead","sneckomod:BlankCard","infinitespire:Magic Flask","hubris:Backtick","hubris:Potato","Replay:Bandana","Replay:Multitool","Thread and Needle","hubris:Towel"],"acts_visited":["Exordium","TheCity","TheBeyond"],"potions_floor_usage":[50,50],"damage_taken":[{"damage":0.0,"enemies":"Jaw Worm","floor":1.0,"turns":4.0},{"damage":4.0,"enemies":"2 Louse","floor":2.0,"turns":4.0},{"damage":0.0,"enemies":"Cultist","floor":4.0,"turns":2.0},{"damage":0.0,"enemies":"Large Slime","floor":5.0,"turns":5.0},{"damage":21.0,"enemies":"3 Louse","floor":7.0,"turns":4.0},{"damage":8.0,"enemies":"3 Sentries","floor":8.0,"turns":8.0},{"damage":3.0,"enemies":"Lagavulin","floor":10.0,"turns":9.0},{"damage":18.0,"enemies":"Gremlin Nob","floor":13.0,"turns":5.0},{"damage":0.0,"enemies":"Looter","floor":14.0,"turns":1.0},{"damage":12.0,"enemies":"The Guardian","floor":16.0,"turns":15.0},{"damage":5.0,"enemies":"2 Thieves","floor":18.0,"turns":4.0},{"damage":14.0,"enemies":"Spheric Guardian","floor":20.0,"turns":4.0},{"damage":12.0,"enemies":"Chosen and Byrds","floor":22.0,"turns":5.0},{"damage":5.0,"enemies":"Replay:Snechameleon","floor":23.0,"turns":5.0},{"damage":24.0,"enemies":"Gremlin Leader","floor":27.0,"turns":11.0},{"damage":8.0,"enemies":"Shelled Parasite and Fungi","floor":29.0,"turns":3.0},{"damage":3.0,"enemies":"3 Cultists","floor":31.0,"turns":5.0},{"damage":77.0,"enemies":"Collector","floor":33.0,"turns":9.0},{"damage":13.0,"enemies":"3 Darklings","floor":35.0,"turns":8.0},{"damage":4.0,"enemies":"3 Shapes","floor":37.0,"turns":5.0},{"damage":23.0,"enemies":"Writhing Mass","floor":39.0,"turns":7.0},{"damage":10.0,"enemies":"Nemesis","floor":40.0,"turns":9.0},{"damage":62.0,"enemies":"Giant Head","floor":42.0,"turns":12.0},{"damage":0.0,"enemies":"Sphere and 2 Shapes","floor":44.0,"turns":4.0},{"damage":0.0,"enemies":"Maw","floor":45.0,"turns":11.0},{"damage":25,"enemies":"Awakened One","floor":50,"turns":24}],"seed_played":"-6286853638540954072","potions_obtained":[{"floor":4.0,"key":"Elixir"},{"floor":7.0,"key":"Guardian:BlockOnCardUsePotion"},{"floor":10.0,"key":"Languid Potion"},{"floor":13.0,"key":"Weak Potion"},{"floor":14.0,"key":"Fire Potion"},{"floor":17.0,"key":"AttackPotion"},{"floor":18.0,"key":"infinitespire:BlackPotion"},{"floor":20.0,"key":"hexamod:SoulburnPotion"},{"floor":31.0,"key":"DuplicationPotion"},{"floor":35.0,"key":"EntropicBrew"},{"floor":42.0,"key":"Adrenaline Potion"}],"is_trial":false,"path_per_floor":["M","M","?","M","M","R","M","E","T","E","R","?","E","M","R","B",null,"M","?","M","AVR","M","E","R","$","T","E","?","M","R","M","R_BF","B",null,"M","?","M","?","M","E","R","E","T","M","M","R","?","?","R","B",null],"character_chosen":"THE_CONSTRUCT_MOD","items_purchased":["ReplayTheSpireMod:CursedCoin","construct:Hazardproof","construct:Boost","Orrery","champ:Barbells","construct:Electrocute","construct:Backup","Iron Hammer","ClockworkSouvenir","Replay:Arrowhead"],"campfire_rested":5,"item_purchase_floors":[0,0,0,0,0,0,0,25,25,25],"current_hp_per_floor":[39,35,35,35,35,85,64,56,56,53,53,53,35,35,35,23,75,70,70,56,56,44,39,90,90,90,66,66,58,58,55,90,13,71,58,58,54,54,31,21,90,33,33,33,33,90,90,90,90,65],"gold":395,"neow_bonus":"","is_daily":false,"chose_seed":false,"campfire_upgraded":10,"win_rate":0.0,"timestamp":1612847101,"path_taken":["M","M","?","M","M","R","M","E","T","E","R","?","E","M","R","BOSS","M","?","M","AVR","?","E","R","$","T","E","?","M","R","M","R_BF","BOSS","M","?","M","?","M","E","R","E","T","M","M","R","?","?","R","BOSS"],"items_purchased_type":["Relic","Card","Card","Relic","Relic","Card","Card","Relic","Relic","Relic"],"build_version":"2020-12-22","purchased_purges":1,"victory":true,"max_hp_per_floor":[85,85,85,85,85,85,85,85,85,85,85,85,85,85,85,85,90,90,90,90,90,90,90,90,90,90,90,90,90,90,90,90,90,90,90,90,90,90,90,90,90,90,90,90,90,90,90,90,90,90],"card_choices":[{"not_picked":["construct:FocusedBeam","construct:SyphonStrike"],"picked":"construct:BatteryAcid","floor":0.0},{"not_picked":["construct:BatteryAcid","construct:ScrapCannon"],"picked":"construct:MetalShell","floor":0.0},{"not_picked":["construct:Failsafe","construct:HardReboot"],"picked":"construct:SweepLaser","floor":0.0},{"not_picked":["construct:Anticipate","construct:FierceBash"],"picked":"construct:HyperBeam","floor":0.0},{"not_picked":["construct:ShiftingStance","construct:HardReboot"],"picked":"construct:Enhance","floor":0.0},{"not_picked":["construct:ClusterMines","construct:FierceBash"],"picked":"construct:CripplingShot","floor":1.0},{"not_picked":["construct:Autoturret","construct:VentSteam"],"picked":"construct:Boost","floor":2.0},{"not_picked":["construct:ElectricArmor","construct:Antimatter"],"picked":"construct:PowerUp","floor":4.0},{"not_picked":["construct:HardReboot","construct:HastyRepair"],"picked":"construct:Versatility","floor":5.0},{"not_picked":["construct:HeavyBolt","construct:Autoturret"],"picked":"construct:Analyze","floor":7.0},{"not_picked":["construct:Versatility","construct:FierceBash"],"picked":"construct:Reinforce","floor":8.0},{"not_picked":["construct:ElectricArmor","construct:ScrapCannon"],"picked":"construct:LaserCore","floor":10.0},{"not_picked":["construct:ModeShift","construct:HeavyBolt"],"picked":"construct:Electrocute","floor":13.0},{"not_picked":["construct:PanicFire","construct:Missile"],"picked":"construct:Versatility","floor":14.0},{"not_picked":["construct:SpinDrive","construct:PanicFire"],"picked":"construct:Multistage","floor":16.0},{"not_picked":["construct:Autoturret","construct:SaveState"],"picked":"construct:Zapper","floor":17.0},{"not_picked":["construct:HeavyBolt","construct:SweepLaser+1"],"picked":"construct:SaveState+1","floor":18.0},{"not_picked":["construct:Tumble","construct:PowerUp"],"picked":"construct:GuardCore","floor":20.0},{"not_picked":["construct:FocusedBeam","construct:SaveState"],"picked":"construct:Reinforce","floor":22.0},{"not_picked":["construct:ShieldGenerator","construct:ShiftStrike"],"picked":"construct:Forcefield","floor":23.0},{"not_picked":["construct:Synchronize","construct:ChargeShot+1"],"picked":"construct:Disrupt","floor":27.0},{"not_picked":["construct:FierceBash","construct:SweepLaser"],"picked":"construct:Anticipate+1","floor":29.0},{"not_picked":["construct:ClusterMines+1","construct:SyphonStrike"],"picked":"construct:Hazardproof","floor":31.0},{"not_picked":["construct:GoldenBullet","construct:Multistage"],"picked":"construct:MemoryTap","floor":33.0},{"not_picked":["construct:BatteryAcid+1","construct:Accumulate"],"picked":"construct:FlameCore","floor":35.0},{"not_picked":["construct:OmegaCannon+1","construct:Hazardproof"],"picked":"construct:CripplingShot+1","floor":37.0},{"not_picked":["construct:HeavyBolt","construct:Autoturret+1"],"picked":"construct:Synchronize","floor":39.0},{"not_picked":["construct:Multistage","construct:PointDefense"],"picked":"construct:SaveState+1","floor":40.0},{"not_picked":["construct:HeavyBolt+1","construct:FierceBash+1"],"picked":"construct:ShiftStrike+1","floor":42.0},{"not_picked":["construct:SweepLaser","construct:Failsafe+1"],"picked":"construct:OneWayMirror+1","floor":44.0},{"not_picked":["construct:FierceBash+1","construct:ShiftStrike","construct:Synchronize+1"],"picked":"SKIP","floor":45.0}],"player_experience":1929657,"relics_obtained":[{"floor":8.0,"key":"Peace Pipe"},{"floor":9.0,"key":"Bottled Lightning"},{"floor":10.0,"key":"Runesmith:Locket"},{"floor":13.0,"key":"Onion Ring"},{"floor":23.0,"key":"Grinning Jar"},{"floor":26.0,"key":"sneckomod:BlankCard"},{"floor":27.0,"key":"infinitespire:Magic Flask"},{"floor":40.0,"key":"Replay:Bandana"},{"floor":42.0,"key":"Replay:Multitool"},{"floor":43.0,"key":"Thread and Needle"}],"event_choices":[{"damage_healed":0.0,"max_hp_gain":0.0,"max_hp_loss":0.0,"gold_gain":0.0,"event_name":"Dead Adventurer","player_choice":"Searched \u00270\u0027 times","floor":12.0,"gold_loss":0.0,"damage_taken":0.0},{"cards_removed":["construct:PowerUp"],"damage_healed":0.0,"max_hp_gain":0.0,"max_hp_loss":0.0,"gold_gain":0.0,"event_name":"betterNote:BetterNote","player_choice":"Take \u0026 Give","floor":19.0,"gold_loss":0.0,"damage_taken":0.0,"cards_obtained":["theVacant:Immaterialize"]},{"damage_healed":0.0,"max_hp_gain":0.0,"max_hp_loss":0.0,"gold_gain":0.0,"event_name":"Mysterious Sphere","player_choice":"Ignored","floor":36.0,"gold_loss":0.0,"damage_taken":0.0},{"damage_healed":0.0,"max_hp_gain":0.0,"max_hp_loss":0.0,"gold_gain":0.0,"event_name":"WeMeetAgain","player_choice":"Ignored","floor":48.0,"gold_loss":0.0,"damage_taken":0.0}],"is_beta":false,"boss_relics":[{"not_picked":["hubris:Stopwatch","Replay:Bronze Core"],"picked":"Tiny House"},{"not_picked":["infinitespire:Cupcake","Abe\u0027s Treasure"],"picked":"hubris:Backtick"}],"items_purged_floors":[0],"is_endless":false,"potions_floor_spawned":[4,7,10,13,14,18,20,31,35,42],"ascension_level":5}}