{"host":"jvowh0ebc6z3ohxd","time":1612861850,"event":{"mods":["2.2 Compatiblity","Aspiration","BaseMod","BetterRewards","Colored Map","Colored Powertips","Conspire","Downfall","Friendly Minions","GifTheSpireLib","Hubris","Infinite Spire","Minty Spire (QoL Compilation)","Permanent Neow","Quick Restart","Reliquary","Replay The Spire","Shop Mod","StSLib","Stuff the Spire","The Animator","The Cursed","The Dragon Tamer","The Gatherer","The Marked","The Senshi"],"gold_per_floor":[365,7,7,82,82,117,136,136,136,165,165,179,197,217,217,312,312,312,312,312,312,166,166,166,166,166,114,114,114,114,114,114,114,114,114,32,32,32,32,32,0,0,0,0,0,0,0,0,0,0],"floor_reached":51,"language":"ENG","playtime":4012,"items_purged":["DTMod:Strike","DTMod:Strike","DTMod:Strike"],"score":818,"play_id":"c564d9e2-177c-4881-b975-f2903c43968e","local_time":"20210209041050","is_ascension_mode":false,"metric_token":1683,"campfire_choices":[{"data":"DTMod:Training","floor":8,"key":"SMITH"},{"data":"DTMod:HeadStart","floor":11,"key":"SMITH"},{"data":"DTMod:CleansingStrike","floor":23,"key":"SMITH"},{"data":"DTMod:GearUp","floor":25,"key":"SMITH"},{"data":"DTMod:Dissolve","floor":32,"key":"SMITH"},{"data":"DTMod:HeadStart","floor":40,"key":"SMITH"},{"data":"Normality","floor":42,"key":"PURGE"},{"data":"DTMod:Multitask","floor":44,"key":"SMITH"},{"data":"DTMod:Training","floor":49,"key":"SMITH"}],"dtmod_dragon_data":[15,50,1,1,12,8],"circlet_count":1,"master_deck":["DTMod:Strike","DTMod:DoubleHit","DTMod:TargetDefense","DTMod:TargetDefense","DTMod:TargetDefense","DTMod:SwitchingTactic","DTMod:WarmUp","DTMod:QuickFly","Good Instincts+1","DTMod:GearUp+1","DTMod:Training+1","DTMod:HeadStart+1","DTMod:BlazingStrike","DTMod:CleansingStrike+1","DTMod:RepeatStrike","DTMod:BlazingStrike","DTMod:Multitask+1","DTMod:Dissolve+1","DTMod:Training+1","DTMod:Shift+1","DTMod:QuickFly","DTMod:FlameSlash","DTMod:DarkBreath","DTMod:HeatWave","DTMod:HeadStart+1","DTMod:Conduct","DTMod:InvisibleFlame","DTMod:Threaten+1","DTMod:Coolant+1","DTMod:BlazingStrike+1"],"relics":["DTMod:MagicStone","MerchantsRug","hubris:Icosahedron","Replay:Multitool","StuffTheSpire:GrapeVine","HornCleat","Blood Vial","Ectoplasm","Replay:Kaleidoscope","StuffTheSpire:OldFever","Bag of Preparation","Ring of Chaos","ReplayTheSpireMod:Ring of Addiction","hubris:EmptyBottle","Circlet","Red Mask","StuffTheSpire:PointBlank","Medical Kit"],"acts_visited":["Exordium","TheCity","TheBeyond"],"potions_floor_usage":[6,20,24,29,30,30,35,50,50,50],"damage_taken":[{"damage":2,"enemies":"Cultist","floor":1,"turns":4},{"damage":9,"enemies":"Gremlin Nob","floor":6,"turns":3},{"damage":0,"enemies":"Small Slimes","floor":7,"turns":4},{"damage":0,"enemies":"Lagavulin","floor":10,"turns":7},{"damage":0,"enemies":"Jaw Worm","floor":12,"turns":3},{"damage":0,"enemies":"2 Fungi Beasts","floor":13,"turns":3},{"damage":0,"enemies":"3 Louse","floor":14,"turns":2},{"damage":17,"enemies":"Fading Forest","floor":16,"turns":11},{"damage":0,"enemies":"Spheric Guardian","floor":18,"turns":3},{"damage":0,"enemies":"3 Byrds","floor":20,"turns":4},{"damage":0,"enemies":"Slavers","floor":24,"turns":4},{"damage":0,"enemies":"Cultist and Chosen","floor":28,"turns":5},{"damage":0,"enemies":"Shelled Parasite and Fungi","floor":29,"turns":3},{"damage":0,"enemies":"Book of Stabbing","floor":30,"turns":5},{"damage":0,"enemies":"Sentry and Sphere","floor":31,"turns":4},{"damage":0,"enemies":"conspire:MysteriousRune","floor":33,"turns":8},{"damage":0,"enemies":"3 Darklings","floor":35,"turns":4},{"damage":0,"enemies":"Orb Walker","floor":38,"turns":2},{"damage":0,"enemies":"Maw","floor":39,"turns":6},{"damage":0,"enemies":"Transient","floor":45,"turns":5},{"damage":0,"enemies":"Donu and Deca","floor":50,"turns":7}],"seed_played":"-284478937217117086","potions_obtained":[{"floor":10,"key":"ColorlessPotion"},{"floor":13,"key":"Explosive Potion"},{"floor":20,"key":"GamblersBrew"},{"floor":28,"key":"ColorlessPotion"},{"floor":31,"key":"SpeedPotion"},{"floor":35,"key":"Guardian:BlockOnCardUsePotion"},{"floor":37,"key":"PowerPotion"},{"floor":37,"key":"Elixir"}],"is_trial":false,"path_per_floor":["M","$","?","?","T","E","M","R","T","E","R","M","M","M","R","B",null,"M","?","M","?","$","R","E","R","T","$","M","M","E","M","R","B",null,"M","$","?","M","M","R","?","R","T","R","M","?","?","AVR","R","B",null],"character_chosen":"THE_DT","items_purchased":["BargainBundle","MerchantsRug","DTMod:QuickFly","Block Potion","BlessingOfTheForge","Flashbang","Good Instincts","DTMod:Training","DTMod:QuickFly","DTMod:InvisibleFlame"],"campfire_rested":0,"item_purchase_floors":[2,2,2,2,2,2,2,22,27,36],"current_hp_per_floor":[31,31,31,20,20,11,11,11,11,11,11,13,15,17,30,31,45,45,45,45,45,45,45,45,45,45,45,45,45,45,45,45,45,45,45,45,45,45,45,45,43,43,43,41,41,39,37,37,37,35],"gold":0,"neow_bonus":"TWO_FIFTY_GOLD","is_daily":false,"chose_seed":false,"campfire_upgraded":8,"win_rate":0.0,"timestamp":1612861850,"path_taken":["M","$","?","?","?","E","M","R","T","E","R","M","M","M","R","BOSS","M","?","M","?","$","R","E","R","T","$","M","?","E","M","R","BOSS","M","$","?","M","M","R","?","R","T","R","M","?","?","AVR","R","BOSS"],"items_purchased_type":["Relic","Relic","Card","Potion","Potion","Potion","Card","Card","Card","Card"],"build_version":"2020-12-22","purchased_purges":3,"victory":true,"max_hp_per_floor":[45,45,45,45,45,45,45,45,45,45,45,45,45,45,45,45,45,45,45,45,45,45,45,45,45,45,45,45,45,45,45,45,45,45,45,45,45,45,45,45,43,43,43,41,41,39,37,37,37,35],"card_choices":[{"not_picked":["DTMod:Shift","DTMod:BuildUp"],"picked":"DTMod:WarmUp","floor":1},{"not_picked":["DTMod:Dissolve","DTMod:Training"],"picked":"DTMod:GearUp","floor":6},{"not_picked":["DTMod:MasterPlan","DTMod:RunningTactic"],"picked":"DTMod:Training","floor":7},{"not_picked":["DTMod:BurningForce","DTMod:Threaten"],"picked":"DTMod:HeadStart","floor":10},{"not_picked":["DTMod:MasterPlan","DTMod:Hide","DTMod:BreakAttack"],"picked":"SKIP","floor":12},{"not_picked":["DTMod:Punisher","DTMod:GhostSkin"],"picked":"DTMod:BlazingStrike","floor":13},{"not_picked":["DTMod:QuickFly","DTMod:BlazingStrike"],"picked":"DTMod:CleansingStrike","floor":14},{"not_picked":["DTMod:Outburst","DTMod:Prediction"],"picked":"DTMod:RepeatStrike","floor":16},{"not_picked":["DTMod:RecklessFlurry","DTMod:Hide"],"picked":"DTMod:BlazingStrike","floor":18},{"not_picked":["DTMod:Weaken+1","DTMod:LastStand+1"],"picked":"DTMod:Multitask","floor":20},{"not_picked":["DTMod:Hide","DTMod:Feint"],"picked":"DTMod:Shift+1","floor":24},{"not_picked":["DTMod:Feint","DTMod:BizarreTactic"],"picked":"DTMod:FlameSlash","floor":28},{"not_picked":["DTMod:BuildUp","DTMod:MagicField","DTMod:Overwhelm"],"picked":"SKIP","floor":29},{"not_picked":["DTMod:StunTrap","DTMod:Weaken"],"picked":"DTMod:DarkBreath","floor":30},{"not_picked":["DTMod:BizarreTactic","DTMod:RecklessFlurry"],"picked":"DTMod:HeatWave","floor":31},{"not_picked":["DTMod:StunTrap","DTMod:OpeningTactic"],"picked":"DTMod:HeadStart","floor":33},{"not_picked":["DTMod:BlueScale","DTMod:Threaten"],"picked":"DTMod:Conduct","floor":35},{"not_picked":["DTMod:WarmUp+1","DTMod:RunningTactic"],"picked":"DTMod:Threaten+1","floor":38},{"not_picked":["DTMod:HeatWave","DTMod:BlazingStrike"],"picked":"DTMod:Coolant+1","floor":39},{"not_picked":["DTMod:CrossStep+1","DTMod:Haste+1"],"picked":"DTMod:BlazingStrike+1","floor":45}],"player_experience":371827,"relics_obtained":[{"floor":5,"key":"Replay:Multitool"},{"floor":6,"key":"StuffTheSpire:GrapeVine"},{"floor":9,"key":"HornCleat"},{"floor":10,"key":"Blood Vial"},{"floor":24,"key":"Replay:Kaleidoscope"},{"floor":26,"key":"StuffTheSpire:OldFever"},{"floor":30,"key":"Bag of Preparation"},{"floor":37,"key":"Ring of Chaos"},{"floor":37,"key":"ReplayTheSpireMod:Ring of Addiction"},{"floor":37,"key":"hubris:EmptyBottle"},{"floor":37,"key":"Circlet"},{"floor":43,"key":"StuffTheSpire:PointBlank"}],"event_choices":[{"damage_healed":0,"gold_gain":75,"player_choice":"Gather Gold","damage_taken":11,"max_hp_gain":0,"max_hp_loss":0,"event_name":"World of Goop","floor":4,"gold_loss":0},{"damage_healed":0,"gold_gain":0,"player_choice":"Leave","damage_taken":0,"max_hp_gain":0,"max_hp_loss":0,"event_name":"conspire:Investor","floor":19,"gold_loss":0},{"damage_healed":0,"gold_gain":0,"player_choice":"Read","damage_taken":0,"max_hp_gain":0,"max_hp_loss":0,"event_name":"The Library","floor":21,"gold_loss":0,"cards_obtained":["DTMod:Dissolve"]},{"damage_healed":0,"gold_gain":0,"player_choice":"Paid","damage_taken":0,"relics_obtained":["Red Mask"],"max_hp_gain":0,"max_hp_loss":0,"event_name":"Tomb of Lord Red Mask","floor":41,"gold_loss":32},{"damage_healed":0,"gold_gain":0,"player_choice":"Max HP","damage_taken":0,"max_hp_gain":0,"max_hp_loss":2,"event_name":"Winding Halls","floor":46,"gold_loss":0},{"cards_removed":["DTMod:TargetDefense"],"damage_healed":0,"gold_gain":0,"player_choice":"Removed Skill","damage_taken":0,"max_hp_gain":0,"max_hp_loss":0,"event_name":"Falling","floor":47,"gold_loss":0}],"is_beta":false,"boss_relics":[{"not_picked":["aspiration:RitualDagger","Replay:Drink Me"],"picked":"Ectoplasm"},{"not_picked":["reliquary:Craggleroot","StuffTheSpire:RunicHypercube"],"picked":"DTMod:MagicStone"}],"items_purged_floors":[2,22,48],"is_endless":false,"potions_floor_spawned":[10,13,16,20,28,31,35],"ascension_level":0}}