{"host":"13o02hya6v6rzuva","time":1612868364,"event":{"mods":["BaseMod","Minty Spire (QoL Compilation)","Relic Stats"],"gold_per_floor":[109,123,123,141,153,188,199,199,274,285,319,319,48,60,60,159,159,179,197,207,207,207,207,207],"floor_reached":23,"language":"ENG","playtime":751,"items_purged":["Defend_R"],"score":328,"play_id":"3a65b3bc-61e1-4f2e-b211-da7fdc32fd22","local_time":"20210209115924","is_ascension_mode":true,"campfire_choices":[{"data":"Uppercut","floor":8,"key":"SMITH"},{"floor":15,"key":"REST"}],"circlet_count":0,"master_deck":["AscendersBane","Strike_R","Strike_R","Strike_R","Strike_R","Strike_R","Defend_R","Defend_R","Bash+1","Sword Boomerang","Anger","Uppercut+1","Perfected Strike","Perfected Strike","Impervious","Twin Strike","Impervious","Shrug It Off"],"relics":["Burning Blood","Singing Bowl","Pocketwatch","Regal Pillow","Mark of Pain"],"acts_visited":["Exordium","TheCity"],"potions_floor_usage":[2,11,23],"damage_taken":[{"damage":6,"enemies":"Cultist","floor":1,"turns":3},{"damage":2,"enemies":"Small Slimes","floor":2,"turns":3},{"damage":10,"enemies":"2 Louse","floor":4,"turns":2},{"damage":6,"enemies":"2 Fungi Beasts","floor":5,"turns":3},{"damage":12,"enemies":"Gremlin Nob","floor":6,"turns":3},{"damage":14,"enemies":"Lots of Slimes","floor":7,"turns":4},{"damage":6,"enemies":"Looter","floor":10,"turns":3},{"damage":30,"enemies":"Lagavulin","floor":11,"turns":5},{"damage":12,"enemies":"Exordium Thugs","floor":14,"turns":3},{"damage":6,"enemies":"Slime Boss","floor":16,"turns":8},{"damage":15,"enemies":"3 Byrds","floor":18,"turns":5},{"damage":11,"enemies":"2 Thieves","floor":19,"turns":4},{"damage":29,"enemies":"Snake Plant","floor":20,"turns":3},{"damage":50,"enemies":"Gremlin Leader","floor":23,"turns":9}],"seed_played":"2312853910270016031","potions_obtained":[{"floor":1,"key":"SkillPotion"},{"floor":6,"key":"SkillPotion"},{"floor":10,"key":"BlessingOfTheForge"},{"floor":11,"key":"SkillPotion"},{"floor":16,"key":"LiquidMemories"},{"floor":22,"key":"DistilledChaos"}],"is_trial":false,"path_per_floor":["M","M","?","M","M","E","M","R","T","M","E","?","$","M","R","B",null,"M","M","M","?","?","E"],"character_chosen":"IRONCLAD","items_purchased":["Twin Strike","Regal Pillow"],"campfire_rested":1,"item_purchase_floors":[13,13],"current_hp_per_floor":[72,76,76,72,72,66,60,60,60,62,38,38,38,34,74,74,83,76,71,50,50,50,0,0],"gold":207,"neow_bonus":"UPGRADE_CARD","is_daily":false,"chose_seed":false,"campfire_upgraded":1,"win_rate":0.0,"timestamp":1612868364,"path_taken":["M","M","?","M","?","E","M","R","T","M","E","?","$","?","R","BOSS","M","?","M","?","?","E"],"items_purchased_type":["Card","Relic"],"build_version":"2020-12-22","purchased_purges":1,"victory":false,"max_hp_per_floor":[80,80,80,80,80,80,82,82,82,84,84,84,84,86,86,86,86,88,88,90,90,90,90,90],"relic_stats":{"Regal Pillow":15,"Singing Bowl":10,"counters":[14,58],"obtain_stats":[{"Regal Pillow":13,"Singing Bowl":6,"Mark of Pain":17,"Burning Blood":0,"Pocketwatch":11},{"Regal Pillow":8,"Singing Bowl":5,"Mark of Pain":10,"Burning Blood":0,"Pocketwatch":8},{"Regal Pillow":26,"Singing Bowl":14,"Mark of Pain":37,"Burning Blood":0,"Pocketwatch":26}],"Burning Blood":78,"Pocketwatch":[51]},"card_choices":[{"not_picked":["Battle Trance","Seeing Red"],"picked":"Sword Boomerang","floor":1},{"not_picked":["Clash","Seeing Red"],"picked":"Anger","floor":2},{"not_picked":["Clothesline","Cleave"],"picked":"Uppercut","floor":4},{"not_picked":["Sever Soul","Hemokinesis"],"picked":"Perfected Strike","floor":5},{"not_picked":["Shrug It Off","Seeing Red"],"picked":"Perfected Strike","floor":6},{"not_picked":["Dark Embrace","Clash","Sword Boomerang"],"picked":"Singing Bowl","floor":7},{"not_picked":["Armaments","Clothesline","Body Slam"],"picked":"Singing Bowl","floor":10},{"not_picked":["Disarm","Bloodletting"],"picked":"Impervious","floor":11},{"not_picked":["Heavy Blade","Reckless Charge","Infernal Blade"],"picked":"Singing Bowl","floor":14},{"not_picked":["Offering","Juggernaut"],"picked":"Impervious","floor":16},{"not_picked":["Anger+1","Flex","Heavy Blade"],"picked":"Singing Bowl","floor":18},{"not_picked":["Iron Wave+1","Anger"],"picked":"Shrug It Off","floor":19},{"not_picked":["Havoc","Dark Embrace","Armaments"],"picked":"Singing Bowl","floor":20}],"player_experience":1198779,"relics_obtained":[{"floor":6,"key":"Singing Bowl"},{"floor":11,"key":"Pocketwatch"}],"event_choices":[{"cards_removed":["Defend_R"],"damage_healed":0,"gold_gain":0,"player_choice":"Purged","damage_taken":0,"max_hp_gain":0,"max_hp_loss":0,"event_name":"Purifier","floor":3,"gold_loss":0},{"damage_healed":0,"gold_gain":0,"player_choice":"Bought 0 Potions","damage_taken":0,"max_hp_gain":0,"max_hp_loss":0,"event_name":"The Woman in Blue","floor":12,"gold_loss":0},{"damage_healed":0,"gold_gain":0,"player_choice":"Ignored","damage_taken":0,"max_hp_gain":0,"max_hp_loss":0,"event_name":"Vampires","floor":21,"gold_loss":0},{"damage_healed":0,"gold_gain":0,"player_choice":"Got Potions","damage_taken":0,"max_hp_gain":0,"max_hp_loss":0,"event_name":"Lab","floor":22,"gold_loss":0}],"is_beta":false,"boss_relics":[{"not_picked":["Pandora\u0027s Box","SacredBark"],"picked":"Mark of Pain"}],"items_purged_floors":[13],"is_endless":false,"potions_floor_spawned":[1,6,10,11,14,16,19],"killed_by":"Gremlin Leader","ascension_level":12}}