{"host":"vyjryxuuuxkt43k4","time":1612877697,"event":{"mods":["AchievementEnabler","BaseMod","Colored Map","DeckTracker","Keyboard Shortcuts","Minty Spire (QoL Compilation)","Permanent Neow","Quick Restart","StSLib","SuperFastMode","everything is the same but u backflip on backflip"],"gold_per_floor":[115,115,126,126,126,126,146,165,246,246,260,260,275,28,28,121,121,134,49,63,87,87,87,87,125,125,139,39,73,73,91,91,187,187,203,1202,1202,459,472,472,506,506,506,506,871,892,892,928,928,928,928,928],"floor_reached":51,"language":"KOR","playtime":2927,"items_purged":["Strike_R","Strike_R","Normality"],"score":1491,"play_id":"e2ef6f1d-b95d-42ea-827e-5294dc7fb09f","local_time":"20210209223457","is_ascension_mode":true,"campfire_choices":[{"data":"Rampage","floor":6.0,"key":"SMITH"},{"data":"Pommel Strike","floor":10.0,"key":"SMITH"},{"data":"Burning Pact","floor":15.0,"key":"SMITH"},{"data":"Feel No Pain","floor":23.0,"key":"SMITH"},{"data":"Shockwave","floor":30.0,"key":"SMITH"},{"data":"Seeing Red","floor":32.0,"key":"SMITH"},{"data":"Normality","floor":40.0,"key":"PURGE"},{"data":"Apotheosis","floor":42.0,"key":"SMITH"},{"floor":44.0,"key":"RECALL"},{"data":"Parasite","floor":49.0,"key":"PURGE"}],"circlet_count":0,"master_deck":["AscendersBane","Defend_R","Defend_R","Defend_R","Defend_R","Bash","Rampage+1","Sentinel","Rage","Evolve","Pommel Strike+1","Burning Pact+1","Shrug It Off","Battle Trance","Immolate","Feel No Pain+1","Second Wind","Shockwave+1","Seeing Red+1","Shrug It Off+1","Apotheosis+1","Fire Breathing"],"relics":["Black Blood","Golden Idol","Paper Frog","Mummified Hand","Pen Nib","Dream Catcher","MealTicket","Self Forming Clay","Peace Pipe","SlaversCollar","Gremlin Horn","Question Card","Old Coin","Centennial Puzzle"],"acts_visited":["Exordium","TheCity","TheBeyond"],"potions_floor_usage":[],"damage_taken":[{"damage":7.0,"enemies":"Cultist","floor":1.0,"turns":5.0},{"damage":4.0,"enemies":"2 Louse","floor":3.0,"turns":4.0},{"damage":4.0,"enemies":"Small Slimes","floor":7.0,"turns":3.0},{"damage":5.0,"enemies":"Blue Slaver","floor":8.0,"turns":4.0},{"damage":1.0,"enemies":"2 Fungi Beasts","floor":11.0,"turns":4.0},{"damage":6.0,"enemies":"Looter","floor":13.0,"turns":4.0},{"damage":6.0,"enemies":"Slime Boss","floor":16.0,"turns":6.0},{"damage":30.0,"enemies":"2 Thieves","floor":18.0,"turns":4.0},{"damage":25.0,"enemies":"Chosen","floor":20.0,"turns":7.0},{"damage":0.0,"enemies":"Centurion and Healer","floor":21.0,"turns":6.0},{"damage":34.0,"enemies":"Gremlin Leader","floor":25.0,"turns":6.0},{"damage":10.0,"enemies":"Cultist and Chosen","floor":27.0,"turns":6.0},{"damage":29.0,"enemies":"Book of Stabbing","floor":29.0,"turns":6.0},{"damage":0.0,"enemies":"Chosen and Byrds","floor":31.0,"turns":5.0},{"damage":42.0,"enemies":"Collector","floor":33.0,"turns":7.0},{"damage":9.0,"enemies":"3 Shapes","floor":35.0,"turns":5.0},{"damage":13.0,"enemies":"3 Darklings","floor":39.0,"turns":5.0},{"damage":16.0,"enemies":"Giant Head","floor":41.0,"turns":7.0},{"damage":19.0,"enemies":"2 Orb Walkers","floor":45.0,"turns":4.0},{"damage":14.0,"enemies":"Writhing Mass","floor":46.0,"turns":8.0},{"damage":21.0,"enemies":"Nemesis","floor":48.0,"turns":7.0},{"damage":54.0,"enemies":"Awakened One","floor":50.0,"turns":9.0},{"damage":30,"enemies":"Time Eater","floor":51,"turns":3}],"seed_played":"-382369770562311340","potions_obtained":[{"floor":1.0,"key":"Ancient Potion"},{"floor":3.0,"key":"HeartOfIron"},{"floor":8.0,"key":"Energy Potion"},{"floor":25.0,"key":"SteroidPotion"},{"floor":27.0,"key":"ElixirPotion"},{"floor":29.0,"key":"FearPotion"},{"floor":45.0,"key":"Fire Potion"},{"floor":46.0,"key":"BloodPotion"}],"is_trial":false,"path_per_floor":["M","?","M","?","?","R","M","M","T","R","M","T","M","$","R","B",null,"M","?","M","M","?","R","?","E","T","M","$","E","R","M","R","B",null,"M","?","?","$","M","R","E","R","T","R","?","M","?","E","R","B","B"],"character_chosen":"IRONCLAD","items_purchased":["Pen Nib","Swift Potion","Gremlin Horn","Apotheosis","Fire Breathing"],"campfire_rested":0,"item_purchase_floors":[14,38,38,38,38],"current_hp_per_floor":[49,49,51,56,28,28,30,31,31,31,36,36,36,36,36,36,69,51,51,38,50,50,50,80,58,58,60,75,58,58,70,70,40,70,73,73,73,76,75,75,71,71,71,71,64,62,62,53,53,25,0,0],"gold":928,"neow_bonus":"TRANSFORM_TWO_CARDS","is_daily":false,"chose_seed":false,"campfire_upgraded":7,"win_rate":0.0,"timestamp":1612877697,"path_taken":["M","?","?","?","?","R","M","M","T","R","M","?","?","$","R","BOSS","M","?","M","M","?","R","?","E","T","?","$","E","R","?","R","BOSS","M","?","?","$","M","R","E","R","T","R","?","?","?","E","R","BOSS","BOSS"],"items_purchased_type":["Relic","Potion","Relic","Card","Card"],"build_version":"2020-12-22","purchased_purges":3,"victory":false,"max_hp_per_floor":[75,75,75,80,80,80,80,80,80,80,80,80,80,80,80,80,80,80,80,80,80,80,80,80,80,80,80,80,80,80,80,80,80,80,80,80,76,76,76,76,76,76,76,76,76,76,76,76,73,73,73,73],"card_choices":[{"not_picked":["True Grit","Cleave"],"picked":"Rage","floor":1.0},{"not_picked":["Iron Wave","Whirlwind"],"picked":"Evolve","floor":3.0},{"not_picked":["Disarm","Burning Pact"],"picked":"Pommel Strike","floor":7.0},{"not_picked":["Anger","Clash"],"picked":"Burning Pact","floor":8.0},{"not_picked":["Flex","Cleave"],"picked":"Shrug It Off","floor":11.0},{"not_picked":["Whirlwind","Burning Pact"],"picked":"Battle Trance","floor":13.0},{"not_picked":["Berserk","Bludgeon"],"picked":"Immolate","floor":16.0},{"not_picked":["Combust","Cleave"],"picked":"Feel No Pain","floor":18.0},{"not_picked":["Fire Breathing","Warcry"],"picked":"Second Wind","floor":20.0},{"not_picked":["Dual Wield","Twin Strike","True Grit"],"picked":"SKIP","floor":21.0},{"not_picked":["Flex","Iron Wave","Anger"],"picked":"SKIP","floor":25.0},{"not_picked":["Clothesline","Infernal Blade","Cleave"],"picked":"SKIP","floor":27.0},{"not_picked":["Fire Breathing","Heavy Blade"],"picked":"Shockwave","floor":29.0},{"not_picked":["Anger","Brutality"],"picked":"Seeing Red","floor":31.0},{"not_picked":["Reckless Charge","Pommel Strike"],"picked":"Shrug It Off+1","floor":35.0},{"not_picked":["Havoc","Perfected Strike","True Grit"],"picked":"SKIP","floor":39.0},{"not_picked":["Demon Form","Inflame","Anger"],"picked":"SKIP","floor":41.0},{"not_picked":["Twin Strike","Iron Wave","Exhume","Whirlwind"],"picked":"SKIP","floor":46.0},{"not_picked":["Havoc+1","Heavy Blade+1","Body Slam","Iron Wave"],"picked":"SKIP","floor":48.0}],"player_experience":872123,"relics_obtained":[{"floor":9.0,"key":"Paper Frog"},{"floor":12.0,"key":"Mummified Hand"},{"floor":25.0,"key":"MealTicket"},{"floor":26.0,"key":"Self Forming Clay"},{"floor":29.0,"key":"Peace Pipe"},{"floor":41.0,"key":"Question Card"},{"floor":45.0,"key":"Old Coin"},{"floor":48.0,"key":"Centennial Puzzle"}],"event_choices":[{"cards_removed":["Strike_R"],"damage_healed":0.0,"max_hp_gain":0.0,"max_hp_loss":0.0,"gold_gain":0.0,"event_name":"Purifier","player_choice":"Purged","floor":2.0,"gold_loss":0.0,"damage_taken":0.0},{"damage_healed":0.0,"max_hp_gain":5.0,"max_hp_loss":0.0,"gold_gain":0.0,"event_name":"Big Fish","player_choice":"Donut","floor":4.0,"gold_loss":0.0,"damage_taken":0.0},{"damage_healed":0.0,"max_hp_gain":0.0,"max_hp_loss":0.0,"gold_gain":0.0,"event_name":"Golden Idol","player_choice":"Take Damage","floor":5.0,"gold_loss":0.0,"damage_taken":28.0,"relics_obtained":["Golden Idol"]},{"damage_healed":0.0,"max_hp_gain":0.0,"max_hp_loss":0.0,"gold_gain":0.0,"event_name":"Addict","player_choice":"Obtained Relic","floor":19.0,"gold_loss":85.0,"damage_taken":0.0,"relics_obtained":["Dream Catcher"]},{"damage_healed":0.0,"max_hp_gain":0.0,"max_hp_loss":0.0,"gold_gain":0.0,"event_name":"The Mausoleum","player_choice":"Ignored","floor":22.0,"gold_loss":0.0,"damage_taken":0.0},{"damage_healed":30.0,"max_hp_gain":0.0,"max_hp_loss":0.0,"gold_gain":0.0,"event_name":"Wheel of Change","player_choice":"Full Heal","floor":24.0,"gold_loss":0.0,"damage_taken":0.0},{"damage_healed":0.0,"max_hp_gain":0.0,"max_hp_loss":0.0,"gold_gain":999.0,"event_name":"MindBloom","player_choice":"Gold","floor":36.0,"gold_loss":0.0,"damage_taken":0.0,"cards_obtained":["Normality","Normality"]},{"damage_healed":0.0,"max_hp_gain":0.0,"max_hp_loss":4.0,"gold_gain":0.0,"event_name":"Winding Halls","player_choice":"Max HP","floor":37.0,"gold_loss":0.0,"damage_taken":0.0},{"damage_healed":0.0,"max_hp_gain":0.0,"max_hp_loss":0.0,"gold_gain":0.0,"event_name":"Mysterious Sphere","player_choice":"Fight","floor":45.0,"gold_loss":0.0,"damage_taken":0.0},{"damage_healed":0.0,"max_hp_gain":0.0,"max_hp_loss":0.0,"gold_gain":0.0,"event_name":"Tomb of Lord Red Mask","player_choice":"Ignored","floor":47.0,"gold_loss":0.0,"damage_taken":0.0}],"is_beta":false,"boss_relics":[{"not_picked":["Runic Dome","Ectoplasm"],"picked":"Black Blood"},{"not_picked":["Runic Cube","Pandora\u0027s Box"],"picked":"SlaversCollar"}],"items_purged_floors":[14,28,38],"is_endless":false,"potions_floor_spawned":[1,3,8,25,27,29,45,46],"killed_by":"Time Eater","ascension_level":20}}