{"host":"8rgpnls124hwjv5t","time":1612914679,"event":{"mods":["BaseMod","Colored Map","Colored Powertips","DeckTracker","Highlight Path","Minty Spire (QoL Compilation)","Permanent Neow","Quick Restart","Relic Stats","Shop Mod","StSLib"],"gold_per_floor":[113,133,133,145,7,34,34,34,34,47,62,62,96,96,96,195,195,213,263,263,263,56,92,92,130,185,224,249,249,274,310,310,409,409,430,445,468,468,468,506,506,839,839,399,399,428,32,67,67,92],"floor_reached":51,"language":"ENG","playtime":2181,"items_purged":["Defend_B","Writhe"],"score":1641,"play_id":"ddd654a1-2fc2-4c5e-b785-8e6439c0edec","local_time":"20210209185119","is_ascension_mode":true,"campfire_choices":[{"data":"Ball Lightning","floor":7,"key":"SMITH"},{"data":"Static Discharge","floor":12,"key":"SMITH"},{"floor":15,"key":"REST"},{"data":"Electrodynamics","floor":24,"key":"SMITH"},{"data":"Thunder Strike","floor":29,"key":"SMITH"},{"data":"Defragment","floor":32,"key":"SMITH"},{"data":"Tempest","floor":41,"key":"SMITH"},{"data":"HandOfGreed","floor":49,"key":"SMITH"}],"circlet_count":0,"master_deck":["AscendersBane","Defend_B","Zap+1","Dualcast","Ball Lightning+1","Self Repair","Steam","Seek","Conserve Battery","Reinforced Body","Static Discharge+1","Ball Lightning","Electrodynamics+1","Necronomicurse","Meteor Strike","Beam Cell","Glacier","Ball Lightning","Streamline+1","Thunder Strike+1","Hologram","Tempest+1","Leap+1","Glacier","Streamline+1","Defragment+1","Echo Form","Go for the Eyes+1","Biased Cognition+1","Conserve Battery+1","FTL+1","Ball Lightning","Discovery","Jack Of All Trades","HandOfGreed+1","White Noise"],"relics":["Cracked Core","Meat on the Bone","PreservedInsect","Bag of Preparation","SlaversCollar","Necronomicon","Orrery","Bottled Tornado","Calipers","Potion Belt","Gremlin Horn","Pen Nib","Astrolabe","Omamori","Eternal Feather","Membership Card","Juzu Bracelet","Blood Vial","Sundial","Ancient Tea Set","Sling","Bronze Scales"],"acts_visited":["Exordium","TheCity","TheBeyond"],"potions_floor_usage":[6,10,11,13,23,27,33,33,33,33,37,46,46,48,50,50],"damage_taken":[{"damage":3,"enemies":"Small Slimes","floor":1,"turns":3},{"damage":1,"enemies":"2 Louse","floor":2,"turns":3},{"damage":6,"enemies":"Cultist","floor":4,"turns":4},{"damage":30,"enemies":"3 Sentries","floor":6,"turns":7},{"damage":13,"enemies":"Lots of Slimes","floor":10,"turns":4},{"damage":3,"enemies":"Large Slime","floor":11,"turns":5},{"damage":4,"enemies":"Lagavulin","floor":13,"turns":5},{"damage":22,"enemies":"Hexaghost","floor":16,"turns":9},{"damage":12,"enemies":"Chosen","floor":18,"turns":4},{"damage":13,"enemies":"Slavers","floor":23,"turns":1},{"damage":0,"enemies":"Gremlin Leader","floor":25,"turns":4},{"damage":11,"enemies":"Book of Stabbing","floor":27,"turns":3},{"damage":16,"enemies":"2 Thieves","floor":28,"turns":3},{"damage":8,"enemies":"Shelled Parasite and Fungi","floor":30,"turns":3},{"damage":0,"enemies":"Gremlin Leader","floor":31,"turns":3},{"damage":11,"enemies":"Champ","floor":33,"turns":8},{"damage":5,"enemies":"Orb Walker","floor":35,"turns":3},{"damage":0,"enemies":"3 Shapes","floor":36,"turns":1},{"damage":38,"enemies":"Maw","floor":37,"turns":4},{"damage":0,"enemies":"Reptomancer","floor":40,"turns":2},{"damage":11,"enemies":"Nemesis","floor":46,"turns":5},{"damage":16,"enemies":"Reptomancer","floor":48,"turns":3},{"damage":46,"enemies":"Awakened One","floor":50,"turns":8}],"seed_played":"-2349593935084807085","potions_obtained":[{"floor":4,"key":"Swift Potion"},{"floor":10,"key":"Weak Potion"},{"floor":11,"key":"LiquidBronze"},{"floor":18,"key":"DuplicationPotion"},{"floor":25,"key":"EntropicBrew"},{"floor":31,"key":"Dexterity Potion"},{"floor":33,"key":"SkillPotion"},{"floor":35,"key":"Block Potion"},{"floor":36,"key":"Dexterity Potion"},{"floor":45,"key":"AttackPotion"},{"floor":46,"key":"Regen Potion"},{"floor":48,"key":"Strength Potion"}],"is_trial":false,"path_per_floor":["M","M","?","M","$","E","R","?","T","M","M","R","E","?","R","B",null,"M","?","?","?","$","E","R","E","T","E","M","R","M","E","R","B",null,"M","M","M","?","?","E","R","?","T","$","?","E","$","E","R","B",null],"character_chosen":"DEFECT","items_purchased":["Seek","Block Potion","Glacier","Orrery","Membership Card","Juzu Bracelet","Blood Vial","SkillPotion","EssenceOfSteel","HandOfGreed","Ancient Tea Set","SkillPotion","Sling","White Noise"],"campfire_rested":1,"item_purchase_floors":[5,5,22,22,44,44,44,44,44,47,47,47,47,47],"current_hp_per_floor":[61,60,53,54,54,31,31,31,31,37,53,53,56,32,53,50,66,61,61,40,40,40,39,39,46,46,54,38,38,49,49,49,45,65,60,60,34,48,43,43,43,43,43,43,43,46,46,44,65,40],"gold":92,"neow_bonus":"UPGRADE_CARD","is_daily":false,"chose_seed":false,"campfire_upgraded":7,"win_rate":0.0,"timestamp":1612914679,"path_taken":["M","M","?","M","$","E","R","?","T","M","M","R","E","?","R","BOSS","M","?","?","?","$","E","R","E","T","E","M","R","M","E","R","BOSS","M","M","M","?","?","E","R","?","T","$","?","E","$","E","R","BOSS"],"items_purchased_type":["Card","Potion","Card","Relic","Relic","Relic","Relic","Potion","Potion","Card","Relic","Potion","Relic","Card"],"build_version":"2020-12-22","purchased_purges":2,"victory":true,"max_hp_per_floor":[71,71,71,71,71,71,71,71,71,71,71,71,71,71,71,71,71,71,71,71,71,71,71,71,71,71,71,71,71,71,71,71,71,71,71,71,71,71,71,71,71,71,71,71,71,71,71,71,71,71],"relic_stats":{"Gremlin Horn":[15,15],"counters":[23,95],"Astrolabe":["Go for the Eyes","Biased Cognition","Conserve Battery"],"Eternal Feather":21,"PreservedInsect":388,"Pen Nib":[7],"Bag of Preparation":[32],"Juzu Bracelet":0,"Blood Vial":6,"Sundial":[0],"Bronze Scales":[33],"Necronomicon":[20],"obtain_stats":[{"Potion Belt":26,"Calipers":25,"Gremlin Horn":27,"Golden Idol":14,"Astrolabe":34,"Eternal Feather":43,"PreservedInsect":9,"Pen Nib":31,"Bag of Preparation":13,"Omamori":40,"Juzu Bracelet":44,"Bottled Tornado":23,"Ancient Tea Set":47,"Sling":47,"Blood Vial":44,"SlaversCollar":17,"Sundial":46,"Bronze Scales":48,"Orrery":22,"Necronomicon":20,"Membership Card":44,"Cracked Core":0,"Meat on the Bone":6},{"Potion Belt":11,"Calipers":11,"Gremlin Horn":12,"Golden Idol":7,"Astrolabe":16,"Eternal Feather":20,"PreservedInsect":4,"Pen Nib":15,"Bag of Preparation":7,"Omamori":20,"Juzu Bracelet":20,"Bottled Tornado":10,"Ancient Tea Set":21,"Sling":21,"Blood Vial":20,"SlaversCollar":8,"Sundial":21,"Bronze Scales":22,"Orrery":9,"Necronomicon":9,"Membership Card":20,"Cracked Core":0,"Meat on the Bone":4},{"Potion Belt":49,"Calipers":49,"Gremlin Horn":52,"Golden Idol":31,"Astrolabe":69,"Eternal Feather":79,"PreservedInsect":17,"Pen Nib":61,"Bag of Preparation":31,"Omamori":79,"Juzu Bracelet":79,"Bottled Tornado":45,"Ancient Tea Set":84,"Sling":84,"Blood Vial":79,"SlaversCollar":40,"Sundial":84,"Bronze Scales":87,"Orrery":44,"Necronomicon":44,"Membership Card":79,"Cracked Core":0,"Meat on the Bone":17}],"Meat on the Bone":120},"card_choices":[{"not_picked":["Loop","Force Field"],"picked":"Ball Lightning","floor":1},{"not_picked":["Conserve Battery","Rip and Tear"],"picked":"Self Repair","floor":2},{"not_picked":["Force Field","Gash"],"picked":"Steam","floor":4},{"not_picked":["Steam","Heatsinks"],"picked":"Conserve Battery","floor":6},{"not_picked":["Fusion","Cold Snap"],"picked":"Reinforced Body","floor":10},{"not_picked":["Conserve Battery","Leap"],"picked":"Static Discharge","floor":11},{"not_picked":["Steam","Machine Learning"],"picked":"Ball Lightning","floor":13},{"not_picked":["Reboot","Creative AI"],"picked":"Electrodynamics","floor":16},{"not_picked":["Rebound+1","Melter","Leap"],"picked":"SKIP","floor":18},{"not_picked":["Redo","Coolheaded"],"picked":"Ball Lightning","floor":22},{"not_picked":["Tempest","Rebound"],"picked":"Streamline+1","floor":22},{"not_picked":["Sweeping Beam+1","Turbo"],"picked":"Thunder Strike","floor":22},{"not_picked":["Steam","Beam Cell+1"],"picked":"Hologram","floor":22},{"not_picked":["Beam Cell","Rebound"],"picked":"Tempest","floor":22},{"not_picked":["Melter","Stack","Coolheaded"],"picked":"SKIP","floor":23},{"not_picked":["FTL","Coolheaded"],"picked":"Leap+1","floor":25},{"not_picked":["Electrodynamics","Seek"],"picked":"Glacier","floor":27},{"not_picked":["Sweeping Beam","Barrage","Cold Snap"],"picked":"SKIP","floor":28},{"not_picked":["Ball Lightning","Coolheaded+1"],"picked":"Streamline+1","floor":30},{"not_picked":["Go for the Eyes","Chaos"],"picked":"Defragment","floor":31},{"not_picked":["Seek","Thunder Strike"],"picked":"Echo Form","floor":33},{"not_picked":["Beam Cell","Redo"],"picked":"FTL+1","floor":35},{"not_picked":["Stack","Reprogram"],"picked":"Ball Lightning","floor":36},{"not_picked":["Rebound+1","Genetic Algorithm","Go for the Eyes"],"picked":"SKIP","floor":37},{"not_picked":["Sadistic Nature","Violence"],"picked":"Discovery","floor":39},{"not_picked":["Dramatic Entrance","Impatience"],"picked":"Jack Of All Trades","floor":39},{"not_picked":["Rebound","Genetic Algorithm","Barrage"],"picked":"SKIP","floor":40},{"not_picked":["Steam","Conserve Battery","Fission"],"picked":"SKIP","floor":46},{"not_picked":["Beam Cell","Fusion","Conserve Battery"],"picked":"SKIP","floor":48}],"player_experience":542346,"relics_obtained":[{"floor":6,"key":"Meat on the Bone"},{"floor":9,"key":"PreservedInsect"},{"floor":13,"key":"Bag of Preparation"},{"floor":20,"key":"Necronomicon"},{"floor":23,"key":"Bottled Tornado"},{"floor":25,"key":"Calipers"},{"floor":26,"key":"Potion Belt"},{"floor":27,"key":"Gremlin Horn"},{"floor":31,"key":"Pen Nib"},{"floor":40,"key":"Omamori"},{"floor":43,"key":"Eternal Feather"},{"floor":46,"key":"Sundial"},{"floor":48,"key":"Bronze Scales"}],"event_choices":[{"cards_removed":["Strike_B"],"damage_healed":0,"gold_gain":0,"player_choice":"Card Removal","damage_taken":7,"max_hp_gain":0,"max_hp_loss":0,"event_name":"Golden Wing","floor":3,"gold_loss":0},{"damage_healed":0,"gold_gain":0,"player_choice":"Ignored","damage_taken":0,"max_hp_gain":0,"max_hp_loss":0,"event_name":"Liars Game","floor":8,"gold_loss":0},{"damage_healed":0,"gold_gain":0,"player_choice":"Take Damage","damage_taken":24,"relics_obtained":["Golden Idol"],"max_hp_gain":0,"max_hp_loss":0,"event_name":"Golden Idol","floor":14,"gold_loss":0},{"damage_healed":0,"gold_gain":50,"player_choice":"Stole From Cult","damage_taken":0,"max_hp_gain":0,"max_hp_loss":0,"event_name":"Nest","floor":19,"gold_loss":0},{"damage_healed":0,"gold_gain":0,"player_choice":"Obtained Book","damage_taken":21,"max_hp_gain":0,"max_hp_loss":0,"event_name":"Cursed Tome","floor":20,"gold_loss":0},{"damage_healed":0,"gold_gain":0,"cards_transformed":["Strike_B","Defend_B"],"player_choice":"Became Test Subject","damage_taken":0,"max_hp_gain":0,"max_hp_loss":0,"event_name":"Drug Dealer","floor":21,"gold_loss":0,"cards_obtained":["Meteor Strike","Beam Cell"]},{"damage_healed":14,"gold_gain":0,"player_choice":"Writhe","damage_taken":0,"max_hp_gain":0,"max_hp_loss":0,"event_name":"Winding Halls","floor":38,"gold_loss":0,"cards_obtained":["Writhe"]},{"damage_healed":0,"gold_gain":0,"player_choice":"Memory 2","damage_taken":5,"max_hp_gain":0,"max_hp_loss":0,"event_name":"SensoryStone","floor":39,"gold_loss":0},{"damage_healed":0,"gold_gain":333,"player_choice":"Gave Idol","damage_taken":0,"max_hp_gain":0,"max_hp_loss":0,"event_name":"The Moai Head","floor":42,"relics_lost":["Golden Idol"],"gold_loss":0},{"damage_healed":0,"gold_gain":0,"player_choice":"Got Potions","damage_taken":0,"max_hp_gain":0,"max_hp_loss":0,"event_name":"Lab","floor":45,"gold_loss":0}],"is_beta":false,"boss_relics":[{"not_picked":["Snecko Eye","Nuclear Battery"],"picked":"SlaversCollar"},{"not_picked":["Pandora\u0027s Box","FrozenCore"],"picked":"Astrolabe"}],"items_purged_floors":[44,47],"is_endless":false,"potions_floor_spawned":[4,10,11,18,25,31,33,35,36,46,48],"ascension_level":16}}