{"host":"2n2g1vowfllvjtvi","time":1612861193,"event":{"mods":["AchievementEnabler","BaseMod","Custom Start","GifTheSpireLib","Keyboard Shortcuts","Minty Spire (QoL Compilation)","Permanent Neow","Quick Restart","StSLib","SuperFastMode"],"gold_per_floor":[111,129,140,155,165,165,181,199,199,199,199,199,215,235,235,338,338,356,366,366,224,241,266,266,266],"floor_reached":24,"language":"KOR","playtime":667,"items_purged":["Strike_P"],"score":246,"play_id":"97ade24d-4692-4a0f-a659-fa89ad77dddc","local_time":"20210209175953","is_ascension_mode":true,"campfire_choices":[{"data":"Eruption","floor":6.0,"key":"SMITH"},{"data":"Halt","floor":10.0,"key":"SMITH"},{"data":"Evaluate","floor":12.0,"key":"SMITH"},{"data":"Prostrate","floor":15.0,"key":"SMITH"}],"circlet_count":0,"master_deck":["Strike_P","Defend_P","Defend_P","Defend_P","Eruption+1","Vigilance","Prostrate+1","CarveReality","Halt+1","Evaluate+1","FearNoEvil","Devotion","Prostrate","Adaptation","Ragnarok","TalkToTheHand"],"relics":["PureWater","Letter Opener","Coffee Dripper","StrikeDummy"],"acts_visited":["Exordium","TheCity"],"potions_floor_usage":[19,23],"damage_taken":[{"damage":0.0,"enemies":"2 Louse","floor":1.0,"turns":2.0},{"damage":0.0,"enemies":"Cultist","floor":2.0,"turns":3.0},{"damage":3.0,"enemies":"Jaw Worm","floor":3.0,"turns":4.0},{"damage":0.0,"enemies":"Blue Slaver","floor":4.0,"turns":3.0},{"damage":0.0,"enemies":"Exordium Thugs","floor":5.0,"turns":3.0},{"damage":0.0,"enemies":"Looter","floor":7.0,"turns":4.0},{"damage":1.0,"enemies":"Gremlin Gang","floor":8.0,"turns":5.0},{"damage":0.0,"enemies":"Lots of Slimes","floor":13.0,"turns":4.0},{"damage":0.0,"enemies":"3 Louse","floor":14.0,"turns":3.0},{"damage":17.0,"enemies":"Slime Boss","floor":16.0,"turns":7.0},{"damage":0,"enemies":"Spheric Guardian","floor":18,"turns":3},{"damage":0,"enemies":"3 Byrds","floor":19,"turns":2},{"damage":5,"enemies":"3 Cultists","floor":22,"turns":4},{"damage":32,"enemies":"Gremlin Leader","floor":23,"turns":6},{"damage":11,"enemies":"Sentry and Sphere","floor":24,"turns":3}],"seed_played":"1202895351858003755","potions_obtained":[{"floor":3.0,"key":"BottledMiracle"},{"floor":5.0,"key":"LiquidBronze"},{"floor":8.0,"key":"GamblersBrew"},{"floor":13.0,"key":"Dexterity Potion"},{"floor":16.0,"key":"LiquidBronze"},{"floor":19,"key":"BlessingOfTheForge"}],"is_trial":false,"path_per_floor":["M","M","M","M","M","R","M","M","T","R","?","R","M","M","R","B",null,"M","M","?","$","M","E","M"],"character_chosen":"WATCHER","items_purchased":["Ragnarok"],"campfire_rested":0,"item_purchase_floors":[21],"current_hp_per_floor":[51,51,48,48,48,48,48,47,47,47,47,47,47,47,47,30,72,72,72,72,72,67,35,24,24],"gold":266,"neow_bonus":"REMOVE_TWO","is_daily":false,"chose_seed":false,"campfire_upgraded":4,"win_rate":0.0,"timestamp":1612861193,"path_taken":["M","M","M","M","M","R","M","M","T","R","?","R","M","M","R","BOSS","M","?","?","$","M","E","M"],"items_purchased_type":["Card"],"build_version":"2020-12-22","purchased_purges":1,"victory":false,"max_hp_per_floor":[72,72,72,72,72,72,72,72,72,72,72,72,72,72,72,72,72,72,72,72,72,72,72,72,72],"card_choices":[{"not_picked":["FlurryOfBlows","JustLucky"],"picked":"Prostrate","floor":1.0},{"not_picked":["InnerPeace","JustLucky","EmptyBody"],"picked":"SKIP","floor":2.0},{"not_picked":["Protect","Wireheading"],"picked":"CarveReality","floor":3.0},{"not_picked":["ClearTheMind","EmptyMind"],"picked":"Halt","floor":4.0},{"not_picked":["CarveReality","BowlingBash"],"picked":"Evaluate","floor":5.0},{"not_picked":["Halt","CutThroughFate","CrushJoints"],"picked":"SKIP","floor":7.0},{"not_picked":["EmptyFist","DevaForm"],"picked":"FearNoEvil","floor":8.0},{"not_picked":["FlurryOfBlows","CrushJoints","PathToVictory"],"picked":"SKIP","floor":13.0},{"not_picked":["JustLucky","Swivel","EmptyMind"],"picked":"SKIP","floor":14.0},{"not_picked":["ConjureBlade","DeusExMachina"],"picked":"Devotion","floor":16.0},{"not_picked":["BowlingBash","ClearTheMind"],"picked":"Prostrate","floor":18},{"not_picked":["JustLucky","Consecrate+1"],"picked":"Adaptation","floor":19},{"not_picked":["CrushJoints","FollowUp+1","Worship"],"picked":"SKIP","floor":22},{"not_picked":["WreathOfFlame","EmptyMind"],"picked":"TalkToTheHand","floor":23}],"player_experience":219128,"relics_obtained":[{"floor":9.0,"key":"Letter Opener"},{"floor":23,"key":"StrikeDummy"}],"event_choices":[{"cards_removed":["Strike_P"],"damage_healed":0.0,"max_hp_gain":0.0,"max_hp_loss":0.0,"gold_gain":0.0,"event_name":"Purifier","player_choice":"Purged","floor":11.0,"gold_loss":0.0,"damage_taken":0.0},{"damage_healed":0,"gold_gain":0,"player_choice":"Ignored","damage_taken":0,"max_hp_gain":0,"max_hp_loss":0,"event_name":"Ghosts","floor":20,"gold_loss":0}],"is_beta":false,"boss_relics":[{"not_picked":["Snecko Eye","SacredBark"],"picked":"Coffee Dripper"}],"items_purged_floors":[21],"is_endless":false,"potions_floor_spawned":[3,5,8,13,16,19,22],"killed_by":"Sentry and Sphere","ascension_level":3}}