{"host":"r4aerl4ckfvw1dw3","time":1612913232,"event":{"mods":["BaseMod","BetterRewards","Minty Spire (QoL Compilation)","Quick Restart","StSLib"],"gold_per_floor":[117,127,146,96,116,116,143,169,245,245,272,45,45,65,65,160,160,170,188,103,115,131,131,165,165,215,34,51,51,83,33,33,131,131,142,153,171,171,171,171,188,213,213,225,0,45,57,80,92,104,104],"floor_reached":50,"language":"ENG","playtime":3359,"items_purged":["Strike_R","Strike_R"],"score":865,"play_id":"010aa81c-05e7-46f3-a521-8728c78ee08e","local_time":"20210209152712","is_ascension_mode":true,"campfire_choices":[{"data":"Carnage","floor":6,"key":"SMITH"},{"floor":10,"key":"REST"},{"data":"Iron Wave","floor":13,"key":"SMITH"},{"floor":15,"key":"REST"},{"floor":23,"key":"REST"},{"floor":25,"key":"REST"},{"data":"Fire Breathing","floor":29,"key":"SMITH"},{"floor":32,"key":"REST"},{"floor":40,"key":"REST"},{"floor":44,"key":"REST"},{"data":"Inflame","floor":47,"key":"SMITH"},{"floor":49,"key":"RECALL"}],"circlet_count":0,"master_deck":["Strike_R","Strike_R","Defend_R","Defend_R","Defend_R","Defend_R","Bash","Thunderclap","Fire Breathing+1","Carnage+1","Shrug It Off","Iron Wave+1","Pommel Strike","Sever Soul","Reckless Charge","Reaper","Heavy Blade","Second Wind+1","Pommel Strike","Twin Strike","Dramatic Entrance+1","Inflame+1","Feed","Writhe","Armaments+1","Clash+1","Rage"],"relics":["Burning Blood","Ice Cream","Odd Mushroom","Matryoshka","Ancient Tea Set","Busted Crown","Bronze Scales","Singing Bowl","Orichalcum","Regal Pillow","Anchor","Snecko Eye","Omamori","MawBank","Self Forming Clay","Red Mask","HornCleat"],"acts_visited":["Exordium","TheCity","TheBeyond"],"potions_floor_usage":[7,11,21,24,33,33,36,37,37,46,50],"damage_taken":[{"damage":14,"enemies":"Jaw Worm","floor":1,"turns":5},{"damage":3,"enemies":"2 Louse","floor":2,"turns":4},{"damage":6,"enemies":"Cultist","floor":3,"turns":3},{"damage":7,"enemies":"Looter","floor":5,"turns":3},{"damage":32,"enemies":"Gremlin Nob","floor":7,"turns":4},{"damage":14,"enemies":"The Mushroom Lair","floor":8,"turns":6},{"damage":27,"enemies":"Lagavulin","floor":11,"turns":4},{"damage":6,"enemies":"Exordium Thugs","floor":14,"turns":3},{"damage":0,"enemies":"Slime Boss","floor":16,"turns":6},{"damage":18,"enemies":"Shell Parasite","floor":18,"turns":4},{"damage":12,"enemies":"3 Byrds","floor":19,"turns":5},{"damage":19,"enemies":"Sentry and Sphere","floor":21,"turns":4},{"damage":18,"enemies":"Cultist and Chosen","floor":22,"turns":6},{"damage":30,"enemies":"Book of Stabbing","floor":24,"turns":3},{"damage":26,"enemies":"Shelled Parasite and Fungi","floor":28,"turns":4},{"damage":38,"enemies":"Slavers","floor":30,"turns":5},{"damage":115,"enemies":"Collector","floor":33,"turns":9},{"damage":0,"enemies":"Orb Walker","floor":35,"turns":2},{"damage":42,"enemies":"3 Darklings","floor":36,"turns":4},{"damage":42,"enemies":"Spire Growth","floor":37,"turns":4},{"damage":5,"enemies":"4 Shapes","floor":41,"turns":6},{"damage":77,"enemies":"Reptomancer","floor":42,"turns":7},{"damage":15,"enemies":"Giant Head","floor":46,"turns":6},{"damage":23,"enemies":"3 Darklings","floor":48,"turns":6},{"damage":116,"enemies":"Awakened One","floor":50,"turns":8}],"seed_played":"2355272587910212074","potions_obtained":[{"floor":1,"key":"DuplicationPotion"},{"floor":3,"key":"FearPotion"},{"floor":5,"key":"SpeedPotion"},{"floor":11,"key":"BlessingOfTheForge"},{"floor":16,"key":"Fire Potion"},{"floor":21,"key":"ElixirPotion"},{"floor":24,"key":"Energy Potion"},{"floor":33,"key":"EntropicBrew"},{"floor":35,"key":"GamblersBrew"},{"floor":42,"key":"Weak Potion"},{"floor":46,"key":"SmokeBomb"},{"floor":48,"key":"Swift Potion"}],"is_trial":false,"path_per_floor":["M","M","M","?","M","R","E","?","T","R","E","$","R","M","R","B",null,"M","M","?","M","M","R","E","R","T","$","M","R","E","?","R","B",null,"M","M","M","?","?","R","M","E","T","R","?","E","R","M","R","B"],"character_chosen":"IRONCLAD","items_purchased":["FairyPotion","AttackPotion","Dramatic Entrance"],"campfire_rested":7,"item_purchase_floors":[12,12,27],"current_hp_per_floor":[64,67,67,67,66,66,40,32,32,56,35,35,35,35,59,65,76,64,62,62,49,41,65,43,67,67,67,53,53,33,33,73,23,69,77,43,18,41,41,83,93,27,27,69,69,75,75,76,76,0,0],"gold":104,"neow_bonus":"THREE_CARDS","is_daily":false,"chose_seed":false,"campfire_upgraded":4,"win_rate":0.0,"timestamp":1612913232,"path_taken":["M","M","M","?","M","R","E","?","T","R","E","$","R","M","R","BOSS","M","M","?","M","M","R","E","R","T","$","M","R","E","?","R","BOSS","M","M","M","?","?","R","?","E","T","R","?","E","R","M","R","BOSS"],"items_purchased_type":["Potion","Potion","Card"],"build_version":"2020-12-22","purchased_purges":2,"victory":false,"max_hp_per_floor":[80,80,80,80,80,80,80,80,80,80,80,80,80,80,80,80,80,80,80,80,80,80,80,82,82,82,82,84,84,84,84,84,84,84,86,88,90,90,90,90,93,93,93,93,93,95,95,95,95,95,95],"card_choices":[{"not_picked":["Clash","Havoc"],"picked":"Thunderclap","floor":0},{"not_picked":["Bloodletting","Burning Pact"],"picked":"Fire Breathing","floor":1},{"not_picked":["Thunderclap","Second Wind","Havoc"],"picked":"SKIP","floor":2},{"not_picked":["Bloodletting","Sever Soul"],"picked":"Carnage","floor":3},{"not_picked":["Clash","Sentinel"],"picked":"Shrug It Off","floor":5},{"not_picked":["Juggernaut","Evolve"],"picked":"Iron Wave","floor":7},{"not_picked":["True Grit","Rage"],"picked":"Pommel Strike","floor":8},{"not_picked":["Corruption","Clash"],"picked":"Sever Soul","floor":11},{"not_picked":["Perfected Strike","Body Slam"],"picked":"Reckless Charge","floor":14},{"not_picked":["Double Tap","Brutality"],"picked":"Reaper","floor":16},{"not_picked":[],"picked":"Heavy Blade","floor":18},{"not_picked":[],"picked":"Second Wind+1","floor":19},{"not_picked":[],"picked":"Pommel Strike","floor":21},{"not_picked":[],"picked":"Twin Strike","floor":22},{"not_picked":["Sever Soul"],"picked":"Singing Bowl","floor":24},{"not_picked":["Thunderclap"],"picked":"Singing Bowl","floor":28},{"not_picked":[],"picked":"Inflame","floor":30},{"not_picked":[],"picked":"Feed","floor":33},{"not_picked":["Anger"],"picked":"Singing Bowl","floor":35},{"not_picked":["Bloodletting+1"],"picked":"Singing Bowl","floor":36},{"not_picked":["Havoc"],"picked":"Singing Bowl","floor":37},{"not_picked":[],"picked":"Armaments+1","floor":41},{"not_picked":[],"picked":"Clash+1","floor":42},{"not_picked":["Iron Wave"],"picked":"Singing Bowl","floor":46},{"not_picked":[],"picked":"Rage","floor":48}],"player_experience":538873,"relics_obtained":[{"floor":7,"key":"Ice Cream"},{"floor":8,"key":"Odd Mushroom"},{"floor":9,"key":"Matryoshka"},{"floor":11,"key":"Ancient Tea Set"},{"floor":24,"key":"Singing Bowl"},{"floor":26,"key":"Orichalcum"},{"floor":26,"key":"Regal Pillow"},{"floor":30,"key":"Anchor"},{"floor":42,"key":"Omamori"},{"floor":43,"key":"MawBank"},{"floor":43,"key":"Self Forming Clay"},{"floor":46,"key":"HornCleat"}],"event_choices":[{"cards_removed":["Strike_R"],"damage_healed":0,"gold_gain":0,"player_choice":"Card Removal","damage_taken":0,"max_hp_gain":0,"max_hp_loss":0,"event_name":"The Cleric","floor":4,"gold_loss":50},{"damage_healed":0,"gold_gain":0,"player_choice":"Fought Mushrooms","damage_taken":0,"max_hp_gain":0,"max_hp_loss":0,"event_name":"Mushrooms","floor":8,"gold_loss":0},{"damage_healed":0,"gold_gain":0,"player_choice":"Obtained Relic","damage_taken":0,"relics_obtained":["Bronze Scales"],"max_hp_gain":0,"max_hp_loss":0,"event_name":"Addict","floor":20,"gold_loss":85},{"damage_healed":0,"gold_gain":0,"player_choice":"Bet on Murderer","damage_taken":0,"max_hp_gain":0,"max_hp_loss":0,"event_name":"The Joust","floor":31,"gold_loss":50},{"damage_healed":23,"gold_gain":0,"player_choice":"Writhe","damage_taken":0,"max_hp_gain":0,"max_hp_loss":0,"event_name":"Winding Halls","floor":38,"gold_loss":0,"cards_obtained":["Writhe"]},{"damage_healed":0,"gold_gain":0,"player_choice":"Forge","damage_taken":0,"max_hp_gain":0,"max_hp_loss":0,"event_name":"Accursed Blacksmith","floor":39,"gold_loss":0,"cards_upgraded":["Dramatic Entrance"]},{"damage_healed":0,"gold_gain":0,"player_choice":"Paid","damage_taken":0,"relics_obtained":["Red Mask"],"max_hp_gain":0,"max_hp_loss":0,"event_name":"Tomb of Lord Red Mask","floor":45,"gold_loss":237}],"is_beta":false,"boss_relics":[{"not_picked":["Runic Pyramid","Fusion Hammer"],"picked":"Busted Crown"},{"not_picked":["Tiny House","Cursed Key"],"picked":"Snecko Eye"}],"items_purged_floors":[12,27],"is_endless":false,"potions_floor_spawned":[1,3,5,11,16,19,21,24,30,33,35,42,46,48],"killed_by":"Awakened One","ascension_level":8}}