{"host":"i8x3uekhioq8aaet","time":1612883108,"event":{"mods":["AchievementEnabler","BaseMod","Colored Map","Colored Powertips","DeckTracker","Minty Spire (QoL Compilation)","Relic Sorter","StSLib"],"gold_per_floor":[112,128,25,40,40,74,74,91,160,160,160,12,27,39,39,139,139,154,90,110,110,110],"floor_reached":21,"language":"ZHT","playtime":778,"items_purged":[],"score":235,"play_id":"2b890d34-75d3-44e4-ac48-c57bffe463aa","local_time":"20210209230508","is_ascension_mode":true,"campfire_choices":[{"data":"1","floor":7.0,"key":"LIFT"},{"floor":15.0,"key":"REST"}],"circlet_count":0,"master_deck":["Zap","Dualcast+1","Conserve Battery","White Noise+1","Streamline","Coolheaded","Hologram","Gash","Creative AI","Tempest","Echo Form","Double Energy","Creative AI","Storm","Reboot","Creative AI","Rainbow","Coolheaded"],"relics":["Cracked Core","NeowsBlessing","Girya","Bottled Lightning","Calipers","Strange Spoon","Pandora\u0027s Box","War Paint"],"acts_visited":["Exordium","TheCity"],"potions_floor_usage":[21],"damage_taken":[{"damage":0.0,"enemies":"Cultist","floor":1.0,"turns":1.0},{"damage":0.0,"enemies":"Jaw Worm","floor":2.0,"turns":1.0},{"damage":0.0,"enemies":"Small Slimes","floor":4.0,"turns":1.0},{"damage":35.0,"enemies":"3 Sentries","floor":6.0,"turns":8.0},{"damage":23.0,"enemies":"Exordium Thugs","floor":8.0,"turns":5.0},{"damage":11.0,"enemies":"3 Louse","floor":13.0,"turns":5.0},{"damage":3.0,"enemies":"Red Slaver","floor":14.0,"turns":5.0},{"damage":31.0,"enemies":"Slime Boss","floor":16.0,"turns":10.0},{"damage":24,"enemies":"Chosen","floor":18,"turns":6},{"damage":28,"enemies":"2 Thieves","floor":20,"turns":3},{"damage":14,"enemies":"Snake Plant","floor":21,"turns":1}],"seed_played":"8860062617547647306","potions_obtained":[{"floor":2.0,"key":"BlessingOfTheForge"},{"floor":4.0,"key":"SpeedPotion"},{"floor":5.0,"key":"Dexterity Potion"},{"floor":13.0,"key":"Regen Potion"},{"floor":14.0,"key":"FocusPotion"},{"floor":20,"key":"Weak Potion"}],"is_trial":false,"path_per_floor":["M","M","$","M","?","E","R","M","T","?","T","$","M","M","R","B",null,"M","?","M","M"],"character_chosen":"DEFECT","items_purchased":["FairyPotion","Strange Spoon"],"campfire_rested":1,"item_purchase_floors":[3,12],"current_hp_per_floor":[68,68,68,68,68,33,33,10,10,10,10,10,22,33,55,24,62,38,38,10,0,0],"gold":110,"neow_bonus":"THREE_ENEMY_KILL","is_daily":false,"chose_seed":false,"campfire_upgraded":0,"win_rate":0.0,"timestamp":1612883108,"path_taken":["M","?","$","M","?","E","R","?","T","?","?","?","M","M","R","BOSS","M","?","M","?"],"items_purchased_type":["Potion","Relic"],"build_version":"2020-12-22","purchased_purges":0,"victory":false,"max_hp_per_floor":[75,75,75,75,75,75,75,75,75,75,75,75,75,75,75,75,75,75,75,75,75,75],"card_choices":[{"not_picked":["Sweeping Beam","Scrape"],"picked":"Conserve Battery","floor":1.0},{"not_picked":["Go for the Eyes","Hologram","Rebound"],"picked":"SKIP","floor":2.0},{"not_picked":["Ball Lightning","Compile Driver"],"picked":"White Noise","floor":4.0},{"not_picked":["White Noise","Cold Snap"],"picked":"Streamline","floor":6.0},{"not_picked":["Reboot","Fusion"],"picked":"Coolheaded","floor":8.0},{"not_picked":["Barrage","Redo"],"picked":"Hologram","floor":13.0},{"not_picked":["Auto Shields","Turbo"],"picked":"Gash","floor":14.0},{"not_picked":["Amplify","Seek"],"picked":"Creative AI","floor":16.0},{"not_picked":["Steam","Recycle","Hologram"],"picked":"SKIP","floor":18},{"not_picked":["Go for the Eyes","Compile Driver"],"picked":"Coolheaded","floor":20}],"player_experience":326527,"relics_obtained":[{"floor":6.0,"key":"Girya"},{"floor":9.0,"key":"Bottled Lightning"},{"floor":11.0,"key":"Calipers"}],"event_choices":[{"damage_healed":0.0,"max_hp_gain":0.0,"max_hp_loss":0.0,"gold_gain":0.0,"event_name":"Lab","player_choice":"Got Potions","floor":5.0,"gold_loss":0.0,"damage_taken":0.0},{"damage_healed":0.0,"max_hp_gain":0.0,"max_hp_loss":0.0,"gold_gain":0.0,"event_name":"Liars Game","player_choice":"Ignored","floor":10.0,"gold_loss":0.0,"damage_taken":0.0},{"damage_healed":0,"gold_gain":0,"player_choice":"Paid Gold","damage_taken":0,"relics_obtained":["War Paint"],"max_hp_gain":0,"max_hp_loss":0,"event_name":"WeMeetAgain","floor":19,"gold_loss":64}],"is_beta":false,"boss_relics":[{"not_picked":["SacredBark","FrozenCore"],"picked":"Pandora\u0027s Box"}],"items_purged_floors":[],"is_endless":false,"potions_floor_spawned":[2,4,13,14,20],"killed_by":"Snake Plant","ascension_level":6}}