{"host":"3qkmyeoym75lj4wn","time":1612907819,"event":{"mods":["2.2 Compatiblity","BaseMod","Block Reminder","Colored Powertips","Highlight Path","Minty Spire (QoL Compilation)","Permanent Neow","Potion Indicator Mod","Rare Cards Sparkle","Relic Stats","StSLib","Unceasing Turn Reminder"],"gold_per_floor":[211,45,45,45,64,64,64,64],"floor_reached":7,"language":"ENG","playtime":207,"items_purged":[],"score":78,"play_id":"f8b0b035-1896-4867-b996-98e3afe49a16","local_time":"20210209215659","is_ascension_mode":true,"campfire_choices":[{"data":"Quick Slash","floor":6,"key":"SMITH"}],"circlet_count":0,"master_deck":["AscendersBane","Strike_G","Strike_G","Strike_G","Strike_G","Strike_G","Defend_G","Defend_G","Defend_G","Defend_G","Defend_G","Survivor","Neutralize","Quick Slash+1","Decay","Cloak And Dagger"],"relics":["Ring of the Snake","OrangePellets"],"acts_visited":["Exordium"],"potions_floor_usage":[],"damage_taken":[{"damage":0,"enemies":"Small Slimes","floor":1,"turns":4},{"damage":2,"enemies":"Cultist","floor":5,"turns":3},{"damage":58,"enemies":"3 Sentries","floor":7,"turns":8}],"seed_played":"324210565289802843","potions_obtained":[],"is_trial":false,"path_per_floor":["M","$","?","?","M","R","E"],"character_chosen":"THE_SILENT","items_purchased":["OrangePellets"],"campfire_rested":0,"item_purchase_floors":[2],"current_hp_per_floor":[59,59,59,59,57,57,0,0],"gold":64,"neow_bonus":"HUNDRED_GOLD","is_daily":false,"chose_seed":false,"campfire_upgraded":1,"win_rate":0.0,"timestamp":1612907819,"path_taken":["M","$","?","?","M","R","E"],"items_purchased_type":["Relic"],"build_version":"2020-12-22","purchased_purges":0,"victory":false,"max_hp_per_floor":[66,66,66,66,66,66,66,66],"relic_stats":{"OrangePellets":[0],"counters":[3,15],"obtain_stats":[{"OrangePellets":2,"Ring of the Snake":0},{"OrangePellets":1,"Ring of the Snake":0},{"OrangePellets":4,"Ring of the Snake":0}],"Ring of the Snake":[6]},"card_choices":[{"not_picked":["Cloak And Dagger","Acrobatics"],"picked":"Quick Slash","floor":1},{"not_picked":["Terror","Acrobatics"],"picked":"Cloak And Dagger","floor":5}],"player_experience":1743341,"relics_obtained":[],"event_choices":[{"damage_healed":0,"gold_gain":0,"player_choice":"Ignored","damage_taken":0,"max_hp_gain":0,"max_hp_loss":0,"event_name":"Shining Light","floor":3,"gold_loss":0},{"damage_healed":0,"gold_gain":0,"player_choice":"Cursed","damage_taken":0,"max_hp_gain":0,"max_hp_loss":0,"event_name":"Wheel of Change","floor":4,"gold_loss":0,"cards_obtained":["Decay"]}],"is_beta":false,"boss_relics":[],"items_purged_floors":[],"is_endless":false,"potions_floor_spawned":[],"killed_by":"3 Sentries","ascension_level":20}}