{"host":"o6nndy8fvkon49s1","time":1612832128,"event":{"mods":["BaseMod","CapriCore","Hermit","Marisa????????","Minty Spire (QoL Compilation)","Prisma Mod","StSLib","Td1madao Mod","The Administrix","The Fake Hero","The Forsaken","The Immortal","The Marked","The Necromancer","The Servant 0.9.4"],"gold_per_floor":[610,626,639,639,654,679,243,243,243,243,254,98,117,136,136,233,233,245,16,16,33,33,33,33,33],"floor_reached":24,"language":"ENG","playtime":792,"items_purged":["luka_mod:StrikeLuka"],"score":198,"play_id":"fbe90e48-81f3-486d-b069-e6bd55af9cb4","local_time":"20210208185528","is_ascension_mode":false,"campfire_choices":[{"data":"luka_mod:Undine","floor":10,"key":"SMITH"},{"data":"luka_mod:NeverSurrender","floor":15,"key":"SMITH"},{"data":"luka_mod:Gnome","floor":23,"key":"SMITH"}],"circlet_count":0,"master_deck":["luka_mod:StrikeLukaOne","luka_mod:StrikeLukaTwo","luka_mod:StrikeLukaThree","luka_mod:StrikeLukaFour","luka_mod:StrikeLukaFive","luka_mod:StrikeLukaSix","luka_mod:Salt","luka_mod:Guard","luka_mod:Wait","luka_mod:Edging","luka_mod:FlailWildly","luka_mod:Meditation","luka_mod:Undine+1","luka_mod:AlicesGuard","luka_mod:AngryLuka","luka_mod:CriticalHit","luka_mod:Erubetie","luka_mod:WaterSlash","luka_mod:GuardTraining","luka_mod:Calm","luka_mod:WaterSlash","luka_mod:NeverSurrender+1","luka_mod:SpoilerForm","luka_mod:Gnome+1","luka_mod:SereneDemonSword"],"relics":["luka_mod:KeepsakeRing","MealTicket","Bag of Preparation","Mercury Hourglass","Orrery","SlaversCollar","Bronze Scales","theForsaken:Kindling"],"acts_visited":["Exordium","TheCity"],"potions_floor_usage":[5,6,16,16,24],"damage_taken":[{"damage":0,"enemies":"2 Louse","floor":1,"turns":3},{"damage":8,"enemies":"Jaw Worm","floor":2,"turns":4},{"damage":0,"enemies":"Cultist","floor":3,"turns":4},{"damage":0,"enemies":"Looter","floor":5,"turns":2},{"damage":14,"enemies":"Gremlin Nob","floor":6,"turns":5},{"damage":3,"enemies":"Red Slaver","floor":11,"turns":2},{"damage":0,"enemies":"Exordium Thugs","floor":13,"turns":4},{"damage":7,"enemies":"Looter","floor":14,"turns":2},{"damage":4,"enemies":"Hexaghost","floor":16,"turns":9},{"damage":20,"enemies":"Shell Parasite","floor":18,"turns":6},{"damage":15,"enemies":"Spheric Guardian","floor":21,"turns":6},{"damage":42,"enemies":"Snecko","floor":24,"turns":6}],"seed_played":"-3963514125866716857","potions_obtained":[{"floor":2,"key":"Fire Potion"},{"floor":5,"key":"SkillPotion"},{"floor":11,"key":"AttackPotion"},{"floor":14,"key":"Block Potion"},{"floor":18,"key":"DuplicationPotion"}],"is_trial":false,"path_per_floor":["M","M","M","?","M","E","$","?","T","R","M","$","M","M","R","B",null,"M","$","?","M","$","R","M"],"character_chosen":"LUKA_CLASS","items_purchased":["luka_mod:Erubetie","Bag of Preparation","SkillPotion","SteroidPotion","FearPotion","Orrery","Bronze Scales"],"campfire_rested":0,"item_purchase_floors":[7,7,7,7,7,12,19],"current_hp_per_floor":[40,32,40,40,40,26,40,40,40,40,37,40,40,33,33,29,40,32,40,40,25,40,40,0,0],"gold":33,"neow_bonus":"HUNDRED_GOLD","is_daily":false,"chose_seed":false,"campfire_upgraded":3,"win_rate":0.0,"timestamp":1612832128,"path_taken":["M","M","M","?","M","E","$","?","T","R","M","$","?","M","R","BOSS","M","$","?","M","$","R","M"],"items_purchased_type":["Card","Relic","Potion","Potion","Potion","Relic","Relic"],"build_version":"2020-12-22","purchased_purges":1,"victory":false,"max_hp_per_floor":[40,40,40,40,40,40,40,40,40,40,40,40,40,40,40,40,40,40,40,40,40,40,40,40,40],"card_choices":[{"not_picked":["luka_mod:Calm","luka_mod:GuardedStrike"],"picked":"luka_mod:Undine","floor":1},{"not_picked":["luka_mod:Struggle","luka_mod:Request"],"picked":"luka_mod:AlicesGuard","floor":2},{"not_picked":["luka_mod:FlashKill","luka_mod:RestrictedStrike"],"picked":"luka_mod:AngryLuka","floor":3},{"not_picked":["luka_mod:Struggle","luka_mod:WaterSlash"],"picked":"luka_mod:CriticalHit","floor":5},{"not_picked":["luka_mod:DemonSkullBeheading","luka_mod:FireSlash","luka_mod:EarthSlash"],"picked":"SKIP","floor":6},{"not_picked":["luka_mod:DemonSkullBeheading","luka_mod:SpoilerDance"],"picked":"luka_mod:StrikeLuka","floor":11},{"not_picked":["luka_mod:HeroicStrike","luka_mod:HeavenlyDemonRevival"],"picked":"luka_mod:WaterSlash","floor":12},{"not_picked":["luka_mod:EarthRumblingDecapitation","luka_mod:Overexert"],"picked":"luka_mod:GuardTraining","floor":12},{"not_picked":["luka_mod:WindSlash","luka_mod:NotVerySharp"],"picked":"luka_mod:Calm","floor":12},{"not_picked":["luka_mod:SealingStrike","luka_mod:StrikeLuka"],"picked":"luka_mod:WaterSlash","floor":13},{"not_picked":["luka_mod:StrikeLuka","luka_mod:HeroicStrike"],"picked":"luka_mod:NeverSurrender","floor":14},{"not_picked":["luka_mod:Sensitive","luka_mod:NinefoldRakshasa"],"picked":"luka_mod:SpoilerForm","floor":16},{"not_picked":["luka_mod:Cutscene","luka_mod:EarthSlash"],"picked":"luka_mod:Gnome","floor":18},{"not_picked":["luka_mod:NotVerySharp+1","luka_mod:GuardTraining"],"picked":"luka_mod:SereneDemonSword","floor":21}],"player_experience":216210,"relics_obtained":[{"floor":6,"key":"MealTicket"},{"floor":9,"key":"Mercury Hourglass"}],"event_choices":[{"damage_healed":0,"gold_gain":0,"player_choice":"Ignored","damage_taken":0,"max_hp_gain":0,"max_hp_loss":0,"event_name":"Liars Game","floor":4,"gold_loss":0},{"cards_removed":["luka_mod:Surrender"],"damage_healed":0,"gold_gain":0,"player_choice":"Card Removal","damage_taken":0,"max_hp_gain":0,"max_hp_loss":0,"event_name":"Wheel of Change","floor":8,"gold_loss":0},{"damage_healed":0,"gold_gain":0,"player_choice":"Gave Potion","damage_taken":0,"relics_obtained":["theForsaken:Kindling"],"max_hp_gain":0,"max_hp_loss":0,"event_name":"WeMeetAgain","floor":20,"gold_loss":0}],"is_beta":false,"boss_relics":[{"not_picked":["Pandora\u0027s Box","Coffee Dripper"],"picked":"SlaversCollar"}],"items_purged_floors":[19],"is_endless":false,"potions_floor_spawned":[2,5,11,14,18],"killed_by":"Snecko","ascension_level":0}}