{"host":"fortuna","time":1612900965,"event":{"mods":["100% Spire Juice","Act Like it!","Arknights","BaseMod","CapriCore","Gensokyo","Hallownest","Koishi","Minty Spire (QoL Compilation)","MostiFishMod","Reimu£®≤©¿ˆ¡È√Œ£©","Relic Stats","StSLib","The Administrix","The Animator","The Bug Knight","The Immortal","Waifu the Spire","WarShipGirlsR/’ΩΩ¢…Ÿ≈ÆR mod","Yakumo Yukari mod"],"gold_per_floor":[111,121,5,5,5,39,39,50,75,75,85,105,134,150,150,253,253,253,253],"floor_reached":18,"language":"ZHS","playtime":490,"items_purged":["HollowMod:NailStrikeStart"],"score":197,"play_id":"52a30609-a199-4748-af6d-16f9d2309a29","local_time":"20210210040245","is_ascension_mode":false,"campfire_choices":[{"data":"HollowMod:ElderbugsWisdom","floor":7,"key":"SMITH"},{"data":"HollowMod:FocusHealStart","floor":10,"key":"SMITH"},{"data":"HollowMod:VengefulVoid","floor":15,"key":"SMITH"}],"circlet_count":0,"master_deck":["HollowMod:NailStrikeStart","HollowMod:NailStrikeStart","HollowMod:QuickDashStart","HollowMod:QuickDashStart","HollowMod:QuickDashStart","HollowMod:QuickDashStart","HollowMod:FocusHealStart+1","HollowMod:PogoStrike","HollowMod:DescendingDark","HollowMod:SharpenedNail","HollowMod:DungDefenderAura","HollowMod:ElderbugsWisdom+1","HollowMod:CloakDash","HollowMod:CloakDash","HollowMod:VengefulVoid+1","HollowMod:LifebloodCocoon","HollowMod:CloakDash","HollowMod:BlackTendrils","HollowMod:LordofShades","MostiFishMod:EE1D","MostiFishMod:EE1D","MostiFishMod:EE1D"],"relics":["HollowMod:VesselMask","DaveBox","NeowsBlessing","SynthV:TestCard","FeatherPendant","Hallownest:DreamNailRelic","RuthlessExorcism:ReiMu","Vajra","EE1DDrone"],"acts_visited":["Hallownest:Greenpath","Hallownest:CityofTears"],"potions_floor_usage":[],"damage_taken":[{"damage":0,"enemies":"Hallownest:monsterHuskGuard","floor":1,"turns":1},{"damage":0,"enemies":"Hallownest:2_MossCreeps","floor":2,"turns":1},{"damage":0,"enemies":"Hallownest:eliteMossKnight","floor":6,"turns":1},{"damage":0,"enemies":"Hallownest:monsterHuskWarrior","floor":8,"turns":1},{"damage":0,"enemies":"Hallownest:1_Baldur_1_Crawlid_1_Warrior","floor":11,"turns":2},{"damage":0,"enemies":"Hallownest:monsterMossCharger","floor":12,"turns":1},{"damage":6,"enemies":"Hallownest:eliteCrystalGuardian","floor":13,"turns":4},{"damage":0,"enemies":"Hallownest:Guard_and_Warrior","floor":14,"turns":2},{"damage":8,"enemies":"Hallownest:BossBrokenVessel","floor":16,"turns":4},{"damage":0,"enemies":"Hallownest:2_Mistakes","floor":18,"turns":2}],"seed_played":"-1040767828638670572","potions_obtained":[{"floor":11,"key":"PowerPotion"},{"floor":12,"key":"AttackPotion"},{"floor":16,"key":"GamblersBrew"}],"is_trial":false,"path_per_floor":["M","M","$","?","?","E","R","M","T","R","M","M","E","M","R","B",null,"M"],"character_chosen":"THE_BUGKNIGHT","items_purchased":["HollowMod:DungDefenderAura"],"campfire_rested":0,"item_purchase_floors":[3],"current_hp_per_floor":[75,75,75,75,75,75,75,75,75,75,75,75,74,74,74,73,75,75,75],"gold":253,"neow_bonus":"THREE_ENEMY_KILL","is_daily":false,"chose_seed":false,"campfire_upgraded":3,"win_rate":0.0,"timestamp":1612900965,"path_taken":["M","?","?","?","?","E","R","M","T","R","?","M","E","M","R","BOSS","M"],"items_purchased_type":["Card"],"build_version":"2020-12-18","purchased_purges":1,"victory":false,"max_hp_per_floor":[75,75,75,75,75,75,75,75,75,75,75,75,75,75,75,75,75,75,75],"relic_stats":{"counters":[10,19],"obtain_stats":[{"SynthV:TestCard":1,"DaveBox":0,"NeowsBlessing":0,"EE1DDrone":17,"FeatherPendant":1,"Vajra":13,"HollowMod:VesselMask":0,"Hallownest:DreamNailRelic":5,"RuthlessExorcism:ReiMu":6},{"SynthV:TestCard":1,"DaveBox":0,"NeowsBlessing":0,"EE1DDrone":9,"FeatherPendant":1,"Vajra":7,"HollowMod:VesselMask":0,"Hallownest:DreamNailRelic":2,"RuthlessExorcism:ReiMu":3},{"SynthV:TestCard":1,"DaveBox":0,"NeowsBlessing":0,"EE1DDrone":17,"FeatherPendant":1,"Vajra":11,"HollowMod:VesselMask":0,"Hallownest:DreamNailRelic":2,"RuthlessExorcism:ReiMu":3}]},"card_choices":[{"not_picked":["HollowMod:HeavyBlow","HollowMod:DoubleDash"],"picked":"HollowMod:DescendingDark","floor":1},{"not_picked":["HollowMod:TaintedHusks","HollowMod:ChannelNail","HollowMod:SoulSplash","HollowMod:CornifersMapStart"],"picked":"HollowMod:SharpenedNail","floor":2},{"not_picked":["HollowMod:HeavyBlow","HollowMod:QuirrelsAssistance","HollowMod:SharpenedNail","HollowMod:InfectedAttack"],"picked":"HollowMod:CloakDash","floor":6},{"not_picked":["HollowMod:SoulSplash","HollowMod:SoulMaster","HollowMod:FallenFury","HollowMod:DashSlash"],"picked":"HollowMod:CloakDash","floor":8},{"not_picked":["HollowMod:SoulStrike","HollowMod:SoulVessel","HollowMod:TaintedHusks","HollowMod:CycloneSlash"],"picked":"HollowMod:VengefulVoid","floor":11},{"not_picked":["HollowMod:MonomonsArchive","HollowMod:CornifersMapStart","HollowMod:BrokenVessel","HollowMod:GoodIntentions"],"picked":"HollowMod:LifebloodCocoon","floor":12},{"not_picked":["HollowMod:MawleksShell","HollowMod:CrystalDash","HollowMod:ShapeofUnn","HollowMod:NewJinnsSoul"],"picked":"HollowMod:CloakDash","floor":13},{"not_picked":["HollowMod:PerfectDash","HollowMod:theNailsmith","HollowMod:VengefulVoid","HollowMod:HeavyBlow"],"picked":"HollowMod:BlackTendrils","floor":14},{"not_picked":["HollowMod:ElderbugsWisdom","HollowMod:MidwifesHunger","HollowMod:PureVessel","HollowMod:HornetsHelp"],"picked":"HollowMod:LordofShades","floor":16}],"player_experience":344355,"relics_obtained":[{"floor":1,"key":"SynthV:TestCard"},{"floor":6,"key":"RuthlessExorcism:ReiMu"},{"floor":13,"key":"Vajra"}],"event_choices":[],"is_beta":true,"boss_relics":[{"not_picked":["RedLine:ReiMu","Snecko Eye"],"picked":"EE1DDrone"}],"items_purged_floors":[3],"is_endless":false,"potions_floor_spawned":[11,12,16],"killed_by":"Hallownest:2_Mistakes","ascension_level":0}}