{"host":"z7aqijtw6ph01z7j","time":1612863738,"event":{"mods":["AchievementEnabler","BaseMod","BetterRewards","Card Forge","Colored Map","Energized Spire","Hermit","Koishi","KomeijiMod","Marisa£¨Ùöéë¡¡Øª×âÞÞ£©","Minty Spire (QoL Compilation)","Reimu£¨ÚÏ???£©","Remilia£¨?Ú·×é?£©","Replay The Spire","StSLib","SuperFastMode","Td1madao Mod","The Cursed","The Hierophant","The Mystic","The Necromancer","The Runesmith","The Servant 0.9.4","TheSwordswoman"],"gold_per_floor":[216,216,228,241,99,129,129,162,162,175,175,191,211,241,241,337,337,357,357,102,102,121,121,137,162,215,249,249,319,319,380,380,495,495,525,525,126,0,33,70,70,149,226,257,301,347,347,347,347,363,363,363,57,103,113],"floor_reached":56,"language":"KOR","playtime":3121,"items_purged":["Strike_R","Defend_R","Defend_R+3"],"score":1838,"play_id":"675bea2a-f266-4018-b74b-c038d5c5948f","local_time":"20210209184218","is_ascension_mode":true,"campfire_choices":[{"floor":7.0,"key":"RECALL"},{"floor":11.0,"key":"REST"},{"floor":15.0,"key":"REST"},{"data":"Dual Wield","floor":23.0,"key":"SMITH"},{"floor":28.0,"key":"REST"},{"floor":30.0,"key":"REST"},{"floor":32.0,"key":"REST"},{"floor":41.0,"key":"REST"},{"floor":47,"key":"REST"},{"data":"Battle Trance","floor":49,"key":"SMITH"},{"floor":52,"key":"REST"}],"circlet_count":0,"master_deck":["Defend_R+5","Defend_R+5","Bash+1","Flex+1","Twin Strike+1","Sword Boomerang+1","ReplayTheSpireMod:Muscle Training+1","Heavy Blade+1","Shrug It Off+1","Heavy Blade+1","Twin Strike+1","Limit Break+1","Dual Wield+1","Heavy Blade+1","Intimidate+1","Shrug It Off+1","Replay:Undeath\u0027s Touch+1","Ghostly Armor+1","Barricade+1","Spot Weakness+1","Demon Form+1","Inflame+1","Afterwards+1","Provocative+1","Preparedness+1","Double Tap+1","Pommel Strike+1","Flex+1","Headbutt+1","Battle Trance+1","Ghostly Armor+1","Body Slam+1","Sword Boomerang+1"],"relics":["Burning Blood","Hammer of Thor","Seething Fire","Anvil of the Gods","Replay:Wanted Poster","Replay:Mystery Machine","KyoryuNoHagoromo","Runesmith:AutoHammer","Runic Pyramid","Happy Flower","Replay:Bandana","Simple Rune","Torii","Replay:Bottled Flurry","Replay:Bronze Core","Matryoshka","Red Mask","ReplayTheSpireMod:Shallot","Smiling Mask","Regal Pillow","Mercury Hourglass","ReplayTheSpireMod:Spearhead","Ring of Panic","Ring of Searing","Pet Ghost","Lee\u0027s Waffle","Gremlin Horn"],"acts_visited":["Exordium","TheCity","TheBeyond","TheEnding"],"potions_floor_usage":[46,54,54,55],"damage_taken":[{"damage":0.0,"enemies":"Cultist","floor":1.0,"turns":3.0},{"damage":0.0,"enemies":"Small Slimes","floor":3.0,"turns":3.0},{"damage":8.0,"enemies":"Jaw Worm","floor":4.0,"turns":2.0},{"damage":29.0,"enemies":"3 Sentries","floor":6.0,"turns":8.0},{"damage":1.0,"enemies":"Lagavulin","floor":8.0,"turns":4.0},{"damage":21.0,"enemies":"Gremlin Gang","floor":10.0,"turns":4.0},{"damage":10.0,"enemies":"Exordium Thugs","floor":12.0,"turns":6.0},{"damage":8.0,"enemies":"3 Louse","floor":13.0,"turns":4.0},{"damage":7.0,"enemies":"3 Sentries","floor":14.0,"turns":7.0},{"damage":22.0,"enemies":"The Guardian","floor":16.0,"turns":5.0},{"damage":0.0,"enemies":"Chosen","floor":18.0,"turns":1.0},{"damage":0.0,"enemies":"Spheric Guardian","floor":22.0,"turns":2.0},{"damage":8.0,"enemies":"Snake Plant","floor":24.0,"turns":3.0},{"damage":54.0,"enemies":"Slavers","floor":25.0,"turns":5.0},{"damage":6.0,"enemies":"Snecko","floor":27.0,"turns":2.0},{"damage":48.0,"enemies":"Gremlin Leader","floor":29.0,"turns":4.0},{"damage":1.0,"enemies":"Book of Stabbing","floor":31.0,"turns":5.0},{"damage":32.0,"enemies":"Pondfish","floor":33.0,"turns":5.0},{"damage":13.0,"enemies":"3 Darklings","floor":35.0,"turns":5.0},{"damage":13.0,"enemies":"3 Shapes","floor":39.0,"turns":5.0},{"damage":26.0,"enemies":"Nemesis","floor":40.0,"turns":5.0},{"damage":0.0,"enemies":"R_Hoarder","floor":42.0,"turns":3.0},{"damage":20.0,"enemies":"Sphere and 2 Shapes","floor":44.0,"turns":6.0},{"damage":0,"enemies":"Reptomancer","floor":45,"turns":4},{"damage":37,"enemies":"Jaw Worm Horde","floor":46,"turns":5},{"damage":15,"enemies":"Replay:Hell Engine","floor":50,"turns":4},{"damage":29,"enemies":"Shield and Spear","floor":54,"turns":5},{"damage":33,"enemies":"The Heart","floor":55,"turns":6}],"seed_played":"-4374758601799296057","potions_obtained":[{"floor":6.0,"key":"Ancient Potion"},{"floor":8.0,"key":"Venom Potion"},{"floor":12.0,"key":"FearPotion"},{"floor":16.0,"key":"FearPotion"},{"floor":24.0,"key":"LiquidMemories"},{"floor":25.0,"key":"Strength Potion"},{"floor":27.0,"key":"FairyPotion"},{"floor":31.0,"key":"PowerPotion"},{"floor":35.0,"key":"CalmPotion"},{"floor":42.0,"key":"PowerPotion"},{"floor":44.0,"key":"BloodPotion"},{"floor":46,"key":"EssenceOfSteel"},{"floor":54,"key":"Explosive Potion"}],"is_trial":false,"path_per_floor":["M","?","M","M","$","E","R","E","T","M","R","M","M","E","R","B",null,"M","?","$","?","M","R","M","E","T","M","R","E","R","E","R","B",null,"M","?","$","?","M","E","R","E","T","M","E","M","R","?","R","B",null,"R","$","E","B",null],"character_chosen":"IRONCLAD","items_purchased":["ReplayTheSpireMod:Muscle Training","Happy Flower","Pommel Strike","Matryoshka","Pet Ghost","Lee\u0027s Waffle"],"campfire_rested":8,"item_purchase_floors":[5,20,37,37,53,53],"current_hp_per_floor":[78,78,80,78,78,55,55,60,60,45,69,65,63,62,80,64,76,80,80,80,80,80,80,78,30,30,30,54,12,36,41,65,39,70,63,63,63,63,56,36,60,66,66,52,58,43,80,80,80,71,78,80,87,64,37],"gold":113,"neow_bonus":"CURSED_BOSS_RELIC","is_daily":false,"chose_seed":false,"campfire_upgraded":2,"win_rate":0.0,"timestamp":1612863738,"path_taken":["M","?","M","M","$","E","R","E","T","M","R","M","M","E","R","BOSS","M","?","$","?","M","R","M","E","T","?","R","E","R","E","R","BOSS","M","?","$","?","M","E","R","E","T","M","E","M","R","?","R","BOSS","R","$","E","BOSS"],"items_purchased_type":["Card","Relic","Card","Relic","Relic","Relic"],"build_version":"2020-12-22","purchased_purges":3,"victory":true,"max_hp_per_floor":[80,80,80,80,80,80,80,80,80,80,80,80,80,80,80,80,80,80,80,80,80,80,80,80,80,80,80,80,80,80,80,80,80,80,80,80,80,80,80,80,80,80,80,80,80,80,80,80,80,80,80,80,87,87,87],"card_choices":[{"not_picked":["ReplayTheSpireMod:Muscle Training","Whirlwind"],"picked":"Flex","floor":1.0},{"not_picked":["Second Wind","Evolve"],"picked":"Twin Strike","floor":3.0},{"not_picked":["Hemokinesis","Carnage"],"picked":"Sword Boomerang","floor":4.0},{"not_picked":["Shrug It Off","True Grit"],"picked":"Heavy Blade","floor":6.0},{"not_picked":["Anger","ReplayTheSpireMod:LeadingStrike","Reckless Charge"],"picked":"SKIP","floor":8.0},{"not_picked":["Reckless Charge","Twin Strike"],"picked":"Shrug It Off","floor":10.0},{"not_picked":["Whirlwind","Uppercut"],"picked":"Armaments","floor":12.0},{"not_picked":["Armaments","Immolate"],"picked":"Heavy Blade","floor":13.0},{"not_picked":["Replay:Undeath\u0027s Touch","Havoc"],"picked":"Twin Strike","floor":14.0},{"not_picked":["Replay:Many Hands","Brutality"],"picked":"Limit Break","floor":16.0},{"not_picked":["Replay:Undeath\u0027s Touch","Uppercut"],"picked":"Dark Embrace","floor":18.0},{"not_picked":["Reckless Charge","Intimidate"],"picked":"Heavy Blade","floor":22.0},{"not_picked":["Perfected Strike+1","Iron Wave+1"],"picked":"Intimidate+1","floor":24.0},{"not_picked":["Warcry","Rampage"],"picked":"Shrug It Off","floor":25.0},{"not_picked":["Flame Barrier+1","Feel No Pain"],"picked":"Replay:Undeath\u0027s Touch","floor":27.0},{"not_picked":["Perfected Strike","Infernal Blade"],"picked":"Ghostly Armor","floor":29.0},{"not_picked":["Pommel Strike+1","Cleave"],"picked":"Barricade","floor":31.0},{"not_picked":["Offering","Bludgeon"],"picked":"Double Tap","floor":33.0},{"not_picked":["Cleave","Wild Strike","Iron Wave+1"],"picked":"SKIP","floor":35.0},{"not_picked":["Whirlwind+1","Armaments","Rampage+1"],"picked":"SKIP","floor":39.0},{"not_picked":["Fire Breathing","Thunderclap"],"picked":"Flex+1","floor":40.0},{"not_picked":["True Grit+1","Clothesline+1"],"picked":"Headbutt+1","floor":42.0},{"not_picked":["Intimidate+1","Clash"],"picked":"Battle Trance","floor":44.0},{"not_picked":["Brutality","Iron Wave"],"picked":"Ghostly Armor+1","floor":45},{"not_picked":["Second Wind+1","Flex+1"],"picked":"Body Slam+1","floor":46},{"not_picked":["Anger+1","Havoc"],"picked":"Sword Boomerang+1","floor":54}],"player_experience":363774,"relics_obtained":[{"floor":6.0,"key":"Replay:Mystery Machine"},{"floor":8.0,"key":"KyoryuNoHagoromo"},{"floor":14.0,"key":"Runesmith:AutoHammer"},{"floor":25.0,"key":"Replay:Bandana"},{"floor":26.0,"key":"Simple Rune"},{"floor":29.0,"key":"Torii"},{"floor":31.0,"key":"Replay:Bottled Flurry"},{"floor":40.0,"key":"ReplayTheSpireMod:Shallot"},{"floor":42.0,"key":"Smiling Mask"},{"floor":43.0,"key":"Regal Pillow"},{"floor":43.0,"key":"Mercury Hourglass"},{"floor":45,"key":"ReplayTheSpireMod:Spearhead"},{"floor":48,"key":"Ring of Panic"},{"floor":48,"key":"Ring of Searing"},{"floor":54,"key":"Gremlin Horn"}],"event_choices":[{"damage_healed":0.0,"max_hp_gain":0.0,"max_hp_loss":0.0,"gold_gain":0.0,"event_name":"The Library","player_choice":"Read","floor":19.0,"gold_loss":0.0,"damage_taken":0.0,"cards_obtained":["Dual Wield"]},{"damage_healed":0.0,"max_hp_gain":0.0,"max_hp_loss":0.0,"gold_gain":0.0,"event_name":"Upgrade Shrine","player_choice":"Upgraded","floor":21.0,"gold_loss":0.0,"damage_taken":0.0,"cards_upgraded":["Limit Break"]},{"damage_healed":0.0,"max_hp_gain":0.0,"max_hp_loss":0.0,"gold_gain":0.0,"event_name":"OrinTheCat","player_choice":"Ignored","floor":36.0,"gold_loss":0.0,"damage_taken":0.0},{"damage_healed":0.0,"max_hp_gain":0.0,"max_hp_loss":0.0,"gold_gain":0.0,"event_name":"Tomb of Lord Red Mask","player_choice":"Paid","floor":38.0,"gold_loss":126.0,"damage_taken":0.0,"relics_obtained":["Red Mask"]}],"is_beta":false,"boss_relics":[{"not_picked":["Philosopher\u0027s Stone","Electric Blood"],"picked":"Runic Pyramid"},{"not_picked":["Astrolabe","Tiny House"],"picked":"Replay:Bronze Core"}],"items_purged_floors":[5,20,37],"is_endless":false,"potions_floor_spawned":[6,8,12,16,24,25,27,31,35,42,44,46,54],"ascension_level":8}}