{"host":"kpyoctgc7jne3jiy","time":1612881026,"event":{"mods":["AchievementEnabler","BaseMod","Minty Spire (QoL Compilation)","Relic Stats"],"gold_per_floor":[166,166,176,5,19,19,44,59,59,77,77,111,123,138,138,239,239,252,272,21,32,47,47,47],"floor_reached":23,"language":"ENG","playtime":1206,"items_purged":["Strike_G"],"score":325,"play_id":"b5312f8f-7fd4-4c0f-afad-86c0be531679","local_time":"20210209153026","is_ascension_mode":true,"campfire_choices":[{"data":"Crippling Poison","floor":6.0,"key":"SMITH"},{"floor":11.0,"key":"REST"},{"floor":15,"key":"REST"}],"circlet_count":0,"master_deck":["Strike_G+1","Strike_G+1","Strike_G+1","Strike_G","Defend_G","Defend_G","Defend_G","Defend_G","Defend_G","Survivor","Neutralize","Crippling Poison+1","Predator","Neutralize","Doppelganger","Blade Dance","Dagger Spray","PiercingWail","Corpse Explosion","Blur","Calculated Gamble","Cloak And Dagger","Backstab","Leg Sweep","Venomology","Dodge and Roll+1","Deflect","Well Laid Plans","Poisoned Stab","PiercingWail"],"relics":["Tiny House","Membership Card","Pear","Question Card","Happy Flower","Philosopher\u0027s Stone","Whetstone","Mercury Hourglass"],"acts_visited":["Exordium","TheCity"],"potions_floor_usage":[16,19,21,22,22,23,23],"damage_taken":[{"damage":4.0,"enemies":"Small Slimes","floor":1.0,"turns":4.0},{"damage":1.0,"enemies":"Cultist","floor":3.0,"turns":3.0},{"damage":0.0,"enemies":"2 Louse","floor":5.0,"turns":2.0},{"damage":26.0,"enemies":"Lagavulin","floor":7.0,"turns":7.0},{"damage":10.0,"enemies":"Blue Slaver","floor":8.0,"turns":4.0},{"damage":3.0,"enemies":"Exordium Thugs","floor":10.0,"turns":5.0},{"damage":26.0,"enemies":"3 Sentries","floor":12.0,"turns":6.0},{"damage":10,"enemies":"3 Louse","floor":13,"turns":4},{"damage":2,"enemies":"Exordium Wildlife","floor":14,"turns":3},{"damage":18,"enemies":"The Guardian","floor":16,"turns":15},{"damage":32,"enemies":"Spheric Guardian","floor":18,"turns":6},{"damage":8,"enemies":"Chosen","floor":19,"turns":6},{"damage":1,"enemies":"Snecko","floor":21,"turns":6},{"damage":9,"enemies":"Sentry and Sphere","floor":22,"turns":4},{"damage":25,"enemies":"Book of Stabbing","floor":23,"turns":4}],"seed_played":"896384132800256822","potions_obtained":[{"floor":0.0,"key":"ColorlessPotion"},{"floor":1.0,"key":"ColorlessPotion"},{"floor":5.0,"key":"AttackPotion"},{"floor":10.0,"key":"LiquidBronze"},{"floor":13,"key":"Dexterity Potion"},{"floor":18,"key":"DistilledChaos"},{"floor":22,"key":"Explosive Potion"}],"is_trial":false,"path_per_floor":["M","?","M","$","M","R","E","M","T","M","R","E","M","M","R","B",null,"M","M","$","M","M","E"],"character_chosen":"THE_SILENT","items_purchased":["Membership Card","AttackPotion","Well Laid Plans","Whetstone","Mercury Hourglass"],"campfire_rested":2,"item_purchase_floors":[4,4,20,20,20],"current_hp_per_floor":[64,64,63,63,63,63,47,37,37,34,59,33,23,21,46,28,71,39,31,31,30,21,0,0],"gold":47,"neow_bonus":"BOSS_RELIC","is_daily":false,"chose_seed":false,"campfire_upgraded":1,"win_rate":0.0,"timestamp":1612881026,"path_taken":["M","?","M","$","M","R","E","M","T","M","R","E","?","?","R","BOSS","M","M","$","M","M","E"],"items_purchased_type":["Relic","Potion","Card","Relic","Relic"],"build_version":"2020-12-22","purchased_purges":1,"victory":false,"max_hp_per_floor":[75,75,75,75,75,75,85,85,85,85,85,85,85,85,85,85,85,85,85,85,85,85,85,85],"relic_stats":{"Happy Flower":[16],"counters":[15,79],"Whetstone":["Strike_G","Strike_G"],"Question Card":9,"obtain_stats":[{"Tiny House":0,"Pear":7,"Happy Flower":12,"Philosopher\u0027s Stone":17,"Membership Card":4,"Whetstone":20,"Question Card":9,"Ring of the Snake":0,"Mercury Hourglass":20},{"Tiny House":0,"Pear":4,"Happy Flower":7,"Philosopher\u0027s Stone":10,"Membership Card":2,"Whetstone":12,"Question Card":5,"Ring of the Snake":0,"Mercury Hourglass":12},{"Tiny House":0,"Pear":16,"Happy Flower":31,"Philosopher\u0027s Stone":53,"Membership Card":7,"Whetstone":65,"Question Card":20,"Ring of the Snake":0,"Mercury Hourglass":65}],"Mercury Hourglass":[39]},"card_choices":[{"not_picked":["Dash","Prepared"],"picked":"Crippling Poison","floor":0.0},{"not_picked":["Dagger Throw","PiercingWail"],"picked":"Predator","floor":1.0},{"not_picked":["PiercingWail","Expertise"],"picked":"Dagger Spray","floor":3.0},{"not_picked":["Outmaneuver","Distraction"],"picked":"PiercingWail","floor":5.0},{"not_picked":["Choke","Flechettes"],"picked":"Corpse Explosion","floor":7.0},{"not_picked":["Blade Dance","Backflip"],"picked":"Blur","floor":8.0},{"not_picked":["All Out Attack","Caltrops","Slice"],"picked":"Calculated Gamble","floor":10.0},{"not_picked":["Blur","Crippling Poison","Setup"],"picked":"Cloak And Dagger","floor":12.0},{"not_picked":["Tactician","Backflip","Acrobatics"],"picked":"Backstab","floor":13},{"not_picked":["Skewer","Quick Slash","Acrobatics"],"picked":"Leg Sweep","floor":14},{"not_picked":["Storm of Steel","Bullet Time","Corpse Explosion"],"picked":"Venomology","floor":16},{"not_picked":["Poisoned Stab+1","Terror","Riddle With Holes"],"picked":"Dodge and Roll+1","floor":18},{"not_picked":["Dagger Spray+1","Riddle With Holes","Bane"],"picked":"Deflect","floor":19},{"not_picked":["Outmaneuver","Blade Dance","Choke"],"picked":"Poisoned Stab","floor":21},{"not_picked":["Dodge and Roll","Sucker Punch","Outmaneuver+1"],"picked":"PiercingWail","floor":22}],"player_experience":345950,"relics_obtained":[{"floor":7.0,"key":"Pear"},{"floor":9.0,"key":"Question Card"},{"floor":12.0,"key":"Happy Flower"}],"event_choices":[{"damage_healed":0.0,"max_hp_gain":0.0,"max_hp_loss":0.0,"gold_gain":0.0,"event_name":"Match and Keep!","player_choice":"3 cards matched","floor":2.0,"gold_loss":0.0,"damage_taken":0.0,"cards_obtained":["Neutralize","Doppelganger","Blade Dance"]},{"damage_healed":0.0,"max_hp_gain":0.0,"max_hp_loss":0.0,"gold_gain":0.0,"event_name":"Match and Keep!","player_choice":"3 cards matched","floor":2.0,"gold_loss":0.0,"damage_taken":0.0,"cards_obtained":["Neutralize","Doppelganger","Blade Dance"]}],"is_beta":false,"boss_relics":[{"not_picked":["Empty Cage","Runic Dome"],"picked":"Philosopher\u0027s Stone"}],"items_purged_floors":[20],"is_endless":false,"potions_floor_spawned":[1,5,10,13,14,18,21,22],"killed_by":"Book of Stabbing","ascension_level":9}}