{"host":"tml1x4ylw9tadh99","time":1612896299,"event":{"mods":["AchievementEnabler","Act Like it!","BaseMod","Bestiary","Colored Map","Colored Powertips","DeckTracker","Friendly Minions","GifTheSpireLib","Minty Spire (QoL Compilation)","Quick Restart","Random Character Button","Random Character Mod","Relic Stats","StSLib","Synergy Search"],"gold_per_floor":[114,34,34,34,50,50,69,69,69],"floor_reached":8,"language":"ENG","playtime":570,"items_purged":[],"score":46,"play_id":"1970914c-1a38-4df1-9103-4742638f3abe","local_time":"20210209194459","is_ascension_mode":false,"campfire_choices":[{"data":"Eruption","floor":6,"key":"SMITH"}],"circlet_count":0,"master_deck":["Strike_P","Strike_P","Strike_P","Strike_P","Defend_P","Defend_P","Defend_P","Defend_P","Eruption+1","Vigilance","Adaptation","Adaptation","Adaptation"],"relics":["PureWater","Prayer Wheel"],"acts_visited":["Exordium"],"potions_floor_usage":[8],"damage_taken":[{"damage":4,"enemies":"2 Louse","floor":1,"turns":4},{"damage":4,"enemies":"Jaw Worm","floor":5,"turns":5},{"damage":0,"enemies":"Small Slimes","floor":7,"turns":2},{"damage":56,"enemies":"3 Sentries","floor":8,"turns":5}],"seed_played":"1439642775539321952","potions_obtained":[{"floor":1,"key":"Swift Potion"}],"is_trial":false,"path_per_floor":["M","$","?","?","M","R","M","E"],"character_chosen":"WATCHER","items_purchased":["Adaptation"],"campfire_rested":0,"item_purchase_floors":[2],"current_hp_per_floor":[68,68,68,50,46,46,46,0,0],"gold":69,"neow_bonus":"THREE_CARDS","is_daily":false,"chose_seed":false,"campfire_upgraded":1,"win_rate":0.0,"timestamp":1612896299,"path_taken":["M","$","?","?","M","R","M","E"],"items_purchased_type":["Card"],"build_version":"2020-12-22","purchased_purges":0,"victory":false,"max_hp_per_floor":[72,72,72,72,72,72,72,72,72],"relic_stats":{"counters":[4,16],"Prayer Wheel":2,"obtain_stats":[{"Prayer Wheel":4,"PureWater":0},{"Prayer Wheel":1,"PureWater":0},{"Prayer Wheel":4,"PureWater":0}]},"card_choices":[{"not_picked":["WheelKick","Wallop","Halt"],"picked":"SKIP","floor":1},{"not_picked":["Swivel","Crescendo"],"picked":"Adaptation","floor":5},{"not_picked":["Worship","SandsOfTime","Conclude"],"picked":"SKIP","floor":5},{"not_picked":["Nirvana","ForeignInfluence"],"picked":"Adaptation","floor":7},{"not_picked":["ThirdEye","Protect","Consecrate"],"picked":"SKIP","floor":7}],"player_experience":45928,"relics_obtained":[],"event_choices":[{"damage_healed":0,"gold_gain":0,"player_choice":"Ignored","damage_taken":0,"max_hp_gain":0,"max_hp_loss":0,"event_name":"Golden Idol","floor":3,"gold_loss":0},{"damage_healed":0,"gold_gain":0,"player_choice":"Success","damage_taken":18,"relics_obtained":["Prayer Wheel"],"max_hp_gain":0,"max_hp_loss":0,"event_name":"Scrap Ooze","floor":4,"gold_loss":0}],"is_beta":false,"boss_relics":[],"items_purged_floors":[],"is_endless":false,"potions_floor_spawned":[1],"killed_by":"3 Sentries","ascension_level":0}}