{"host":"h0xw20cia6ppa69g","time":1612864550,"event":{"mods":["AchievementEnabler","BaseMod","Colored Map","Filter the Spire","Googly Eyes","Minty Spire (QoL Compilation)","Relic Stats","StSLib","The Awakened One except there are too many feathers","everything is the same but u backflip on backflip"],"gold_per_floor":[116,134,134,144,158,158,188,188,213,213,240,240,258,232,232,332,332,345,115,115,115,127,127,156,156,179,192,221,234,254,254,254,354,354,373,423,436,451,470,504,46,60,132,180,212,212,243,243,243,243,243,243,25,53,53,53],"floor_reached":55,"language":"ENG","playtime":2431,"items_purged":[],"score":924,"play_id":"5f725b95-35c0-4608-be01-21063952007d","local_time":"20210209035550","is_ascension_mode":true,"campfire_choices":[{"data":"Whirlwind","floor":6.0,"key":"SMITH"},{"data":"Flex","floor":10.0,"key":"SMITH"},{"data":"Battle Trance","floor":12.0,"key":"SMITH"},{"data":"Bash","floor":15.0,"key":"SMITH"},{"data":"Offering","floor":23.0,"key":"SMITH"},{"data":"Flex","floor":25.0,"key":"SMITH"},{"floor":32.0,"key":"REST"},{"floor":46.0,"key":"RECALL"},{"data":"1","floor":49.0,"key":"LIFT"},{"data":"2","floor":52.0,"key":"LIFT"}],"circlet_count":0,"master_deck":["Bash+1","Burning Pact+1","Flame Barrier+1","Flex+1","Dual Wield","Whirlwind+1","Battle Trance+1","Spot Weakness","True Grit","Offering+1","Thunderclap","Disarm","Flex+1","Bloodletting","Metallicize","Armaments+1","Metallicize","Necronomicurse","Offering","Rampage+1","Searing Blow+1","Disarm+1","Shockwave+1","Flex","Limit Break","Flame Barrier+1","Disarm+1","Limit Break+1","Flame Barrier+1","True Grit+1","Shrug It Off+1","Headbutt+1","Limit Break+1","Berserk"],"relics":["Pandora\u0027s Box","Toy Ornithopter","Happy Flower","Pen Nib","War Paint","Mark of Pain","OrangePellets","Molten Egg 2","Letter Opener","Anchor","Vajra","Gremlin Horn","Necronomicon","Astrolabe","Girya","Toxic Egg 2","Chemical X","Akabeko","Prayer Wheel","Ornamental Fan","StrikeDummy","Centennial Puzzle","Nunchaku"],"acts_visited":["Exordium","TheCity","TheBeyond","TheEnding"],"potions_floor_usage":[55],"damage_taken":[{"damage":9.0,"enemies":"Cultist","floor":1.0,"turns":4.0},{"damage":7.0,"enemies":"Jaw Worm","floor":2.0,"turns":4.0},{"damage":0.0,"enemies":"2 Louse","floor":4.0,"turns":1.0},{"damage":0.0,"enemies":"Lots of Slimes","floor":5.0,"turns":1.0},{"damage":20.0,"enemies":"Gremlin Nob","floor":7.0,"turns":4.0},{"damage":12.0,"enemies":"Lagavulin","floor":11.0,"turns":6.0},{"damage":3.0,"enemies":"Exordium Wildlife","floor":13.0,"turns":3.0},{"damage":0.0,"enemies":"Slime Boss","floor":16.0,"turns":5.0},{"damage":3.0,"enemies":"Spheric Guardian","floor":18.0,"turns":3.0},{"damage":0.0,"enemies":"3 Byrds","floor":22.0,"turns":1.0},{"damage":31.0,"enemies":"Slavers","floor":24.0,"turns":3.0},{"damage":12.0,"enemies":"Snecko","floor":27.0,"turns":3.0},{"damage":0.0,"enemies":"Gremlin Leader","floor":28.0,"turns":4.0},{"damage":6.0,"enemies":"Chosen and Byrds","floor":29.0,"turns":2.0},{"damage":6.0,"enemies":"Centurion and Healer","floor":30.0,"turns":4.0},{"damage":15.0,"enemies":"Champ","floor":33.0,"turns":5.0},{"damage":7.0,"enemies":"Orb Walker","floor":35.0,"turns":2.0},{"damage":5.0,"enemies":"Mind Bloom Boss Battle","floor":36.0,"turns":6.0},{"damage":0.0,"enemies":"3 Shapes","floor":37.0,"turns":3.0},{"damage":6.0,"enemies":"Jaw Worm Horde","floor":38.0,"turns":2.0},{"damage":6.0,"enemies":"Spire Growth","floor":39.0,"turns":2.0},{"damage":27.0,"enemies":"Nemesis","floor":40.0,"turns":5.0},{"damage":0.0,"enemies":"4 Shapes","floor":42.0,"turns":5.0},{"damage":0.0,"enemies":"2 Orb Walkers","floor":44.0,"turns":1.0},{"damage":12.0,"enemies":"Giant Head","floor":45.0,"turns":6.0},{"damage":27.0,"enemies":"Nemesis","floor":47.0,"turns":7.0},{"damage":29.0,"enemies":"Awakened One","floor":50.0,"turns":22.0},{"damage":46.0,"enemies":"Shield and Spear","floor":54.0,"turns":4.0},{"damage":65,"enemies":"The Heart","floor":55,"turns":3}],"seed_played":"-8492711386441443799","potions_obtained":[{"floor":4.0,"key":"SteroidPotion"},{"floor":5.0,"key":"Weak Potion"},{"floor":11.0,"key":"BlessingOfTheForge"},{"floor":27.0,"key":"Energy Potion"},{"floor":28.0,"key":"ColorlessPotion"},{"floor":29.0,"key":"SkillPotion"},{"floor":33.0,"key":"Strength Potion"},{"floor":37.0,"key":"Swift Potion"},{"floor":38.0,"key":"ElixirPotion"},{"floor":47.0,"key":"Explosive Potion"},{"floor":54.0,"key":"BloodPotion"}],"is_trial":false,"path_per_floor":["M","M","?","M","M","R","E","?","T","R","E","R","M","$","R","B",null,"M","$","T","?","M","R","E","R","T","M","E","M","M","?","R","B",null,"M","?","M","M","M","E","$","M","T","?","E","R","E","?","R","B",null,"R","$","E","B"],"character_chosen":"IRONCLAD","items_purchased":["True Grit","OrangePellets","Disarm","Chemical X","Limit Break+1","Akabeko","Limit Break+1","Centennial Puzzle"],"campfire_rested":1,"item_purchase_floors":[14,19,19,41,41,41,53,53],"current_hp_per_floor":[71,64,52,52,52,52,32,32,32,32,25,25,22,22,22,22,80,77,77,77,77,77,77,46,46,46,34,34,28,22,6,30,25,80,73,68,68,62,56,29,29,29,29,29,17,17,5,80,80,51,80,80,80,39,0,0],"gold":53,"neow_bonus":"BOSS_RELIC","is_daily":false,"chose_seed":false,"campfire_upgraded":6,"win_rate":0.0,"timestamp":1612864550,"path_taken":["M","?","?","M","M","R","E","?","T","R","E","R","M","$","R","BOSS","M","$","?","?","M","R","E","R","T","M","E","?","M","?","R","BOSS","M","?","M","M","M","E","$","M","T","?","E","R","E","?","R","BOSS","R","$","E","BOSS"],"items_purchased_type":["Card","Relic","Card","Relic","Card","Relic","Card","Relic"],"build_version":"2020-12-22","purchased_purges":0,"victory":false,"max_hp_per_floor":[80,80,80,80,80,80,80,80,80,80,80,80,80,80,80,80,80,80,80,80,80,80,80,80,80,80,80,80,80,80,80,80,80,80,80,80,80,80,80,80,80,80,80,80,80,80,80,80,80,80,80,80,80,80,80,80],"relic_stats":{"Happy Flower":[35],"Gremlin Horn":[7,8],"counters":[29,121],"Astrolabe":["Rampage","Searing Blow","Combust"],"Pen Nib":[9],"Letter Opener":[487],"War Paint":["Burning Pact","Flame Barrier"],"OrangePellets":[26],"Centennial Puzzle":[6],"Nunchaku":[0],"Ornamental Fan":[12],"Pandora\u0027s Box":["Burning Pact","Flame Barrier","Flex","Fiend Fire","Dual Wield","Corruption","Fire Breathing","Whirlwind","Rage"],"Prayer Wheel":0,"Necronomicon":[28],"Chemical X":[12],"obtain_stats":[{"Girya":36,"Happy Flower":7,"Gremlin Horn":28,"Astrolabe":34,"Vajra":26,"Pen Nib":9,"Letter Opener":21,"War Paint":11,"Burning Blood":0,"Akabeko":41,"OrangePellets":19,"Anchor":24,"Centennial Puzzle":53,"Nunchaku":54,"Ornamental Fan":45,"Pandora\u0027s Box":0,"Molten Egg 2":20,"Prayer Wheel":44,"Mark of Pain":17,"Necronomicon":31,"Chemical X":41,"Toxic Egg 2":40,"StrikeDummy":47,"Toy Ornithopter":3},{"Girya":18,"Happy Flower":5,"Gremlin Horn":13,"Astrolabe":16,"Vajra":11,"Pen Nib":5,"Letter Opener":9,"War Paint":6,"Burning Blood":0,"Akabeko":22,"OrangePellets":9,"Anchor":11,"Centennial Puzzle":27,"Nunchaku":28,"Ornamental Fan":25,"Pandora\u0027s Box":0,"Molten Egg 2":9,"Prayer Wheel":24,"Mark of Pain":8,"Necronomicon":15,"Chemical X":22,"Toxic Egg 2":22,"StrikeDummy":26,"Toy Ornithopter":2},{"Girya":61,"Happy Flower":14,"Gremlin Horn":42,"Astrolabe":53,"Vajra":35,"Pen Nib":14,"Letter Opener":31,"War Paint":20,"Burning Blood":0,"Akabeko":73,"OrangePellets":31,"Anchor":35,"Centennial Puzzle":114,"Nunchaku":118,"Ornamental Fan":85,"Pandora\u0027s Box":0,"Molten Egg 2":31,"Prayer Wheel":79,"Mark of Pain":28,"Necronomicon":48,"Chemical X":73,"Toxic Egg 2":73,"StrikeDummy":92,"Toy Ornithopter":8}],"Toy Ornithopter":40},"card_choices":[{"not_picked":["Headbutt","Clash"],"picked":"Battle Trance","floor":1.0},{"not_picked":["Armaments","Body Slam","Sword Boomerang"],"picked":"SKIP","floor":2.0},{"not_picked":["Searing Blow","Sword Boomerang","Clash"],"picked":"SKIP","floor":4.0},{"not_picked":["Headbutt","Searing Blow","Clothesline"],"picked":"SKIP","floor":5.0},{"not_picked":["Dual Wield","Entrench","Anger"],"picked":"SKIP","floor":7.0},{"not_picked":["Rampage","Sever Soul","Hemokinesis"],"picked":"SKIP","floor":11.0},{"not_picked":["Anger","Heavy Blade"],"picked":"Spot Weakness","floor":13.0},{"not_picked":["Brutality","Exhume"],"picked":"Offering","floor":16.0},{"not_picked":["Cleave","Pommel Strike"],"picked":"Thunderclap","floor":18.0},{"not_picked":["Evolve","Rupture+1","Warcry+1"],"picked":"SKIP","floor":22.0},{"not_picked":["Perfected Strike+1","Dropkick+1"],"picked":"Flex","floor":24.0},{"not_picked":["Power Through","Perfected Strike+1"],"picked":"Bloodletting","floor":27.0},{"not_picked":["Heavy Blade+1","Armaments"],"picked":"Metallicize","floor":28.0},{"not_picked":["Twin Strike+1","Wild Strike+1"],"picked":"Armaments+1","floor":29.0},{"not_picked":["Heavy Blade+1","Body Slam+1"],"picked":"Metallicize","floor":30.0},{"not_picked":["Brutality","Juggernaut"],"picked":"Offering","floor":33.0},{"not_picked":["Body Slam+1","Reckless Charge+1"],"picked":"Disarm+1","floor":35.0},{"not_picked":["Rage+1","Body Slam+1"],"picked":"Shockwave+1","floor":36.0},{"not_picked":["Cleave+1","Warcry+1"],"picked":"Flex","floor":37.0},{"not_picked":["Havoc+1","Rupture+1"],"picked":"Limit Break","floor":38.0},{"not_picked":["Clash+1","Fire Breathing+1"],"picked":"Flame Barrier+1","floor":39.0},{"not_picked":["Perfected Strike+1","Havoc+1"],"picked":"Disarm+1","floor":40.0},{"not_picked":["Perfected Strike+1","Metallicize+1"],"picked":"Flame Barrier+1","floor":42.0},{"not_picked":["Armaments+1","Searing Blow+1"],"picked":"True Grit+1","floor":44.0},{"not_picked":["True Grit+1","Headbutt+1"],"picked":"Shrug It Off+1","floor":45.0},{"not_picked":["Havoc+1","Ghostly Armor+1"],"picked":"Headbutt+1","floor":47.0},{"not_picked":["Shrug It Off+1","Immolate+1"],"picked":"Berserk","floor":54.0}],"player_experience":3842744,"relics_obtained":[{"floor":7.0,"key":"Happy Flower"},{"floor":9.0,"key":"Pen Nib"},{"floor":11.0,"key":"War Paint"},{"floor":20.0,"key":"Molten Egg 2"},{"floor":24.0,"key":"Anchor"},{"floor":26.0,"key":"Vajra"},{"floor":28.0,"key":"Gremlin Horn"},{"floor":31.0,"key":"Necronomicon"},{"floor":36.0,"key":"Girya"},{"floor":40.0,"key":"Toxic Egg 2"},{"floor":44.0,"key":"Prayer Wheel"},{"floor":45.0,"key":"Ornamental Fan"},{"floor":47.0,"key":"StrikeDummy"},{"floor":54.0,"key":"Nunchaku"}],"event_choices":[{"damage_healed":0.0,"max_hp_gain":0.0,"max_hp_loss":0.0,"gold_gain":0.0,"event_name":"Scrap Ooze","player_choice":"Success","floor":3.0,"gold_loss":0.0,"damage_taken":12.0,"relics_obtained":["Toy Ornithopter"]},{"cards_removed":["Rage"],"damage_healed":0.0,"max_hp_gain":0.0,"max_hp_loss":0.0,"gold_gain":0.0,"event_name":"Purifier","player_choice":"Purged","floor":8.0,"gold_loss":0.0,"damage_taken":0.0},{"damage_healed":0.0,"max_hp_gain":0.0,"max_hp_loss":0.0,"gold_gain":0.0,"event_name":"WeMeetAgain","player_choice":"Gave Potion","floor":21.0,"gold_loss":0.0,"damage_taken":0.0,"relics_obtained":["Letter Opener"]},{"damage_healed":0.0,"max_hp_gain":0.0,"max_hp_loss":0.0,"gold_gain":0.0,"event_name":"Cursed Tome","player_choice":"Obtained Book","floor":31.0,"gold_loss":0.0,"damage_taken":16.0},{"damage_healed":0.0,"max_hp_gain":0.0,"max_hp_loss":0.0,"gold_gain":0.0,"event_name":"MindBloom","player_choice":"Fight","floor":36.0,"gold_loss":0.0,"damage_taken":0.0},{"damage_healed":0.0,"max_hp_gain":0.0,"max_hp_loss":0.0,"gold_gain":0.0,"event_name":"Mysterious Sphere","player_choice":"Fight","floor":44.0,"gold_loss":0.0,"damage_taken":0.0},{"cards_removed":["Combust"],"damage_healed":75.0,"max_hp_gain":0.0,"max_hp_loss":0.0,"gold_gain":0.0,"event_name":"Bonfire Elementals","player_choice":"Offered Uncommon","floor":48.0,"gold_loss":0.0,"damage_taken":0.0}],"is_beta":false,"boss_relics":[{"not_picked":["Cursed Key","Velvet Choker"],"picked":"Mark of Pain"},{"not_picked":["SlaversCollar","Tiny House"],"picked":"Astrolabe"}],"items_purged_floors":[],"is_endless":false,"potions_floor_spawned":[4,5,11,27,28,29,33,37,38,42,47,54],"killed_by":"The Heart","ascension_level":1}}