{"host":"j3a2evu0xzqog6vj","time":1612879317,"event":{"mods":["BaseMod","Minty Spire (QoL Compilation)"],"gold_per_floor":[116,130,280,33,33,33,68,68,149,35,54,72,102,117,117,190,190,209,209,209,209,227,227,262,37,37,68,118,130,130,130],"floor_reached":30,"language":"ENG","playtime":1337,"items_purged":["Doubt"],"score":677,"play_id":"6dadc000-7805-4a32-829b-4b5917a24196","local_time":"20210209150157","is_ascension_mode":true,"campfire_choices":[{"data":"Bash","floor":6,"key":"SMITH"},{"data":"Blood for Blood","floor":8,"key":"SMITH"},{"data":"Bludgeon","floor":15,"key":"SMITH"},{"data":"Flame Barrier","floor":23,"key":"SMITH"}],"circlet_count":0,"master_deck":["AscendersBane","Defend_R","Defend_R","Defend_R","Defend_R","Bash+1","Anger","Blood for Blood+1","Carnage","Battle Trance","Shrug It Off","Bludgeon+1","Shrug It Off","Double Tap","Flame Barrier+1","Bite","Bite","Bite","Bite","Bite","Shrug It Off","Berserk"],"relics":["Burning Blood","NeowsBlessing","Strange Spoon","Ornamental Fan","Unceasing Top","Matryoshka","Incense Burner","Philosopher\u0027s Stone","Nilry\u0027s Codex","Darkstone Periapt","Anchor","Bag of Preparation","Potion Belt","Bronze Scales"],"acts_visited":["Exordium","TheCity"],"potions_floor_usage":[12,18,24,24],"damage_taken":[{"damage":0,"enemies":"Small Slimes","floor":1,"turns":1},{"damage":0,"enemies":"Jaw Worm","floor":2,"turns":1},{"damage":0,"enemies":"3 Sentries","floor":7,"turns":2},{"damage":0,"enemies":"2 Louse","floor":11,"turns":2},{"damage":0,"enemies":"Exordium Wildlife","floor":12,"turns":3},{"damage":32,"enemies":"Gremlin Nob","floor":13,"turns":4},{"damage":0,"enemies":"2 Fungi Beasts","floor":14,"turns":2},{"damage":10,"enemies":"Slime Boss","floor":16,"turns":12},{"damage":23,"enemies":"3 Byrds","floor":18,"turns":6},{"damage":13,"enemies":"2 Thieves","floor":22,"turns":5},{"damage":37,"enemies":"Book of Stabbing","floor":24,"turns":4},{"damage":0,"enemies":"Gremlin Leader","floor":27,"turns":2},{"damage":0,"enemies":"Snake Plant","floor":29,"turns":1},{"damage":38,"enemies":"Centurion and Healer","floor":30,"turns":8}],"seed_played":"-1834825620967313651","potions_obtained":[{"floor":7,"key":"PowerPotion"},{"floor":11,"key":"Fruit Juice"},{"floor":12,"key":"Block Potion"},{"floor":13,"key":"Fire Potion"},{"floor":22,"key":"Swift Potion"},{"floor":27,"key":"Explosive Potion"}],"is_trial":false,"path_per_floor":["M","M","?","$","?","R","E","R","T","$","M","M","E","M","R","B",null,"M","?","?","?","M","R","E","$","T","E","?","M","M"],"character_chosen":"IRONCLAD","items_purchased":["Strange Spoon","Carnage","Battle Trance","Anchor","Energy Potion"],"campfire_rested":0,"item_purchase_floors":[4,10,10,25,25],"current_hp_per_floor":[74,75,75,75,57,57,63,63,63,63,69,80,54,60,60,56,74,57,36,36,36,37,37,8,8,8,14,14,20,0,0],"gold":130,"neow_bonus":"THREE_ENEMY_KILL","is_daily":false,"chose_seed":false,"campfire_upgraded":4,"win_rate":0.0,"timestamp":1612879317,"path_taken":["M","M","?","$","?","R","E","R","T","?","M","M","E","M","R","BOSS","M","?","?","?","M","R","E","$","T","E","?","?","M"],"items_purchased_type":["Relic","Card","Card","Relic","Potion"],"build_version":"2020-12-22","purchased_purges":1,"victory":false,"max_hp_per_floor":[75,75,75,75,75,75,75,75,75,75,75,80,80,80,80,80,80,80,80,80,56,56,56,56,56,56,56,56,56,56,56],"card_choices":[{"not_picked":["Clash","Second Wind"],"picked":"Anger","floor":1},{"not_picked":["Dark Embrace","Body Slam","Intimidate"],"picked":"SKIP","floor":2},{"not_picked":["Body Slam","Dual Wield"],"picked":"Blood for Blood","floor":7},{"not_picked":["Anger","Wild Strike"],"picked":"Shrug It Off","floor":11},{"not_picked":["Perfected Strike","True Grit"],"picked":"Bludgeon","floor":12},{"not_picked":["Dropkick","Anger","Twin Strike"],"picked":"SKIP","floor":13},{"not_picked":["Pommel Strike","Wild Strike"],"picked":"Shrug It Off","floor":14},{"not_picked":["Exhume","Juggernaut"],"picked":"Double Tap","floor":16},{"not_picked":["Havoc","Flex"],"picked":"Flame Barrier","floor":18},{"not_picked":["Flex+1","Wild Strike+1","Infernal Blade"],"picked":"SKIP","floor":22},{"not_picked":["Second Wind","Rupture"],"picked":"Shrug It Off","floor":24},{"not_picked":["Thunderclap","Warcry"],"picked":"Berserk","floor":27},{"not_picked":["Flame Barrier","Clothesline","Reckless Charge"],"picked":"SKIP","floor":29}],"player_experience":385457,"relics_obtained":[{"floor":7,"key":"Unceasing Top"},{"floor":9,"key":"Matryoshka"},{"floor":13,"key":"Incense Burner"},{"floor":19,"key":"Nilry\u0027s Codex"},{"floor":24,"key":"Darkstone Periapt"},{"floor":26,"key":"Bag of Preparation"},{"floor":26,"key":"Potion Belt"},{"floor":27,"key":"Bronze Scales"}],"event_choices":[{"damage_healed":0,"gold_gain":150,"player_choice":"AGREE","damage_taken":0,"max_hp_gain":0,"max_hp_loss":0,"event_name":"Liars Game","floor":3,"gold_loss":0,"cards_obtained":["Doubt"]},{"damage_healed":0,"gold_gain":0,"player_choice":"Success","damage_taken":18,"relics_obtained":["Ornamental Fan"],"max_hp_gain":0,"max_hp_loss":0,"event_name":"Scrap Ooze","floor":5,"gold_loss":0},{"damage_healed":0,"gold_gain":0,"player_choice":"Obtained Book","damage_taken":21,"max_hp_gain":0,"max_hp_loss":0,"event_name":"Cursed Tome","floor":19,"gold_loss":0},{"damage_healed":0,"gold_gain":0,"player_choice":"Ignored","damage_taken":0,"max_hp_gain":0,"max_hp_loss":0,"event_name":"The Mausoleum","floor":20,"gold_loss":0},{"damage_healed":0,"gold_gain":0,"player_choice":"Became a vampire","damage_taken":0,"max_hp_gain":0,"max_hp_loss":24,"event_name":"Vampires","floor":21,"gold_loss":0,"cards_obtained":["Bite","Bite","Bite","Bite","Bite"]},{"damage_healed":0,"gold_gain":50,"player_choice":"Stole From Cult","damage_taken":0,"max_hp_gain":0,"max_hp_loss":0,"event_name":"Nest","floor":28,"gold_loss":0}],"is_beta":false,"boss_relics":[{"not_picked":["Ectoplasm","Busted Crown"],"picked":"Philosopher\u0027s Stone"}],"items_purged_floors":[4],"is_endless":false,"potions_floor_spawned":[7,11,12,13,22,27],"killed_by":"Centurion and Healer","ascension_level":20}}