{"host":"mw3dmj42qtkbha4b","time":1612857078,"event":{"mods":["BaseMod","Colored Map","Colored Powertips","DeckTracker","Minty Spire (QoL Compilation)","StSLib","SuperFastMode"],"gold_per_floor":[113,113,113,131,206,206,234,245,245,259,587,587,587,621,621,697,697,716,156,156,56,67,67,67,67,119,119,146,146,160,177,177,177,177],"floor_reached":33,"language":"KOR","playtime":728,"items_purged":["Strike_P","Defend_P"],"score":587,"play_id":"94c6b451-6d36-4a8b-88a2-4d0434b35794","local_time":"20210209165118","is_ascension_mode":true,"campfire_choices":[{"floor":6.0,"key":"REST"},{"data":"ReachHeaven","floor":12.0,"key":"SMITH"},{"data":"Vigilance","floor":15.0,"key":"SMITH"},{"data":"Dark Shackles","floor":24.0,"key":"SMITH"},{"data":"Strike_P","floor":29.0,"key":"SMITH"},{"floor":32.0,"key":"REST"}],"circlet_count":0,"master_deck":["AscendersBane","Strike_P","Strike_P","Strike_P+1","Defend_P","Defend_P","Eruption+1","Vigilance+1","ReachHeaven+1","DeusExMachina","Dark Shackles+1","Writhe"],"relics":["PureWater","Ornamental Fan","Incense Burner","Old Coin","Eternal Feather","Akabeko","MealTicket","MutagenicStrength","Strawberry","Mummified Hand"],"acts_visited":["Exordium","TheCity"],"potions_floor_usage":[33],"damage_taken":[{"damage":7.0,"enemies":"Jaw Worm","floor":1.0,"turns":4.0},{"damage":1.0,"enemies":"Small Slimes","floor":4.0,"turns":3.0},{"damage":2.0,"enemies":"Gremlin Nob","floor":7.0,"turns":3.0},{"damage":3.0,"enemies":"Cultist","floor":8.0,"turns":3.0},{"damage":3.0,"enemies":"3 Louse","floor":10.0,"turns":3.0},{"damage":8.0,"enemies":"3 Sentries","floor":11.0,"turns":4.0},{"damage":3.0,"enemies":"Gremlin Nob","floor":14.0,"turns":3.0},{"damage":31.0,"enemies":"The Guardian","floor":16.0,"turns":7.0},{"damage":24.0,"enemies":"Chosen","floor":18.0,"turns":3.0},{"damage":24.0,"enemies":"Shell Parasite","floor":22.0,"turns":4.0},{"damage":31.0,"enemies":"Book of Stabbing","floor":28.0,"turns":4.0},{"damage":0.0,"enemies":"Snake Plant","floor":30.0,"turns":2.0},{"damage":12.0,"enemies":"Centurion and Healer","floor":31.0,"turns":4.0},{"damage":71,"enemies":"Collector","floor":33,"turns":5}],"seed_played":"4255260440323653291","potions_obtained":[{"floor":1.0,"key":"Block Potion"},{"floor":11.0,"key":"AttackPotion"},{"floor":16.0,"key":"SkillPotion"},{"floor":22.0,"key":"Fire Potion"},{"floor":31.0,"key":"Strength Potion"}],"is_trial":false,"path_per_floor":["M","?","?","M","?","R","E","M","T","M","E","R","?","E","R","B",null,"M","$","?","$","M","$","R","?","T","?","E","R","M","M","R","B"],"character_chosen":"WATCHER","items_purchased":["Akabeko","MealTicket","Fire Potion","Dark Shackles"],"campfire_rested":2,"item_purchase_floors":[19,19,19,19],"current_hp_per_floor":[48,48,48,47,36,60,58,55,55,52,44,44,32,29,35,4,61,37,37,37,52,28,43,49,49,49,56,25,31,31,19,51,0,0],"gold":177,"neow_bonus":"TWENTY_PERCENT_HP_BONUS","is_daily":false,"chose_seed":false,"campfire_upgraded":4,"win_rate":0.0,"timestamp":1612857078,"path_taken":["M","?","?","?","?","R","E","M","T","M","E","R","?","E","R","BOSS","M","?","?","$","?","?","R","?","T","?","E","R","M","M","R","BOSS"],"items_purchased_type":["Relic","Relic","Potion","Card"],"build_version":"2020-12-22","purchased_purges":2,"victory":false,"max_hp_per_floor":[80,80,80,80,80,80,80,80,80,80,80,80,80,80,80,80,80,80,80,80,80,80,80,80,80,80,87,87,87,87,87,87,87,87],"card_choices":[{"not_picked":["DeceiveReality","JustLucky","CutThroughFate"],"picked":"SKIP","floor":1.0},{"not_picked":["Crescendo","FlurryOfBlows","Halt"],"picked":"SKIP","floor":4.0},{"not_picked":["DeceiveReality","ClearTheMind","EmptyBody"],"picked":"SKIP","floor":7.0},{"not_picked":["EmptyBody","Crescendo","CutThroughFate"],"picked":"SKIP","floor":8.0},{"not_picked":["BowlingBash","Establishment","ForeignInfluence"],"picked":"SKIP","floor":10.0},{"not_picked":["WreathOfFlame","FlyingSleeves","Prostrate"],"picked":"SKIP","floor":11.0},{"not_picked":["FlyingSleeves","FlurryOfBlows","Evaluate"],"picked":"SKIP","floor":14.0},{"not_picked":["Scrawl","SpiritShield"],"picked":"DeusExMachina","floor":16.0},{"not_picked":["Prostrate","JustLucky","Sanctity"],"picked":"SKIP","floor":18.0},{"not_picked":["ThirdEye+1","PathToVictory","CrushJoints"],"picked":"SKIP","floor":22.0},{"not_picked":["SpiritShield","ClearTheMind","TalkToTheHand"],"picked":"SKIP","floor":28.0},{"not_picked":["FlurryOfBlows","WaveOfTheHand","BowlingBash"],"picked":"SKIP","floor":30.0},{"not_picked":["FollowUp","Collect","Protect"],"picked":"SKIP","floor":31.0}],"player_experience":1806805,"relics_obtained":[{"floor":7.0,"key":"Ornamental Fan"},{"floor":9.0,"key":"Incense Burner"},{"floor":11.0,"key":"Old Coin"},{"floor":14.0,"key":"Eternal Feather"},{"floor":28.0,"key":"Mummified Hand"}],"event_choices":[{"damage_healed":0.0,"max_hp_gain":0.0,"max_hp_loss":0.0,"gold_gain":0.0,"event_name":"Living Wall","player_choice":"Grow","floor":2.0,"gold_loss":0.0,"damage_taken":0.0,"cards_upgraded":["Eruption"]},{"damage_healed":0.0,"max_hp_gain":0.0,"max_hp_loss":0.0,"gold_gain":0.0,"cards_transformed":["Defend_P"],"event_name":"Transmorgrifier","player_choice":"Transformed","floor":3.0,"gold_loss":0.0,"damage_taken":0.0,"cards_obtained":["ReachHeaven"]},{"damage_healed":0.0,"max_hp_gain":0.0,"max_hp_loss":0.0,"gold_gain":75.0,"event_name":"World of Goop","player_choice":"Gather Gold","floor":5.0,"gold_loss":0.0,"damage_taken":11.0},{"damage_healed":0.0,"max_hp_gain":0.0,"max_hp_loss":0.0,"gold_gain":0.0,"event_name":"Wheel of Change","player_choice":"Damaged","floor":13.0,"gold_loss":0.0,"damage_taken":12.0},{"damage_healed":0.0,"max_hp_gain":0.0,"max_hp_loss":0.0,"gold_gain":0.0,"event_name":"Drug Dealer","player_choice":"Inject Mutagens","floor":20.0,"gold_loss":0.0,"damage_taken":0.0,"relics_obtained":["MutagenicStrength"]},{"damage_healed":0.0,"max_hp_gain":0.0,"max_hp_loss":0.0,"gold_gain":0.0,"event_name":"Vampires","player_choice":"Ignored","floor":25.0,"gold_loss":0.0,"damage_taken":0.0},{"damage_healed":0.0,"max_hp_gain":0.0,"max_hp_loss":0.0,"gold_gain":0.0,"event_name":"The Mausoleum","player_choice":"Opened","floor":27.0,"gold_loss":0.0,"damage_taken":0.0,"relics_obtained":["Strawberry"],"cards_obtained":["Writhe"]}],"is_beta":false,"boss_relics":[{"not_picked":["Sozu","Coffee Dripper","Pandora\u0027s Box"]}],"items_purged_floors":[19,21],"is_endless":false,"potions_floor_spawned":[1,11,16,22,31],"killed_by":"Collector","ascension_level":20}}