{"host":"28bpuzdckreop5i0","time":1612883459,"event":{"mods":["BaseMod","Downfall","Minty Spire (QoL Compilation)","Relic Stats","Shop Mod","StSLib"],"gold_per_floor":[99,115,115,129,146,181,181,193,205,205,230,250,150,170,189,289,289,289,304,320,334,334,20,20,30,130,130,162,180,180,27,40,143,143,143,160,29,49,68,121,121,137,156,6,6,18,35,64,74,74],"floor_reached":51,"language":"ENG","playtime":3999,"items_purged":["champ:Strike","champ:Strike"],"score":832,"play_id":"8e756280-ec17-42e1-a6a4-47b462153584","local_time":"20210209091059","is_ascension_mode":true,"campfire_choices":[{"data":"champ:Execute","floor":1,"key":"SMITH"},{"data":"champ:EnragedBash","floor":13,"key":"SMITH"},{"floor":18,"key":"REST"},{"data":"champ:StanceDance","floor":27,"key":"SMITH"},{"floor":30,"key":"REST"},{"data":"champ:SteelEdge","floor":35,"key":"SMITH"},{"data":"1","floor":45,"key":"LIFT"}],"circlet_count":0,"master_deck":["champ:Defend","champ:Defend+1","champ:Defend","champ:Execute+1","champ:Taunt+1","champ:GutPunch","champ:StanceDance+1","champ:EnragedBash+1","champ:RageSigil+1","champ:CalledShot+1","champ:TripleStrike","champ:BringItOn+1","champ:VampiricStrike","CurseOfTheBell","champ:CrookedStrike","champ:SteelEdge","champ:FocusedBerserking+1","champ:CalledShot+1","champ:ShieldSlam+1","champ:SteelEdge+1","champ:UltimateStance+1","Master of Strategy+1","champ:FlashCut","champ:SwordSigil+1","champ:StanceDance+1"],"relics":["champ:ChampionCrown","Gremlin Horn","Toxic Egg 2","The Courier","Pear","downfall:HeartBlessingGreen","Calling Bell","Guardian:PocketSentry","Shuriken","Calipers","Strange Spoon","Omamori","Prayer Wheel","champ:BlackKnightHelmet","HornCleat","PreservedInsect","Busted Crown","Akabeko","champ:FightingForDummies","Girya","Eternal Feather","War Paint"],"acts_visited":["Exordium","TheCity","TheBeyond"],"potions_floor_usage":[12,16,21,33,37],"damage_taken":[{"damage":10,"enemies":"Small Slimes","floor":2,"turns":3},{"damage":10,"enemies":"Cultist","floor":4,"turns":3},{"damage":10,"enemies":"Jaw Worm","floor":5,"turns":3},{"damage":58,"enemies":"3 Sentries","floor":6,"turns":8},{"damage":23,"enemies":"3 Louse","floor":8,"turns":3},{"damage":21,"enemies":"Red Slaver","floor":9,"turns":4},{"damage":63,"enemies":"Lagavulin","floor":11,"turns":6},{"damage":20,"enemies":"Gremlin Gang","floor":12,"turns":3},{"damage":11,"enemies":"3 Louse","floor":14,"turns":2},{"damage":10,"enemies":"Exordium Wildlife","floor":15,"turns":3},{"damage":80,"enemies":"DF_ARCHETYPE_STREAMLINE","floor":16,"turns":8},{"damage":35,"enemies":"3 Byrds","floor":19,"turns":4},{"damage":38,"enemies":"Shell Parasite","floor":20,"turns":3},{"damage":31,"enemies":"Sentry and Sphere","floor":21,"turns":5},{"damage":30,"enemies":"downfall:FleeingMerchant","floor":23,"turns":4},{"damage":33,"enemies":"Shelled Parasite and Fungi","floor":25,"turns":5},{"damage":47,"enemies":"Shelled Parasite and Fungi","floor":26,"turns":6},{"damage":20,"enemies":"Book of Stabbing","floor":28,"turns":3},{"damage":15,"enemies":"Centurion and Healer","floor":29,"turns":6},{"damage":15,"enemies":"downfall:FleeingMerchant","floor":31,"turns":4},{"damage":45,"enemies":"Snake Plant","floor":32,"turns":4},{"damage":97,"enemies":"IC_MUSHROOM_ARCHETYPE","floor":33,"turns":5},{"damage":42,"enemies":"3 Darklings","floor":36,"turns":4},{"damage":1,"enemies":"downfall:FleeingMerchant","floor":37,"turns":3},{"damage":26,"enemies":"Orb Walker","floor":38,"turns":3},{"damage":45,"enemies":"Jaw Worm Horde","floor":39,"turns":2},{"damage":38,"enemies":"2 Orb Walkers","floor":40,"turns":4},{"damage":25,"enemies":"Sphere and 2 Shapes","floor":42,"turns":3},{"damage":37,"enemies":"3 Darklings","floor":43,"turns":2},{"damage":80,"enemies":"Transient","floor":46,"turns":5},{"damage":60,"enemies":"Spire Growth","floor":47,"turns":2},{"damage":65,"enemies":"Giant Head","floor":48,"turns":3},{"damage":46,"enemies":"4 Shapes","floor":49,"turns":3},{"damage":105,"enemies":"SI_POISON_ARCHETYPE","floor":50,"turns":6}],"seed_played":"8484660979350425386","potions_obtained":[{"floor":2,"key":"LiquidMemories"},{"floor":6,"key":"champ:OpenerPotion"},{"floor":11,"key":"Ancient Potion"},{"floor":14,"key":"Block Potion"},{"floor":16,"key":"Explosive Potion"},{"floor":26,"key":"Strength Potion"},{"floor":36,"key":"Swift Potion"},{"floor":38,"key":"Swift Potion"}],"is_trial":false,"path_per_floor":["R","M","?","M","M","E","T","M","M","?","E","M","R","M","M","B",null,"R","M","M","M","?","$","T","M","?","R","E","M","R","$","M","B",null,"R","M","$","M","M","?","T","M","M","?","R","M","M","E","M","B",null],"character_chosen":"THE_CHAMP","items_purchased":["Strange Spoon","Omamori","champ:ShieldSlam+1","champ:UltimateStance+1","Akabeko","champ:FightingForDummies","Master of Strategy+1"],"campfire_rested":2,"item_purchase_floors":[23,23,31,37,37,37,37],"current_hp_per_floor":[81,81,74,74,74,56,56,53,52,52,54,54,54,53,53,18,91,91,91,83,72,72,72,72,69,47,47,47,47,74,74,64,27,91,91,89,88,87,87,74,74,74,72,101,101,101,101,101,90,70],"gold":74,"neow_bonus":"REMOVE_TWO","is_daily":false,"chose_seed":false,"campfire_upgraded":4,"win_rate":0.0,"timestamp":1612883459,"path_taken":["R","M","?","M","M","E","T","M","M","?","E","M","R","M","M","BOSS","R","M","M","M","?","$","T","?","?","R","E","M","R","$","M","BOSS","R","M","$","M","M","?","T","M","M","?","R","M","M","E","M","BOSS"],"items_purchased_type":["Relic","Relic","Card","Card","Relic","Relic","Card"],"build_version":"2020-12-22","purchased_purges":2,"victory":true,"max_hp_per_floor":[81,81,81,81,81,81,81,81,81,81,91,91,91,91,91,91,91,91,91,91,91,91,91,91,91,91,91,91,91,91,91,91,91,91,91,91,91,91,91,91,91,91,91,101,101,101,101,101,101,101],"relic_stats":{"Strange Spoon":[25],"Busted Crown":38,"Gremlin Horn":[29,29],"counters":[34,133],"Shuriken":[49],"Prayer Wheel":11,"Eternal Feather":0,"PreservedInsect":125,"War Paint":["champ:Taunt","champ:Defend"],"obtain_stats":[{"Girya":40,"champ:BlackKnightHelmet":26,"Pear":11,"Calipers":17,"Gremlin Horn":3,"champ:ChampionCrown":0,"downfall:HeartBlessingGreen":13,"Eternal Feather":41,"The Courier":7,"PreservedInsect":28,"Guardian:PocketSentry":17,"Omamori":23,"War Paint":48,"Akabeko":37,"Calling Bell":17,"Strange Spoon":23,"HornCleat":26,"Busted Crown":34,"Shuriken":17,"Prayer Wheel":24,"Toxic Egg 2":6,"champ:FightingForDummies":37},{"Girya":27,"champ:BlackKnightHelmet":17,"Pear":7,"Calipers":11,"Gremlin Horn":1,"champ:ChampionCrown":0,"downfall:HeartBlessingGreen":8,"Eternal Feather":27,"The Courier":4,"PreservedInsect":18,"Guardian:PocketSentry":11,"Omamori":15,"War Paint":32,"Akabeko":24,"Calling Bell":11,"Strange Spoon":15,"HornCleat":17,"Busted Crown":22,"Shuriken":11,"Prayer Wheel":15,"Toxic Egg 2":4,"champ:FightingForDummies":24},{"Girya":109,"champ:BlackKnightHelmet":72,"Pear":30,"Calipers":46,"Gremlin Horn":3,"champ:ChampionCrown":0,"downfall:HeartBlessingGreen":33,"Eternal Feather":109,"The Courier":17,"PreservedInsect":75,"Guardian:PocketSentry":46,"Omamori":61,"War Paint":124,"Akabeko":100,"Calling Bell":46,"Strange Spoon":61,"HornCleat":72,"Busted Crown":93,"Shuriken":46,"Prayer Wheel":61,"Toxic Egg 2":17,"champ:FightingForDummies":100}]},"card_choices":[{"not_picked":["champ:FlashCut","champ:AdrenalArmor"],"picked":"champ:GutPunch","floor":2},{"not_picked":["champ:Shatter","champ:RageSigil"],"picked":"champ:StanceDance","floor":4},{"not_picked":["champ:FocusedDefense","champ:Duel"],"picked":"champ:EnragedBash","floor":5},{"not_picked":["champ:PreciseThrust","champ:EnragedBash","champ:ArenaPreparation+1"],"picked":"SKIP","floor":6},{"not_picked":["champ:Haymaker","champ:FanOfKnives"],"picked":"champ:RageSigil+1","floor":8},{"not_picked":["champ:Circumvent+1","champ:Shatter"],"picked":"champ:CalledShot+1","floor":9},{"not_picked":["champ:Backstep+1","champ:ViciousMockery+1"],"picked":"champ:TripleStrike","floor":11},{"not_picked":["champ:EnragedBash","champ:IronFortress","champ:RapidStrikes"],"picked":"SKIP","floor":12},{"not_picked":["champ:Shatter","champ:Backstep+1"],"picked":"champ:BringItOn+1","floor":14},{"not_picked":["champ:ShieldSigil+1","champ:SetATrap+1","champ:FalseCounter+1"],"picked":"SKIP","floor":15},{"not_picked":["champ:DancingMaster","champ:Improvising"],"picked":"champ:VampiricStrike","floor":16},{"not_picked":["champ:FanOfKnives","champ:RisingSlash","champ:Parry+1"],"picked":"SKIP","floor":19},{"not_picked":["champ:CrownThrow","champ:AdrenalArmor+1","champ:GutPunch"],"picked":"SKIP","floor":20},{"not_picked":["champ:BringItOn+1","champ:FalseCounter+1"],"picked":"champ:CrookedStrike","floor":21},{"not_picked":["champ:CrownThrow","champ:FaceSlap","champ:DeathBlow"],"picked":"SKIP","floor":23},{"not_picked":["champ:BringItOn+1","champ:EnGarde+1"],"picked":"champ:SteelEdge","floor":25},{"not_picked":["champ:BerserkersShout+1","champ:StanceDance+1"],"picked":"champ:FocusedBerserking+1","floor":25},{"not_picked":["champ:Endure+1","champ:FaceSlap"],"picked":"champ:CalledShot+1","floor":26},{"not_picked":["champ:DeathBlow","champ:StanceDance+1","champ:CrownThrow+1"],"picked":"SKIP","floor":28},{"not_picked":["champ:StanceDance+1","champ:CrownThrow","champ:IronFortress+1"],"picked":"SKIP","floor":29},{"not_picked":["champ:CrownThrow+1","champ:FlashCut+1","champ:CalledShot+1"],"picked":"SKIP","floor":29},{"not_picked":["champ:ShieldSlam+1","champ:EnragedBash","champ:RapidStrikes"],"picked":"SKIP","floor":31},{"not_picked":["champ:TornadoPunch","champ:DefensiveShout+1","champ:PerfectedStrike"],"picked":"SKIP","floor":32},{"not_picked":["champ:Duel","champ:GutPunch","champ:StanceDance+1"],"picked":"SKIP","floor":32},{"not_picked":["champ:HeavySlash","champ:DancingMaster"],"picked":"champ:SteelEdge","floor":33},{"not_picked":["champ:TornadoPunch+1"],"picked":"SKIP","floor":36},{"not_picked":["champ:DeathBlow+1"],"picked":"SKIP","floor":36},{"not_picked":["champ:BringItOn+1"],"picked":"SKIP","floor":37},{"not_picked":["champ:Haymaker+1"],"picked":"SKIP","floor":38},{"not_picked":["champ:Duel+1"],"picked":"SKIP","floor":38},{"not_picked":["champ:Shatter"],"picked":"SKIP","floor":39},{"not_picked":["champ:Haymaker"],"picked":"SKIP","floor":39},{"not_picked":[],"picked":"champ:FlashCut","floor":42},{"not_picked":["champ:ShieldSigil+1"],"picked":"SKIP","floor":42},{"not_picked":["champ:GutPunch"],"picked":"SKIP","floor":43},{"not_picked":["champ:PerfectedStrike"],"picked":"SKIP","floor":43},{"not_picked":[],"picked":"champ:SwordSigil+1","floor":46},{"not_picked":["champ:FancyFootwork+1"],"picked":"SKIP","floor":46},{"not_picked":["champ:BringItOn+1"],"picked":"SKIP","floor":47},{"not_picked":["champ:StanceDance+1"],"picked":"SKIP","floor":47},{"not_picked":[],"picked":"champ:StanceDance+1","floor":47},{"not_picked":["champ:BringItOn+1"],"picked":"SKIP","floor":47},{"not_picked":["champ:EnGarde+1"],"picked":"SKIP","floor":48},{"not_picked":["champ:TornadoPunch+1"],"picked":"SKIP","floor":49},{"not_picked":["champ:DefensiveStyle"],"picked":"SKIP","floor":49}],"player_experience":975937,"relics_obtained":[{"floor":6,"key":"Toxic Egg 2"},{"floor":7,"key":"The Courier"},{"floor":11,"key":"Pear"},{"floor":17,"key":"Guardian:PocketSentry"},{"floor":17,"key":"Shuriken"},{"floor":17,"key":"Calipers"},{"floor":24,"key":"Prayer Wheel"},{"floor":26,"key":"champ:BlackKnightHelmet"},{"floor":26,"key":"HornCleat"},{"floor":28,"key":"PreservedInsect"},{"floor":40,"key":"Girya"},{"floor":41,"key":"Eternal Feather"},{"floor":48,"key":"War Paint"}],"event_choices":[{"damage_healed":0,"gold_gain":0,"player_choice":"Success","damage_taken":7,"relics_obtained":["Gremlin Horn"],"max_hp_gain":0,"max_hp_loss":0,"event_name":"Scrap Ooze","floor":3,"gold_loss":0},{"cards_removed":["champ:Strike"],"damage_healed":0,"gold_gain":0,"player_choice":"Card Removal","damage_taken":0,"max_hp_gain":0,"max_hp_loss":0,"event_name":"The Cleric","floor":10,"gold_loss":0},{"damage_healed":0,"gold_gain":0,"player_choice":"Fight","damage_taken":0,"max_hp_gain":0,"max_hp_loss":0,"event_name":"Mysterious Sphere","floor":40,"gold_loss":0}],"is_beta":false,"boss_relics":[{"not_picked":["Astrolabe","Velvet Choker"],"picked":"Calling Bell"},{"not_picked":["Runic Pyramid","Pandora\u0027s Box"],"picked":"Busted Crown"}],"items_purged_floors":[23,31],"is_endless":false,"potions_floor_spawned":[2,6,11,14,16,20,26,28,29,36,38,43,48,49],"ascension_level":1}}