{"host":"daa8jqyg4gqfaysm","time":1612908719,"event":{"mods":["BaseMod","Colored Powertips","Minty Spire (QoL Compilation)","StSLib"],"gold_per_floor":[359,23,34,34,50,78,119,144,168,230,279,305,350,315,315,412,412,459,459,29,29,104,160,11,11,90,90,139,159,159,159,159,262,262,276,276,287,37,55,80,80,105,156,191,231,231,260,271,271,271,271,271,23,51,51],"floor_reached":56,"language":"ENG","playtime":3081,"items_purged":["Decay","Defend_P+1"],"score":1914,"play_id":"3f5b9423-70ee-48e7-9694-9c488e92a5a4","local_time":"20210209171159","is_ascension_mode":true,"campfire_choices":[{"data":"Tantrum","floor":15,"key":"SMITH"},{"floor":25,"key":"REST"},{"data":"EmptyFist","floor":27,"key":"SMITH"},{"data":"FlyingSleeves","floor":30,"key":"SMITH"},{"data":"FlurryOfBlows","floor":32,"key":"SMITH"},{"floor":46,"key":"RECALL"},{"data":"Defend_P","floor":49,"key":"SMITH"}],"circlet_count":0,"master_deck":["Strike_P+1","Defend_P+1","Defend_P+1","Defend_P+1","Eruption+1","Vigilance+1","FlyingSleeves+1","Trip+1","CarveReality+1","Sanctity+1","ThirdEye+1","Wish+1","EmptyMind+1","EmptyBody+1","ClearTheMind+1","Tantrum+1","Evaluate+1","Scrawl+1","LikeWater+1","Conclude+1","ThirdEye+1","FlurryOfBlows+1","Indignation+1","Scrawl+1","EmptyFist+1","FlurryOfBlows+1","WheelKick+1","WheelKick+1","LessonLearned+1","LikeWater+1","Swivel+1","SashWhip+1"],"relics":["PureWater","Toxic Egg 2","Torii","Oddly Smooth Stone","Omamori","Lantern","Happy Flower","Runic Pyramid","Orrery","Nunchaku","Necronomicon","Eternal Feather","DollysMirror","White Beast Statue","Coffee Dripper","Letter Opener","HornCleat","Turnip","Orichalcum","Thread and Needle","Regal Pillow","Sling","Ice Cream"],"acts_visited":["Exordium","TheCity","TheBeyond","TheEnding"],"potions_floor_usage":[8,16,23,33,42,50,55,55,55],"damage_taken":[{"damage":0,"enemies":"Cultist","floor":1,"turns":3},{"damage":0,"enemies":"Jaw Worm","floor":3,"turns":1},{"damage":6,"enemies":"2 Louse","floor":5,"turns":2},{"damage":0,"enemies":"Lagavulin","floor":6,"turns":4},{"damage":9,"enemies":"Exordium Wildlife","floor":7,"turns":5},{"damage":0,"enemies":"Gremlin Nob","floor":8,"turns":2},{"damage":12,"enemies":"Lagavulin","floor":10,"turns":7},{"damage":4,"enemies":"3 Louse","floor":11,"turns":5},{"damage":25,"enemies":"3 Sentries","floor":12,"turns":14},{"damage":1,"enemies":"Exordium Thugs","floor":13,"turns":4},{"damage":8,"enemies":"Hexaghost","floor":16,"turns":5},{"damage":1,"enemies":"Shell Parasite","floor":18,"turns":3},{"damage":16,"enemies":"Slavers","floor":23,"turns":3},{"damage":0,"enemies":"3 Byrds","floor":28,"turns":4},{"damage":1,"enemies":"Cultist and Chosen","floor":29,"turns":3},{"damage":31,"enemies":"Collector","floor":33,"turns":6},{"damage":0,"enemies":"Orb Walker","floor":35,"turns":3},{"damage":0,"enemies":"3 Shapes","floor":37,"turns":2},{"damage":0,"enemies":"Maw","floor":39,"turns":4},{"damage":0,"enemies":"Nemesis","floor":40,"turns":3},{"damage":7,"enemies":"Giant Head","floor":42,"turns":5},{"damage":0,"enemies":"Nemesis","floor":44,"turns":5},{"damage":0,"enemies":"Jaw Worm Horde","floor":45,"turns":3},{"damage":0,"enemies":"Giant Head","floor":47,"turns":4},{"damage":0,"enemies":"4 Shapes","floor":48,"turns":4},{"damage":1,"enemies":"Awakened One","floor":50,"turns":14},{"damage":15,"enemies":"Shield and Spear","floor":54,"turns":5},{"damage":31,"enemies":"The Heart","floor":55,"turns":8}],"seed_played":"-4607123342679361237","potions_obtained":[{"floor":1,"key":"SpeedPotion"},{"floor":5,"key":"EntropicBrew"},{"floor":8,"key":"CultistPotion"},{"floor":13,"key":"DistilledChaos"},{"floor":16,"key":"CultistPotion"},{"floor":28,"key":"SpeedPotion"},{"floor":33,"key":"SpeedPotion"},{"floor":35,"key":"Ancient Potion"},{"floor":42,"key":"Explosive Potion"},{"floor":54,"key":"Weak Potion"}],"is_trial":false,"path_per_floor":["M","$","M","?","M","E","M","E","T","E","M","E","M","?","R","B",null,"M","?","$","?","?","E","$","R","T","R","M","M","R","T","R","B",null,"M","?","M","$","M","E","?","E","T","E","M","R","E","M","R","B",null,"R","$","E","B",null],"character_chosen":"WATCHER","items_purchased":["Toxic Egg 2","Trip+1","ThirdEye+1","Orrery","Nunchaku","DollysMirror","Letter Opener","Sling"],"campfire_rested":1,"item_purchase_floors":[2,2,20,20,20,24,38,53],"current_hp_per_floor":[65,65,65,65,59,59,50,50,50,38,34,9,8,26,26,18,59,58,58,58,42,35,19,19,58,58,72,72,71,72,72,72,41,64,64,64,64,64,64,64,64,57,57,57,57,72,72,72,72,71,72,72,72,57,26],"gold":51,"neow_bonus":"TWO_FIFTY_GOLD","is_daily":false,"chose_seed":false,"campfire_upgraded":5,"win_rate":0.0,"timestamp":1612908719,"path_taken":["M","$","M","?","?","E","M","E","T","E","M","E","M","?","R","BOSS","M","?","$","?","?","E","$","R","T","R","M","?","R","?","R","BOSS","M","?","M","?","M","E","?","E","T","E","M","R","E","?","R","BOSS","R","$","E","BOSS"],"items_purchased_type":["Relic","Card","Card","Relic","Relic","Relic","Relic","Relic"],"build_version":"2020-12-22","purchased_purges":2,"victory":true,"max_hp_per_floor":[72,72,72,72,72,72,72,72,72,72,72,72,72,72,72,72,72,72,72,72,72,72,72,72,72,72,72,72,72,72,72,72,72,72,72,72,72,72,72,72,72,72,72,72,72,72,72,72,72,72,72,72,72,72,72],"card_choices":[{"not_picked":["ClearTheMind","Protect"],"picked":"FlyingSleeves","floor":1},{"not_picked":["Indignation+1","WindmillStrike"],"picked":"CarveReality","floor":3},{"not_picked":["FlyingSleeves","EmptyMind+1"],"picked":"ThirdEye+1","floor":5},{"not_picked":["Perseverance+1","Indignation+1"],"picked":"Wish+1","floor":6},{"not_picked":["Perseverance+1","ForeignInfluence+1"],"picked":"EmptyMind+1","floor":7},{"not_picked":["Nirvana","WindmillStrike","CarveReality"],"picked":"SKIP","floor":8},{"not_picked":["SashWhip","Wish+1"],"picked":"EmptyBody+1","floor":10},{"not_picked":["Nirvana","LikeWater"],"picked":"ClearTheMind+1","floor":11},{"not_picked":["ClearTheMind+1","CarveReality"],"picked":"Tantrum","floor":12},{"not_picked":["Protect+1","CarveReality"],"picked":"Evaluate+1","floor":13},{"not_picked":["MasterReality","Blasphemy+1"],"picked":"Scrawl+1","floor":16},{"not_picked":["SignatureMove","MentalFortress"],"picked":"LikeWater+1","floor":18},{"not_picked":["LikeWater+1","Swivel+1"],"picked":"FlurryOfBlows+1","floor":20},{"not_picked":["FlurryOfBlows","Weave"],"picked":"Indignation+1","floor":20},{"not_picked":["ThirdEye+1","Meditate+1"],"picked":"Scrawl+1","floor":20},{"not_picked":["EmptyBody+1","LikeWater+1"],"picked":"EmptyFist","floor":20},{"not_picked":["CrushJoints","ReachHeaven"],"picked":"FlurryOfBlows","floor":20},{"not_picked":["Establishment","Indignation+1"],"picked":"WheelKick+1","floor":23},{"not_picked":["EmptyBody+1","Indignation+1","JustLucky"],"picked":"SKIP","floor":28},{"not_picked":["Consecrate","EmptyBody+1","FlurryOfBlows+1"],"picked":"SKIP","floor":29},{"not_picked":["Alpha+1","Scrawl+1"],"picked":"LessonLearned","floor":33},{"not_picked":["PathToVictory+1","Indignation+1","FlurryOfBlows"],"picked":"SKIP","floor":35},{"not_picked":["CrushJoints","Consecrate+1"],"picked":"LikeWater+1","floor":37},{"not_picked":["FlyingSleeves","Crescendo+1","ClearTheMind+1"],"picked":"SKIP","floor":39},{"not_picked":["PathToVictory+1","JustLucky"],"picked":"Swivel+1","floor":40},{"not_picked":["EmptyFist+1","Evaluate+1","PathToVictory+1"],"picked":"SKIP","floor":42},{"not_picked":["SashWhip+1","ClearTheMind+1","FlyingSleeves"],"picked":"SKIP","floor":44},{"not_picked":["ClearTheMind+1","FlyingSleeves"],"picked":"SashWhip+1","floor":44},{"not_picked":["Wish+1","Evaluate+1","Indignation+1"],"picked":"SKIP","floor":45},{"not_picked":["Crescendo+1","DevaForm","Protect+1"],"picked":"SKIP","floor":47},{"not_picked":["ThirdEye+1","Adaptation+1","JustLucky"],"picked":"SKIP","floor":48},{"not_picked":["WreathOfFlame+1","PathToVictory+1","Consecrate"],"picked":"SKIP","floor":54}],"player_experience":865452,"relics_obtained":[{"floor":6,"key":"Torii"},{"floor":8,"key":"Oddly Smooth Stone"},{"floor":9,"key":"Omamori"},{"floor":10,"key":"Lantern"},{"floor":12,"key":"Happy Flower"},{"floor":21,"key":"Necronomicon"},{"floor":23,"key":"Eternal Feather"},{"floor":31,"key":"White Beast Statue"},{"floor":40,"key":"HornCleat"},{"floor":42,"key":"Turnip"},{"floor":43,"key":"Orichalcum"},{"floor":44,"key":"Thread and Needle"},{"floor":47,"key":"Regal Pillow"},{"floor":54,"key":"Ice Cream"}],"event_choices":[{"damage_healed":0,"gold_gain":0,"cards_transformed":["Strike_P"],"player_choice":"Transformed","damage_taken":0,"max_hp_gain":0,"max_hp_loss":0,"event_name":"Transmorgrifier","floor":4,"gold_loss":0,"cards_obtained":["Sanctity"]},{"damage_healed":18,"gold_gain":0,"player_choice":"Healed","damage_taken":0,"max_hp_gain":0,"max_hp_loss":0,"event_name":"The Cleric","floor":14,"gold_loss":35},{"damage_healed":0,"gold_gain":0,"player_choice":"Read","damage_taken":0,"max_hp_gain":0,"max_hp_loss":0,"event_name":"The Library","floor":19,"gold_loss":0,"cards_obtained":["Conclude"]},{"damage_healed":0,"gold_gain":0,"player_choice":"Obtained Book","damage_taken":16,"max_hp_gain":0,"max_hp_loss":0,"event_name":"Cursed Tome","floor":21,"gold_loss":0},{"damage_healed":0,"gold_gain":75,"player_choice":"Touch","damage_taken":7,"max_hp_gain":0,"max_hp_loss":0,"event_name":"FaceTrader","floor":22,"gold_loss":0},{"cards_removed":["Strike_P"],"damage_healed":0,"gold_gain":0,"player_choice":"Purged","damage_taken":0,"max_hp_gain":0,"max_hp_loss":0,"event_name":"Purifier","floor":36,"gold_loss":0},{"cards_removed":["Strike_P"],"damage_healed":0,"gold_gain":0,"player_choice":"Offered Basic","damage_taken":0,"max_hp_gain":0,"max_hp_loss":0,"event_name":"Bonfire Elementals","floor":41,"gold_loss":0}],"is_beta":false,"boss_relics":[{"not_picked":["SlaversCollar","Tiny House"],"picked":"Runic Pyramid"},{"not_picked":["HolyWater","VioletLotus"],"picked":"Coffee Dripper"}],"items_purged_floors":[20,53],"is_endless":false,"potions_floor_spawned":[1,5,8,11,13,16,28,29,33,35,37,39,40,42,44,45,47,48,54],"ascension_level":9}}