{"host":"regffu8ixz77srwm","time":1612857812,"event":{"mods":["AchievementEnabler","BaseMod","Card Forge","Colored Map","Downfall","Googly Eyes","Highlight Path","Minty Spire (QoL Compilation)","StSLib","Waifu the Spire"],"gold_per_floor":[99,114,114,129,144,174,174,204,219,260,275,275,290,305,320,420,420,420,435,450,465,465,290,315,345,345,360,375,375,390,420,435,535,535,535,550,175,190,190,205,230,260,260,275,290,305,320,350,365,365],"floor_reached":51,"language":"ENG","playtime":2821,"items_purged":["Endless Agony+1","Expertise+1","Tactician+1"],"score":1171,"play_id":"90a46c58-6f6e-4fc9-896a-d3cb414fcd3a","local_time":"20210209020332","daily_mods":["Chimera","downfall:Jewelcrafting","downfall:Enraging"],"is_ascension_mode":false,"campfire_choices":[{"floor":1,"key":"RECALL"},{"data":"Accuracy","floor":18,"key":"SMITH"},{"data":"Accuracy","floor":43,"key":"SMITH"}],"circlet_count":0,"master_deck":["Tactician+1","Prepared+1","Blade Dance+1","Accuracy+1","Acrobatics+1","Adrenaline+1","Acrobatics+1","Adrenaline+1","Accuracy+1","Accuracy+1","Guardian:Gem_Crimson","Guardian:Gem_Green"],"relics":["Ring of the Snake","Hammer of Thor","Seething Fire","Guardian:PickAxe","Boot","sneckomod:BlankCard","WristBlade","Anchor","Happy Flower","Nloth\u0027s Gift","Omamori","expansioncontent:StudyCardRelic","Singing Bowl","hexamod:BolsterEngine","Torii","Kunai"],"acts_visited":["Exordium","TheCity","TheBeyond"],"potions_floor_usage":[],"damage_taken":[{"damage":0,"enemies":"Small Slimes","floor":2,"turns":1},{"damage":0,"enemies":"Cultist","floor":4,"turns":1},{"damage":0,"enemies":"2 Louse","floor":5,"turns":1},{"damage":0,"enemies":"Gremlin Nob","floor":6,"turns":1},{"damage":0,"enemies":"Lagavulin","floor":8,"turns":1},{"damage":0,"enemies":"Exordium Thugs","floor":9,"turns":1},{"damage":0,"enemies":"downfall:FleeingMerchant","floor":10,"turns":1},{"damage":0,"enemies":"Looter","floor":11,"turns":1},{"damage":0,"enemies":"Gremlin Gang","floor":13,"turns":1},{"damage":0,"enemies":"Large Slime","floor":14,"turns":1},{"damage":0,"enemies":"Blue Slaver","floor":15,"turns":1},{"damage":0,"enemies":"The Guardian","floor":16,"turns":1},{"damage":0,"enemies":"Spheric Guardian","floor":19,"turns":1},{"damage":0,"enemies":"Shell Parasite","floor":20,"turns":1},{"damage":0,"enemies":"Centurion and Healer","floor":21,"turns":1},{"damage":0,"enemies":"Gremlin Leader","floor":25,"turns":1},{"damage":0,"enemies":"Snecko","floor":27,"turns":1},{"damage":0,"enemies":"3 Cultists","floor":28,"turns":1},{"damage":0,"enemies":"Cultist and Chosen","floor":30,"turns":1},{"damage":0,"enemies":"Slavers","floor":31,"turns":1},{"damage":0,"enemies":"Snake Plant","floor":32,"turns":1},{"damage":0,"enemies":"DF_ARCHETYPE_CLAW","floor":33,"turns":1},{"damage":0,"enemies":"3 Shapes","floor":36,"turns":1},{"damage":0,"enemies":"3 Darklings","floor":38,"turns":1},{"damage":0,"enemies":"Spire Growth","floor":40,"turns":1},{"damage":0,"enemies":"Giant Head","floor":42,"turns":1},{"damage":0,"enemies":"Writhing Mass","floor":44,"turns":1},{"damage":0,"enemies":"Sphere and 2 Shapes","floor":45,"turns":1},{"damage":0,"enemies":"4 Shapes","floor":46,"turns":1},{"damage":0,"enemies":"Maw","floor":47,"turns":1},{"damage":0,"enemies":"Reptomancer","floor":48,"turns":1},{"damage":0,"enemies":"Spire Growth","floor":49,"turns":1},{"damage":0,"enemies":"WA_ARCHETYPE_DIVINITY","floor":50,"turns":1}],"seed_played":"-878916022338446095","potions_obtained":[{"floor":6,"key":"champ:CounterPotion"},{"floor":8,"key":"BlessingOfTheForge"},{"floor":13,"key":"Poison Potion"},{"floor":14,"key":"CunningPotion"}],"is_trial":false,"path_per_floor":["R","M","?","M","M","E","T","E","M","$","M","R","M","M","M","B",null,"R","M","M","M","?","$","T","E","?","M","M","?","M","E","M","B",null,"R","M","$","M","?","M","T","E","R","M","M","M","M","E","M","B",null],"character_chosen":"THE_SILENT","items_purchased":["Accuracy","sneckomod:BlankCard","Accuracy","Singing Bowl"],"campfire_rested":0,"item_purchase_floors":[10,10,23,37],"current_hp_per_floor":[70,70,70,70,70,70,70,70,70,70,70,70,70,70,70,70,70,70,70,70,70,70,70,70,70,70,70,70,70,70,70,70,70,70,70,70,70,70,70,70,70,70,70,70,70,70,70,70,70,70],"gold":365,"neow_bonus":"","is_daily":true,"chose_seed":false,"campfire_upgraded":2,"win_rate":0.0,"timestamp":1612857812,"path_taken":["R","M","?","?","M","E","T","E","M","?","M","R","?","M","M","BOSS","R","M","M","M","?","$","T","E","?","M","?","?","M","E","M","BOSS","R","M","$","M","?","M","T","E","R","M","M","M","M","E","M","BOSS"],"items_purchased_type":["Card","Relic","Card","Relic"],"build_version":"2020-12-22","purchased_purges":3,"victory":true,"max_hp_per_floor":[70,70,70,70,70,70,70,70,70,70,70,70,70,70,70,70,70,70,70,70,70,70,70,70,70,70,70,70,70,70,70,70,70,70,70,70,70,70,70,70,70,70,70,70,70,70,70,70,70,70],"card_choices":[{"not_picked":["Reflex","Dagger Throw","Noxious Fumes"],"picked":"SKIP","floor":2},{"not_picked":["Dodge and Roll","Well Laid Plans","Flying Knee"],"picked":"SKIP","floor":4},{"not_picked":["Deflect","Bane","Cloak And Dagger"],"picked":"SKIP","floor":5},{"not_picked":["Outmaneuver","Blade Dance","Bane"],"picked":"SKIP","floor":6},{"not_picked":["Bane","Dagger Throw","Distraction"],"picked":"SKIP","floor":8},{"not_picked":["Bane","Cloak And Dagger","Accuracy"],"picked":"SKIP","floor":9},{"not_picked":["Caltrops","Expertise","Leg Sweep"],"picked":"SKIP","floor":10},{"not_picked":["Adrenaline","Underhanded Strike","Flying Knee"],"picked":"SKIP","floor":11},{"not_picked":["Dagger Spray","Reflex","Finisher"],"picked":"SKIP","floor":13},{"not_picked":["Escape Plan","Poisoned Stab","Predator"],"picked":"SKIP","floor":14},{"not_picked":["Riddle With Holes","Concentrate","Bane"],"picked":"SKIP","floor":15},{"not_picked":["Blur","Prepared+1","Underhanded Strike"],"picked":"SKIP","floor":19},{"not_picked":["Outmaneuver","Endless Agony","Tactician+1"],"picked":"SKIP","floor":20},{"not_picked":["PiercingWail","Deadly Poison+1","Dagger Spray"],"picked":"SKIP","floor":21},{"not_picked":["Catalyst","Dagger Throw","Eviscerate+1"],"picked":"SKIP","floor":25},{"not_picked":["Tools of the Trade","Eviscerate+1","Outmaneuver"],"picked":"SKIP","floor":27},{"not_picked":["Predator","Deflect","Wraith Form v2"],"picked":"SKIP","floor":28},{"not_picked":["Quick Slash+1","Dodge and Roll","Outmaneuver+1"],"picked":"SKIP","floor":30},{"not_picked":["Noxious Fumes","Acrobatics","Calculated Gamble"],"picked":"SKIP","floor":31},{"not_picked":["Deflect","Dash","Dagger Spray"],"picked":"SKIP","floor":32},{"not_picked":["Escape Plan","Outmaneuver","Bane+1"],"picked":"SKIP","floor":36},{"not_picked":["Underhanded Strike","Outmaneuver","Cloak And Dagger"],"picked":"SKIP","floor":38},{"not_picked":["After Image","Caltrops+1","Terror+1"],"picked":"SKIP","floor":40},{"not_picked":["Deadly Poison","Leg Sweep+1","Caltrops+1"],"picked":"SKIP","floor":42},{"not_picked":["Prepared+1","All Out Attack","Calculated Gamble+1"],"picked":"SKIP","floor":44},{"not_picked":["Expertise+1","Deflect","Dagger Spray+1"],"picked":"SKIP","floor":45},{"not_picked":["Dagger Throw+1","Slice+1","Endless Agony"],"picked":"SKIP","floor":46},{"not_picked":["Sucker Punch","Backflip","Backstab+1"],"picked":"SKIP","floor":47},{"not_picked":["Acrobatics+1","Bullet Time","Deflect"],"picked":"SKIP","floor":48},{"not_picked":["Footwork","Sucker Punch","Acrobatics+1"],"picked":"SKIP","floor":49}],"player_experience":171658,"relics_obtained":[{"floor":6,"key":"Boot"},{"floor":24,"key":"Anchor"},{"floor":25,"key":"Happy Flower"},{"floor":31,"key":"Omamori"},{"floor":41,"key":"hexamod:BolsterEngine"},{"floor":42,"key":"Torii"},{"floor":48,"key":"Kunai"}],"event_choices":[{"cards_removed":["Infinite Blades"],"damage_healed":0,"gold_gain":0,"player_choice":"Offered Uncommon","damage_taken":0,"max_hp_gain":0,"max_hp_loss":0,"event_name":"Bonfire Elementals","floor":3,"gold_loss":0}],"is_beta":false,"boss_relics":[{"not_picked":["bronze:MakeshiftBattery","Tiny House"],"picked":"WristBlade"},{"not_picked":["Runic Pyramid","SlaversCollar"],"picked":"expansioncontent:StudyCardRelic"}],"items_purged_floors":[10,23,37],"is_endless":false,"potions_floor_spawned":[2,6,8,13,14,19,25,30,32,33,36,40,47,48],"ascension_level":0}}