{"host":"630px4nyj50z5id8","time":1612880080,"event":{"mods":["BaseMod","Better Note","Colored Powertips","Good Game Mod","Minty Spire (QoL Compilation)","Quick Restart","Rare Cards Sparkle","Relic Filter Mod","Replay The Spire","StSLib","Waifu the Spire"],"gold_per_floor":[109,59,78,18,35,35,64,64,64,64,98,114,141,156,156,258,258,228,228],"floor_reached":18,"language":"ZHS","playtime":521,"items_purged":[],"score":252,"play_id":"25787b6c-d455-4465-9071-6567afa5e721","local_time":"20210209221440","is_ascension_mode":true,"campfire_choices":[{"data":"Armaments","floor":6.0,"key":"SMITH"},{"data":"Carnage","floor":8.0,"key":"SMITH"},{"data":"Limit Break","floor":15.0,"key":"SMITH"}],"circlet_count":0,"master_deck":["Strike_R","Strike_R","Strike_R","Defend_R","Defend_R","Defend_R","Defend_R","Bash","ReplayTheSpireMod:Omega Cannon","Pommel Strike","Carnage+1","Fire Breathing+1","Armaments+1","Headbutt","Flex","Limit Break+1","Hemogenesis"],"relics":["Burning Blood","REME:ComplimentaryCards","NeowsBlessing","Dream Catcher","Gremlin Horn","Letter Opener","White Beast Statue","Black Star"],"acts_visited":["Exordium","TheCity"],"potions_floor_usage":[16,16,16],"damage_taken":[{"damage":0.0,"enemies":"Cultist","floor":1.0,"turns":1.0},{"damage":0.0,"enemies":"2 Louse","floor":3.0,"turns":1.0},{"damage":0.0,"enemies":"Small Slimes","floor":5.0,"turns":1.0},{"damage":15.0,"enemies":"3 Sentries","floor":7.0,"turns":3.0},{"damage":8.0,"enemies":"Gremlin Nob","floor":11.0,"turns":3.0},{"damage":13.0,"enemies":"Blue Slaver","floor":12.0,"turns":2.0},{"damage":30.0,"enemies":"Lagavulin","floor":13.0,"turns":5.0},{"damage":0.0,"enemies":"2 Fungi Beasts","floor":14.0,"turns":2.0},{"damage":36,"enemies":"The Guardian","floor":16,"turns":13},{"damage":17,"enemies":"2 Thieves","floor":18,"turns":2}],"seed_played":"-6784553207561249126","potions_obtained":[{"floor":7.0,"key":"SmokeBomb"},{"floor":11.0,"key":"LifebloodPotion"},{"floor":13.0,"key":"Toxic Potion"},{"floor":14.0,"key":"PowerPotion"},{"floor":16,"key":"BlessingOfTheForge"}],"is_trial":false,"path_per_floor":["M","?","M","$","M","R","E","R","T","?","E","M","E","M","R","B",null,"M"],"character_chosen":"IRONCLAD","items_purchased":["Fire Breathing+1"],"campfire_rested":0,"item_purchase_floors":[4],"current_hp_per_floor":[78,78,80,80,80,80,71,71,71,64,62,55,31,37,37,7,62,45,45],"gold":228,"neow_bonus":"THREE_ENEMY_KILL","is_daily":false,"chose_seed":false,"campfire_upgraded":3,"win_rate":0.0,"timestamp":1612880080,"path_taken":["M","?","M","$","M","R","E","R","T","?","E","M","E","M","R","BOSS","M"],"items_purchased_type":["Card"],"build_version":"2020-12-22","purchased_purges":0,"victory":false,"max_hp_per_floor":[80,80,80,80,80,80,80,80,80,80,80,80,80,80,80,80,80,80,80],"card_choices":[{"not_picked":["Dropkick","Warcry"],"picked":"Pommel Strike","floor":1.0},{"not_picked":["Rage","Havoc"],"picked":"Carnage","floor":3.0},{"not_picked":["Sword Boomerang","Pommel Strike"],"picked":"Armaments","floor":5.0},{"not_picked":["Heavy Blade","Sword Boomerang"],"picked":"Headbutt","floor":7.0},{"not_picked":["Warcry","Heavy Blade","Rage"],"picked":"SKIP","floor":11.0},{"not_picked":["Reckless Charge","Clash","Cleave"],"picked":"SKIP","floor":12.0},{"not_picked":["Wild Strike","Armaments"],"picked":"Flex","floor":13.0},{"not_picked":["Seeing Red","Spot Weakness"],"picked":"Limit Break","floor":14.0},{"not_picked":["Demonic Infusion","Corruption"],"picked":"Hemogenesis","floor":16}],"player_experience":445420,"relics_obtained":[{"floor":7.0,"key":"Dream Catcher"},{"floor":9.0,"key":"Gremlin Horn"},{"floor":11.0,"key":"Letter Opener"},{"floor":13.0,"key":"White Beast Statue"}],"event_choices":[{"cards_removed":["Strike_R"],"damage_healed":0.0,"max_hp_gain":0.0,"max_hp_loss":0.0,"gold_gain":0.0,"event_name":"The Cleric","player_choice":"Card Removal","floor":2.0,"gold_loss":50.0,"damage_taken":0.0},{"cards_removed":["Strike_R"],"damage_healed":0.0,"max_hp_gain":0.0,"max_hp_loss":0.0,"gold_gain":0.0,"event_name":"Golden Wing","player_choice":"Card Removal","floor":10.0,"gold_loss":0.0,"damage_taken":7.0}],"is_beta":false,"boss_relics":[{"not_picked":["Philosopher\u0027s Stone","Empty Cage"],"picked":"Black Star"}],"items_purged_floors":[],"is_endless":false,"potions_floor_spawned":[7,11,13,14,16],"killed_by":"2 Thieves","ascension_level":8}}