{"host":"7tvb1em0d2fx72q7","time":1612846578,"event":{"mods":["BaseMod","Challenge The Spire","Minty Spire (QoL Compilation)","StSLib","everything is the same but u backflip on backflip"],"gold_per_floor":[116,127,141,158,176,176,39,66,91,37,37,8,8,25,25,98,148,162,162,162],"floor_reached":19,"language":"ENG","playtime":1739,"items_purged":[],"score":338,"play_id":"63b44c3f-a68d-4c3d-84a8-36f62adc448f","local_time":"20210208235618","is_ascension_mode":true,"campfire_choices":[{"data":"Deadly Poison","floor":6,"key":"SMITH"},{"floor":11,"key":"REST"},{"data":"Burst","floor":13,"key":"SMITH"},{"data":"Poisoned Stab","floor":15,"key":"SMITH"}],"circlet_count":0,"master_deck":["AscendersBane","Strike_G","Strike_G","Strike_G","Strike_G","Strike_G","Defend_G","Defend_G","Defend_G","Defend_G","Defend_G","Survivor","Neutralize","Blur","Quick Slash","Burst+1","Cloak And Dagger","Deadly Poison+1","Bane+1","Choke","Poisoned Stab+1","Bane","Dagger Spray","A Thousand Cuts","Deflect","Dodge and Roll"],"relics":["Runic Dome","Ice Cream","Bronze Scales","Tiny House"],"acts_visited":["Exordium","TheCity"],"potions_floor_usage":[4,8,8,16],"damage_taken":[{"damage":12,"enemies":"Cultist","floor":1,"turns":6},{"damage":7,"enemies":"Small Slimes","floor":2,"turns":5},{"damage":0,"enemies":"2 Louse","floor":3,"turns":2},{"damage":9,"enemies":"Large Slime","floor":4,"turns":9},{"damage":0,"enemies":"Blue Slaver","floor":5,"turns":5},{"damage":12,"enemies":"Gremlin Nob","floor":8,"turns":3},{"damage":14,"enemies":"3 Louse","floor":14,"turns":2},{"damage":23,"enemies":"The Guardian","floor":16,"turns":10},{"damage":28,"enemies":"Spheric Guardian","floor":18,"turns":6},{"damage":27,"enemies":"Shell Parasite","floor":19,"turns":3}],"seed_played":"-4798387835386584678","potions_obtained":[{"floor":2,"key":"Fire Potion"},{"floor":5,"key":"Fire Potion"},{"floor":14,"key":"ColorlessPotion"},{"floor":17,"key":"DuplicationPotion"},{"floor":18,"key":"Explosive Potion"}],"is_trial":false,"path_per_floor":["M","M","M","M","M","R","$","E","T","$","R","$","R","M","R","B",null,"M","M"],"character_chosen":"THE_SILENT","items_purchased":["Bane","DuplicationPotion","Poisoned Stab","Bane"],"campfire_rested":1,"item_purchase_floors":[7,7,10,12],"current_hp_per_floor":[47,40,40,31,31,31,31,19,19,19,38,38,38,24,24,1,55,27,0,0],"gold":162,"neow_bonus":"BOSS_RELIC","is_daily":false,"chose_seed":false,"campfire_upgraded":3,"win_rate":0.0,"timestamp":1612846578,"path_taken":["M","M","M","M","M","R","$","E","T","?","R","$","R","?","R","BOSS","M","?"],"items_purchased_type":["Card","Potion","Card","Card"],"build_version":"2020-12-22","purchased_purges":0,"victory":false,"max_hp_per_floor":[66,66,66,66,66,66,66,66,66,66,66,66,66,66,66,66,71,71,71,71],"card_choices":[{"not_picked":["Dodge and Roll","Deflect"],"picked":"Blur","floor":1},{"not_picked":["Caltrops","Bane"],"picked":"Quick Slash","floor":2},{"not_picked":["Outmaneuver","Quick Slash"],"picked":"Burst","floor":3},{"not_picked":["Dagger Spray","Calculated Gamble"],"picked":"Cloak And Dagger","floor":4},{"not_picked":["Underhanded Strike","Blade Dance"],"picked":"Deadly Poison","floor":5},{"not_picked":["Envenom","Slice"],"picked":"Choke","floor":8},{"not_picked":["Prepared","Quick Slash"],"picked":"Dagger Spray","floor":14},{"not_picked":["Phantasmal Killer","Bullet Time"],"picked":"A Thousand Cuts","floor":16},{"not_picked":["Eviscerate","Setup"],"picked":"Deflect","floor":17},{"not_picked":["Deflect","Outmaneuver"],"picked":"Dodge and Roll","floor":18}],"player_experience":2041110,"relics_obtained":[{"floor":8,"key":"Ice Cream"},{"floor":9,"key":"Bronze Scales"}],"event_choices":[],"is_beta":false,"boss_relics":[{"not_picked":["WristBlade","Philosopher\u0027s Stone"],"picked":"Tiny House"}],"items_purged_floors":[],"is_endless":false,"potions_floor_spawned":[2,5,14,18],"killed_by":"Shell Parasite","ascension_level":20}}