{"host":"8d3fefv2347kqkpz","time":1612894065,"event":{"mods":["AchievementEnabler","Act Like it!","BaseMod","Better Vampires","Colored Map","Colored Powertips","Downfall","GifTheSpireLib","Highlight Path","Minty Spire (QoL Compilation)","Quick Restart","Rare Cards Sparkle","Relic Stats","Replay The Spire","Spicy Shops","StSLib","Waifu the Spire"],"gold_per_floor":[99,109,128,128,139,14,14,14,27,27,51,51,51,68,84,189,189,189,200,200,300,250,250,250,150,169,169,269,286,286,286,306,306,306,306],"floor_reached":33,"language":"ZHS","playtime":1640,"items_purged":["Slimebound:Strike_Slimebound"],"score":260,"play_id":"500d553b-82b4-49d0-b750-fd8b3e7c41b9","local_time":"20210210020745","is_ascension_mode":false,"campfire_choices":[{"data":"Slimebound:Strike_Slimebound","floor":1.0,"key":"PURGE"},{"data":"Slimebound:Grow","floor":8.0,"key":"SMITH"},{"data":"Slimebound:SelfFormingGoo","floor":10.0,"key":"SMITH"},{"data":"Slimebound:LevelUp","floor":13.0,"key":"SMITH"},{"data":"Slimebound:Split","floor":18.0,"key":"SMITH"},{"data":"Slimebound:SpikyOuterGoop","floor":25.0,"key":"SMITH"},{"floor":27.0,"key":"REST"},{"floor":30.0,"key":"REST"}],"circlet_count":0,"master_deck":["Slimebound:Strike_Slimebound","Slimebound:Defend_Slimebound","Slimebound:Defend_Slimebound","Slimebound:Split+1","Slimebound:CorrosiveSpit","Slimebound:SelfFormingGoo+1","Slimebound:Schlurp","Slimebound:Repurpose","Slimebound:Grow+1","Slimebound:SplitBruiser","Slimebound:LevelUp+1","Slimebound:LeechEnergy","Slimebound:SpikyOuterGoop","Slimebound:OozeBath","Slimebound:LeadByExample+1","Slimebound:PressTheAttack","Slimebound:SpikyOuterGoop+1","Slimebound:ProtectTheBoss","Slimebound:RainOfGoop"],"relics":["Slimebound:AbsorbEndCombat","Sundial","Odd Mushroom","Empty Cage","WingedGreaves","White Beast Statue","downfall:HeartBlessingBlue"],"acts_visited":["Exordium","TheCity"],"potions_floor_usage":[],"damage_taken":[{"damage":12.0,"enemies":"Small Slimes","floor":2.0,"turns":6.0},{"damage":1.0,"enemies":"Cultist","floor":3.0,"turns":5.0},{"damage":4.0,"enemies":"Jaw Worm","floor":5.0,"turns":5.0},{"damage":0.0,"enemies":"downfall:FleeingMerchant","floor":6.0,"turns":4.0},{"damage":9.0,"enemies":"2 Fungi Beasts","floor":9.0,"turns":4.0},{"damage":20.0,"enemies":"The Mushroom Lair","floor":11.0,"turns":5.0},{"damage":1.0,"enemies":"Blue Slaver","floor":14.0,"turns":3.0},{"damage":0.0,"enemies":"3 Louse","floor":15.0,"turns":4.0},{"damage":32.0,"enemies":"WA_ARCHETYPE_RETAIN","floor":16.0,"turns":8.0},{"damage":25.0,"enemies":"3 Byrds","floor":19.0,"turns":6.0},{"damage":15.0,"enemies":"IC_STATUS_ARCHETYPE","floor":21.0,"turns":7.0},{"damage":0.0,"enemies":"Chosen","floor":23.0,"turns":1.0},{"damage":48.0,"enemies":"3 Cultists","floor":26.0,"turns":6.0},{"damage":27.0,"enemies":"Centurion and Healer","floor":29.0,"turns":7.0},{"damage":27.0,"enemies":"Snake Plant","floor":32.0,"turns":4.0},{"damage":68,"enemies":"DF_ARCHETYPE_CLAW","floor":33,"turns":9}],"seed_played":"-2408091679451644028","potions_obtained":[{"floor":5.0,"key":"BlessingOfTheForge"},{"floor":9.0,"key":"Dexterity Potion"},{"floor":11.0,"key":"AttackPotion"},{"floor":14.0,"key":"SpeedPotion"},{"floor":23.0,"key":"Strength Potion"},{"floor":32.0,"key":"Fruit Juice"}],"is_trial":false,"path_per_floor":["R_BF","M","M","?","M","$","T","R","M","R","?","?","R","M","M","B",null,"R_BF","M","?","?","?","M","T","R","M","R","?","M","R","?","M","B"],"character_chosen":"SLIMEBOUND","items_purchased":["Slimebound:LevelUp"],"campfire_rested":2,"item_purchase_floors":[6],"current_hp_per_floor":[65,57,60,60,60,64,64,64,58,58,44,44,44,49,53,29,65,65,44,44,37,63,63,63,73,31,53,53,34,56,75,57,0,0,0],"gold":306,"neow_bonus":"ONE_RANDOM_RARE_CARD","is_daily":false,"chose_seed":false,"campfire_upgraded":5,"win_rate":0.0,"timestamp":1612894065,"path_taken":["R_BF","M","M","?","?","$","T","R","M","R","?","?","R","M","M","BOSS","R_BF","M","?","?","?","M","T","R","M","R","?","?","R","?","M","BOSS"],"items_purchased_type":["Card"],"build_version":"2020-12-22","purchased_purges":1,"victory":false,"max_hp_per_floor":[65,65,65,65,65,65,65,65,65,65,65,65,65,65,65,65,65,65,65,65,65,65,65,65,75,75,75,75,75,75,75,80,80,80,80],"relic_stats":{"counters":[16,81],"Sundial":[18],"obtain_stats":[{"downfall:BrokenWingStatue":12,"Sundial":7,"downfall:HeartBlessingBlue":25,"WingedGreaves":21,"Slimebound:AbsorbEndCombat":0,"Odd Mushroom":11,"Empty Cage":17,"White Beast Statue":21},{"downfall:BrokenWingStatue":6,"Sundial":4,"downfall:HeartBlessingBlue":12,"WingedGreaves":11,"Slimebound:AbsorbEndCombat":0,"Odd Mushroom":6,"Empty Cage":9,"White Beast Statue":11},{"downfall:BrokenWingStatue":27,"Sundial":18,"downfall:HeartBlessingBlue":55,"WingedGreaves":54,"Slimebound:AbsorbEndCombat":0,"Odd Mushroom":27,"Empty Cage":42,"White Beast Statue":54}]},"card_choices":[{"not_picked":["Slimebound:SplitMire","Slimebound:HauntingLick"],"picked":"Slimebound:Schlurp","floor":2.0},{"not_picked":["Slimebound:LeechEnergy","Slimebound:SlimeTap"],"picked":"Slimebound:Repurpose","floor":3.0},{"not_picked":["Slimebound:DisruptingSlam","Slimebound:LevelUp"],"picked":"Slimebound:Grow","floor":5.0},{"not_picked":["Slimebound:RollThrough","Slimebound:SlimeSpikes"],"picked":"Slimebound:SplitBruiser","floor":6.0},{"not_picked":["Slimebound:GoopTackle","Slimebound:OneTwoCombo","Slimebound:Grow"],"picked":"SKIP","floor":9.0},{"not_picked":["Slimebound:SlimeBrawl","Slimebound:SplitMire"],"picked":"Slimebound:LeechEnergy","floor":11.0},{"not_picked":["Slimebound:SplitMire","Slimebound:SlimeSpikes"],"picked":"Slimebound:AcidTongue","floor":14.0},{"not_picked":["Slimebound:Prepare","Slimebound:SplitLeeching"],"picked":"Slimebound:SpikyOuterGoop","floor":15.0},{"not_picked":["Slimebound:DuplicatedForm","Slimebound:WasteNot"],"picked":"Slimebound:OozeBath","floor":16.0},{"not_picked":["Slimebound:LeechingTouch","Slimebound:Gluttony+1"],"picked":"Slimebound:LeadByExample+1","floor":19.0},{"not_picked":["Slimebound:BestDefense+1","Slimebound:ItLooksTasty+1"],"picked":"Slimebound:PressTheAttack","floor":21.0},{"not_picked":["Slimebound:TongueLash+1","Slimebound:ViciousTackle"],"picked":"Slimebound:SpikyOuterGoop","floor":23.0},{"not_picked":["Slimebound:TongueLash","Slimebound:ComboTackle+1","Slimebound:SplitAcid+1"],"picked":"SKIP","floor":26.0},{"not_picked":["Slimebound:SplitBruiser","Slimebound:Prepare+1"],"picked":"Slimebound:ProtectTheBoss","floor":29.0},{"not_picked":["Slimebound:Nibble","Slimebound:SplitLeeching"],"picked":"Slimebound:RainOfGoop","floor":32.0}],"player_experience":321995,"relics_obtained":[{"floor":7.0,"key":"Sundial"},{"floor":11.0,"key":"Odd Mushroom"},{"floor":21.0,"key":"WingedGreaves"},{"floor":21.0,"key":"White Beast Statue"}],"event_choices":[{"damage_healed":0.0,"max_hp_gain":0.0,"max_hp_loss":0.0,"gold_gain":0.0,"event_name":"Mushrooms","player_choice":"Fought Mushrooms","floor":11.0,"gold_loss":0.0,"damage_taken":0.0},{"cards_removed":["Slimebound:AcidTongue"],"damage_healed":19.0,"max_hp_gain":0.0,"max_hp_loss":0.0,"gold_gain":0.0,"event_name":"Bonfire Elementals","player_choice":"Offered Uncommon","floor":31.0,"gold_loss":0.0,"damage_taken":0.0}],"is_beta":false,"boss_relics":[{"not_picked":["Snecko Eye","Coffee Dripper"],"picked":"Empty Cage"}],"items_purged_floors":[6],"is_endless":false,"potions_floor_spawned":[5,9,11,14,16,23,26,29,32],"killed_by":"DF_ARCHETYPE_CLAW","ascension_level":0}}