{"host":"newqdrzxfhh2im9e","time":1612915187,"event":{"mods":["AchievementEnabler","BaseMod","Block Reminder","Colored Map","Minty Spire (QoL Compilation)","Rare Cards Sparkle","Shop Mod","StSLib"],"gold_per_floor":[16,34,46,46,121,137,137,171,171,171,136,215,239,263,263,389,389,420,420,420,461,32,74,74,74,74],"floor_reached":25,"language":"ENG","playtime":1270,"items_purged":[],"score":211,"play_id":"23598e43-6b9f-4d12-83da-f78721c072c3","local_time":"20210209155947","is_ascension_mode":false,"campfire_choices":[{"floor":7,"key":"REST"},{"floor":10,"key":"REST"},{"floor":15,"key":"REST"},{"data":"A Thousand Cuts","floor":24,"key":"SMITH"}],"circlet_count":0,"master_deck":["Strike_G+1","Strike_G+1","Strike_G+1","Strike_G+1","Strike_G+1","Defend_G+1","Defend_G+1","Defend_G+1","Defend_G+1","Defend_G+1","Survivor","Neutralize","Catalyst","Deadly Poison","Grand Finale","Terror","Deflect","Infinite Blades","Reflex","Dagger Spray","Dash","Predator","Eviscerate","Tactician","Tools of the Trade","Caltrops","Envenom","CurseOfTheBell","Bane+1","Noxious Fumes","Endless Agony+1","Deadly Poison","A Thousand Cuts+1"],"relics":["Ring of the Snake","Prayer Wheel","Golden Idol","Odd Mushroom","Kunai","Calling Bell","CeramicFish","The Courier","FossilizedHelix","Singing Bowl","Akabeko","Blood Vial","Tough Bandages"],"acts_visited":["Exordium","TheCity"],"potions_floor_usage":[14,14,16,23,23],"damage_taken":[{"damage":4,"enemies":"Cultist","floor":1,"turns":4},{"damage":7,"enemies":"Small Slimes","floor":2,"turns":3},{"damage":4,"enemies":"Jaw Worm","floor":3,"turns":4},{"damage":15,"enemies":"Large Slime","floor":6,"turns":8},{"damage":21,"enemies":"The Mushroom Lair","floor":8,"turns":4},{"damage":17,"enemies":"Gremlin Nob","floor":12,"turns":6},{"damage":1,"enemies":"3 Louse","floor":13,"turns":5},{"damage":1,"enemies":"Looter","floor":14,"turns":3},{"damage":40,"enemies":"Slime Boss","floor":16,"turns":12},{"damage":14,"enemies":"Shell Parasite","floor":18,"turns":6},{"damage":0,"enemies":"Chosen","floor":21,"turns":6},{"damage":17,"enemies":"Book of Stabbing","floor":23,"turns":5},{"damage":45,"enemies":"3 Cultists","floor":25,"turns":4}],"seed_played":"-1070191897810757470","potions_obtained":[{"floor":6,"key":"Ancient Potion"},{"floor":12,"key":"EssenceOfSteel"},{"floor":13,"key":"ColorlessPotion"},{"floor":14,"key":"GamblersBrew"},{"floor":18,"key":"DistilledChaos"}],"is_trial":false,"path_per_floor":["M","M","M","?","?","M","R","?","T","R","?","?","M","M","R","B",null,"M","?","?","M","$","E","R","M"],"character_chosen":"THE_SILENT","items_purchased":["Singing Bowl","Akabeko","Blood Vial"],"campfire_rested":3,"item_purchase_floors":[22,22,22],"current_hp_per_floor":[66,59,55,38,27,12,33,12,12,33,50,33,32,31,52,12,70,56,56,56,56,56,41,41,0,0],"gold":74,"neow_bonus":"ONE_RARE_RELIC","is_daily":false,"chose_seed":false,"campfire_upgraded":1,"win_rate":0.0,"timestamp":1612915187,"path_taken":["M","?","M","?","?","M","R","?","T","R","?","?","?","M","R","BOSS","M","?","?","M","$","E","R","?"],"items_purchased_type":["Relic","Relic","Relic"],"build_version":"2020-12-22","purchased_purges":0,"victory":false,"max_hp_per_floor":[70,70,70,70,70,70,70,70,70,70,70,70,70,70,70,70,70,70,70,70,70,70,70,70,70,70],"card_choices":[{"not_picked":["Dodge and Roll","Deadly Poison"],"picked":"Catalyst","floor":1},{"not_picked":["Dagger Throw","Underhanded Strike"],"picked":"Deadly Poison","floor":1},{"not_picked":["Slice","Bane"],"picked":"Grand Finale","floor":2},{"not_picked":["Heel Hook","Poisoned Stab"],"picked":"Terror","floor":2},{"not_picked":["Quick Slash","Backflip"],"picked":"Deflect","floor":3},{"not_picked":["All Out Attack","Acrobatics"],"picked":"Infinite Blades","floor":3},{"not_picked":["Flying Knee","Blade Dance"],"picked":"Reflex","floor":6},{"not_picked":["PiercingWail","Masterful Stab"],"picked":"Dagger Spray","floor":6},{"not_picked":["Backstab","All Out Attack"],"picked":"Dash","floor":8},{"not_picked":["Cloak And Dagger","Bane"],"picked":"Predator","floor":12},{"not_picked":["Bane","Concentrate"],"picked":"Eviscerate","floor":13},{"not_picked":["Reflex","Eviscerate"],"picked":"Tactician","floor":13},{"not_picked":["Dodge and Roll","Acrobatics"],"picked":"Tools of the Trade","floor":14},{"not_picked":["Deadly Poison","Flying Knee"],"picked":"Caltrops","floor":14},{"not_picked":["Night Terror","After Image"],"picked":"Envenom","floor":16},{"not_picked":["Terror","Dagger Throw"],"picked":"Bane+1","floor":18},{"not_picked":["Backstab","Quick Slash+1"],"picked":"Noxious Fumes","floor":18},{"not_picked":["Prepared","Eviscerate"],"picked":"Endless Agony+1","floor":21},{"not_picked":["Backflip","Dash"],"picked":"Deadly Poison","floor":21},{"not_picked":["Outmaneuver","Infinite Blades"],"picked":"A Thousand Cuts","floor":23}],"player_experience":770028,"relics_obtained":[{"floor":8,"key":"Odd Mushroom"},{"floor":12,"key":"Kunai"},{"floor":17,"key":"CeramicFish"},{"floor":17,"key":"The Courier"},{"floor":17,"key":"FossilizedHelix"},{"floor":23,"key":"Tough Bandages"}],"event_choices":[{"damage_healed":0,"gold_gain":0,"player_choice":"Take Damage","damage_taken":17,"relics_obtained":["Golden Idol"],"max_hp_gain":0,"max_hp_loss":0,"event_name":"Golden Idol","floor":4,"gold_loss":0},{"damage_healed":0,"gold_gain":75,"player_choice":"Gather Gold","damage_taken":11,"max_hp_gain":0,"max_hp_loss":0,"event_name":"World of Goop","floor":5,"gold_loss":0},{"damage_healed":0,"gold_gain":0,"player_choice":"Fought Mushrooms","damage_taken":0,"max_hp_gain":0,"max_hp_loss":0,"event_name":"Mushrooms","floor":8,"gold_loss":0},{"damage_healed":17,"gold_gain":0,"player_choice":"Healed","damage_taken":0,"max_hp_gain":0,"max_hp_loss":0,"event_name":"The Cleric","floor":11,"gold_loss":35},{"damage_healed":0,"gold_gain":0,"player_choice":"Searched \u00271\u0027 times","damage_taken":0,"max_hp_gain":0,"max_hp_loss":0,"event_name":"Dead Adventurer","floor":12,"gold_loss":0},{"damage_healed":0,"gold_gain":0,"player_choice":"Simplicity","damage_taken":0,"max_hp_gain":0,"max_hp_loss":0,"event_name":"Back to Basics","floor":19,"gold_loss":0,"cards_upgraded":["Strike_G","Strike_G","Strike_G","Strike_G","Strike_G","Defend_G","Defend_G","Defend_G","Defend_G","Defend_G"]},{"damage_healed":0,"gold_gain":0,"player_choice":"Ignored","damage_taken":0,"max_hp_gain":0,"max_hp_loss":0,"event_name":"Beggar","floor":20,"gold_loss":0}],"is_beta":false,"boss_relics":[{"not_picked":["Black Star","SlaversCollar"],"picked":"Calling Bell"}],"items_purged_floors":[],"is_endless":false,"potions_floor_spawned":[6,12,13,14,18],"killed_by":"3 Cultists","ascension_level":0}}