{"host":"tcdxiwht2vajk3tk","time":1612847308,"event":{"mods":["AchievementEnabler","BaseMod","Beaked The Cultist","Colored Powertips","Conspire","Defuse TimeMaze Blight","Downfall","Halation","Hermit","Hubris","Infinite Spire","Lobotomy","LobotomyExtend","Minty Spire (QoL Compilation)","Replay The Spire","Shop Mod","StSLib","The Cursed","The Disciple"],"gold_per_floor":[17,32,32,51,51,77,77,77,77,77,93,113,145,160,160,261,261,278,278,278],"floor_reached":19,"language":"ENG","playtime":1349,"items_purged":[],"score":188,"play_id":"c8dc0087-db8a-4612-abd7-ed032e86ff13","local_time":"20210209000828","is_ascension_mode":true,"campfire_choices":[{"floor":8.0,"key":"DIG"},{"floor":15.0,"key":"REST"}],"circlet_count":0,"master_deck":["TheCursedMod:Strike_TheCursed","TheCursedMod:Strike_TheCursed","TheCursedMod:Strike_TheCursed","TheCursedMod:Strike_TheCursed","TheCursedMod:Defend_TheCursed","TheCursedMod:Defend_TheCursed","TheCursedMod:Defend_TheCursed","TheCursedMod:Defend_TheCursed","TheCursedMod:CursedWand","TheCursedMod:CleanUpWorkshop","TheCursedMod:Dregs","TheCursedMod:FleshFromBone","TheCursedMod:SpitefulStrike","TheCursedMod:CursedArmor+1","TheCursedMod:LuckyCharm","TheCursedMod:CircleOfFlame","TheCursedMod:SpitefulStrike","TheCursedMod:CircleOfFlame","TheCursedMod:ParallelWorld","TheCursedMod:CircleOfAbyss","TheCursedMod:Stretching"],"relics":["TheCursedMod:BlackMagic101","Replay:Multitool","LetterFromLob","StoneCalendar","halation:PenCase","Replay:Wax Seal","infinitespire:ShieldingShard","conspire:BottledYoYo","halation:Prosthetics"],"acts_visited":["Exordium","TheCity"],"potions_floor_usage":[16,19],"damage_taken":[{"damage":2.0,"enemies":"Cultist","floor":1.0,"turns":5.0},{"damage":5.0,"enemies":"Small Slimes","floor":2.0,"turns":5.0},{"damage":0.0,"enemies":"Jaw Worm","floor":4.0,"turns":5.0},{"damage":13.0,"enemies":"Lagavulin","floor":6.0,"turns":13.0},{"damage":30.0,"enemies":"Exordium Thugs","floor":11.0,"turns":7.0},{"damage":0.0,"enemies":"Large Slime","floor":12.0,"turns":7.0},{"damage":10.0,"enemies":"3 Sentries","floor":13.0,"turns":7.0},{"damage":0.0,"enemies":"Looter","floor":14.0,"turns":3.0},{"damage":27,"enemies":"Slime Boss","floor":16,"turns":8},{"damage":18,"enemies":"Spheric Guardian","floor":18,"turns":7},{"damage":22,"enemies":"3 Byrds","floor":19,"turns":4}],"seed_played":"8306460446021598091","potions_obtained":[{"floor":1.0,"key":"Doom Potion"},{"floor":6.0,"key":"Block Potion"},{"floor":12.0,"key":"sneckomod:MuddlingPotion"},{"floor":14.0,"key":"SteroidPotion"},{"floor":16,"key":"Reflective Coating"},{"floor":18,"key":"Energy Potion"}],"is_trial":false,"path_per_floor":["M","M","?","M","$","E","?","R","T","R","M","M","E","M","R","B",null,"M","M"],"character_chosen":"THE_CURSED","items_purchased":[],"campfire_rested":1,"item_purchase_floors":[],"current_hp_per_floor":[73,68,68,68,68,55,55,55,55,75,45,45,35,35,57,30,40,22,0,0],"gold":278,"neow_bonus":"ONE_RARE_RELIC","is_daily":false,"chose_seed":false,"campfire_upgraded":0,"win_rate":0.0,"timestamp":1612847308,"path_taken":["M","M","?","?","$","E","?","R","T","R","?","M","E","M","R","BOSS","M","M"],"items_purchased_type":[],"build_version":"2020-12-22","purchased_purges":0,"victory":false,"max_hp_per_floor":[75,75,75,75,75,75,75,75,75,75,75,75,75,75,75,75,40,40,40,40],"card_choices":[{"not_picked":["TheCursedMod:RavingStaff","TheCursedMod:CursedAmulet"],"picked":"TheCursedMod:FleshFromBone","floor":1.0},{"not_picked":["TheCursedMod:VitalStrike","TheCursedMod:TroublousMinions"],"picked":"TheCursedMod:SpitefulStrike","floor":2.0},{"not_picked":["TheCursedMod:DoubleShield","TheCursedMod:Torture"],"picked":"TheCursedMod:CursedArmor","floor":4.0},{"not_picked":["TheCursedMod:CircleOfFlame","TheCursedMod:SpitefulPlan"],"picked":"TheCursedMod:LuckyCharm","floor":6.0},{"not_picked":["TheCursedMod:SurpriseAttack","TheCursedMod:SmokeScreen"],"picked":"TheCursedMod:CircleOfFlame","floor":11.0},{"not_picked":["TheCursedMod:HellsGateOpen","TheCursedMod:CursedArmor"],"picked":"TheCursedMod:SpitefulStrike","floor":12.0},{"not_picked":["TheCursedMod:CursedSpellbook","TheCursedMod:SaltUponWound"],"picked":"TheCursedMod:CircleOfFlame","floor":13.0},{"not_picked":["TheCursedMod:CircleOfFlame","TheCursedMod:Torture"],"picked":"TheCursedMod:ParallelWorld","floor":14.0},{"not_picked":["TheCursedMod:DarkBarrier","TheCursedMod:CursedRelics"],"picked":"TheCursedMod:CircleOfAbyss","floor":16},{"not_picked":["TheCursedMod:PrepareRite","TheCursedMod:SurpriseAttack"],"picked":"TheCursedMod:Stretching","floor":18}],"player_experience":1716274,"relics_obtained":[{"floor":1.0,"key":"LetterFromLob"},{"floor":6.0,"key":"StoneCalendar"},{"floor":8.0,"key":"Replay:Wax Seal"},{"floor":9.0,"key":"infinitespire:ShieldingShard"},{"floor":13.0,"key":"conspire:BottledYoYo"}],"event_choices":[{"damage_healed":0.0,"max_hp_gain":0.0,"max_hp_loss":0.0,"gold_gain":0.0,"event_name":"Transmorgrifier","player_choice":"Ignored","floor":3.0,"gold_loss":0.0,"damage_taken":0.0},{"damage_healed":0.0,"max_hp_gain":0.0,"max_hp_loss":0.0,"gold_gain":0.0,"event_name":"WeMeetAgain","player_choice":"Gave Potion","floor":7.0,"gold_loss":0.0,"damage_taken":0.0,"relics_obtained":["halation:PenCase"]}],"is_beta":false,"boss_relics":[{"not_picked":["ChewingGum","infinitespire:Cupcake"],"picked":"halation:Prosthetics"}],"items_purged_floors":[],"is_endless":false,"potions_floor_spawned":[1,6,12,14,16,18],"killed_by":"3 Byrds","ascension_level":1}}