{"host":"28p8ce41sjwa6lzf","time":1612902303,"event":{"mods":["BaseMod","Bestiary","Colored Map","Colored Powertips","Dark Map","Highlight Path","Minty Spire (QoL Compilation)","Permanent Neow","Quick Restart","Random Character Button","Rare Cards Sparkle","Relic Stats","StSLib","Unceasing Turn Reminder"],"gold_per_floor":[113,183,197,208,208,239,239,274,274,274,274],"floor_reached":10,"language":"ENG","playtime":428,"items_purged":[],"score":152,"play_id":"fe51c84d-e516-4df6-b23c-6535f3498c3d","local_time":"20210209142503","is_ascension_mode":true,"campfire_choices":[{"floor":7.0,"key":"REST"}],"circlet_count":0,"master_deck":["AscendersBane","Strike_B","Strike_B","Strike_B","Strike_B","Defend_B","Defend_B","Defend_B","Defend_B","Zap","Dualcast","CurseOfTheBell","Streamline+1","Ball Lightning","White Noise","Coolheaded","Echo Form","Capacitor","Blizzard"],"relics":["Calling Bell","Juzu Bracelet","InkBottle","Prayer Wheel","Centennial Puzzle","The Courier","Smiling Mask"],"acts_visited":["Exordium"],"potions_floor_usage":[],"damage_taken":[{"damage":20.0,"enemies":"Small Slimes","floor":1.0,"turns":3.0},{"damage":2.0,"enemies":"Jaw Worm","floor":3.0,"turns":3.0},{"damage":7.0,"enemies":"Cultist","floor":4.0,"turns":3.0},{"damage":23.0,"enemies":"Lagavulin","floor":6.0,"turns":6.0},{"damage":28.0,"enemies":"3 Sentries","floor":8.0,"turns":10.0},{"damage":31,"enemies":"Lagavulin","floor":10,"turns":3}],"seed_played":"-1866218251502382716","potions_obtained":[{"floor":3.0,"key":"Regen Potion"}],"is_trial":false,"path_per_floor":["M","?","M","M","?","E","R","E","T","E"],"character_chosen":"DEFECT","items_purchased":[],"campfire_rested":1,"item_purchase_floors":[],"current_hp_per_floor":[44,44,42,35,35,26,47,19,19,0,0],"gold":274,"neow_bonus":"BOSS_RELIC","is_daily":false,"chose_seed":false,"campfire_upgraded":0,"win_rate":0.0,"timestamp":1612902303,"path_taken":["M","?","M","M","?","E","R","E","T","E"],"items_purchased_type":[],"build_version":"2020-12-22","purchased_purges":0,"victory":false,"max_hp_per_floor":[71,71,71,71,71,71,71,71,71,71,71],"relic_stats":{"Centennial Puzzle":[6],"counters":[6,28],"Prayer Wheel":3,"Juzu Bracelet":0,"Smiling Mask":0,"obtain_stats":[{"Calling Bell":0,"Centennial Puzzle":6,"Prayer Wheel":0,"The Courier":8,"Juzu Bracelet":0,"Cracked Core":0,"Smiling Mask":9,"InkBottle":0},{"Calling Bell":0,"Centennial Puzzle":4,"Prayer Wheel":0,"The Courier":5,"Juzu Bracelet":0,"Cracked Core":0,"Smiling Mask":5,"InkBottle":0},{"Calling Bell":0,"Centennial Puzzle":15,"Prayer Wheel":0,"The Courier":25,"Juzu Bracelet":0,"Cracked Core":0,"Smiling Mask":25,"InkBottle":0}],"InkBottle":[8]},"card_choices":[{"not_picked":["Redo","Beam Cell"],"picked":"Streamline","floor":1.0},{"not_picked":["Streamline","Go for the Eyes"],"picked":"Ball Lightning","floor":1.0},{"not_picked":["Blizzard","Rip and Tear"],"picked":"White Noise","floor":3.0},{"not_picked":["Stack","Reprogram"],"picked":"Coolheaded","floor":3.0},{"not_picked":["Barrage","Capacitor"],"picked":"Echo Form","floor":4.0},{"not_picked":["Barrage","Leap","Auto Shields"],"picked":"SKIP","floor":4.0},{"not_picked":["Ball Lightning","Leap"],"picked":"Capacitor","floor":6.0},{"not_picked":["Steam Power","Fusion"],"picked":"Blizzard","floor":8.0}],"player_experience":1011288,"relics_obtained":[{"floor":0.0,"key":"Juzu Bracelet"},{"floor":0.0,"key":"InkBottle"},{"floor":0.0,"key":"Prayer Wheel"},{"floor":6.0,"key":"Centennial Puzzle"},{"floor":8.0,"key":"The Courier"},{"floor":9.0,"key":"Smiling Mask"}],"event_choices":[{"damage_healed":0.0,"max_hp_gain":0.0,"max_hp_loss":0.0,"gold_gain":70.0,"event_name":"Golden Wing","player_choice":"Gained Gold","floor":2.0,"gold_loss":0.0,"damage_taken":0.0},{"damage_healed":0.0,"max_hp_gain":0.0,"max_hp_loss":0.0,"gold_gain":0.0,"event_name":"Living Wall","player_choice":"Grow","floor":5.0,"gold_loss":0.0,"damage_taken":0.0,"cards_upgraded":["Streamline"]}],"is_beta":false,"boss_relics":[],"items_purged_floors":[],"is_endless":false,"potions_floor_spawned":[3],"killed_by":"Lagavulin","ascension_level":20}}