{"host":"Black","time":1612887529,"event":{"mods":["Act Like it!","Always Whale","AlwaysNeverKeys","Aspiration","BaseMod","Beta Mode","BetterRewards","Colored Map","Colored Powertips","Custom Start","DeckTracker","Downfall","FetchMod","Highlight Path","Hubris","Minty Spire (QoL Compilation)","MoreRelics","Quick Restart","Random Character Button","Shop Mod","StSLib","SuperFastMode","Unceasing Turn Reminder","everything is the same but u backflip on backflip"],"gold_per_floor":[109,109,29,49,49,76,76,105,105,105,115,115,144,144,144,241,241,253,203,214,214,17,52,52,80,128,128,156,156,191,201,201,306,306,318,318,318,336,354,387,387,418,418,418,418,54,54,64,64,64],"floor_reached":51,"language":"ENG","playtime":2796,"items_purged":[],"score":1094,"play_id":"fbba8300-4200-4d83-9029-975b58f8eb65","local_time":"20210209171849","daily_mods":["Draft"],"is_ascension_mode":true,"campfire_choices":[{"data":"Beam Cell","floor":7,"key":"SMITH"},{"data":"Disarm","floor":10,"key":"SMITH"},{"data":"Disarm","floor":12,"key":"SMITH"},{"data":"sneckomod:SoulRoll","floor":15,"key":"SMITH"},{"data":"Slimebound:CheckThePlaybook","floor":24,"key":"SMITH"},{"data":"Pommel Strike","floor":29,"key":"SMITH"},{"data":"Burning Pact","floor":32,"key":"SMITH"},{"data":"Sadistic Nature","floor":41,"key":"SMITH"},{"data":"Thinking Ahead","floor":44,"key":"SMITH"},{"floor":47,"key":"REST"},{"floor":49,"key":"REST"}],"circlet_count":0,"master_deck":["Sentinel","True Grit","Carnage","Sever Soul","Shrug It Off","Inflame","Cleave","Headbutt","Metallicize","Disarm+1","Shrug It Off","Disarm+1","Beam Cell+1","Slimebound:FormOfPuddle","sneckomod:SoulRoll+1","Slimebound:CheckThePlaybook+1","sneckomod:UnknownClassGREEN","Sadistic Nature+1","expansioncontent:YouAreMine+1","Burning Pact+1","WheelKick+1","Venomology","champ:EndlessRage","Slimebound:MegaLick+1","Thinking Ahead+1","hubris:DuctTapeCard","Metallicize","Blind","Slimebound:HauntingLick+1"],"relics":["Burning Blood","PrismaticShard","Lantern","Bag of Preparation","Self Forming Clay","Mummified Hand","hubris:ToyBattleship","Philosopher\u0027s Stone","hubris:Towel","Guardian:GemstoneGun","Slimebound:PreparedRelic","Ancient Tea Set","Gremlin Horn","Centennial Puzzle","Omamori","Calling Bell","Anchor","Meat on the Bone","Prayer Wheel","hubris:DuctTape","hubris:Metronome","hubris:Potato","hubris:FruitBowl","Strawberry","Eternal Feather","aspiration:HummingbirdHeart","Unceasing Top","Kunai"],"acts_visited":["Exordium","TheCity","TheBeyond"],"potions_floor_usage":[8,13,35,42,50,50,50,50,50,50,50,50],"damage_taken":[{"damage":1,"enemies":"Jaw Worm","floor":1,"turns":3},{"damage":3,"enemies":"Cultist","floor":4,"turns":3},{"damage":6,"enemies":"Gremlin Nob","floor":6,"turns":3},{"damage":0,"enemies":"Lagavulin","floor":8,"turns":7},{"damage":2,"enemies":"Small Slimes","floor":11,"turns":2},{"damage":9,"enemies":"3 Sentries","floor":13,"turns":4},{"damage":6,"enemies":"The Guardian","floor":16,"turns":7},{"damage":13,"enemies":"2 Thieves","floor":18,"turns":3},{"damage":0,"enemies":"Chosen","floor":20,"turns":2},{"damage":4,"enemies":"Gremlin Leader","floor":23,"turns":6},{"damage":0,"enemies":"Book of Stabbing","floor":25,"turns":3},{"damage":20,"enemies":"Slavers","floor":28,"turns":4},{"damage":2,"enemies":"Gremlin Leader","floor":30,"turns":2},{"damage":1,"enemies":"Shelled Parasite and Fungi","floor":31,"turns":2},{"damage":10,"enemies":"hubris:MusketHawk","floor":33,"turns":3},{"damage":3,"enemies":"3 Darklings","floor":35,"turns":1},{"damage":9,"enemies":"3 Shapes","floor":38,"turns":2},{"damage":0,"enemies":"3 Darklings","floor":39,"turns":1},{"damage":6,"enemies":"Reptomancer","floor":40,"turns":2},{"damage":3,"enemies":"Giant Head","floor":42,"turns":2},{"damage":0,"enemies":"Transient","floor":48,"turns":5},{"damage":0,"enemies":"hubris:GrandSnecko","floor":50,"turns":5}],"seed_played":"8829591852045863452","potions_obtained":[{"floor":1,"key":"Block Potion"},{"floor":6,"key":"EssenceOfSteel"},{"floor":8,"key":"Explosive Potion"},{"floor":13,"key":"Weak Potion"},{"floor":20,"key":"Explosive Potion"},{"floor":35,"key":"PowerPotion"},{"floor":37,"key":"EntropicBrew"},{"floor":42,"key":"EntropicBrew"}],"is_trial":true,"path_per_floor":["M","?","$","M","?","E","R","E","T","R","M","R","E","?","R","B",null,"M","?","M","?","$","E","R","E","T","?","E","R","E","M","R","B",null,"M","?","?","M","M","E","R","E","T","R","$","$","R","M","R","B",null],"character_chosen":"IRONCLAD","items_purchased":["Disarm","Sadistic Nature","hubris:FruitBowl","Strawberry","Eternal Feather","aspiration:HummingbirdHeart","Unceasing Top","Kunai","Metallicize","Blind"],"campfire_rested":2,"item_purchase_floors":[3,22,45,45,45,45,45,46,46,46],"current_hp_per_floor":[80,80,80,80,73,73,73,79,79,79,80,80,77,59,59,59,80,73,73,79,79,79,80,80,80,80,80,66,66,70,75,75,71,80,80,80,80,77,80,80,80,80,80,80,9,9,51,57,90,90],"gold":64,"neow_bonus":"","is_daily":false,"chose_seed":false,"campfire_upgraded":9,"win_rate":0.0,"timestamp":1612887529,"path_taken":["M","?","$","?","?","E","R","E","T","R","M","R","E","?","R","BOSS","M","?","?","?","$","E","R","E","T","?","E","R","E","M","R","BOSS","M","?","?","?","?","E","R","E","T","R","?","$","R","M","R","BOSS"],"items_purchased_type":["Card","Card","Relic","Relic","Relic","Relic","Relic","Relic","Card","Card"],"build_version":"2020-12-22","purchased_purges":0,"victory":true,"max_hp_per_floor":[80,80,80,80,80,80,80,80,80,80,80,80,80,80,80,80,80,80,80,80,80,80,80,80,80,80,80,80,80,80,80,80,80,80,80,80,80,80,80,80,80,80,80,80,90,90,90,90,90,90],"card_choices":[{"not_picked":["hubris:CleavingFinish","Clash"],"picked":"Sentinel","floor":0},{"not_picked":["Heavy Blade","Thunderclap"],"picked":"True Grit","floor":0},{"not_picked":["Reckless Charge","Clothesline"],"picked":"Carnage","floor":0},{"not_picked":["Heavy Blade","Shockwave"],"picked":"Second Wind","floor":0},{"not_picked":["Headbutt","Perfected Strike"],"picked":"Sever Soul","floor":0},{"not_picked":["Clothesline","Carnage"],"picked":"Shrug It Off","floor":0},{"not_picked":["Dropkick","Sword Boomerang"],"picked":"Infernal Blade","floor":0},{"not_picked":["Warcry","Iron Wave"],"picked":"Inflame","floor":0},{"not_picked":["Sword Boomerang","Clash"],"picked":"Pommel Strike","floor":0},{"not_picked":["Dropkick","Body Slam"],"picked":"Cleave","floor":0},{"not_picked":["Dual Wield","Warcry"],"picked":"Headbutt","floor":0},{"not_picked":["Inflame","Armaments"],"picked":"Metallicize","floor":0},{"not_picked":["Wild Strike","Havoc"],"picked":"Disarm","floor":0},{"not_picked":["Clothesline","Anger"],"picked":"Shrug It Off","floor":0},{"not_picked":["Clothesline","Second Wind"],"picked":"Twin Strike","floor":0},{"not_picked":["Iron Wave","Armaments","Hemokinesis"],"picked":"SKIP","floor":1},{"not_picked":["Guardian:TemporalStrike","Slimebound:LeadByExample"],"picked":"Beam Cell","floor":4},{"not_picked":["Steam","BowlingBash"],"picked":"Slimebound:FormOfPuddle","floor":6},{"not_picked":["Entrench","Deadly Poison","bronze:MaxOutput"],"picked":"SKIP","floor":8},{"not_picked":["bronze:DelayedGuard","sneckomod:Unknown1Cost","Slimebound:HauntingLick"],"picked":"SKIP","floor":11},{"not_picked":["Thunderclap","Compile Driver"],"picked":"sneckomod:SoulRoll","floor":13},{"not_picked":["bronze:Assembly","champ:VampiricStrike"],"picked":"Slimebound:CheckThePlaybook","floor":16},{"not_picked":["Slimebound:SplitLeeching+1","sneckomod:IronFang"],"picked":"sneckomod:UnknownClassGREEN","floor":18},{"not_picked":["Leap","Darkness","sneckomod:Unknown1Cost"],"picked":"SKIP","floor":20},{"not_picked":["bronze:BugBarrage","Thunder Strike","EmptyBody+1"],"picked":"SKIP","floor":23},{"not_picked":["Guardian:MultiBeam","hexamod:DynamicBlow"],"picked":"Bloodletting+1","floor":25},{"not_picked":["hexamod:AdvancingGuard","Steam"],"picked":"expansioncontent:YouAreMine+1","floor":28},{"not_picked":["Guardian:ShieldCharger","Guardian:PrismaticBeam"],"picked":"Burning Pact","floor":30},{"not_picked":["bronze:CutThrough","Whirlwind"],"picked":"WheelKick+1","floor":31},{"not_picked":["bronze:ThunderWave","aspiration:Lunge"],"picked":"Venomology","floor":33},{"not_picked":["Swift Strike","Lockon"],"picked":"champ:EndlessRage","floor":35},{"not_picked":["Protect+1","BootSequence"],"picked":"Slimebound:MegaLick+1","floor":35},{"not_picked":["sneckomod:UnknownClassTHE_CHAMP_GRAY+1","Slimebound:SplitSpecialist","Slimebound:ProtectTheBoss+1"],"picked":"SKIP","floor":38},{"not_picked":["Guardian:PrismaticBarrier+1","sneckomod:UnknownClassHEXA_GHOST_PURPLE+1","champ:SwordSigil"],"picked":"SKIP","floor":38},{"not_picked":["champ:BerserkersShout","FlurryOfBlows","Guardian:Gem_Lightblue"],"picked":"SKIP","floor":39},{"not_picked":["champ:TornadoPunch+1","Warcry+1","hexamod:Incineration+1"],"picked":"SKIP","floor":39},{"not_picked":["Evaluate","Well Laid Plans"],"picked":"Thinking Ahead","floor":40},{"not_picked":["EmptyFist+1","hexamod:SkipABeat","bronze:BurnOut"],"picked":"SKIP","floor":42},{"not_picked":["JustLucky","bronze:FineTuning"],"picked":"Slimebound:HauntingLick+1","floor":48},{"not_picked":["sneckomod:UnknownClassRED","Slimebound:PressTheAttack","Pommel Strike+1"],"picked":"SKIP","floor":48}],"player_experience":497814,"relics_obtained":[{"floor":6,"key":"Lantern"},{"floor":8,"key":"Bag of Preparation"},{"floor":9,"key":"Self Forming Clay"},{"floor":13,"key":"Mummified Hand"},{"floor":23,"key":"Guardian:GemstoneGun"},{"floor":25,"key":"Slimebound:PreparedRelic"},{"floor":26,"key":"Ancient Tea Set"},{"floor":28,"key":"Gremlin Horn"},{"floor":30,"key":"Centennial Puzzle"},{"floor":34,"key":"Anchor"},{"floor":34,"key":"Meat on the Bone"},{"floor":34,"key":"Prayer Wheel"},{"floor":40,"key":"hubris:DuctTape"},{"floor":42,"key":"hubris:Metronome"},{"floor":43,"key":"hubris:Potato"}],"event_choices":[{"damage_healed":0,"gold_gain":0,"player_choice":"Ignored","damage_taken":0,"max_hp_gain":0,"max_hp_loss":0,"event_name":"NoteForYourself","floor":2,"gold_loss":0},{"cards_removed":["Second Wind"],"damage_healed":0,"gold_gain":0,"player_choice":"Card Removal","damage_taken":7,"max_hp_gain":0,"max_hp_loss":0,"event_name":"Golden Wing","floor":5,"gold_loss":0},{"damage_healed":0,"gold_gain":0,"player_choice":"Success","damage_taken":18,"relics_obtained":["hubris:ToyBattleship"],"max_hp_gain":0,"max_hp_loss":0,"event_name":"Scrap Ooze","floor":14,"gold_loss":0},{"damage_healed":0,"gold_gain":0,"player_choice":"Bet on Murderer","damage_taken":0,"max_hp_gain":0,"max_hp_loss":0,"event_name":"The Joust","floor":19,"gold_loss":50},{"cards_removed":["Infernal Blade"],"damage_healed":0,"gold_gain":0,"player_choice":"Elegance","damage_taken":0,"max_hp_gain":0,"max_hp_loss":0,"event_name":"Back to Basics","floor":27,"gold_loss":0},{"cards_removed":["Twin Strike"],"damage_healed":0,"gold_gain":0,"player_choice":"Removed Attack","damage_taken":0,"max_hp_gain":0,"max_hp_loss":0,"event_name":"Falling","floor":36,"gold_loss":0},{"damage_healed":0,"gold_gain":0,"player_choice":"Got Potions","damage_taken":0,"max_hp_gain":0,"max_hp_loss":0,"event_name":"Lab","floor":37,"gold_loss":0}],"is_beta":true,"boss_relics":[{"not_picked":["Black Star","Ectoplasm"],"picked":"Philosopher\u0027s Stone"},{"not_picked":["Black Blood","aspiration:RunicSpoon"],"picked":"Calling Bell"}],"items_purged_floors":[],"is_endless":false,"potions_floor_spawned":[1,6,8,13,20,33,35,40,42],"ascension_level":1}}