{"host":"rolltorest","time":1612829900,"event":{"mods":["BaseMod","Minty Spire (QoL Compilation)","Relic Stats","Slay the Relics Exporter","StSLib"],"gold_per_floor":[116,116,266,266,28,71,85,26,75,75,75],"floor_reached":10,"language":"ENG","playtime":211,"items_purged":["Doubt"],"score":128,"play_id":"367fb46b-00ef-47e0-b14d-cba67346fcef","local_time":"20210208161820","is_ascension_mode":true,"campfire_choices":[],"circlet_count":0,"master_deck":["AscendersBane","Strike_B","Strike_B","Strike_B","Strike_B","Defend_B","Defend_B","Defend_B","Defend_B","Zap","Dualcast","Doom and Gloom","Electrodynamics","Self Repair","Streamline"],"relics":["Nuclear Battery","Golden Idol","ClockworkSouvenir","Eternal Feather","Happy Flower"],"acts_visited":["Exordium"],"potions_floor_usage":[6],"damage_taken":[{"damage":6,"enemies":"Small Slimes","floor":1,"turns":4},{"damage":35,"enemies":"3 Sentries","floor":6,"turns":8},{"damage":10,"enemies":"2 Louse","floor":7,"turns":2},{"damage":25,"enemies":"Lagavulin","floor":10,"turns":4}],"seed_played":"1155958625021214900","potions_obtained":[{"floor":1,"key":"SneckoOil"}],"is_trial":false,"path_per_floor":["M","?","?","?","$","E","M","$","T","E"],"character_chosen":"DEFECT","items_purchased":["ClockworkSouvenir","Streamline"],"campfire_rested":0,"item_purchase_floors":[5,8],"current_hp_per_floor":[58,63,63,63,63,28,18,18,18,0,0],"gold":75,"neow_bonus":"BOSS_RELIC","is_daily":false,"chose_seed":false,"campfire_upgraded":0,"win_rate":0.0,"timestamp":1612829900,"path_taken":["M","?","?","?","$","E","?","$","T","E"],"items_purchased_type":["Relic","Card"],"build_version":"2020-12-18","purchased_purges":1,"victory":false,"max_hp_per_floor":[71,76,76,69,69,69,69,69,69,69,69],"relic_stats":{"Happy Flower":[1],"counters":[4,18],"Golden Idol":12,"Eternal Feather":0,"obtain_stats":[{"Happy Flower":9,"Golden Idol":4,"Eternal Feather":6,"Cracked Core":0,"Nuclear Battery":0,"ClockworkSouvenir":5},{"Happy Flower":3,"Golden Idol":1,"Eternal Feather":2,"Cracked Core":0,"Nuclear Battery":0,"ClockworkSouvenir":1},{"Happy Flower":14,"Golden Idol":4,"Eternal Feather":12,"Cracked Core":0,"Nuclear Battery":0,"ClockworkSouvenir":4}]},"card_choices":[{"not_picked":["Fusion","Streamline"],"picked":"Doom and Gloom","floor":1},{"not_picked":["Gash","Conserve Battery"],"picked":"Electrodynamics","floor":6},{"not_picked":["Sweeping Beam","Gash"],"picked":"Self Repair","floor":7}],"player_experience":1925879,"relics_obtained":[{"floor":6,"key":"Eternal Feather"},{"floor":9,"key":"Happy Flower"}],"event_choices":[{"damage_healed":0,"gold_gain":0,"player_choice":"Donut","damage_taken":0,"max_hp_gain":5,"max_hp_loss":0,"event_name":"Big Fish","floor":2,"gold_loss":0},{"damage_healed":0,"gold_gain":150,"player_choice":"AGREE","damage_taken":0,"max_hp_gain":0,"max_hp_loss":0,"event_name":"Liars Game","floor":3,"gold_loss":0,"cards_obtained":["Doubt"]},{"damage_healed":0,"gold_gain":0,"player_choice":"Lose Max HP","damage_taken":0,"relics_obtained":["Golden Idol"],"max_hp_gain":0,"max_hp_loss":7,"event_name":"Golden Idol","floor":4,"gold_loss":0}],"is_beta":true,"boss_relics":[],"items_purged_floors":[5],"is_endless":false,"potions_floor_spawned":[1],"killed_by":"Lagavulin","ascension_level":20}}