{"host":"ekyl8r8j8fco3zlk","time":1612897766,"event":{"mods":["Act Like it!","Arknights","BaseMod","CapriCore","Decade(王小明)","Dota2Spire","Friendly Minions","Gensokyo","Marisa（F雨　魔理沙）","Minty Spire (QoL Compilation)","READ ME - Guardian Mod","Rare Cards Sparkle","Reimu（博丽灵梦）","StSLib","The Alterego","The Immortal","The Jungle","The Senshi","TheWitcher","Waifu the Spire","WarShipGirlsR/战舰少女R mod","Yakumo Yukari mod","【遗物卡牌】REMEMod"],"gold_per_floor":[119,136,136,136,136,136,146,146,169,216,242,242,258,0,0,104,104,115,127,144,144,144,144,178,178,229,249,261,295,210,24,24,129,129,147,147,147,147,193,228,240,240,265,276,276,286,296,321,321,321],"floor_reached":51,"language":"ZHS","playtime":2042,"items_purged":[],"score":845,"play_id":"670f79e7-dbc4-49a9-b076-9552b78f0e5b","local_time":"20210210030926","is_ascension_mode":false,"campfire_choices":[{"data":"ats:Guardian Obelisk","floor":6,"key":"SMITH"},{"data":"ats:Flexible Camouflage","floor":8,"key":"SMITH"},{"data":"ats:Calcification","floor":12,"key":"SMITH"},{"data":"ats:Sashimi Platter","floor":15,"key":"SMITH"},{"data":"ats:Automatic Cover","floor":23,"key":"SMITH"},{"data":"ats:Flame Of Heaven","floor":25,"key":"SMITH"},{"floor":32,"key":"REST"},{"data":"ats:Healing Strengthening","floor":42,"key":"SMITH"},{"data":"ats:Apocalypse","floor":45,"key":"SMITH"},{"data":"ats:Thermite Blade","floor":49,"key":"SMITH"}],"circlet_count":0,"master_deck":["ats:Strike C+1","ats:Strike S+1","ats:Strike V","ats:Armor Crushing Shot+1","ats:Defend","ats:Defend","ats:Defend","ats:Defend","ats:Emotion Absorption","ats:Automatic Cover+1","ats:Magnetic Hammer+1","ats:Guardian Obelisk+1","ats:Flexible Camouflage+1","ats:Thermite Blade+1","ats:Calcification+1","ats:Sashimi Platter+1","ats:Volcano","ats:Very Hot Blade+1","ats:Powerful Strike+1","ats:Chain Hook+1","ats:Flame Of Heaven+1","ats:Part Time Job+1","ats:Consecutive Shot Auto+1","ats:Explosion Area Strengthen","ats:Healing Strengthening+1","ats:Mental Burst+1","ats:Revitalization+1","ats:Apocalypse+1","ats:Thorns+1","ats:Absolute Focus+1"],"relics":["ats:Sanity","REME_ComplimentaryCards","Nunchaku","ats:Originium","REME_HourglassOfDeath","ats:Bonebreaker","Sozu","Memoryfragments_purpleEX","Ornamental Fan","Whetstone","Dota2Spire:AghanimScepter","Akabeko","Bronze Scales","Philosopher\u0027s Stone","Dota2Spire:ShivaGuard","Boot","Dota2Spire:CrimsonGuard"],"acts_visited":["Exordium","TheCity","TheBeyond"],"potions_floor_usage":[10,10,16],"damage_taken":[{"damage":1,"enemies":"Cultist","floor":1,"turns":4},{"damage":0,"enemies":"2 Louse","floor":2,"turns":3},{"damage":0,"enemies":"Small Slimes","floor":7,"turns":4},{"damage":3,"enemies":"Red Slaver","floor":10,"turns":2},{"damage":13,"enemies":"Lagavulin","floor":11,"turns":5},{"damage":17,"enemies":"Gremlin Gang","floor":13,"turns":3},{"damage":72,"enemies":"Hexaghost","floor":16,"turns":12},{"damage":12,"enemies":"Shell Parasite","floor":18,"turns":4},{"damage":15,"enemies":"2 Thieves","floor":19,"turns":3},{"damage":11,"enemies":"Shelled Parasite and Fungi","floor":20,"turns":4},{"damage":43,"enemies":"Slavers","floor":24,"turns":5},{"damage":4,"enemies":"Centurion and Healer","floor":27,"turns":5},{"damage":5,"enemies":"Cultist and Chosen","floor":28,"turns":4},{"damage":22,"enemies":"Book of Stabbing","floor":29,"turns":4},{"damage":130,"enemies":"Champ","floor":33,"turns":13},{"damage":15,"enemies":"3 Darklings","floor":35,"turns":4},{"damage":38,"enemies":"2 Orb Walkers","floor":39,"turns":4},{"damage":47,"enemies":"Reptomancer","floor":40,"turns":5},{"damage":15,"enemies":"3 Shapes","floor":41,"turns":4},{"damage":35,"enemies":"Spire Growth","floor":44,"turns":4},{"damage":0,"enemies":"Sphere and 2 Shapes","floor":46,"turns":3},{"damage":0,"enemies":"Transient","floor":47,"turns":5},{"damage":37,"enemies":"Nemesis","floor":48,"turns":5},{"damage":86,"enemies":"Time Eater","floor":50,"turns":10}],"seed_played":"-2500854913569035053","potions_obtained":[{"floor":1,"key":"REME_GoldPotion"},{"floor":2,"key":"Fire Potion"},{"floor":13,"key":"Swift Potion"}],"is_trial":false,"path_per_floor":["M","M","?","?","?","R","M","R","T","M","E","R","M","$","R","B",null,"M","M","M","$","?","R","E","R","T","M","M","E","?","$","R","B",null,"M","?","?","$","?","E","M","R","T","M","R","M","M","E","R","B",null],"character_chosen":"DOCTOR_CLASS","items_purchased":["ats:Bonebreaker","ats:Healing Strengthening","Bronze Scales"],"campfire_rested":1,"item_purchase_floors":[14,31,31],"current_hp_per_floor":[71,71,71,71,71,71,71,71,71,68,55,55,39,39,39,5,72,61,47,46,46,46,46,13,13,13,19,21,6,6,6,27,11,72,72,72,72,72,46,20,34,34,34,64,64,65,72,49,49,66],"gold":321,"neow_bonus":"UPGRADE_CARD","is_daily":false,"chose_seed":false,"campfire_upgraded":9,"win_rate":0.0,"timestamp":1612897766,"path_taken":["M","M","?","?","?","R","M","R","T","M","E","R","?","?","R","BOSS","M","?","M","?","?","R","E","R","T","M","M","E","?","$","R","BOSS","M","?","?","?","?","E","M","R","T","?","R","M","M","E","R","BOSS"],"items_purchased_type":["Relic","Card","Relic"],"build_version":"2020-12-22","purchased_purges":0,"victory":true,"max_hp_per_floor":[72,72,72,72,72,72,72,72,72,72,72,72,72,72,72,72,72,72,72,72,72,72,72,72,72,72,72,72,72,72,72,72,72,72,72,72,72,72,72,72,72,72,72,72,72,72,72,72,72,72],"card_choices":[{"not_picked":["ats:Rapid Magazine","ats:Counter Healing Mode"],"picked":"ats:Automatic Cover","floor":1},{"not_picked":["ats:Powerful Strike","ats:Leaping Hammer"],"picked":"ats:Magnetic Hammer","floor":2},{"not_picked":[],"picked":"ats:Rat Pack","floor":4},{"not_picked":["ats:Hammer On","ats:Magnetic Hammer"],"picked":"ats:Flexible Camouflage","floor":7},{"not_picked":["ats:Hammer On","ats:Cat Scratch"],"picked":"ats:Thermite Blade","floor":10},{"not_picked":["ats:Shell Defense","ats:Leaping Hammer"],"picked":"ats:Calcification","floor":11},{"not_picked":["ats:Powerful Strike","ats:Ignite"],"picked":"ats:Sashimi Platter","floor":13},{"not_picked":["ats:Dogmatic Field","ats:Rat Pack"],"picked":"ats:Volcano","floor":16},{"not_picked":["ats:Counter Healing Mode+1","ats:Closed Bolt Burst Fire"],"picked":"ats:Very Hot Blade+1","floor":18},{"not_picked":["ats:Very Hot Blade","ats:Sashimi Platter"],"picked":"ats:Powerful Strike+1","floor":19},{"not_picked":["ats:Leaping Hammer","ats:Fractured Body"],"picked":"ats:Chain Hook+1","floor":20},{"not_picked":["ats:Assault Order","ats:Very Hot Blade"],"picked":"ats:Flame Of Heaven","floor":24},{"not_picked":["ats:Hammer On","ats:Flexible Camouflage"],"picked":"ats:Part Time Job+1","floor":27},{"not_picked":["ats:Powerful Strike+1","ats:Cat Scratch"],"picked":"ats:Consecutive Shot Auto+1","floor":28},{"not_picked":["ats:Poison Spread","ats:Revitalization"],"picked":"ats:Explosion Area Strengthen","floor":29},{"not_picked":["ats:Blood Oath+1","ats:Serious Mode"],"picked":"ats:Mental Burst+1","floor":35},{"not_picked":["ats:Sashimi Platter+1","ats:Guard Mode"],"picked":"ats:Revitalization+1","floor":39},{"not_picked":["ats:Healing Strengthening+1","ats:Explosion Area Strengthen+1"],"picked":"ats:Apocalypse","floor":40},{"not_picked":["ats:Ignite","ats:Guard Mode+1"],"picked":"ats:Thorns+1","floor":41},{"not_picked":["ats:Hammer On+1","ats:Revitalization","ats:Very Hot Blade"],"picked":"SKIP","floor":44},{"not_picked":["ats:Closed Bolt Burst Fire","ats:Guard Mode+1","ats:Disruption Kick"],"picked":"SKIP","floor":46},{"not_picked":["ats:Powerful Strike","ats:Literary Storm"],"picked":"ats:Absolute Focus+1","floor":47},{"not_picked":["ats:Thermite Blade+1","ats:Closed Bolt Burst Fire","ats:Blood Oath"],"picked":"SKIP","floor":48}],"player_experience":609341,"relics_obtained":[{"floor":9,"key":"Nunchaku"},{"floor":11,"key":"ats:Originium"},{"floor":11,"key":"REME_HourglassOfDeath"},{"floor":24,"key":"ats:Originium"},{"floor":24,"key":"Ornamental Fan"},{"floor":26,"key":"Whetstone"},{"floor":29,"key":"ats:Originium"},{"floor":29,"key":"Dota2Spire:AghanimScepter"},{"floor":39,"key":"Dota2Spire:ShivaGuard"},{"floor":40,"key":"ats:Originium"},{"floor":40,"key":"Boot"},{"floor":48,"key":"Dota2Spire:CrimsonGuard"}],"event_choices":[{"damage_healed":0,"gold_gain":0,"player_choice":"Grow","damage_taken":0,"max_hp_gain":0,"max_hp_loss":0,"event_name":"Living Wall","floor":3,"gold_loss":0,"cards_upgraded":["ats:Magnetic Hammer"]},{"damage_healed":0,"gold_gain":0,"cards_transformed":["ats:Rat Pack"],"player_choice":"Transformed","damage_taken":0,"max_hp_gain":0,"max_hp_loss":0,"event_name":"Transmorgrifier","floor":5,"gold_loss":0,"cards_obtained":["ats:Guardian Obelisk"]},{"damage_healed":0,"gold_gain":0,"player_choice":"Obtained Relic","damage_taken":0,"relics_obtained":["Akabeko"],"max_hp_gain":0,"max_hp_loss":0,"event_name":"Addict","floor":30,"gold_loss":85},{"damage_healed":0,"gold_gain":0,"player_choice":"Memory 1","damage_taken":0,"max_hp_gain":0,"max_hp_loss":0,"event_name":"SensoryStone","floor":36,"gold_loss":0},{"cards_removed":["ats:Strike G"],"damage_healed":0,"gold_gain":0,"player_choice":"Removed Attack","damage_taken":0,"max_hp_gain":0,"max_hp_loss":0,"event_name":"Falling","floor":37,"gold_loss":0},{"damage_healed":0,"gold_gain":0,"player_choice":"Fight","damage_taken":0,"max_hp_gain":0,"max_hp_loss":0,"event_name":"Mysterious Sphere","floor":39,"gold_loss":0}],"is_beta":false,"boss_relics":[{"not_picked":["ats:Sanity Plus","RedLine:ReiMu"],"picked":"Sozu"},{"not_picked":["Snecko Eye","SacredBark"],"picked":"Philosopher\u0027s Stone"}],"items_purged_floors":[],"is_endless":false,"potions_floor_spawned":[1,2,13,19,24,27,29,35,41,47],"ascension_level":0}}