{"host":"9n6i2vl93jt4o42q","time":1612860889,"event":{"mods":["BaseMod","Minty Spire (QoL Compilation)","Relic Stats"],"gold_per_floor":[119,130,146,146,21,21,21,21],"floor_reached":7,"language":"ENG","playtime":661,"items_purged":[],"score":82,"play_id":"2fd84c1c-b1aa-4060-bb89-92dcb03e9a3a","local_time":"20210209095449","is_ascension_mode":true,"campfire_choices":[{"floor":6,"key":"REST"}],"circlet_count":0,"master_deck":["AscendersBane","Strike_G","Strike_G","Strike_G","Strike_G","Strike_G","Defend_G","Defend_G","Defend_G","Defend_G","Defend_G+1","Survivor+1","Neutralize","PiercingWail","Sucker Punch","Dagger Spray","Bouncing Flask","Heel Hook"],"relics":["Ring of the Snake","Bird Faced Urn","War Paint"],"acts_visited":["Exordium"],"potions_floor_usage":[],"damage_taken":[{"damage":29,"enemies":"Jaw Worm","floor":1,"turns":8},{"damage":1,"enemies":"Small Slimes","floor":2,"turns":4},{"damage":4,"enemies":"Cultist","floor":3,"turns":5},{"damage":28,"enemies":"3 Sentries","floor":7,"turns":4}],"seed_played":"-8937422081160248255","potions_obtained":[],"is_trial":false,"path_per_floor":["M","M","M","?","$","R","E"],"character_chosen":"THE_SILENT","items_purchased":["Bouncing Flask","Heel Hook"],"campfire_rested":1,"item_purchase_floors":[5,5],"current_hp_per_floor":[30,29,25,7,7,25,0,0],"gold":21,"neow_bonus":"ONE_RARE_RELIC","is_daily":false,"chose_seed":false,"campfire_upgraded":0,"win_rate":0.0,"timestamp":1612860889,"path_taken":["M","M","M","?","$","R","E"],"items_purchased_type":["Card","Card"],"build_version":"2020-12-22","purchased_purges":0,"victory":false,"max_hp_per_floor":[60,60,60,60,60,60,60,60],"relic_stats":{"counters":[4,21],"Bird Faced Urn":[0],"War Paint":["Defend_G","Survivor"],"obtain_stats":[{"Bird Faced Urn":0,"War Paint":4,"Ring of the Snake":0},{"Bird Faced Urn":0,"War Paint":3,"Ring of the Snake":0},{"Bird Faced Urn":0,"War Paint":17,"Ring of the Snake":0}],"Ring of the Snake":[8]},"card_choices":[{"not_picked":["Quick Slash","Catalyst"],"picked":"PiercingWail","floor":1},{"not_picked":["Concentrate","Acrobatics"],"picked":"Sucker Punch","floor":2},{"not_picked":["Deadly Poison","Backstab"],"picked":"Dagger Spray","floor":3}],"player_experience":2537747,"relics_obtained":[],"event_choices":[{"damage_healed":0,"gold_gain":0,"player_choice":"Success","damage_taken":18,"relics_obtained":["War Paint"],"max_hp_gain":0,"max_hp_loss":0,"event_name":"Scrap Ooze","floor":4,"gold_loss":0}],"is_beta":false,"boss_relics":[],"items_purged_floors":[],"is_endless":false,"potions_floor_spawned":[],"killed_by":"3 Sentries","ascension_level":20}}