{"host":"2pmmafybkq7zb6na","time":1612876044,"event":{"mods":["AchievementEnabler","BaseMod","Colored Map","Highlight Path","Keyboard Shortcuts","Minty Spire (QoL Compilation)","Quick Restart","StSLib","SuperFastMode"],"gold_per_floor":[112,127,302,318,318,360,372,384,420,432,143,143,143,173,173,278,278,292,14,31,49,60,60,79,113,194,194,211,211,211,225,225,327,327,345,416,291,291,305,338,338,358,358,358,375,71,84,103,103,103,103,103,56,86,86,86],"floor_reached":55,"language":"KOR","playtime":2544,"items_purged":["Strike_B","Doubt","Barrage","Defend_B"],"score":832,"play_id":"7cef0d64-e5b0-4f0a-bda8-f41671497850","local_time":"20210209220724","is_ascension_mode":true,"campfire_choices":[{"floor":8.0,"key":"REST"},{"data":"Go for the Eyes","floor":12.0,"key":"SMITH"},{"floor":15.0,"key":"REST"},{"floor":23.0,"key":"REST"},{"floor":27.0,"key":"REST"},{"floor":29.0,"key":"REST"},{"data":"Scrape","floor":32.0,"key":"SMITH"},{"data":"Zap","floor":41.0,"key":"SMITH"},{"floor":44,"key":"REST"},{"floor":49,"key":"RECALL"},{"data":"Undo","floor":52,"key":"SMITH"}],"circlet_count":0,"master_deck":["Defend_B","Zap+1","Dualcast","Blind","Coolheaded","Go for the Eyes+1","Gash","Scrape+1","FTL","All For One","Reboot","Steam+1","Panache","Turbo","Gash","Chill","Hologram","Undo+1","White Noise+1","Sadistic Nature","Beam Cell","FTL+1","Redo+1","Gash+1","Conserve Battery","All For One"],"relics":["Cracked Core","MawBank","Oddly Smooth Stone","Strawberry","Bronze Scales","Blood Vial","Runic Pyramid","Pen Nib","Empty Cage","Cables","Mercury Hourglass","TungstenRod","HandDrill","Thread and Needle"],"acts_visited":["Exordium","TheCity","TheBeyond","TheEnding"],"potions_floor_usage":[50,55],"damage_taken":[{"damage":0.0,"enemies":"Small Slimes","floor":1.0,"turns":3.0},{"damage":1.0,"enemies":"Jaw Worm","floor":2.0,"turns":4.0},{"damage":0.0,"enemies":"2 Louse","floor":4.0,"turns":2.0},{"damage":34.0,"enemies":"3 Sentries","floor":6.0,"turns":7.0},{"damage":21.0,"enemies":"Gremlin Nob","floor":14.0,"turns":5.0},{"damage":35.0,"enemies":"Slime Boss","floor":16.0,"turns":12.0},{"damage":10.0,"enemies":"Shell Parasite","floor":18.0,"turns":3.0},{"damage":0.0,"enemies":"3 Byrds","floor":20.0,"turns":2.0},{"damage":39.0,"enemies":"Snecko","floor":21.0,"turns":7.0},{"damage":7.0,"enemies":"Centurion and Healer","floor":22.0,"turns":4.0},{"damage":0.0,"enemies":"Chosen and Byrds","floor":24.0,"turns":3.0},{"damage":52.0,"enemies":"Slavers","floor":25.0,"turns":6.0},{"damage":0.0,"enemies":"3 Cultists","floor":28.0,"turns":4.0},{"damage":14.0,"enemies":"Snake Plant","floor":31.0,"turns":4.0},{"damage":4.0,"enemies":"Champ","floor":33.0,"turns":7.0},{"damage":3.0,"enemies":"3 Darklings","floor":35.0,"turns":4.0},{"damage":1.0,"enemies":"3 Shapes","floor":39.0,"turns":3.0},{"damage":45.0,"enemies":"Reptomancer","floor":40.0,"turns":4.0},{"damage":0,"enemies":"3 Darklings","floor":42,"turns":3},{"damage":8,"enemies":"Writhing Mass","floor":45,"turns":3},{"damage":0,"enemies":"Jaw Worm Horde","floor":47,"turns":2},{"damage":14,"enemies":"Spire Growth","floor":48,"turns":3},{"damage":34,"enemies":"Time Eater","floor":50,"turns":7},{"damage":40,"enemies":"Shield and Spear","floor":54,"turns":4},{"damage":45,"enemies":"The Heart","floor":55,"turns":3}],"seed_played":"6290185077576890757","potions_obtained":[{"floor":1.0,"key":"CultistPotion"},{"floor":2.0,"key":"Energy Potion"},{"floor":14.0,"key":"Strength Potion"},{"floor":16.0,"key":"Weak Potion"},{"floor":18.0,"key":"AttackPotion"},{"floor":21.0,"key":"SkillPotion"},{"floor":22.0,"key":"Dexterity Potion"},{"floor":40.0,"key":"Swift Potion"},{"floor":54,"key":"DuplicationPotion"}],"is_trial":false,"path_per_floor":["M","M","?","M","?","E","$","R","T","?","$","R","?","E","R","B",null,"M","$","M","M","M","R","M","E","T","R","M","R","?","M","R","B",null,"M","T","$","?","M","E","R","M","T","R","M","$","M","M","R","B",null,"R","$","E","B"],"character_chosen":"DEFECT","items_purchased":["FTL","Bronze Scales","Panache","HandDrill","Conserve Battery"],"campfire_rested":6,"item_purchase_floors":[11,11,19,46,53],"current_hp_per_floor":[75,74,74,74,62,28,28,50,57,57,57,57,50,29,53,20,82,72,72,74,37,32,56,58,8,8,32,34,58,58,46,46,44,82,79,79,79,79,80,37,37,39,39,63,57,57,59,47,47,15,82,82,82,42,0,0],"gold":86,"neow_bonus":"RANDOM_COLORLESS","is_daily":false,"chose_seed":false,"campfire_upgraded":4,"win_rate":0.0,"timestamp":1612876044,"path_taken":["M","M","?","M","?","E","$","R","T","?","$","R","?","E","R","BOSS","M","$","M","M","M","R","M","E","T","R","M","R","?","M","R","BOSS","M","?","$","?","M","E","R","M","T","R","M","$","M","M","R","BOSS","R","$","E","BOSS"],"items_purchased_type":["Card","Relic","Card","Relic","Card"],"build_version":"2020-12-22","purchased_purges":4,"victory":false,"max_hp_per_floor":[75,75,75,75,75,75,75,75,82,82,82,82,82,82,82,82,82,82,82,82,82,82,82,82,82,82,82,82,82,82,82,82,82,82,82,82,82,82,82,82,82,82,82,82,82,82,82,82,82,82,82,82,82,82,82,82],"card_choices":[{"not_picked":["Panacea","Forethought"],"picked":"Blind","floor":0.0},{"not_picked":["Leap","Darkness"],"picked":"Coolheaded","floor":1.0},{"not_picked":["Coolheaded","Aggregate"],"picked":"Go for the Eyes","floor":2.0},{"not_picked":["Double Energy","Chill"],"picked":"Gash","floor":4.0},{"not_picked":["Rainbow","Reinforced Body"],"picked":"Scrape","floor":6.0},{"not_picked":["Hologram","Beam Cell"],"picked":"All For One","floor":14.0},{"not_picked":["Meteor Strike","Amplify"],"picked":"Reboot","floor":16.0},{"not_picked":["Turbo","Hologram"],"picked":"Steam+1","floor":18.0},{"not_picked":["Barrage","Leap"],"picked":"Turbo","floor":20.0},{"not_picked":["Auto Shields+1","Leap","Loop"],"picked":"SKIP","floor":21.0},{"not_picked":["Force Field+1","Auto Shields"],"picked":"Gash","floor":22.0},{"not_picked":["Storm+1","Tempest"],"picked":"Chill","floor":24.0},{"not_picked":["Double Energy","Echo Form","Stack"],"picked":"SKIP","floor":25.0},{"not_picked":["Coolheaded","Sweeping Beam+1"],"picked":"Hologram","floor":28.0},{"not_picked":["Recycle","Stack","Ball Lightning"],"picked":"SKIP","floor":31.0},{"not_picked":["Glacier","Hologram+1"],"picked":"White Noise+1","floor":35.0},{"not_picked":["Dramatic Entrance","Discovery"],"picked":"Sadistic Nature","floor":38.0},{"not_picked":["Doom and Gloom","Recycle"],"picked":"Beam Cell","floor":39.0},{"not_picked":["Cold Snap","Hyperbeam"],"picked":"FTL+1","floor":40.0},{"not_picked":["Leap+1","Ball Lightning+1"],"picked":"Redo+1","floor":42},{"not_picked":["Ball Lightning+1","Conserve Battery","Compile Driver+1"],"picked":"SKIP","floor":45},{"not_picked":["Beam Cell+1","Chill"],"picked":"Gash+1","floor":47},{"not_picked":["Go for the Eyes","Hello World+1","Rebound+1"],"picked":"SKIP","floor":48},{"not_picked":["Tempest","Rebound"],"picked":"All For One","floor":54}],"player_experience":127750,"relics_obtained":[{"floor":6.0,"key":"Oddly Smooth Stone"},{"floor":9.0,"key":"Strawberry"},{"floor":14.0,"key":"Blood Vial"},{"floor":25.0,"key":"Pen Nib"},{"floor":36.0,"key":"Cables"},{"floor":40.0,"key":"Mercury Hourglass"},{"floor":43,"key":"TungstenRod"},{"floor":54,"key":"Thread and Needle"}],"event_choices":[{"damage_healed":0.0,"max_hp_gain":0.0,"max_hp_loss":0.0,"gold_gain":175.0,"event_name":"Liars Game","player_choice":"AGREE","floor":3.0,"gold_loss":0.0,"damage_taken":0.0,"cards_obtained":["Doubt"]},{"damage_healed":0.0,"max_hp_gain":0.0,"max_hp_loss":0.0,"gold_gain":0.0,"event_name":"Scrap Ooze","player_choice":"Success","floor":5.0,"gold_loss":0.0,"damage_taken":12.0,"relics_obtained":["MawBank"]},{"damage_healed":0.0,"max_hp_gain":0.0,"max_hp_loss":0.0,"gold_gain":0.0,"cards_transformed":["Strike_B"],"event_name":"Living Wall","player_choice":"Change","floor":10.0,"gold_loss":0.0,"damage_taken":0.0,"cards_obtained":["Barrage"]},{"cards_removed":["Strike_B"],"damage_healed":0.0,"max_hp_gain":0.0,"max_hp_loss":0.0,"gold_gain":0.0,"event_name":"Golden Wing","player_choice":"Card Removal","floor":13.0,"gold_loss":0.0,"damage_taken":7.0},{"damage_healed":0.0,"max_hp_gain":0.0,"max_hp_loss":0.0,"gold_gain":0.0,"cards_transformed":["Strike_B"],"event_name":"Transmorgrifier","player_choice":"Transformed","floor":30.0,"gold_loss":0.0,"damage_taken":0.0,"cards_obtained":["Undo"]},{"damage_healed":0.0,"max_hp_gain":0.0,"max_hp_loss":0.0,"gold_gain":0.0,"event_name":"SensoryStone","player_choice":"Memory 1","floor":38.0,"gold_loss":0.0,"damage_taken":0.0}],"is_beta":false,"boss_relics":[{"not_picked":["Velvet Choker","Busted Crown"],"picked":"Runic Pyramid"},{"not_picked":["Snecko Eye","Tiny House"],"picked":"Empty Cage"}],"items_purged_floors":[11,19,37,46],"is_endless":false,"potions_floor_spawned":[1,2,14,16,18,21,22,40,54],"killed_by":"The Heart","ascension_level":3}}