{"host":"z7aqijtw6ph01z7j","time":1612854886,"event":{"mods":["AchievementEnabler","BaseMod","BetterRewards","Card Forge","Colored Map","Energized Spire","Hermit","Koishi","KomeijiMod","Marisa£¨Ùöéë¡¡Øª×âÞÞ£©","Minty Spire (QoL Compilation)","Reimu£¨ÚÏ???£©","Remilia£¨?Ú·×é?£©","Replay The Spire","StSLib","SuperFastMode","Td1madao Mod","The Cursed","The Hierophant","The Mystic","The Necromancer","The Runesmith","The Servant 0.9.4","TheSwordswoman"],"gold_per_floor":[365,382,259,277,295,327,327,362,386,412,424,424,443,468,468,563,563,581,581,20,34,44,76,96,130,130,145,145,164,181,210,210,311,311,327,346,364,424,144,178,196,227,250,302,302,302,335,24,24,24,24,24,24,50,50],"floor_reached":56,"language":"KOR","playtime":3412,"items_purged":[],"score":1990,"play_id":"ac2fcec3-3b97-4afa-a73a-07bf2d4dbd53","local_time":"20210209161446","is_ascension_mode":true,"campfire_choices":[{"floor":7,"key":"RECALL"},{"data":"Dual Wield","floor":15,"key":"SMITH"},{"floor":32,"key":"REST"},{"floor":46,"key":"REST"},{"floor":49,"key":"REST"},{"floor":52,"key":"REST"}],"circlet_count":0,"master_deck":["Defend_R+1","Flex+1","Inflame+1","Spot Weakness+1","Feed+1","Flex+1","Twin Strike","Armaments+1","Thunderclap","Berserk+1","Double Tap+1","Pummel","Pummel","Pummel","Reaper+1","Twin Strike","Dual Wield+1","Shrug It Off+1","Metallicize","Pummel","Limit Break+1","Bloodletting","Thunderclap","Whirlwind+1","Flex+1","Seeing Red+1","Limit Break+1","Reaper+1","Sword Boomerang+1","Feed+1","Hemogenesis+1","Twin Strike+1","Impervious+1","Heavy Blade+1","Twin Strike","Twin Strike+1","Demon Form+1","Flex+1","Preparedness+1","Bloodletting+1"],"relics":["Burning Blood","Hammer of Thor","Seething Fire","Anvil of the Gods","GoodDreamPillow","Counterbalance","MealTicket","Centennial Puzzle","Pen Nib","Fusion Hammer","Enchiridion","Nunchaku","Replay:Bottled Flurry","Lee\u0027s Waffle","Anchor","Gremlin Horn","Toxic Egg 2","Golden Egg","Replay:Ancient Bell","PreservedInsect","Shuriken","Ice Cream","MawBank","Toolbox","Toy Ornithopter","Regal Pillow","Oddly Smooth Stone","Potion Belt","Torii","MiracleMallet","Molten Egg 2","Replay:Bottled Eggs","Bag of Preparation"],"acts_visited":["Exordium","TheCity","TheBeyond","TheEnding"],"potions_floor_usage":[14,16,22,24,27,33,44,44,50,55],"damage_taken":[{"damage":9.0,"enemies":"Jaw Worm","floor":1.0,"turns":4.0},{"damage":0.0,"enemies":"Small Slimes","floor":2.0,"turns":3.0},{"damage":0.0,"enemies":"Cultist","floor":4.0,"turns":3.0},{"damage":0.0,"enemies":"2 Fungi Beasts","floor":5.0,"turns":2.0},{"damage":12.0,"enemies":"Gremlin Nob","floor":6.0,"turns":3.0},{"damage":0,"enemies":"Lagavulin","floor":8,"turns":3},{"damage":22,"enemies":"Gremlin Nob","floor":10,"turns":3},{"damage":4,"enemies":"Exordium Wildlife","floor":11,"turns":3},{"damage":0,"enemies":"Red Slaver","floor":13,"turns":1},{"damage":0,"enemies":"3 Sentries","floor":14,"turns":2},{"damage":34,"enemies":"Fading Forest","floor":16,"turns":11},{"damage":0,"enemies":"Spheric Guardian","floor":18,"turns":1},{"damage":24,"enemies":"2 Thieves","floor":21,"turns":2},{"damage":5,"enemies":"Chosen and Byrds","floor":22,"turns":3},{"damage":42,"enemies":"Slavers","floor":23,"turns":4},{"damage":19,"enemies":"3 Cultists","floor":24,"turns":5},{"damage":27,"enemies":"Replay:Snechameleon","floor":25,"turns":4},{"damage":6,"enemies":"Snake Plant","floor":27,"turns":2},{"damage":70,"enemies":"Shelled Parasite and Fungi","floor":29,"turns":7},{"damage":21,"enemies":"3 Cultists","floor":30,"turns":3},{"damage":37,"enemies":"Book of Stabbing","floor":31,"turns":4},{"damage":27,"enemies":"Champ","floor":33,"turns":7},{"damage":31,"enemies":"3 Shapes","floor":35,"turns":2},{"damage":3,"enemies":"Orb Walker","floor":36,"turns":2},{"damage":47,"enemies":"Jaw Worm Horde","floor":37,"turns":4},{"damage":15,"enemies":"R_Hoarder","floor":40,"turns":4},{"damage":21,"enemies":"4 Shapes","floor":41,"turns":3},{"damage":13,"enemies":"Giant Head","floor":42,"turns":3},{"damage":166,"enemies":"2 Orb Walkers","floor":44,"turns":7},{"damage":1,"enemies":"Nemesis","floor":47,"turns":1},{"damage":15,"enemies":"Donu and Deca","floor":50,"turns":4},{"damage":37,"enemies":"Shield and Spear","floor":54,"turns":3},{"damage":148,"enemies":"The Heart","floor":55,"turns":6}],"seed_played":"2655988553115245487","potions_obtained":[{"floor":1.0,"key":"Strength Potion"},{"floor":5.0,"key":"Dexterity Potion"},{"floor":10,"key":"Fire Potion"},{"floor":13,"key":"Languid Potion"},{"floor":14,"key":"DistilledChaos"},{"floor":21,"key":"Dexterity Potion"},{"floor":23,"key":"Reflective Coating"},{"floor":24,"key":"JyouchiReiPotion"},{"floor":31,"key":"FearPotion"},{"floor":33,"key":"Elixir"},{"floor":35,"key":"SpeedPotion"},{"floor":38,"key":"Fruit Juice"},{"floor":38,"key":"LifebloodPotion"},{"floor":40,"key":"Explosive Potion"},{"floor":42,"key":"Explosive Potion"},{"floor":47,"key":"SkillPotion"}],"is_trial":false,"path_per_floor":["M","M","?","M","M","E","R","E","T","E","M","?","M","E","R","B",null,"M","?","$","M","M","E","M","E","T","M","?","M","M","E","R","B",null,"M","M","M","?","$","E","M","E","T","?","?","R","E","$","R","B",null,"R","$","E","B",null],"character_chosen":"IRONCLAD","items_purchased":["Nunchaku","Replay:Bottled Flurry","Lee\u0027s Waffle","Toolbox","Toy Ornithopter","Flex+1","Replay:Bottled Eggs"],"campfire_rested":4,"item_purchase_floors":[20,20,20,39,39,48,48],"current_hp_per_floor":[48,57,57,67,77,71,71,77,77,69,83,83,89,95,95,67,88,98,82,106,88,93,99,114,93,93,93,93,33,70,45,81,64,111,86,111,114,114,129,120,128,121,121,15,15,72,85,100,142,138,141,142,142,115,65],"gold":50,"neow_bonus":"TWO_FIFTY_GOLD","is_daily":false,"chose_seed":false,"campfire_upgraded":1,"win_rate":0.0,"timestamp":1612854886,"path_taken":["M","M","?","M","M","E","R","E","T","E","M","?","?","E","R","BOSS","M","?","$","M","M","E","M","E","T","M","?","M","?","E","R","BOSS","M","M","M","?","$","E","M","E","T","?","?","R","E","$","R","BOSS","R","$","E","BOSS"],"items_purchased_type":["Relic","Relic","Relic","Relic","Relic","Card","Relic"],"build_version":"2020-12-22","purchased_purges":0,"victory":true,"max_hp_per_floor":[80,83,83,87,91,91,91,91,91,91,95,95,95,95,95,95,95,99,99,106,106,110,114,114,114,114,114,114,118,122,122,122,126,126,126,126,130,130,130,130,138,138,138,142,142,142,142,142,142,142,142,142,142,146,146],"card_choices":[{"not_picked":["Shockwave","Replay:Undeath\u0027s Touch"],"picked":"Flex","floor":1.0},{"not_picked":["Run Through","Clash","Life Link"],"picked":"SKIP","floor":2.0},{"not_picked":["Run Through","Sever Soul"],"picked":"Thunderclap","floor":4.0},{"not_picked":["ReplayTheSpireMod:LeadingStrike","Headbutt"],"picked":"Berserk","floor":5.0},{"not_picked":["Evolve","Run Through","Reckless Charge"],"picked":"SKIP","floor":6.0},{"not_picked":["Armaments","Iron Wave","Cleave"],"picked":"SKIP","floor":8},{"not_picked":["Wild Strike","Replay:Undeath\u0027s Touch","Run Through"],"picked":"SKIP","floor":10},{"not_picked":["Iron Wave","Warcry"],"picked":"Twin Strike","floor":11},{"not_picked":["Bloodletting","Cleave"],"picked":"Metallicize","floor":13},{"not_picked":["Thunderclap","Sever Soul"],"picked":"Pummel","floor":14},{"not_picked":["Bludgeon","Barricade"],"picked":"Limit Break","floor":16},{"not_picked":["Pommel Strike+1","Twin Strike+1"],"picked":"Bloodletting","floor":18},{"not_picked":["Warcry+1","Entrench+1","Replay:Undeath\u0027s Touch"],"picked":"SKIP","floor":21},{"not_picked":["Dark Embrace+1","Clash","ReplayReversal+1"],"picked":"SKIP","floor":22},{"not_picked":["ReplayTheSpireMod:Strike From Hell","Intimidate"],"picked":"Thunderclap","floor":23},{"not_picked":["Wild Strike","Carnage"],"picked":"Whirlwind+1","floor":24},{"not_picked":["Armaments","Run Through"],"picked":"Flex","floor":25},{"not_picked":["Headbutt","Second Wind+1"],"picked":"Seeing Red+1","floor":27},{"not_picked":["Anger+1","Cleave"],"picked":"Reaper","floor":29},{"not_picked":["ReplayTheSpireMod:Limb From Limb+1","Cleave"],"picked":"Sword Boomerang+1","floor":30},{"not_picked":["Whirlwind","Pommel Strike"],"picked":"Feed","floor":31},{"not_picked":["Brutality","Barricade"],"picked":"Hemogenesis","floor":33},{"not_picked":["CurseOfTheBell","Amnesia"],"picked":"TheCursedMod:Dregs","floor":34},{"not_picked":["Shame","ReplayTheSpireMod:Doomed"],"picked":"CommonCold","floor":34},{"not_picked":["Replay:Sluggish","Spreading Infection"],"picked":"Injury","floor":34},{"not_picked":["Perfected Strike+1","Dark Embrace"],"picked":"Twin Strike+1","floor":35},{"not_picked":["Rampage","True Grit+1","ReplayTheSpireMod:Corrosion Curse+1"],"picked":"SKIP","floor":36},{"not_picked":["ReplayReversal+1","Sentinel+1","Entrench+1"],"picked":"SKIP","floor":37},{"not_picked":["Headbutt+1","Whirlwind"],"picked":"Impervious+1","floor":40},{"not_picked":["Warcry+1","Pommel Strike"],"picked":"Heavy Blade+1","floor":41},{"not_picked":["Cleave","ReplayTheSpireMod:Limb From Limb"],"picked":"Twin Strike","floor":42},{"not_picked":["Hemokinesis","Perfected Strike"],"picked":"Twin Strike+1","floor":44},{"not_picked":["Life Link+1","Dual Wield+1"],"picked":"Demon Form","floor":47},{"not_picked":["ReplayTheSpireMod:Corrosion Curse+1","Reckless Charge+1"],"picked":"Bloodletting+1","floor":54}],"player_experience":355998,"relics_obtained":[{"floor":6.0,"key":"Counterbalance"},{"floor":8,"key":"MealTicket"},{"floor":10,"key":"Centennial Puzzle"},{"floor":14,"key":"Pen Nib"},{"floor":19,"key":"Enchiridion"},{"floor":23,"key":"Anchor"},{"floor":25,"key":"Gremlin Horn"},{"floor":26,"key":"Toxic Egg 2"},{"floor":31,"key":"Golden Egg"},{"floor":38,"key":"MawBank"},{"floor":40,"key":"Regal Pillow"},{"floor":42,"key":"Oddly Smooth Stone"},{"floor":43,"key":"Potion Belt"},{"floor":44,"key":"Torii"},{"floor":45,"key":"MiracleMallet"},{"floor":47,"key":"Molten Egg 2"},{"floor":54,"key":"Bag of Preparation"}],"event_choices":[{"damage_healed":0,"gold_gain":0,"cards_transformed":["Defend_R"],"player_choice":"Transformed","damage_taken":0,"max_hp_gain":0,"max_hp_loss":0,"event_name":"Transmorgrifier","floor":12,"gold_loss":0,"cards_obtained":["Defy Death"]},{"damage_healed":0,"gold_gain":0,"player_choice":"Obtained Book","damage_taken":16,"max_hp_gain":0,"max_hp_loss":0,"event_name":"Cursed Tome","floor":19,"gold_loss":0},{"damage_healed":0,"gold_gain":0,"player_choice":"Copied","damage_taken":0,"max_hp_gain":0,"max_hp_loss":0,"event_name":"Duplicator","floor":28,"gold_loss":0,"cards_obtained":["Limit Break"]},{"damage_healed":0,"gold_gain":0,"player_choice":"Fight","damage_taken":0,"max_hp_gain":0,"max_hp_loss":0,"event_name":"Mysterious Sphere","floor":44,"gold_loss":0}],"is_beta":false,"boss_relics":[{"not_picked":["Runic Dome","Replay:Drink Me"],"picked":"Fusion Hammer"},{"not_picked":["Mark of Pain","Tiny House"],"picked":"Replay:Ancient Bell"},{"not_picked":["Gremlin Food","Simple Rune"],"picked":"PreservedInsect"},{"not_picked":["Snack Pack","Replay:Bottled Steam"],"picked":"Shuriken"},{"not_picked":["CaptainsWheel","Thread and Needle"],"picked":"Ice Cream"}],"items_purged_floors":[],"is_endless":false,"potions_floor_spawned":[1,5,10,13,14,21,23,24,31,33,35,40,42,47],"ascension_level":7}}