{"host":"oehe2dxjvdgux73m","time":1612885577,"event":{"mods":["AchievementEnabler","BaseMod","Colored Map","Colored Powertips","DeckTracker","Keyboard Shortcuts","Minty Spire (QoL Compilation)","Permanent Neow","Quick Restart","StSLib","SuperFastMode"],"gold_per_floor":[117,292,302,302,126,152,167,10,10,10,10,45,63,83,83,185,185,201,201,201,201,218,243,114,140,166,182,182,214,229,249,249,348,348,358,369,162,176,398,398,398,408,432,432,442,442,459,88,88,88],"floor_reached":51,"language":"KOR","playtime":1801,"items_purged":["Strike_P","BowlingBash","Conclude"],"score":814,"play_id":"71033cc1-3c7b-45e8-bb3e-5b31a4f4ba35","local_time":"20210210004617","is_ascension_mode":true,"campfire_choices":[{"data":"CrushJoints","floor":15.0,"key":"SMITH"},{"data":"Worship","floor":28.0,"key":"SMITH"},{"data":"SandsOfTime","floor":32.0,"key":"SMITH"},{"data":"Perseverance","floor":40.0,"key":"SMITH"},{"data":"Worship","floor":44.0,"key":"SMITH"},{"floor":49.0,"key":"REST"}],"circlet_count":0,"master_deck":["Eruption+1","Vigilance","CrushJoints+1","InnerPeace","Scrawl","CutThroughFate","SandsOfTime+1","Indignation","CarveReality","Worship+1","ClearTheMind","Worship+1","EmptyBody","BattleHymn+1","Crescendo","Establishment","Collect","Perseverance+1","LikeWater+1","Parasite","EmptyMind+1","Ragnarok","ThirdEye","ThirdEye"],"relics":["Busted Crown","Meat on the Bone","Chemical X","Yang","Bag of Marbles","Toy Ornithopter","Pandora\u0027s Box","MealTicket","Red Mask","Vajra","Darkstone Periapt","SlaversCollar","Damaru","Oddly Smooth Stone"],"acts_visited":["Exordium","TheCity","TheBeyond"],"potions_floor_usage":[50,50,50],"damage_taken":[{"damage":0.0,"enemies":"Jaw Worm","floor":1.0,"turns":4.0},{"damage":2.0,"enemies":"2 Louse","floor":3.0,"turns":3.0},{"damage":30.0,"enemies":"Lagavulin","floor":6.0,"turns":7.0},{"damage":2.0,"enemies":"Small Slimes","floor":7.0,"turns":3.0},{"damage":37.0,"enemies":"Gremlin Nob","floor":12.0,"turns":4.0},{"damage":5.0,"enemies":"Gremlin Gang","floor":13.0,"turns":3.0},{"damage":2.0,"enemies":"Lots of Slimes","floor":14.0,"turns":4.0},{"damage":38.0,"enemies":"The Guardian","floor":16.0,"turns":11.0},{"damage":4.0,"enemies":"Chosen","floor":18.0,"turns":2.0},{"damage":11.0,"enemies":"Spheric Guardian","floor":22.0,"turns":3.0},{"damage":27.0,"enemies":"Slavers","floor":23.0,"turns":3.0},{"damage":0.0,"enemies":"Masked Bandits","floor":25.0,"turns":2.0},{"damage":10.0,"enemies":"Snake Plant","floor":27.0,"turns":3.0},{"damage":29.0,"enemies":"Book of Stabbing","floor":29.0,"turns":4.0},{"damage":0.0,"enemies":"Snecko","floor":30.0,"turns":2.0},{"damage":8.0,"enemies":"Cultist and Chosen","floor":31.0,"turns":3.0},{"damage":8.0,"enemies":"Collector","floor":33.0,"turns":6.0},{"damage":19.0,"enemies":"3 Shapes","floor":35.0,"turns":5.0},{"damage":12.0,"enemies":"Orb Walker","floor":36.0,"turns":2.0},{"damage":10.0,"enemies":"Maw","floor":38.0,"turns":5.0},{"damage":18.0,"enemies":"Sphere and 2 Shapes","floor":42.0,"turns":5.0},{"damage":18.0,"enemies":"Writhing Mass","floor":45.0,"turns":3.0},{"damage":37.0,"enemies":"Spire Growth","floor":47.0,"turns":4.0},{"damage":70,"enemies":"Awakened One","floor":50,"turns":6}],"seed_played":"-5833656246357896877","potions_obtained":[{"floor":1.0,"key":"EssenceOfSteel"},{"floor":6.0,"key":"BlessingOfTheForge"},{"floor":13.0,"key":"Strength Potion"},{"floor":18.0,"key":"CultistPotion"},{"floor":22.0,"key":"Explosive Potion"},{"floor":23.0,"key":"LiquidMemories"},{"floor":31.0,"key":"Ancient Potion"},{"floor":38.0,"key":"PowerPotion"},{"floor":42.0,"key":"BlessingOfTheForge"},{"floor":45.0,"key":"Block Potion"}],"is_trial":false,"path_per_floor":["M","?","M","?","$","E","M","$","T","?","?","E","M","M","R","B",null,"M","$","$","?","M","E","$","?","T","M","R","E","M","M","R","B",null,"M","M","$","M","?","R","?","M","T","R","M","?","M","$","R","B",null],"character_chosen":"WATCHER","items_purchased":["InnerPeace","BowlingBash","Chemical X","LiquidMemories","EmptyBody","Perseverance","LikeWater","ThirdEye","Oddly Smooth Stone","EssenceOfSteel"],"campfire_rested":1,"item_purchase_floors":[5,5,8,24,24,37,37,48,48,48],"current_hp_per_floor":[72,72,70,63,63,33,43,43,43,43,43,18,30,40,40,14,72,68,68,68,68,57,40,55,55,55,45,45,33,45,37,37,46,72,53,41,56,46,46,46,46,45,45,45,45,45,25,40,63,20],"gold":88,"neow_bonus":"BOSS_RELIC","is_daily":false,"chose_seed":false,"campfire_upgraded":5,"win_rate":0.0,"timestamp":1612885577,"path_taken":["M","?","M","?","$","E","M","$","T","?","?","E","M","?","R","BOSS","M","$","?","?","M","E","$","?","T","M","R","E","M","M","R","BOSS","M","M","$","M","?","R","?","M","T","R","?","?","M","?","R","BOSS"],"items_purchased_type":["Card","Card","Relic","Potion","Card","Card","Card","Card","Relic","Potion"],"build_version":"2020-12-22","purchased_purges":3,"victory":true,"max_hp_per_floor":[72,72,72,72,72,72,72,72,72,72,72,72,72,72,72,72,72,72,72,72,72,72,72,72,72,72,72,72,72,72,72,72,72,72,72,72,72,72,72,72,72,72,72,72,78,78,78,78,78,78],"card_choices":[{"not_picked":[],"picked":"CrushJoints","floor":1.0},{"not_picked":["EmptyFist"],"picked":"SKIP","floor":3.0},{"not_picked":["Prostrate"],"picked":"SKIP","floor":6.0},{"not_picked":["CrushJoints"],"picked":"SKIP","floor":7.0},{"not_picked":["Tantrum"],"picked":"SKIP","floor":12.0},{"not_picked":["BowlingBash"],"picked":"SKIP","floor":13.0},{"not_picked":["ThirdEye"],"picked":"SKIP","floor":14.0},{"not_picked":[],"picked":"Scrawl","floor":16.0},{"not_picked":[],"picked":"ClearTheMind","floor":18.0},{"not_picked":[],"picked":"Worship","floor":22.0},{"not_picked":["CutThroughFate"],"picked":"SKIP","floor":23.0},{"not_picked":[],"picked":"BattleHymn+1","floor":25.0},{"not_picked":["WindmillStrike"],"picked":"SKIP","floor":27.0},{"not_picked":[],"picked":"Crescendo","floor":29.0},{"not_picked":["BowlingBash"],"picked":"SKIP","floor":30.0},{"not_picked":["ClearTheMind"],"picked":"SKIP","floor":31.0},{"not_picked":[],"picked":"Establishment","floor":33.0},{"not_picked":[],"picked":"Collect","floor":35.0},{"not_picked":["BowlingBash"],"picked":"SKIP","floor":36.0},{"not_picked":["EmptyFist+1"],"picked":"SKIP","floor":38.0},{"not_picked":["EmptyFist+1"],"picked":"SKIP","floor":38.0},{"not_picked":["Evaluate"],"picked":"SKIP","floor":42.0},{"not_picked":[],"picked":"EmptyMind+1","floor":45.0},{"not_picked":[],"picked":"ThirdEye","floor":47.0}],"player_experience":440322,"relics_obtained":[{"floor":6.0,"key":"Meat on the Bone"},{"floor":9.0,"key":"Yang"},{"floor":12.0,"key":"Toy Ornithopter"},{"floor":23.0,"key":"MealTicket"},{"floor":25.0,"key":"Red Mask"},{"floor":26.0,"key":"Vajra"},{"floor":29.0,"key":"Darkstone Periapt"},{"floor":43.0,"key":"Damaru"}],"event_choices":[{"damage_healed":0.0,"max_hp_gain":0.0,"max_hp_loss":0.0,"gold_gain":175.0,"event_name":"Liars Game","player_choice":"AGREE","floor":2.0,"gold_loss":0.0,"damage_taken":0.0,"cards_obtained":["Doubt"]},{"cards_removed":["Doubt"],"damage_healed":0.0,"max_hp_gain":0.0,"max_hp_loss":0.0,"gold_gain":0.0,"event_name":"Golden Wing","player_choice":"Card Removal","floor":4.0,"gold_loss":0.0,"damage_taken":7.0},{"damage_healed":0.0,"max_hp_gain":0.0,"max_hp_loss":0.0,"gold_gain":0.0,"event_name":"Living Wall","player_choice":"Grow","floor":10.0,"gold_loss":0.0,"damage_taken":0.0,"cards_upgraded":["Eruption"]},{"damage_healed":0.0,"max_hp_gain":0.0,"max_hp_loss":0.0,"gold_gain":0.0,"event_name":"WeMeetAgain","player_choice":"Gave Potion","floor":11.0,"gold_loss":0.0,"damage_taken":0.0,"relics_obtained":["Bag of Marbles"]},{"damage_healed":0.0,"max_hp_gain":0.0,"max_hp_loss":0.0,"gold_gain":0.0,"event_name":"Ghosts","player_choice":"Ignored","floor":21.0,"gold_loss":0.0,"damage_taken":0.0},{"damage_healed":0.0,"max_hp_gain":0.0,"max_hp_loss":0.0,"gold_gain":0.0,"event_name":"Masked Bandits","player_choice":"Fought Bandits","floor":25.0,"gold_loss":0.0,"damage_taken":0.0},{"damage_healed":0.0,"max_hp_gain":0.0,"max_hp_loss":0.0,"gold_gain":222.0,"event_name":"Tomb of Lord Red Mask","player_choice":"Wore Mask","floor":39.0,"gold_loss":0.0,"damage_taken":0.0},{"damage_healed":0.0,"max_hp_gain":0.0,"max_hp_loss":0.0,"gold_gain":0.0,"event_name":"Upgrade Shrine","player_choice":"Upgraded","floor":41.0,"gold_loss":0.0,"damage_taken":0.0,"cards_upgraded":["LikeWater"]},{"damage_healed":0.0,"max_hp_gain":0.0,"max_hp_loss":0.0,"gold_gain":0.0,"cards_transformed":["FlyingSleeves"],"event_name":"Transmorgrifier","player_choice":"Transformed","floor":46.0,"gold_loss":0.0,"damage_taken":0.0,"cards_obtained":["Ragnarok"]}],"is_beta":false,"boss_relics":[{"not_picked":["Sozu","SacredBark"],"picked":"Pandora\u0027s Box"},{"not_picked":["Calling Bell","Fusion Hammer"],"picked":"SlaversCollar"}],"items_purged_floors":[5,37,48],"is_endless":false,"potions_floor_spawned":[1,6,13,18,22,23,31,38,42,45],"ascension_level":2}}