{"host":"adi","time":1612904509,"event":{"mods":["AchievementEnabler","BaseMod","Bestiary","Colored Powertips","Minty Spire (QoL Compilation)","StSLib"],"gold_per_floor":[111,111,37,57,32,66,77,77,77,108,138,150,162,194,206,318,330,354,326,338,367,217,252,252,286,331,344,344,356,356,366,366,462,462,475,475,301,301,35,64,77,77,104,154,164,180,0,20,20,20],"floor_reached":51,"language":"ENG","playtime":12710,"items_purged":["ReachHeaven","Eruption"],"score":830,"play_id":"5ea8f582-c95d-4829-8c84-8f16ff38a413","local_time":"20210209220149","is_ascension_mode":true,"campfire_choices":[{"data":"Ragnarok","floor":8,"key":"SMITH"},{"data":"MentalFortress","floor":12,"key":"SMITH"},{"data":"WreathOfFlame","floor":15,"key":"SMITH"},{"floor":24,"key":"REST"},{"floor":32,"key":"REST"},{"data":"Worship","floor":49,"key":"PURGE"}],"circlet_count":0,"master_deck":["Vigilance","Ragnarok+1","MentalFortress","WreathOfFlame+1","EmptyBody+1","ClearTheMind","ClearTheMind","Tantrum","MentalFortress+1","Devotion+1","Crescendo","Prostrate","MentalFortress","ThirdEye","Nirvana","Evaluate+1","WreathOfFlame+1","WaveOfTheHand","DevaForm","EmptyFist+1","Flash of Steel","MentalFortress","Finesse","Sanctity","Crescendo+1","Fasting2+1"],"relics":["PureWater","Pantograph","Juzu Bracelet","MawBank","Pandora\u0027s Box","Toy Ornithopter","Bottled Lightning","Potion Belt","Dream Catcher","Snecko Eye","Blue Candle","Vajra","Peace Pipe","Red Mask"],"acts_visited":["Exordium","TheCity","TheBeyond"],"potions_floor_usage":[6,10,23,27,40,40,40,41,46,50,50,50],"damage_taken":[{"damage":2,"enemies":"Jaw Worm","floor":1,"turns":3},{"damage":0,"enemies":"Cultist","floor":4,"turns":3},{"damage":19,"enemies":"Gremlin Nob","floor":6,"turns":4},{"damage":5,"enemies":"Small Slimes","floor":7,"turns":3},{"damage":30,"enemies":"3 Sentries","floor":10,"turns":4},{"damage":4,"enemies":"Red Slaver","floor":11,"turns":5},{"damage":0,"enemies":"3 Louse","floor":14,"turns":2},{"damage":34,"enemies":"Hexaghost","floor":16,"turns":10},{"damage":21,"enemies":"2 Thieves","floor":18,"turns":3},{"damage":1,"enemies":"Spheric Guardian","floor":21,"turns":3},{"damage":30,"enemies":"Slavers","floor":23,"turns":2},{"damage":21,"enemies":"Book of Stabbing","floor":25,"turns":4},{"damage":4,"enemies":"Centurion and Healer","floor":27,"turns":3},{"damage":14,"enemies":"Shelled Parasite and Fungi","floor":29,"turns":5},{"damage":24,"enemies":"Snake Plant","floor":31,"turns":4},{"damage":18,"enemies":"Champ","floor":33,"turns":11},{"damage":14,"enemies":"3 Shapes","floor":35,"turns":3},{"damage":65,"enemies":"Reptomancer","floor":40,"turns":5},{"damage":19,"enemies":"Orb Walker","floor":41,"turns":6},{"damage":8,"enemies":"Mind Bloom Boss Battle","floor":44,"turns":6},{"damage":13,"enemies":"Maw","floor":45,"turns":6},{"damage":8,"enemies":"Spire Growth","floor":46,"turns":2},{"damage":10,"enemies":"Sphere and 2 Shapes","floor":48,"turns":1},{"damage":23,"enemies":"Donu and Deca","floor":50,"turns":9}],"seed_played":"4272305687318096177","potions_obtained":[{"floor":2,"key":"LiquidBronze"},{"floor":2,"key":"Swift Potion"},{"floor":2,"key":"AttackPotion"},{"floor":6,"key":"Regen Potion"},{"floor":11,"key":"Dexterity Potion"},{"floor":21,"key":"FairyPotion"},{"floor":25,"key":"DistilledChaos"},{"floor":29,"key":"SneckoOil"},{"floor":45,"key":"Regen Potion"},{"floor":46,"key":"BlessingOfTheForge"},{"floor":48,"key":"SpeedPotion"}],"is_trial":false,"path_per_floor":["M","?","$","M","$","E","M","R","T","E","M","R","$","M","R","B",null,"M","?","?","M","$","E","R","E","T","M","?","M","?","M","R","B",null,"M","?","$","?","$","E","M","?","T","?","M","M","?","M","R","B",null],"character_chosen":"WATCHER","items_purchased":["ReachHeaven","EmptyBody","MentalFortress","ThirdEye","MentalFortress","Regen Potion","Explosive Potion","Fire Potion","Finesse"],"campfire_rested":2,"item_purchase_floors":[3,5,22,22,37,39,39,39,39],"current_hp_per_floor":[70,70,70,70,70,51,46,46,46,28,24,24,24,24,24,15,72,51,51,51,50,50,20,41,20,20,21,21,7,7,5,26,33,72,58,58,58,58,58,17,3,59,59,51,38,40,40,30,30,46],"gold":20,"neow_bonus":"ONE_RANDOM_RARE_CARD","is_daily":false,"chose_seed":false,"campfire_upgraded":3,"win_rate":0.0,"timestamp":1612904509,"path_taken":["M","?","$","M","?","E","M","R","T","E","M","R","$","M","R","BOSS","M","?","?","M","$","E","R","E","T","M","?","M","?","M","R","BOSS","M","?","$","?","$","E","M","?","T","?","M","M","?","M","R","BOSS"],"items_purchased_type":["Card","Card","Card","Card","Card","Potion","Potion","Potion","Card"],"build_version":"2020-12-18","purchased_purges":2,"victory":true,"max_hp_per_floor":[72,72,72,72,72,72,72,72,72,72,72,72,72,72,72,72,72,72,72,72,72,72,72,72,72,72,72,72,72,72,72,72,72,72,72,72,72,68,68,68,68,59,59,59,59,59,59,59,59,59],"card_choices":[{"not_picked":["EmptyBody","Halt"],"picked":"MentalFortress","floor":1},{"not_picked":["EmptyBody","Evaluate"],"picked":"WreathOfFlame","floor":4},{"not_picked":["ThirdEye","EmptyBody"],"picked":"ClearTheMind","floor":6},{"not_picked":["CrushJoints","Weave"],"picked":"ClearTheMind","floor":7},{"not_picked":["Perseverance","EmptyFist"],"picked":"Tantrum","floor":10},{"not_picked":["WreathOfFlame","CrushJoints"],"picked":"MentalFortress","floor":11},{"not_picked":["WaveOfTheHand","JustLucky","FollowUp"],"picked":"SKIP","floor":14},{"not_picked":["Omniscience","Ragnarok"],"picked":"Devotion","floor":16},{"not_picked":["ClearTheMind","Indignation"],"picked":"Crescendo","floor":18},{"not_picked":["SashWhip","Indignation+1"],"picked":"Prostrate","floor":21},{"not_picked":["Consecrate","ThirdEye"],"picked":"Nirvana","floor":23},{"not_picked":["Omniscience","EmptyFist"],"picked":"Evaluate+1","floor":25},{"not_picked":["Crescendo","Establishment","Prostrate+1"],"picked":"SKIP","floor":27},{"not_picked":["WindmillStrike","CrushJoints","Evaluate"],"picked":"SKIP","floor":29},{"not_picked":["BowlingBash","WheelKick"],"picked":"WaveOfTheHand","floor":31},{"not_picked":["Alpha","MasterReality"],"picked":"DevaForm","floor":33},{"not_picked":["CutThroughFate+1","Swivel+1"],"picked":"EmptyFist+1","floor":35},{"not_picked":["Blind","Enlightenment"],"picked":"Flash of Steel","floor":36},{"not_picked":["Wallop+1","Consecrate+1"],"picked":"Sanctity","floor":40},{"not_picked":["FlurryOfBlows","EmptyBody","FollowUp"],"picked":"SKIP","floor":41},{"not_picked":["ThirdEye+1","Brilliance"],"picked":"Crescendo+1","floor":45},{"not_picked":["FlyingSleeves+1","SignatureMove","Evaluate"],"picked":"SKIP","floor":46},{"not_picked":["Consecrate+1","Worship"],"picked":"Fasting2+1","floor":48}],"player_experience":356310,"relics_obtained":[{"floor":6,"key":"Pantograph"},{"floor":9,"key":"Juzu Bracelet"},{"floor":10,"key":"MawBank"},{"floor":23,"key":"Toy Ornithopter"},{"floor":25,"key":"Bottled Lightning"},{"floor":26,"key":"Potion Belt"},{"floor":40,"key":"Blue Candle"},{"floor":43,"key":"Vajra"},{"floor":44,"key":"Peace Pipe"}],"event_choices":[{"damage_healed":0,"gold_gain":0,"player_choice":"Got Potions","damage_taken":0,"max_hp_gain":0,"max_hp_loss":0,"event_name":"Lab","floor":2,"gold_loss":0},{"damage_healed":0,"gold_gain":0,"player_choice":"Upgraded Two","damage_taken":0,"max_hp_gain":0,"max_hp_loss":0,"event_name":"Designer","floor":19,"gold_loss":40,"cards_upgraded":["EmptyBody","Devotion"]},{"damage_healed":0,"gold_gain":0,"player_choice":"Read","damage_taken":0,"max_hp_gain":0,"max_hp_loss":0,"event_name":"The Library","floor":20,"gold_loss":0,"cards_obtained":["Worship"]},{"damage_healed":0,"gold_gain":0,"player_choice":"Opened","damage_taken":0,"relics_obtained":["Dream Catcher"],"max_hp_gain":0,"max_hp_loss":0,"event_name":"The Mausoleum","floor":28,"gold_loss":0},{"damage_healed":0,"gold_gain":0,"player_choice":"Copied","damage_taken":0,"max_hp_gain":0,"max_hp_loss":0,"event_name":"Duplicator","floor":30,"gold_loss":0,"cards_obtained":["WreathOfFlame"]},{"damage_healed":0,"gold_gain":0,"player_choice":"Memory 1","damage_taken":0,"max_hp_gain":0,"max_hp_loss":0,"event_name":"SensoryStone","floor":36,"gold_loss":0},{"damage_healed":0,"gold_gain":0,"player_choice":"Max HP","damage_taken":0,"max_hp_gain":0,"max_hp_loss":4,"event_name":"Winding Halls","floor":38,"gold_loss":0},{"damage_healed":59,"gold_gain":0,"player_choice":"Heal","damage_taken":0,"max_hp_gain":0,"max_hp_loss":9,"event_name":"The Moai Head","floor":42,"gold_loss":0},{"damage_healed":0,"gold_gain":0,"player_choice":"Fight","damage_taken":0,"max_hp_gain":0,"max_hp_loss":0,"event_name":"MindBloom","floor":44,"gold_loss":0},{"damage_healed":0,"gold_gain":0,"player_choice":"Paid","damage_taken":0,"relics_obtained":["Red Mask"],"max_hp_gain":0,"max_hp_loss":0,"event_name":"Tomb of Lord Red Mask","floor":47,"gold_loss":180}],"is_beta":true,"boss_relics":[{"not_picked":["Fusion Hammer","Philosopher\u0027s Stone"],"picked":"Pandora\u0027s Box"},{"not_picked":["Cursed Key","Empty Cage"],"picked":"Snecko Eye"}],"items_purged_floors":[22,37],"is_endless":false,"potions_floor_spawned":[6,11,21,25,29,45,46,48],"ascension_level":3}}