{"host":"ewns8ifhbubwkcum","time":1612835835,"event":{"mods":["BaseMod","Block Reminder","Colored Map","Colored Powertips","Downfall","Highlight Path","Minty Spire (QoL Compilation)","Permanent Neow","Quick Restart","Random Character Button","StSLib"],"gold_per_floor":[99,117,136,155,171,196,221,221,24,52,502,537,537,712,730,829,829,829,842,842,842,842],"floor_reached":20,"language":"ENG","playtime":1652,"items_purged":[],"score":290,"play_id":"7f73983e-a366-4241-b045-410aefa3b0d9","local_time":"20210208195715","daily_mods":["downfall:Improvised","Binary"],"is_ascension_mode":true,"campfire_choices":[{"floor":13,"key":"REST"},{"data":"sneckomod:UnlimitedRolls","floor":18,"key":"SMITH"}],"circlet_count":0,"master_deck":["sneckomod:Strike","sneckomod:Strike","sneckomod:Strike","sneckomod:Defend","sneckomod:Defend","sneckomod:Defend","sneckomod:TailWhip","sneckomod:SnekBite","sneckomod:Unknown","sneckomod:UnknownCommonAttack","sneckomod:UnknownCommonAttack","sneckomod:UnknownCommonAttack","sneckomod:UnknownCommonSkill","sneckomod:UnknownCommonSkill","sneckomod:UnknownCommonSkill","sneckomod:UnknownUncommonAttack","sneckomod:UnknownUncommonSkill","sneckomod:Unknown","Static Discharge","sneckomod:IronFang","sneckomod:UnknownCommonAttack","sneckomod:UnknownWeak","sneckomod:SoulRoll","sneckomod:ImprovisedGuard","bronze:DarkDash","sneckomod:SnakeSap","downfall:Icky","downfall:Icky","downfall:Icky","sneckomod:IronFang","Doubt","sneckomod:UnknownBlock","sneckomod:UnlimitedRolls+1","Echo Form","sneckomod:UnknownVulnerable"],"relics":["sneckomod:SuperSneckoSoul","Regal Pillow","Potion Belt","Tiny Chest","Chemical X","Smiling Mask","Mummified Hand"],"acts_visited":["Exordium","TheCity"],"potions_floor_usage":[6,10,15,20],"damage_taken":[{"damage":0,"enemies":"Cultist","floor":2,"turns":4},{"damage":0,"enemies":"2 Louse","floor":3,"turns":2},{"damage":0,"enemies":"Small Slimes","floor":4,"turns":3},{"damage":0,"enemies":"3 Louse","floor":5,"turns":3},{"damage":22,"enemies":"Gremlin Nob","floor":6,"turns":4},{"damage":0,"enemies":"downfall:FleeingMerchant","floor":9,"turns":4},{"damage":4,"enemies":"Lagavulin","floor":10,"turns":7},{"damage":12,"enemies":"Gremlin Nob","floor":12,"turns":4},{"damage":9,"enemies":"Gremlin Gang","floor":15,"turns":3},{"damage":48,"enemies":"SI_SHIV_ARCHETYPE","floor":16,"turns":14},{"damage":18,"enemies":"Chosen","floor":19,"turns":6},{"damage":61,"enemies":"downfall:Augmenter","floor":20,"turns":7}],"seed_played":"1501983151434375174","potions_obtained":[{"floor":3,"key":"ColorlessPotion"},{"floor":5,"key":"Swift Potion"},{"floor":10,"key":"champ:CounterPotion"},{"floor":12,"key":"AttackPotion"}],"is_trial":true,"path_per_floor":["R","M","M","M","M","E","T","?","$","E","?","E","R","?","M","B",null,"R","M","?"],"character_chosen":"THE_SNECKO","items_purchased":["Chemical X","sneckomod:ImprovisedGuard"],"campfire_rested":1,"item_purchase_floors":[9,9],"current_hp_per_floor":[90,90,90,90,90,68,68,56,56,52,52,40,82,82,73,25,74,74,56,0,0,0],"gold":842,"neow_bonus":"","is_daily":false,"chose_seed":false,"campfire_upgraded":1,"win_rate":0.0,"timestamp":1612835835,"path_taken":["R","M","M","M","M","E","T","?","$","E","?","E","R","?","M","BOSS","R","M","?"],"items_purchased_type":["Relic","Card"],"build_version":"2020-12-22","purchased_purges":0,"victory":false,"max_hp_per_floor":[90,90,90,90,90,90,90,90,90,90,90,90,90,90,90,90,90,90,90,90,90,90],"card_choices":[{"not_picked":["sneckomod:DiceCrush"],"picked":"sneckomod:IronFang","floor":2},{"not_picked":["sneckomod:DiceBoulder"],"picked":"sneckomod:UnknownCommonAttack","floor":3},{"not_picked":["sneckomod:UnknownCommonAttack"],"picked":"sneckomod:Unknown2Cost","floor":4},{"not_picked":["sneckomod:UnknownRarePower"],"picked":"sneckomod:Memorize","floor":5},{"not_picked":["sneckomod:CheapStock"],"picked":"sneckomod:UnknownWeak","floor":6},{"not_picked":["sneckomod:WideSting"],"picked":"sneckomod:SoulRoll","floor":9},{"not_picked":["sneckomod:Unknown1Cost"],"picked":"sneckomod:SnakeSap","floor":10},{"not_picked":["sneckomod:DiceCrush"],"picked":"sneckomod:IronFang","floor":12},{"not_picked":["sneckomod:IronFang"],"picked":"sneckomod:UnknownBlock","floor":15},{"not_picked":["sneckomod:Mudshield"],"picked":"sneckomod:UnlimitedRolls","floor":16},{"not_picked":["sneckomod:QuickMove"],"picked":"sneckomod:UnknownVulnerable","floor":19}],"player_experience":1161775,"relics_obtained":[{"floor":6,"key":"Regal Pillow"},{"floor":7,"key":"Potion Belt"},{"floor":10,"key":"Smiling Mask"},{"floor":12,"key":"Mummified Hand"}],"event_choices":[{"damage_healed":0,"gold_gain":0,"player_choice":"Success","damage_taken":12,"relics_obtained":["Tiny Chest"],"max_hp_gain":0,"max_hp_loss":0,"event_name":"Scrap Ooze","floor":8,"gold_loss":0}],"is_beta":false,"boss_relics":[{"not_picked":["Sozu","Velvet Choker"],"picked":"sneckomod:SuperSneckoSoul"}],"items_purged_floors":[],"is_endless":false,"potions_floor_spawned":[3,5,10,12],"killed_by":"downfall:Augmenter","ascension_level":5}}