{"host":"xsuxkwaivmtd234a","time":1612880199,"event":{"mods":["BaseMod","Colored Map","Filter the Spire","Minty Spire (QoL Compilation)","Relic Stats","StSLib"],"gold_per_floor":[117,117,131,151,165,165,192,192,192,192,204,232,254,281,281,381,381,398,313,238,253,270,301,301,335,335,335,335],"floor_reached":27,"language":"ENG","playtime":1060,"items_purged":[],"score":339,"play_id":"7cecc3ba-22c2-4ddd-9ef7-cab5f5a141ab","local_time":"20210209091639","is_ascension_mode":true,"campfire_choices":[{"data":"Cleave","floor":6,"key":"SMITH"},{"data":"Bash","floor":8,"key":"SMITH"},{"data":"Disarm","floor":10,"key":"SMITH"},{"data":"Limit Break","floor":15,"key":"SMITH"},{"data":"Fire Breathing","floor":24,"key":"SMITH"}],"circlet_count":0,"master_deck":["Strike_R+1","Strike_R","Strike_R","Strike_R","Defend_R","Defend_R","Defend_R","Defend_R","Bash+1","Headbutt","Carnage+1","Wild Strike","Cleave+1","Anger","Disarm+1","Reaper","Fire Breathing+1","Limit Break+1","Exhume","Uppercut+1","Feel No Pain","Fiend Fire+1","Disarm"],"relics":["Black Blood","HornCleat","StrikeDummy","Incense Burner","Odd Mushroom","Orichalcum","Gremlin Horn","Molten Egg 2","Darkstone Periapt","Paper Frog"],"acts_visited":["Exordium","TheCity"],"potions_floor_usage":[11,12,16,22,27],"damage_taken":[{"damage":6,"enemies":"2 Louse","floor":1,"turns":3},{"damage":7,"enemies":"Jaw Worm","floor":3,"turns":2},{"damage":0,"enemies":"Cultist","floor":4,"turns":2},{"damage":7,"enemies":"3 Louse","floor":5,"turns":2},{"damage":30,"enemies":"Lagavulin","floor":7,"turns":5},{"damage":10,"enemies":"Red Slaver","floor":11,"turns":4},{"damage":20,"enemies":"3 Sentries","floor":12,"turns":6},{"damage":1,"enemies":"The Mushroom Lair","floor":13,"turns":3},{"damage":2,"enemies":"Gremlin Nob","floor":14,"turns":3},{"damage":10,"enemies":"The Guardian","floor":16,"turns":10},{"damage":16,"enemies":"Spheric Guardian","floor":18,"turns":4},{"damage":13,"enemies":"2 Thieves","floor":21,"turns":3},{"damage":25,"enemies":"Cultist and Chosen","floor":22,"turns":8},{"damage":48,"enemies":"Slavers","floor":23,"turns":6},{"damage":33,"enemies":"Book of Stabbing","floor":25,"turns":6},{"damage":35,"enemies":"Slavers","floor":27,"turns":2}],"seed_played":"-2256350416806834092","potions_obtained":[{"floor":1,"key":"ColorlessPotion"},{"floor":7,"key":"Regen Potion"},{"floor":14,"key":"AttackPotion"},{"floor":16,"key":"BloodPotion"},{"floor":23,"key":"SpeedPotion"},{"floor":25,"key":"SteroidPotion"}],"is_trial":false,"path_per_floor":["M","?","M","M","M","R","E","R","T","R","M","E","?","E","R","B",null,"M","?","?","M","M","E","R","E","T","E"],"character_chosen":"IRONCLAD","items_purchased":[],"campfire_rested":0,"item_purchase_floors":[],"current_hp_per_floor":[80,64,63,69,68,68,44,44,44,44,52,38,55,59,59,61,75,71,71,71,70,79,51,51,30,30,0,0],"gold":335,"neow_bonus":"THREE_CARDS","is_daily":false,"chose_seed":false,"campfire_upgraded":5,"win_rate":0.0,"timestamp":1612880199,"path_taken":["M","?","M","M","M","R","E","R","T","R","M","E","?","E","R","BOSS","M","?","?","M","M","E","R","E","T","E"],"items_purchased_type":[],"build_version":"2020-12-22","purchased_purges":0,"victory":false,"max_hp_per_floor":[80,80,80,80,80,80,80,80,80,80,80,80,80,80,80,80,80,80,80,80,80,80,80,80,80,80,80,80],"relic_stats":{"Darkstone Periapt":0,"Gremlin Horn":[4,4],"counters":[16,69],"Black Blood":120,"Orichalcum":[84],"obtain_stats":[{"Darkstone Periapt":25,"HornCleat":7,"Gremlin Horn":19,"Black Blood":17,"Molten Egg 2":23,"Incense Burner":12,"Odd Mushroom":13,"Orichalcum":14,"StrikeDummy":9,"Burning Blood":0,"Paper Frog":26},{"Darkstone Periapt":15,"HornCleat":5,"Gremlin Horn":11,"Black Blood":10,"Molten Egg 2":14,"Incense Burner":7,"Odd Mushroom":8,"Orichalcum":9,"StrikeDummy":5,"Burning Blood":0,"Paper Frog":15},{"Darkstone Periapt":67,"HornCleat":14,"Gremlin Horn":44,"Black Blood":40,"Molten Egg 2":61,"Incense Burner":24,"Odd Mushroom":27,"Orichalcum":30,"StrikeDummy":14,"Burning Blood":0,"Paper Frog":67}]},"card_choices":[{"not_picked":["Dual Wield","Shockwave"],"picked":"Headbutt","floor":0},{"not_picked":["Bloodletting","Sword Boomerang"],"picked":"Carnage","floor":1},{"not_picked":["Headbutt","True Grit"],"picked":"Wild Strike","floor":3},{"not_picked":["Sword Boomerang","Armaments"],"picked":"Cleave","floor":4},{"not_picked":["Power Through","Cleave"],"picked":"Anger","floor":5},{"not_picked":["Flame Barrier","Dropkick"],"picked":"Disarm","floor":7},{"not_picked":["Searing Blow","Pommel Strike","Clash"],"picked":"SKIP","floor":11},{"not_picked":["Clothesline","Spot Weakness"],"picked":"Reaper","floor":12},{"not_picked":["Intimidate","Armaments"],"picked":"Fire Breathing","floor":13},{"not_picked":["Shrug It Off","Searing Blow"],"picked":"Limit Break","floor":14},{"not_picked":["Juggernaut","Double Tap"],"picked":"Exhume","floor":16},{"not_picked":["Reckless Charge","Cleave"],"picked":"Uppercut+1","floor":18},{"not_picked":["Thunderclap+1","Heavy Blade"],"picked":"Feel No Pain","floor":21},{"not_picked":["True Grit","Reckless Charge","Perfected Strike+1"],"picked":"SKIP","floor":22},{"not_picked":["Searing Blow+1","Cleave+1"],"picked":"Fiend Fire+1","floor":23},{"not_picked":["Uppercut+1","Perfected Strike+1"],"picked":"Disarm","floor":25}],"player_experience":1226423,"relics_obtained":[{"floor":7,"key":"HornCleat"},{"floor":9,"key":"StrikeDummy"},{"floor":12,"key":"Incense Burner"},{"floor":13,"key":"Odd Mushroom"},{"floor":14,"key":"Orichalcum"},{"floor":23,"key":"Molten Egg 2"},{"floor":25,"key":"Darkstone Periapt"},{"floor":26,"key":"Paper Frog"}],"event_choices":[{"damage_healed":0,"gold_gain":0,"player_choice":"Entered Light","damage_taken":16,"max_hp_gain":0,"max_hp_loss":0,"event_name":"Shining Light","floor":2,"gold_loss":0,"cards_upgraded":["Carnage","Strike_R"]},{"damage_healed":0,"gold_gain":0,"player_choice":"Fought Mushrooms","damage_taken":0,"max_hp_gain":0,"max_hp_loss":0,"event_name":"Mushrooms","floor":13,"gold_loss":0},{"damage_healed":0,"gold_gain":0,"player_choice":"Obtained Relic","damage_taken":0,"relics_obtained":["Gremlin Horn"],"max_hp_gain":0,"max_hp_loss":0,"event_name":"Addict","floor":19,"gold_loss":85},{"cards_removed":["Strike_R"],"damage_healed":0,"gold_gain":0,"player_choice":"Gave Gold","damage_taken":0,"max_hp_gain":0,"max_hp_loss":0,"event_name":"Beggar","floor":20,"gold_loss":75}],"is_beta":false,"boss_relics":[{"not_picked":["Philosopher\u0027s Stone","Ectoplasm"],"picked":"Black Blood"}],"items_purged_floors":[],"is_endless":false,"potions_floor_spawned":[1,7,14,16,23,25],"killed_by":"Slavers","ascension_level":5}}