{"host":"drjz7zl15rqtgg20","time":1612903351,"event":{"mods":["BaseMod","Colored Map","Downfall","Minty Spire (QoL Compilation)","Permanent Neow","Quick Restart","StSLib"],"gold_per_floor":[116,67,167,183,193,203,237,237],"floor_reached":7,"language":"ENG","playtime":343,"items_purged":[],"score":53,"play_id":"94863564-921e-48c6-97ce-e6eb312efd46","local_time":"20210209154231","is_ascension_mode":false,"campfire_choices":[],"circlet_count":0,"master_deck":["Strike_R","Strike_R","Strike_R","Strike_R","Strike_R","Defend_R","Defend_R","Defend_R","Defend_R","Bash","Dramatic Entrance","Wild Strike","Shrug It Off","Shockwave","Pommel Strike","Armaments","Dropkick"],"relics":["Burning Blood"],"acts_visited":["Exordium"],"potions_floor_usage":[],"damage_taken":[{"damage":6,"enemies":"Jaw Worm","floor":1,"turns":3},{"damage":6,"enemies":"Cultist","floor":4,"turns":3},{"damage":0,"enemies":"2 Louse","floor":5,"turns":2},{"damage":3,"enemies":"Blue Slaver","floor":6,"turns":3},{"damage":20,"enemies":"3 Sentries","floor":7,"turns":8}],"seed_played":"4001009973974165552","potions_obtained":[{"floor":5,"key":"Block Potion"}],"is_trial":false,"path_per_floor":["M","$","?","M","M","M","E"],"character_chosen":"IRONCLAD","items_purchased":["Shrug It Off"],"campfire_rested":0,"item_purchase_floors":[2],"current_hp_per_floor":[80,80,80,80,80,80,66,66],"gold":237,"neow_bonus":"RANDOM_COLORLESS","is_daily":false,"chose_seed":false,"campfire_upgraded":0,"win_rate":0.0,"timestamp":1612903351,"path_taken":["M","$","?","M","M","?","E"],"items_purchased_type":["Card"],"build_version":"2020-12-22","purchased_purges":0,"victory":false,"max_hp_per_floor":[80,80,80,80,80,80,80,80],"card_choices":[{"not_picked":["Madness","Purity"],"picked":"Dramatic Entrance","floor":0},{"not_picked":["Combust","Rupture"],"picked":"Wild Strike","floor":1},{"not_picked":["Anger","Heavy Blade"],"picked":"Shockwave","floor":4},{"not_picked":["Shrug It Off","Bludgeon"],"picked":"Pommel Strike","floor":5},{"not_picked":["Iron Wave","Body Slam"],"picked":"Armaments","floor":6},{"not_picked":["Perfected Strike","Demon Form"],"picked":"Dropkick","floor":7}],"player_experience":680007,"relics_obtained":[],"event_choices":[{"damage_healed":0,"gold_gain":100,"player_choice":"Gold","damage_taken":0,"max_hp_gain":0,"max_hp_loss":0,"event_name":"Wheel of Change","floor":3,"gold_loss":0}],"is_beta":false,"boss_relics":[],"items_purged_floors":[],"is_endless":false,"potions_floor_spawned":[5],"killed_by":"3 Sentries","ascension_level":0}}