{"host":"4c7oxphrh4ok8x7u","time":1612891745,"event":{"mods":["100% Spire Juice","2.2 Compatiblity","Act Like it!","Arknights","Aspiration","BaseMod","Beaked The Cultist","Better Skull","Better Vampires","BetterRewards","Bossed Relics","Challenge The Spire","Conjunction","Conspire","Custom Start","Dota2Spire","Downfall","Ekko","Evolution","Fiend Mod","Friendly Minions","FruityMod","GifTheSpireLib","Good Game Mod","Halation","Hermit","HololiveMod","Hubris","Hyrulean Relics","Jedi Mod","Jess\u0027s Bottle","Kratos Character Expansion","Minty Spire (QoL Compilation)","MostiFishMod","Permanent Neow","Poor People Problems","Prisma Mod","Quarter Circle Forward PUNCH!","RatMod","Reliquary","Replay The Spire","Robot Space Explorer","SCP261 Mod","Shade Mod","Slay the Relics Exporter","Small Relic Pack","Spicy Shops","Spikes Relics","Spires And Sneckos","StS++","StSLib","Stuff the Spire","The Animator","The Blue Laboratory","The Death Knight","The Edgeheg","The Exalted","The Fake Hero","The Necromancer","The Servant 0.9.4","The Trickster","The Wild Card","TheVacant","TheWitcher","Wandering Minibosses","WarShipGirlsR/????R mod"],"gold_per_floor":[99,113,130,130,144,158,158,178,178,69,69,92,82,97,116,214,214,14,26,45,57,57,165,165,177,5,5,21,21,54,54,66,169,169,169,188,188,206,221,221,244,260,260,288,288,188,216,233,249,249,249,277,0,0,0,0],"floor_reached":57,"language":"RUS","playtime":5541,"items_purged":[],"score":1453,"play_id":"615401dd-e8bd-48bc-8be5-70398c14d8dc","local_time":"20210209202905","is_ascension_mode":false,"campfire_choices":[{"floor":1,"key":"RECALL"},{"floor":9,"key":"REST"},{"floor":11,"key":"REST"},{"floor":27,"key":"REST"},{"data":"hexamod:HexaLevel","floor":35,"key":"SMITH"},{"data":"Replay:SS_forest_2","floor":43,"key":"SMITH"},{"floor":46,"key":"REST"},{"data":"hexamod:GhostOfSpireFuture","floor":54,"key":"SMITH"}],"circlet_count":0,"master_deck":["hexamod:Strike","hexamod:Strike","hexamod:Strike","hexamod:Strike","hexamod:Defend","hexamod:Defend","hexamod:Defend","hexamod:Defend","hexamod:Sear","hexamod:Float","Berserk+1","hexamod:VolcanoVisage","hexamod:AdvancingGuard","hexamod:StepThrough","hexamod:Firestarter+1","hexamod:ExtraCrispy","hexamod:EmpoweredFlame","hexamod:Haunt","hexamod:Rewind","hexamod:StepThrough","hexamod:GhostOfSpirePresent","hexamod:ChargedBarrage","hexamod:BurningTouch","wanderingMiniBosses:FinaleOfPromise","hexamod:FourthSeal","hexamod:GhostOfSpirePast+1","Replay:SS_forest_2+1","hexamod:TimeOfNeed","hexamod:HexaLevel+1","hexamod:SpectersWail+1","hexamod:GhostOfSpireFuture+1","hexamod:Firestarter","hexamod:GhostOfSpireFuture+1","hexamod:Incineration+1","hexamod:Incineration","MostiFishMod:KingOfFree"],"relics":["hexamod:SpiritBrand","EVO:Axolotl","DaveBox","REME:ComplimentaryCards","BirthdayGift-Tetrahedron","Bottled Tornado","Tiny Chest","hubris:SlimyHat","aspiration:PoetsPen_weak","downfall:HeartBlessingBlue","downfall:HeartBlessingRed","wanderingMiniBosses:Blackblade","conspire:TopHat","ShockBauble","Cauldron","MealTicket","Pen Nib","hubris:Towel","GuanYuAspect","reliquary:HotPoker","hubris:Icosahedron","StSpp:BrokenTotem","Torii","StuffTheSpire:GreaterSneckoEye","downfall:HeartBlessingGreen","Bromod:ArcaneTempo","Whetstone","Guardian:PocketSentry","jedi:ominousloannote","Nunchaku","qcfpunch:Red_Headband"],"acts_visited":["Exordium","TheCity","TheBeyond","TheEnding"],"potions_floor_usage":[10,20,33,44,56,56,56],"damage_taken":[{"damage":2,"enemies":"Small Slimes","floor":2,"turns":2},{"damage":7,"enemies":"Jaw Worm","floor":3,"turns":2},{"damage":3,"enemies":"2 Louse","floor":5,"turns":2},{"damage":4,"enemies":"conspire:2 RoseBushes","floor":6,"turns":3},{"damage":4,"enemies":"Large Slime","floor":8,"turns":3},{"damage":14,"enemies":"downfall:FleeingMerchant","floor":10,"turns":8},{"damage":6,"enemies":"Exordium Wildlife","floor":14,"turns":3},{"damage":2,"enemies":"2 Fungi Beasts","floor":15,"turns":2},{"damage":14,"enemies":"WA_ARCHETYPE_RETAIN","floor":16,"turns":4},{"damage":4,"enemies":"Spheric Guardian","floor":19,"turns":3},{"damage":14,"enemies":"conspire:FuzzyDice","floor":20,"turns":3},{"damage":10,"enemies":"conspire:HollyBat","floor":21,"turns":6},{"damage":4,"enemies":"Shelled Parasite and Fungi","floor":25,"turns":2},{"damage":5,"enemies":"Snecko","floor":28,"turns":3},{"damage":7,"enemies":"conspire:Head Lice","floor":30,"turns":4},{"damage":5,"enemies":"Centurion and Healer","floor":32,"turns":3},{"damage":8,"enemies":"SI_MIRROR_ARCHETYPE","floor":33,"turns":5},{"damage":12,"enemies":"3 Shapes","floor":36,"turns":3},{"damage":4,"enemies":"Orb Walker","floor":38,"turns":3},{"damage":4,"enemies":"Jaw Worm Horde","floor":39,"turns":3},{"damage":4,"enemies":"Spire Growth","floor":42,"turns":3},{"damage":24,"enemies":"Nemesis","floor":44,"turns":5},{"damage":4,"enemies":"R_Hoarder","floor":47,"turns":3},{"damage":8,"enemies":"Maw","floor":48,"turns":5},{"damage":5,"enemies":"Writhing Mass","floor":49,"turns":3},{"damage":8,"enemies":"DF_ARCHETYPE_ORBS","floor":50,"turns":5},{"damage":11,"enemies":"downfall:CharBossMerchant","floor":52,"turns":6},{"damage":12,"enemies":"downfall:NeowBoss","floor":55,"turns":7},{"damage":17,"enemies":"downfall:NeowBossFinal","floor":56,"turns":5}],"seed_played":"-3912556237689637255","potions_obtained":[{"floor":6,"key":"SCP261:GirlTearsPotion"},{"floor":14,"key":"sneckomod:MuddlingPotion"},{"floor":16,"key":"jedi:holywater"},{"floor":25,"key":"blueLaboratory:BottleOfVodka"},{"floor":26,"key":"StSpp:ScatteredPotion"},{"floor":26,"key":"ColorlessPotion"},{"floor":26,"key":"StSpp:SecondWindPotion"},{"floor":32,"key":"SkillPotion"},{"floor":33,"key":"Venom Potion"},{"floor":38,"key":"Fire Potion"},{"floor":39,"key":"Adrenaline Potion"},{"floor":48,"key":"blueLaboratory:SavagePotion"}],"is_trial":false,"path_per_floor":["R","M","M","?","M","M","T","M","R","$","R","T","?","M","M","B",null,"R","M","M","M","T","?","T","M","$","R","M","?","E","?","M","B",null,"R","M","T","M","M","?","T","M","R","E","?","R","E","M","M","B",null,"E","$","R","B","B",null],"character_chosen":"THE_SPIRIT","items_purchased":["Bottled Tornado","Tiny Chest","Cauldron","Replay:SS_forest_2","Guardian:PocketSentry","jedi:ominousloannote","Nunchaku","qcfpunch:Red_Headband","hexamod:Incineration","MostiFishMod:KingOfFree"],"campfire_rested":4,"item_purchase_floors":[10,10,26,26,53,53,53,53,53,53],"current_hp_per_floor":[49,47,40,40,37,33,33,29,50,36,57,57,57,51,49,35,70,80,76,62,52,52,20,20,16,16,40,35,35,28,28,23,15,40,40,40,40,40,40,40,40,40,40,40,20,26,40,40,40,40,40,40,40,40,40,40],"gold":0,"neow_bonus":"THREE_RARE_CARDS","is_daily":false,"chose_seed":false,"campfire_upgraded":3,"win_rate":0.0,"timestamp":1612891745,"path_taken":["R","M","M","?","M","M","T","?","R","?","R","?","?","?","M","BOSS","R","M","M","M","?","?","T","M","$","R","M","?","E","?","M","BOSS","R","M","?","M","?","?","T","M","R","E","?","R","E","M","M","BOSS","E","$","R","BOSS","BOSS"],"items_purchased_type":["Relic","Relic","Relic","Card","Relic","Relic","Relic","Relic","Card","Card"],"build_version":"2020-12-22","purchased_purges":0,"victory":true,"max_hp_per_floor":[70,70,70,70,70,70,70,70,70,70,70,70,70,70,70,70,70,80,80,80,80,80,80,80,80,80,80,80,80,80,80,80,80,40,40,40,40,40,40,40,40,40,40,40,40,40,40,40,40,40,40,40,40,40,40,40],"card_choices":[{"not_picked":["hexamod:WildfireWeapon","hexamod:TimeWarp"],"picked":"hexamod:VolcanoVisage","floor":0},{"not_picked":["hexamod:SkipABeat","hexamod:NightmareStrike","hexamod:HeatMetal"],"picked":"SKIP","floor":2},{"not_picked":["hexamod:HeatMetal","hexamod:BacktrackSmack"],"picked":"hexamod:AdvancingGuard","floor":3},{"not_picked":["hexamod:Hexaguard","hexamod:SkipABeat"],"picked":"hexamod:StepThrough","floor":5},{"not_picked":["hexamod:Hexaguard","hexamod:NightmareStrike"],"picked":"hexamod:Firestarter","floor":6},{"not_picked":["hexamod:SpectersWail","hexamod:ShieldOfDarkness"],"picked":"hexamod:ExtraCrispy","floor":8},{"not_picked":["hexamod:EtherealExpedition","hexamod:BacktrackSmack"],"picked":"hexamod:EmpoweredFlame","floor":10},{"not_picked":[],"picked":"hexamod:Haunt","floor":13},{"not_picked":[],"picked":"hexamod:Rewind","floor":13},{"not_picked":["hexamod:NightmareGuise","hexamod:ShieldOfDarkness","hexamod:NecessarySacrifice"],"picked":"SKIP","floor":14},{"not_picked":["hexamod:Haunt","hexamod:FastForward"],"picked":"hexamod:StepThrough","floor":15},{"not_picked":["hexamod:WildfireWeapon","hexamod:HexaLevel"],"picked":"hexamod:GhostOfSpirePresent","floor":16},{"not_picked":["hexamod:HeatShield","hexamod:NightmareStrike"],"picked":"hexamod:ChargedBarrage","floor":19},{"not_picked":["hexamod:RainOfEmbers+1","hexamod:SecondSeal"],"picked":"hexamod:BurningTouch","floor":20},{"not_picked":[],"picked":"wanderingMiniBosses:FinaleOfPromise","floor":21},{"not_picked":["hexamod:Rewind","hexamod:EtherealExpedition"],"picked":"hexamod:FourthSeal","floor":21},{"not_picked":["hexamod:ShieldOfDarkness","hexamod:GhostLash"],"picked":"hexamod:GhostOfSpirePast+1","floor":23},{"not_picked":["hexamod:SpectersWail","hexamod:ThermalTransfer","hexamod:SwordOfDarkness"],"picked":"SKIP","floor":25},{"not_picked":["hexamod:SwordOfDarkness","hexamod:PhantomCloak"],"picked":"hexamod:TimeOfNeed","floor":28},{"not_picked":["hexamod:GhostLash","hexamod:DynamicBlow","hexamod:HeatShield"],"picked":"SKIP","floor":30},{"not_picked":["hexamod:Haunt","hexamod:HeatShield+1","hexamod:InspiringFlames"],"picked":"SKIP","floor":32},{"not_picked":["hexamod:ForkedFlame","hexamod:ParanormalForm"],"picked":"hexamod:HexaLevel","floor":33},{"not_picked":["hexamod:GhostShield","hexamod:RadiantFlame"],"picked":"hexamod:SpectersWail","floor":36},{"not_picked":["hexamod:FourthSeal","hexamod:InspiringFlames"],"picked":"hexamod:GhostOfSpireFuture+1","floor":38},{"not_picked":["hexamod:CatchUp","hexamod:BacktrackSmack","hexamod:ShieldOfDarkness+1"],"picked":"SKIP","floor":39},{"not_picked":["hexamod:BurningTouch+1","hexamod:ShieldOfDarkness+1","hexamod:InspiringFlames+1"],"picked":"SKIP","floor":42},{"not_picked":["hexamod:InspiringFlames","hexamod:ForkedFlame"],"picked":"hexamod:Firestarter","floor":44},{"not_picked":["hexamod:BacktrackSmack","hexamod:NightmareStrike+1","hexamod:RecurringNightmare"],"picked":"SKIP","floor":47},{"not_picked":["hexamod:EtherealExpedition+1","hexamod:Haunt+1","hexamod:PhantomFireball+1"],"picked":"SKIP","floor":48},{"not_picked":["hexamod:ShieldOfDarkness","hexamod:WildfireWeapon"],"picked":"hexamod:GhostOfSpireFuture","floor":49},{"not_picked":["hexamod:Haunt+1","hexamod:EmpoweredFlame+1"],"picked":"hexamod:Incineration+1","floor":52}],"player_experience":912240,"relics_obtained":[{"floor":12,"key":"hubris:SlimyHat"},{"floor":21,"key":"wanderingMiniBosses:Blackblade"},{"floor":22,"key":"conspire:TopHat"},{"floor":24,"key":"ShockBauble"},{"floor":29,"key":"MealTicket"},{"floor":30,"key":"Pen Nib"},{"floor":37,"key":"reliquary:HotPoker"},{"floor":41,"key":"StSpp:BrokenTotem"},{"floor":44,"key":"Torii"},{"floor":45,"key":"StuffTheSpire:GreaterSneckoEye"},{"floor":47,"key":"Bromod:ArcaneTempo"},{"floor":52,"key":"Whetstone"}],"event_choices":[],"is_beta":false,"boss_relics":[{"not_picked":["beaked:SacredDeck","Velvet Choker"],"picked":"aspiration:PoetsPen_weak"},{"not_picked":["Replay:Grab Bag","EE1DDrone"],"picked":"GuanYuAspect"}],"items_purged_floors":[],"is_endless":false,"potions_floor_spawned":[6,14,16,25,30,38,42,48,49],"ascension_level":0}}