{"host":"jegehu1t82aiec5j","time":1612900315,"event":{"mods":["BaseMod","Colored Map","Minty Spire (QoL Compilation)","Relic Stats","StSLib"],"gold_per_floor":[112,124,142,65,140,140,168,218,218,251,251,269,269,55,55,133,133,152,183,183,199,51,51,69,98,98,98,115,141,141,90,90,167,167,187,204,223,223,30,30,40,40,40,40,52,52,70,70,70,70],"floor_reached":51,"language":"ENG","playtime":1739,"items_purged":[],"score":1250,"play_id":"fe3635e3-d94e-445a-b6ba-e0f2f3e71d54","local_time":"20210209145155","is_ascension_mode":true,"campfire_choices":[{"data":"Bash","floor":6,"key":"SMITH"},{"data":"Rupture","floor":11,"key":"SMITH"},{"data":"Shockwave","floor":13,"key":"SMITH"},{"data":"The Bomb","floor":15,"key":"SMITH"},{"data":"Uppercut","floor":23,"key":"SMITH"},{"data":"Metallicize","floor":30,"key":"SMITH"},{"data":"Blood for Blood","floor":32,"key":"SMITH"},{"data":"Armaments","floor":40,"key":"SMITH"},{"data":"Juggernaut","floor":44,"key":"SMITH"},{"data":"Flame Barrier","floor":46,"key":"SMITH"},{"data":"Havoc","floor":49,"key":"SMITH"}],"circlet_count":0,"master_deck":["AscendersBane","Strike_R","Strike_R","Strike_R","Strike_R","Strike_R","Defend_R","Defend_R","Defend_R","Defend_R","Bash+1","Mayhem","Mayhem","Mayhem","Mayhem","Mayhem","Mayhem","Mayhem","Mayhem","Mayhem","Mayhem","Mayhem","Mayhem","Mayhem","Mayhem","Mayhem","Mayhem","Mayhem","Mayhem","Mayhem","Mayhem","Twin Strike","Wild Strike","Whirlwind+1","Entrench","Blood for Blood+1","Rupture+1","Shockwave+1","The Bomb+1","Shrug It Off","Impervious","Sword Boomerang","Heavy Blade","Ghostly Armor","Uppercut+1","Metallicize+1","Flame Barrier+1","Clothesline","Havoc+1","Juggernaut+1","Sword Boomerang+1","Armaments+1","Havoc+1","Apotheosis","Combust+1"],"relics":["Burning Blood","WarpedTongs","Bird Faced Urn","Regal Pillow","Sundial","Question Card","Toy Ornithopter","Coffee Dripper","Red Mask","Red Skull","Du-Vu Doll","Pear","Black Star","Strawberry"],"acts_visited":["Exordium","TheCity","TheBeyond"],"potions_floor_usage":[19,19,24,45,45,50],"damage_taken":[{"damage":8,"enemies":"Cultist","floor":1,"turns":5},{"damage":17,"enemies":"Small Slimes","floor":2,"turns":5},{"damage":22,"enemies":"2 Louse","floor":3,"turns":4},{"damage":35,"enemies":"3 Sentries","floor":7,"turns":7},{"damage":32,"enemies":"Gremlin Nob","floor":10,"turns":4},{"damage":14,"enemies":"Looter","floor":12,"turns":4},{"damage":50,"enemies":"Hexaghost","floor":16,"turns":7},{"damage":32,"enemies":"Chosen","floor":18,"turns":5},{"damage":89,"enemies":"Masked Bandits","floor":19,"turns":5},{"damage":26,"enemies":"Shell Parasite","floor":21,"turns":5},{"damage":12,"enemies":"Snake Plant","floor":24,"turns":5},{"damage":38,"enemies":"Slavers","floor":25,"turns":3},{"damage":24,"enemies":"Shelled Parasite and Fungi","floor":28,"turns":5},{"damage":21,"enemies":"Gremlin Leader","floor":29,"turns":6},{"damage":30,"enemies":"Automaton","floor":33,"turns":6},{"damage":61,"enemies":"3 Darklings","floor":35,"turns":4},{"damage":22,"enemies":"3 Shapes","floor":36,"turns":4},{"damage":43,"enemies":"Writhing Mass","floor":37,"turns":6},{"damage":30,"enemies":"Spire Growth","floor":41,"turns":4},{"damage":46,"enemies":"3 Darklings","floor":45,"turns":5},{"damage":18,"enemies":"Transient","floor":47,"turns":5},{"damage":85,"enemies":"Time Eater","floor":50,"turns":9}],"seed_played":"-4459639114942741325","potions_obtained":[{"floor":1,"key":"DistilledChaos"},{"floor":12,"key":"Swift Potion"},{"floor":19,"key":"Explosive Potion"},{"floor":21,"key":"HeartOfIron"},{"floor":29,"key":"EssenceOfSteel"},{"floor":47,"key":"PowerPotion"}],"is_trial":false,"path_per_floor":["M","M","M","$","?","R","E","?","T","E","R","M","R","$","R","B",null,"M","?","?","M","$","R","M","E","T","?","M","E","R","$","R","B",null,"M","M","M","?","$","R","M","$","T","R","M","R","M","$","R","B",null],"character_chosen":"IRONCLAD","items_purchased":["Entrench","The Bomb","Shrug It Off","Ghostly Armor","Uppercut","Havoc","Apotheosis"],"campfire_rested":0,"item_purchase_floors":[4,14,14,22,22,31,39],"current_hp_per_floor":[75,75,75,75,64,64,73,73,73,57,57,73,73,73,73,61,72,63,26,26,36,36,36,61,41,41,30,40,67,67,67,67,79,84,48,42,31,31,31,31,35,35,42,42,40,40,54,54,54,20],"gold":70,"neow_bonus":"RANDOM_COMMON_RELIC","is_daily":false,"chose_seed":false,"campfire_upgraded":11,"win_rate":0.0,"timestamp":1612900315,"path_taken":["M","M","M","?","?","R","E","?","T","E","R","M","R","$","R","BOSS","M","?","?","M","$","R","?","E","T","?","M","E","R","?","R","BOSS","M","?","M","?","?","R","M","$","T","R","M","R","M","?","R","BOSS"],"items_purchased_type":["Card","Card","Card","Card","Card","Card","Card"],"build_version":"2020-12-22","purchased_purges":0,"victory":true,"max_hp_per_floor":[75,75,75,75,75,75,75,75,75,75,75,75,75,75,75,75,75,75,75,75,75,75,75,75,75,75,75,75,85,85,85,85,85,85,85,85,85,85,85,85,85,85,92,92,92,92,92,92,92,92],"relic_stats":{"Regal Pillow":0,"counters":[22,113],"Sundial":[8],"Bird Faced Urn":[550],"Black Star":0,"Question Card":17,"obtain_stats":[{"Regal Pillow":0,"Pear":29,"Question Card":9,"Burning Blood":0,"WarpedTongs":0,"Du-Vu Doll":26,"Sundial":7,"Bird Faced Urn":0,"Strawberry":43,"Coffee Dripper":17,"Red Mask":19,"Black Star":34,"Toy Ornithopter":10,"Red Skull":25},{"Regal Pillow":0,"Pear":14,"Question Card":4,"Burning Blood":0,"WarpedTongs":0,"Du-Vu Doll":12,"Sundial":4,"Bird Faced Urn":0,"Strawberry":19,"Coffee Dripper":7,"Red Mask":9,"Black Star":15,"Toy Ornithopter":5,"Red Skull":12},{"Regal Pillow":0,"Pear":70,"Question Card":21,"Burning Blood":0,"WarpedTongs":0,"Du-Vu Doll":59,"Sundial":21,"Bird Faced Urn":0,"Strawberry":94,"Coffee Dripper":36,"Red Mask":46,"Black Star":76,"Toy Ornithopter":25,"Red Skull":59}],"Burning Blood":116,"Toy Ornithopter":30,"WarpedTongs":[106]},"card_choices":[{"not_picked":["Rupture","Seeing Red"],"picked":"Twin Strike","floor":1},{"not_picked":["Evolve","True Grit"],"picked":"Wild Strike","floor":2},{"not_picked":["Carnage","Body Slam"],"picked":"Whirlwind","floor":3},{"not_picked":["Warcry","Combust"],"picked":"Blood for Blood","floor":7},{"not_picked":["Rage","Cleave","Intimidate"],"picked":"Rupture","floor":10},{"not_picked":["Headbutt","Offering","Cleave"],"picked":"Shockwave","floor":12},{"not_picked":["Limit Break","Exhume","Double Tap"],"picked":"Impervious","floor":16},{"not_picked":["Clash+1","Wild Strike","Anger"],"picked":"Sword Boomerang","floor":18},{"not_picked":["Thunderclap","Seeing Red","Second Wind"],"picked":"Heavy Blade","floor":19},{"not_picked":["Wild Strike","Dropkick","Warcry+1","Thunderclap"],"picked":"SKIP","floor":21},{"not_picked":["Clash","Rage+1","Disarm"],"picked":"Metallicize","floor":24},{"not_picked":["Second Wind+1","Twin Strike","Anger","Intimidate"],"picked":"SKIP","floor":25},{"not_picked":["Iron Wave","Exhume","Heavy Blade"],"picked":"Flame Barrier","floor":28},{"not_picked":["Heavy Blade","Intimidate","Sword Boomerang"],"picked":"Clothesline","floor":29},{"not_picked":["Impervious","Feed","Double Tap"],"picked":"Juggernaut","floor":33},{"not_picked":["Second Wind+1","Warcry","Sever Soul"],"picked":"Sword Boomerang+1","floor":35},{"not_picked":["Sword Boomerang+1","Heavy Blade","Dark Embrace"],"picked":"Armaments","floor":36},{"not_picked":["Warcry+1","Anger","True Grit"],"picked":"Havoc+1","floor":37},{"not_picked":["Infernal Blade","Clash+1","Bloodletting","Body Slam"],"picked":"SKIP","floor":41},{"not_picked":["Dark Embrace","Iron Wave","Pummel+1"],"picked":"Combust+1","floor":45},{"not_picked":["Exhume","Dual Wield+1","Twin Strike","Body Slam"],"picked":"SKIP","floor":47}],"player_experience":2596071,"relics_obtained":[{"floor":7,"key":"Sundial"},{"floor":9,"key":"Question Card"},{"floor":10,"key":"Toy Ornithopter"},{"floor":19,"key":"Red Mask"},{"floor":25,"key":"Red Skull"},{"floor":26,"key":"Du-Vu Doll"},{"floor":29,"key":"Pear"},{"floor":43,"key":"Strawberry"}],"event_choices":[{"damage_healed":0,"gold_gain":75,"player_choice":"Gather Gold","damage_taken":11,"max_hp_gain":0,"max_hp_loss":0,"event_name":"World of Goop","floor":5,"gold_loss":0},{"damage_healed":0,"gold_gain":50,"player_choice":"Gained Gold","damage_taken":0,"max_hp_gain":0,"max_hp_loss":0,"event_name":"Golden Wing","floor":8,"gold_loss":0},{"damage_healed":0,"gold_gain":0,"player_choice":"Fought Bandits","damage_taken":0,"max_hp_gain":0,"max_hp_loss":0,"event_name":"Masked Bandits","floor":19,"gold_loss":0},{"damage_healed":0,"gold_gain":0,"player_choice":"Upgraded","damage_taken":0,"max_hp_gain":0,"max_hp_loss":0,"event_name":"Upgrade Shrine","floor":20,"gold_loss":0,"cards_upgraded":["Whirlwind"]},{"damage_healed":0,"gold_gain":0,"player_choice":"Damaged","damage_taken":11,"max_hp_gain":0,"max_hp_loss":0,"event_name":"Wheel of Change","floor":27,"gold_loss":0},{"damage_healed":0,"gold_gain":0,"player_choice":"Ignored","damage_taken":0,"max_hp_gain":0,"max_hp_loss":0,"event_name":"SecretPortal","floor":38,"gold_loss":0}],"is_beta":false,"boss_relics":[{"not_picked":["Velvet Choker","SacredBark"],"picked":"Coffee Dripper"},{"not_picked":["Runic Cube","Runic Pyramid"],"picked":"Black Star"}],"items_purged_floors":[],"is_endless":false,"potions_floor_spawned":[1,12,16,19,21,29,36,41,47],"ascension_level":15}}