{"host":"qjy62f5erwny7xxh","time":1612903095,"event":{"mods":["2.2 Compatiblity","AchievementEnabler","BaseMod","Colored Powertips","Curses Come First","Downfall","Minty Spire (QoL Compilation)","StSLib"],"gold_per_floor":[112,82,101,120,133,159,12,12,83,83,48,48,60,98,110,122,122],"floor_reached":16,"language":"ENG","playtime":772,"items_purged":[],"score":203,"play_id":"445ce323-18d2-4e04-9ac5-15eccab3388b","local_time":"20210209203815","is_ascension_mode":true,"campfire_choices":[{"floor":8,"key":"REST"},{"data":"Feed","floor":10,"key":"SMITH"},{"data":"Fire Breathing","floor":13,"key":"SMITH"},{"data":"Bash","floor":15,"key":"SMITH"}],"circlet_count":0,"master_deck":["AscendersBane","Strike_R","Strike_R","Strike_R","Strike_R","Strike_R","Defend_R","Defend_R","Defend_R","Defend_R","Bash+1","Heavy Blade","Headbutt","Feed+1","Fire Breathing+1","Twin Strike"],"relics":["Burning Blood","Incense Burner","PrismaticShard","Blue Candle","MawBank","Bag of Preparation"],"acts_visited":["Exordium"],"potions_floor_usage":[5,5,5,14],"damage_taken":[{"damage":12,"enemies":"2 Louse","floor":1,"turns":4},{"damage":6,"enemies":"Cultist","floor":3,"turns":4},{"damage":18,"enemies":"Jaw Worm","floor":4,"turns":4},{"damage":17,"enemies":"Exordium Wildlife","floor":5,"turns":4},{"damage":66,"enemies":"Lagavulin","floor":6,"turns":9},{"damage":20,"enemies":"3 Sentries","floor":14,"turns":5},{"damage":73,"enemies":"Hexaghost","floor":16,"turns":11}],"seed_played":"959623243681077059","potions_obtained":[{"floor":2,"key":"Swift Potion"},{"floor":2,"key":"EntropicBrew"},{"floor":6,"key":"champ:CounterPotion"}],"is_trial":false,"path_per_floor":["M","?","M","M","M","E","$","R","T","R","?","T","R","E","R","B"],"character_chosen":"IRONCLAD","items_purchased":["PrismaticShard"],"campfire_rested":1,"item_purchase_floors":[7],"current_hp_per_floor":[74,74,74,62,54,33,33,60,60,60,82,82,82,72,72,0,0],"gold":122,"neow_bonus":"TEN_PERCENT_HP_BONUS","is_daily":false,"chose_seed":false,"campfire_upgraded":3,"win_rate":0.0,"timestamp":1612903095,"path_taken":["M","?","M","?","M","E","$","R","T","R","?","?","R","E","R","BOSS"],"items_purchased_type":["Relic"],"build_version":"2020-12-22","purchased_purges":0,"victory":false,"max_hp_per_floor":[88,88,88,88,91,91,91,91,91,91,91,91,91,95,95,95,95],"card_choices":[{"not_picked":["Shrug It Off","Ghostly Armor"],"picked":"Heavy Blade","floor":1},{"not_picked":["Body Slam","Hemokinesis"],"picked":"Headbutt","floor":3},{"not_picked":["Flex","Pommel Strike"],"picked":"Feed","floor":4},{"not_picked":["Twin Strike","Dual Wield"],"picked":"Fire Breathing","floor":5},{"not_picked":["Entrench","Dark Embrace"],"picked":"Twin Strike","floor":6},{"not_picked":["Redo","sneckomod:WideSting","hexamod:Hexaguard"],"picked":"SKIP","floor":14}],"player_experience":1195472,"relics_obtained":[{"floor":6,"key":"Incense Burner"},{"floor":9,"key":"Blue Candle"},{"floor":12,"key":"MawBank"},{"floor":14,"key":"Bag of Preparation"}],"event_choices":[{"damage_healed":0,"gold_gain":0,"player_choice":"Bought 2 Potions","damage_taken":0,"max_hp_gain":0,"max_hp_loss":0,"event_name":"The Woman in Blue","floor":2,"gold_loss":0},{"damage_healed":22,"gold_gain":0,"player_choice":"Healed","damage_taken":0,"max_hp_gain":0,"max_hp_loss":0,"event_name":"The Cleric","floor":11,"gold_loss":35}],"is_beta":false,"boss_relics":[],"items_purged_floors":[],"is_endless":false,"potions_floor_spawned":[3,6],"killed_by":"Hexaghost","ascension_level":13}}