{"host":"97gqqvl04geh4ia8","time":1612883259,"event":{"mods":["BaseMod","Curses Come First","Downfall","Minty Spire (QoL Compilation)","Say the Spire","StSLib","The Servant 0.9.4","UnlockEverythingMod","[IsaacMod]ÒÔÈö¼âËþ","¡¾ÒÅÎï¿¨ÅÆ¡¿REMEMod"],"gold_per_floor":[99,113,132,152,227,227,227,259,259,271,271,300,300,333,344,443,443,443,455,468,80,93,93,169,269,294,307,337,347,347,447,466,571,571,571,586,586,586,596,607,689,623,650,664,245,261,16,89,89,89],"floor_reached":51,"language":"ZHS","playtime":2363,"items_purged":["Strike_S","Strike_S","Pride","Strike_S","Reset","Defend_S"],"score":1240,"play_id":"44c0b429-246c-430c-a65f-2818415196c8","local_time":"20210209230739","is_ascension_mode":true,"campfire_choices":[{"data":"Panache","floor":1,"key":"SMITH"},{"data":"SoulSculpture","floor":9,"key":"SMITH"},{"data":"MoonPhase","floor":13,"key":"SMITH"},{"data":"MoonPhase","floor":18,"key":"SMITH"},{"data":"Collapse","floor":30,"key":"SMITH"},{"data":"TheWorld","floor":35,"key":"SMITH"}],"circlet_count":0,"master_deck":["Defend_S","Defend_S+1","Defend_S","KidneyShot","Exchange","Panache+1","SoulSculpture+1","MoonPhase+1","Contraction+1","Manipulate","Sunlight","MoonPhase+1","Collapse+1","DoubleEdge","Luminosity","Spin","Rearm","TheWorld+1","Defy","BottledTime+1","MoonPhase","FastForward","SpecialFormula+1","expansioncontent:PolyBeam","InstantArmor+1"],"relics":["HushsDoor","REME_ComplimentaryCards","GuppysHead","MysterySword","GuppysTail","Blood Vial","Toy Ornithopter","MealTicket","SlaversCollar","SatanicBible","BookOfRevelations","Chemical X","Juzu Bracelet","Bottled Flame","Regal Pillow","Lantern","CaptainsWheel","Gremlin Horn","Philosopher\u0027s Stone","DeathBook","GuppysPaw","Singing Bowl","NineVolt","REME_IWantAll","War Paint","Chaos","Oddly Smooth Stone"],"acts_visited":["Exordium","TheCity","TheBeyond"],"potions_floor_usage":[20,23,27,27,28,28,33,50,50],"damage_taken":[{"damage":29,"enemies":"Small Slimes","floor":2,"turns":4},{"damage":1,"enemies":"Cultist","floor":3,"turns":3},{"damage":11,"enemies":"Jaw Worm","floor":4,"turns":3},{"damage":0,"enemies":"Lagavulin","floor":8,"turns":4},{"damage":0,"enemies":"Exordium Wildlife","floor":10,"turns":1},{"damage":0,"enemies":"Gremlin Nob","floor":12,"turns":3},{"damage":0,"enemies":"Lagavulin","floor":14,"turns":7},{"damage":5,"enemies":"Blue Slaver","floor":15,"turns":4},{"damage":0,"enemies":"Hexaghost","floor":16,"turns":18},{"damage":4,"enemies":"Chosen","floor":19,"turns":10},{"damage":0,"enemies":"Shell Parasite","floor":20,"turns":4},{"damage":0,"enemies":"downfall:FleeingMerchant","floor":21,"turns":4},{"damage":0,"enemies":"Snake Plant","floor":22,"turns":3},{"damage":23,"enemies":"Slavers","floor":26,"turns":4},{"damage":4,"enemies":"Centurion and Healer","floor":27,"turns":6},{"damage":6,"enemies":"Gremlin Leader","floor":28,"turns":5},{"damage":0,"enemies":"Snecko","floor":29,"turns":6},{"damage":0,"enemies":"WA_ARCHETYPE_RETAIN","floor":31,"turns":5},{"damage":14,"enemies":"Sentry and Sphere","floor":32,"turns":4},{"damage":0,"enemies":"SI_MIRROR_ARCHETYPE","floor":33,"turns":9},{"damage":0,"enemies":"3 Shapes","floor":36,"turns":2},{"damage":0,"enemies":"3 Darklings","floor":39,"turns":3},{"damage":0,"enemies":"4 Shapes","floor":40,"turns":2},{"damage":0,"enemies":"downfall:FleeingMerchant","floor":42,"turns":3},{"damage":0,"enemies":"Giant Head","floor":43,"turns":3},{"damage":0,"enemies":"Writhing Mass","floor":44,"turns":2},{"damage":0,"enemies":"Maw","floor":46,"turns":3},{"damage":0,"enemies":"Jaw Worm Horde","floor":49,"turns":1},{"damage":0,"enemies":"WA_ARCHETYPE_DIVINITY","floor":50,"turns":3}],"seed_played":"-8598588597206780670","potions_obtained":[{"floor":3,"key":"Block Potion"},{"floor":8,"key":"SpeedPotion"},{"floor":10,"key":"Fire Potion"},{"floor":14,"key":"Fire Potion"},{"floor":22,"key":"Fruit Juice"},{"floor":26,"key":"Regen Potion"},{"floor":27,"key":"AttackPotion"},{"floor":28,"key":"Explosive Potion"},{"floor":31,"key":"DuplicationPotion"},{"floor":32,"key":"Swift Potion"},{"floor":38,"key":"Dexterity Potion"},{"floor":39,"key":"Strength Potion"}],"is_trial":false,"path_per_floor":["R","M","M","M","?","?","T","E","R","M","?","E","R","E","M","B",null,"R","M","M","$","M","?","T","?","E","M","E","M","R","?","M","B",null,"R","M","?","?","M","M","T","$","E","M","$","M","$","T","M","B",null],"character_chosen":"THE_SERVANT","items_purchased":["SatanicBible","MoonPhase","BookOfRevelations","Chemical X","DeathBook","GuppysPaw","NineVolt","MoonPhase","FastForward","War Paint","Chaos","expansioncontent:PolyBeam"],"campfire_rested":0,"item_purchase_floors":[17,17,21,21,34,34,42,42,42,45,45,47],"current_hp_per_floor":[65,36,35,24,9,9,9,9,9,11,11,13,13,15,12,14,47,47,43,47,47,47,52,52,52,29,37,52,52,52,52,38,45,25,25,25,25,25,25,25,25,27,27,29,29,31,31,31,31,1],"gold":89,"neow_bonus":"BOSS_RELIC","is_daily":false,"chose_seed":false,"campfire_upgraded":6,"win_rate":0.0,"timestamp":1612883259,"path_taken":["R","M","M","M","?","?","T","E","R","M","?","E","R","E","M","BOSS","R","M","M","$","M","?","T","?","E","M","E","M","R","?","M","BOSS","R","M","?","?","M","M","T","$","E","M","$","M","$","?","M","BOSS"],"items_purchased_type":["Relic","Card","Relic","Relic","Relic","Relic","Relic","Card","Card","Relic","Card","Card"],"build_version":"2020-12-22","purchased_purges":6,"victory":true,"max_hp_per_floor":[65,65,65,65,65,65,65,65,65,65,65,65,65,65,65,65,47,47,47,47,47,47,52,52,52,52,52,52,52,52,52,52,52,25,25,25,25,25,25,25,25,27,27,29,29,31,31,31,31,1],"card_choices":[{"not_picked":["WasteNot","TimeWarp"],"picked":"Bomb","floor":2},{"not_picked":["Rewind","Reset"],"picked":"SoulSculpture","floor":3},{"not_picked":["TimeWarp","Ricochet"],"picked":"Bomb","floor":4},{"not_picked":["Unruled","SurpressingFire","DoubleEdge"],"picked":"SKIP","floor":8},{"not_picked":["StarChef","Barrier"],"picked":"MoonPhase","floor":10},{"not_picked":["ShatteredReality","StarChef"],"picked":"Contraction","floor":12},{"not_picked":["Potential","Spin"],"picked":"Reset","floor":14},{"not_picked":["Potential","Revamp"],"picked":"Manipulate","floor":15},{"not_picked":["Embodiment","Deny"],"picked":"Sunlight","floor":16},{"not_picked":["Reset+1","Manipulate","Barrier"],"picked":"SKIP","floor":19},{"not_picked":["RealityMarble+1","Rewind+1","FastForward"],"picked":"SKIP","floor":20},{"not_picked":["Sabotage","Starlight"],"picked":"Collapse","floor":21},{"not_picked":["Potential","Rewind","WasteNot"],"picked":"SKIP","floor":22},{"not_picked":["Potential","Replace"],"picked":"DoubleEdge","floor":26},{"not_picked":["Revamp","Rewind"],"picked":"Luminosity","floor":27},{"not_picked":["Ricochet+1","Initiator","Potential"],"picked":"SKIP","floor":28},{"not_picked":["Shuttle","DoubleEdge+1"],"picked":"Spin","floor":29},{"not_picked":["ShatteredReality+1","Initiator"],"picked":"Rearm","floor":32},{"not_picked":["Sunlight","ForgedInTime"],"picked":"TheWorld","floor":33},{"not_picked":["TimeWarp","Revamp+1"],"picked":"Defy","floor":36},{"not_picked":["SpecialFormula","TimeWarp"],"picked":"BottledTime+1","floor":39},{"not_picked":["Replace","Starlight+1","Barrier+1"],"picked":"SKIP","floor":40},{"not_picked":["FloweringNight","DualDimension","Moonlight+1"],"picked":"Singing Bowl","floor":42},{"not_picked":["Hightail","Revamp+1"],"picked":"SpecialFormula+1","floor":43},{"not_picked":["FastForward+1","Replace+1","ShatteredReality"],"picked":"Singing Bowl","floor":44},{"not_picked":["Unruled+1","ShatteredReality+1","Foresight+1"],"picked":"Singing Bowl","floor":46},{"not_picked":["Rewind+1","Defy+1"],"picked":"InstantArmor+1","floor":49}],"player_experience":109405,"relics_obtained":[{"floor":7,"key":"GuppysTail"},{"floor":8,"key":"Blood Vial"},{"floor":12,"key":"Toy Ornithopter"},{"floor":14,"key":"MealTicket"},{"floor":24,"key":"Bottled Flame"},{"floor":26,"key":"Regal Pillow"},{"floor":28,"key":"Lantern"},{"floor":31,"key":"CaptainsWheel"},{"floor":31,"key":"Gremlin Horn"},{"floor":41,"key":"Singing Bowl"},{"floor":43,"key":"REME_IWantAll"},{"floor":48,"key":"Oddly Smooth Stone"}],"event_choices":[{"cards_removed":["Strike_S"],"damage_healed":0,"gold_gain":0,"player_choice":"Forget","damage_taken":0,"max_hp_gain":0,"max_hp_loss":0,"event_name":"Living Wall","floor":6,"gold_loss":0},{"damage_healed":0,"gold_gain":0,"player_choice":"Stole Relic","damage_taken":0,"relics_obtained":["Juzu Bracelet"],"max_hp_gain":0,"max_hp_loss":0,"event_name":"Addict","floor":23,"gold_loss":0,"cards_obtained":["Pride"]},{"damage_healed":0,"gold_gain":0,"player_choice":"Got Potions","damage_taken":0,"max_hp_gain":0,"max_hp_loss":0,"event_name":"Lab","floor":38,"gold_loss":0}],"is_beta":false,"boss_relics":[{"not_picked":["Velvet Choker","REME_ChargedStone"],"picked":"SlaversCollar"},{"not_picked":[]},{"not_picked":["ChampionBelt","Fusion Hammer"],"picked":"Philosopher\u0027s Stone"},{"not_picked":[]}],"items_purged_floors":[17,21,34,42,45,47],"is_endless":false,"potions_floor_spawned":[3,8,10,14,16,22,26,27,28,31,32,39,44,49],"ascension_level":2}}