{"host":"w2kjv12xyhtt0cv2","time":1612885767,"event":{"mods":["100% Spire Juice","Act Like it!","BaseMod","Colored Map","Friendly Minions","Gensokyo","GifTheSpireLib","Highlight Path","Hubris","Marisa（F雨　魔理沙）","Minty Spire (QoL Compilation)","Prisma Mod","Quick Restart","Reimu（博丽灵梦）","Relic Stats","Reliquary","Replay The Spire","Robot Space Explorer","RumiaBox-露米娅的神秘盒子","Shop Mod","Spicy Shops","StSLib","The Bug Knight","The Cursed","The Dragon Tamer","The Servant 0.9.4","UnlockEverythingMod","Waifu the Spire","[功能]功能增强和修复MOD","【功能Mod】Neow奖励","【遗物卡牌】REMEMod","没有小屋子和绿帽子啦"],"gold_per_floor":[118,118,118,118,132,164,164,164,164],"floor_reached":8,"language":"ZHS","playtime":273,"items_purged":[],"score":100,"play_id":"d56a7fe7-9767-44a1-b880-0616fdb3ebc6","local_time":"20210209234927","is_ascension_mode":true,"campfire_choices":[],"circlet_count":0,"master_deck":["AscendersBane","TheCursedMod:Strike_TheCursed","TheCursedMod:Strike_TheCursed","TheCursedMod:Strike_TheCursed","TheCursedMod:Strike_TheCursed","TheCursedMod:Defend_TheCursed","TheCursedMod:Defend_TheCursed","TheCursedMod:Defend_TheCursed","TheCursedMod:Defend_TheCursed","TheCursedMod:CursedWand+1","TheCursedMod:CleanUpWorkshop","TheCursedMod:Dregs","Phantasmal Killer","TheCursedMod:CircleOfCorruption","TheCursedMod:WearCloak","TheCursedMod:CursedSpellbook","Regret"],"relics":["TheCursedMod:BlackMagic101","REME_ComplimentaryCards","Unceasing Top","hubris:Towel","reliquary:Aerogel","reliquary:WeakTea"],"acts_visited":["Exordium"],"potions_floor_usage":[],"damage_taken":[{"damage":9.0,"enemies":"Jaw Worm","floor":1.0,"turns":4.0},{"damage":0.0,"enemies":"2 Louse","floor":5.0,"turns":2.0},{"damage":42.0,"enemies":"3 Sentries","floor":6.0,"turns":14.0},{"damage":13,"enemies":"Gremlin Nob","floor":8,"turns":2}],"seed_played":"-3475562238506666856","potions_obtained":[{"floor":1.0,"key":"Elixir"},{"floor":4.0,"key":"Flashbang"},{"floor":4.0,"key":"FearPotion"}],"is_trial":false,"path_per_floor":["M","?","?","?","M","E","?","E"],"character_chosen":"THE_CURSED","items_purchased":[],"campfire_rested":0,"item_purchase_floors":[],"current_hp_per_floor":[55,55,55,55,55,13,13,0,0],"gold":164,"neow_bonus":"ONE_RARE_RELIC","is_daily":false,"chose_seed":false,"campfire_upgraded":0,"win_rate":0.0,"timestamp":1612885767,"path_taken":["M","?","?","?","?","E","?","E"],"items_purchased_type":[],"build_version":"2020-12-22","purchased_purges":0,"victory":false,"max_hp_per_floor":[64,64,64,64,64,64,64,64,64],"relic_stats":{"counters":[4,22],"obtain_stats":[{"TheCursedMod:BlackMagic101":0,"reliquary:Aerogel":6,"reliquary:WeakTea":7,"hubris:Towel":3,"Unceasing Top":0,"REME_ComplimentaryCards":0},{"TheCursedMod:BlackMagic101":0,"reliquary:Aerogel":3,"reliquary:WeakTea":3,"hubris:Towel":1,"Unceasing Top":0,"REME_ComplimentaryCards":0},{"TheCursedMod:BlackMagic101":0,"reliquary:Aerogel":20,"reliquary:WeakTea":20,"hubris:Towel":4,"Unceasing Top":0,"REME_ComplimentaryCards":0}],"Unceasing Top":[0]},"card_choices":[{"not_picked":["TheCursedMod:StingEye","TheCursedMod:CircleOfWindfury"],"picked":"TheCursedMod:CircleOfCorruption","floor":1.0},{"not_picked":["TheCursedMod:BlessingInDisguise","TheCursedMod:Obscuration"],"picked":"TheCursedMod:WearCloak","floor":5.0},{"not_picked":["TheCursedMod:PrepareRite","TheCursedMod:WearCloak"],"picked":"TheCursedMod:CursedSpellbook","floor":6}],"player_experience":224816,"relics_obtained":[{"floor":6,"key":"reliquary:Aerogel"}],"event_choices":[{"damage_healed":0.0,"max_hp_gain":0.0,"max_hp_loss":0.0,"gold_gain":0.0,"event_name":"Lab","player_choice":"Got Potions","floor":4.0,"gold_loss":0.0,"damage_taken":0.0},{"damage_healed":0,"gold_gain":0,"player_choice":"Box","damage_taken":0,"relics_obtained":["reliquary:WeakTea"],"max_hp_gain":0,"max_hp_loss":0,"event_name":"Big Fish","floor":7,"gold_loss":0,"cards_obtained":["Regret"]}],"is_beta":false,"boss_relics":[],"items_purged_floors":[],"is_endless":false,"potions_floor_spawned":[1,5],"killed_by":"Gremlin Nob","ascension_level":17}}