{"host":"mychigd5o98hbqtx","time":1612890956,"event":{"mods":["2.2 Compatiblity","Act Like it!","Aspiration","BaseMod","Better Sensory Stone","Better Third Choice","BetterRewards","Block Reminder","Bossed Relics","Fox Events","Friendly Minions","GifTheSpireLib","Jedi Mod","Minty Spire (QoL Compilation)","Pale of the Ancients","Reliquary","Replay The Spire","StSLib","SuperFastMode","Wandering Minibosses"],"gold_per_floor":[118,133,0,0,18,18,52,52,79,90,122,140,140,140,140,243,243,226,226,238,251,265,265,265],"floor_reached":23,"language":"RUS","playtime":1011,"items_purged":[],"score":203,"play_id":"02179cb7-9785-4393-bcfd-3ae19a89dd72","local_time":"20210209201556","is_ascension_mode":false,"campfire_choices":[{"data":"Enlightenment","floor":6,"key":"SMITH"},{"data":"Bash","floor":8,"key":"SMITH"},{"data":"Armaments","floor":13,"key":"SMITH"},{"floor":15,"key":"RECALL"}],"circlet_count":0,"master_deck":["Strike_R+1","Strike_R+1","Strike_R+1","Strike_R+1","Defend_R+1","Defend_R+1","Defend_R+1","Defend_R+1","Bash+1","Reaper+1","Flex+1","Enlightenment+1","Heavy Blade+1","Battle Trance","Flex","Armaments+1","Feed","Uppercut+1","ReplayTheSpireMod:Muscle Training","Iron Wave+1","Inflame+1"],"relics":["Burning Blood","jedi:arcanewood","reliquary:RoseTintedGlasses","Whetstone","jedi:battlestandard"],"acts_visited":["Exordium","TheCity"],"potions_floor_usage":[7,22],"damage_taken":[{"damage":0,"enemies":"2 Louse","floor":1,"turns":2},{"damage":0,"enemies":"Small Slimes","floor":2,"turns":4},{"damage":8,"enemies":"Jaw Worm","floor":5,"turns":3},{"damage":35,"enemies":"Gremlin Nob","floor":7,"turns":5},{"damage":3,"enemies":"2 Fungi Beasts","floor":10,"turns":4},{"damage":44,"enemies":"3 Sentries","floor":11,"turns":10},{"damage":7,"enemies":"Blue Slaver","floor":12,"turns":3},{"damage":27,"enemies":"The Guardian","floor":16,"turns":9},{"damage":25,"enemies":"2 Thieves","floor":18,"turns":4},{"damage":49,"enemies":"Shell Parasite","floor":20,"turns":8},{"damage":41,"enemies":"Shelled Parasite and Fungi","floor":21,"turns":7},{"damage":20,"enemies":"Chosen and Byrds","floor":22,"turns":8},{"damage":39,"enemies":"Gremlin Leader","floor":23,"turns":5}],"seed_played":"-2273102967967044812","potions_obtained":[{"floor":2,"key":"Milkshake"},{"floor":5,"key":"Swift Potion"},{"floor":11,"key":"Doom Potion"},{"floor":21,"key":"ColorlessPotion"},{"floor":22,"key":"SmokeBomb"}],"is_trial":false,"path_per_floor":["M","M","?","?","M","R","E","R","T","M","E","M","R","?","R","B",null,"M","?","M","M","M","E"],"character_chosen":"IRONCLAD","items_purchased":[],"campfire_rested":0,"item_purchase_floors":[],"current_hp_per_floor":[80,80,86,69,72,72,50,50,50,58,47,62,62,55,55,41,86,81,81,47,19,12,0,0],"gold":265,"neow_bonus":"ONE_RANDOM_RARE_CARD","is_daily":false,"chose_seed":false,"campfire_upgraded":3,"win_rate":0.0,"timestamp":1612890956,"path_taken":["M","M","?","?","M","R","E","R","T","M","E","M","R","?","R","BOSS","M","?","M","M","M","E"],"items_purchased_type":[],"build_version":"2020-12-22","purchased_purges":0,"victory":false,"max_hp_per_floor":[80,80,86,86,86,86,86,86,86,86,86,86,86,86,86,86,86,90,90,90,90,90,90,90],"card_choices":[{"not_picked":["True Grit","Perfected Strike","Evolve"],"picked":"SKIP","floor":1},{"not_picked":["jedi:fear","Perfected Strike"],"picked":"Flex","floor":2},{"not_picked":["Defy Death","Replay:Undeath\u0027s Touch","Perfected Strike"],"picked":"SKIP","floor":5},{"not_picked":["Perfected Strike","Sever Soul"],"picked":"Heavy Blade","floor":7},{"not_picked":["Hemogenesis","ReplayTheSpireMod:Strike From Hell"],"picked":"Battle Trance","floor":10},{"not_picked":["Pummel","Body Slam"],"picked":"Flex","floor":11},{"not_picked":["ReplayTheSpireMod:Stacked","Run Through"],"picked":"Armaments","floor":12},{"not_picked":["jedi:strikingstrike","Fiend Fire"],"picked":"Feed","floor":16},{"not_picked":["Ghostly Armor+1","jedi:MakeshiftSword"],"picked":"Uppercut+1","floor":18},{"not_picked":["Havoc","Entrench"],"picked":"ReplayTheSpireMod:Muscle Training","floor":20},{"not_picked":["Perfected Strike+1","Evolve"],"picked":"Iron Wave+1","floor":21},{"not_picked":["Twin Strike","ReplayTheSpireMod:Strike From Hell"],"picked":"Inflame+1","floor":22}],"player_experience":176797,"relics_obtained":[{"floor":7,"key":"jedi:arcanewood"},{"floor":9,"key":"reliquary:RoseTintedGlasses"},{"floor":11,"key":"Whetstone"}],"event_choices":[{"damage_healed":0,"gold_gain":0,"player_choice":"RENOUNCE","damage_taken":133,"max_hp_gain":0,"max_hp_loss":0,"event_name":"betterThird:BetterSerpent","floor":3,"gold_loss":133,"cards_obtained":["Enlightenment"]},{"damage_healed":86,"gold_gain":0,"player_choice":"Upgrade","damage_taken":17,"max_hp_gain":0,"max_hp_loss":86,"event_name":"betterThird:BetterShining","floor":4,"gold_loss":0,"cards_upgraded":["Reaper","Flex"]},{"cards_removed":["Strike_R"],"damage_healed":0,"gold_gain":0,"player_choice":"Card Removal","damage_taken":7,"max_hp_gain":0,"max_hp_loss":0,"event_name":"Golden Wing","floor":14,"gold_loss":0},{"damage_healed":0,"gold_gain":0,"player_choice":"Simplicity","damage_taken":0,"max_hp_gain":0,"max_hp_loss":7,"event_name":"betterThird:BetterWriting","floor":19,"gold_loss":0}],"is_beta":false,"boss_relics":[{"not_picked":["Runic Dome","reliquary:KinkedSpring"],"picked":"jedi:battlestandard"}],"items_purged_floors":[],"is_endless":false,"potions_floor_spawned":[2,5,11,21,22],"killed_by":"Gremlin Leader","ascension_level":0}}