{"host":"mqhvlr3kpxebko0t","time":1612881651,"event":{"mods":["AchievementEnabler","BaseMod","Colored Map","Colored Powertips","KOR Keyword Fix","Keyboard Shortcuts","Minty Spire (QoL Compilation)","StSLib","SuperFastMode"],"gold_per_floor":[111,131,145,70,70,113,133,133,156,175,175,50,50,75,75,75,75],"floor_reached":16,"language":"KOR","playtime":230,"items_purged":["Strike_R","Strike_R"],"score":204,"play_id":"b272c73a-7682-4bb0-9bc6-6bc97acc3070","local_time":"20210209234051","is_ascension_mode":true,"campfire_choices":[{"data":"Pommel Strike","floor":8,"key":"SMITH"},{"data":"Warcry","floor":13,"key":"SMITH"},{"data":"Dropkick","floor":15,"key":"SMITH"}],"circlet_count":0,"master_deck":["AscendersBane","Strike_R","Strike_R","Defend_R","Defend_R","Defend_R","Defend_R","Bash+1","Pommel Strike+1","Dropkick+1","Warcry+1"],"relics":["Burning Blood","Golden Idol","Bag of Marbles","Centennial Puzzle"],"acts_visited":["Exordium"],"potions_floor_usage":[10,14],"damage_taken":[{"damage":3,"enemies":"2 Louse","floor":1,"turns":3},{"damage":18,"enemies":"Small Slimes","floor":2,"turns":4},{"damage":0,"enemies":"Cultist","floor":3,"turns":3},{"damage":32,"enemies":"Gremlin Nob","floor":6,"turns":4},{"damage":11,"enemies":"Blue Slaver","floor":7,"turns":3},{"damage":7,"enemies":"Exordium Thugs","floor":10,"turns":4},{"damage":5,"enemies":"Gremlin Gang","floor":14,"turns":3},{"damage":23,"enemies":"Hexaghost","floor":16,"turns":7}],"seed_played":"-2365337158585537511","potions_obtained":[{"floor":3,"key":"EssenceOfSteel"},{"floor":6,"key":"Explosive Potion"},{"floor":7,"key":"Swift Potion"}],"is_trial":false,"path_per_floor":["M","M","M","$","?","E","M","R","T","M","?","$","R","M","R","B"],"character_chosen":"IRONCLAD","items_purchased":["Warcry"],"campfire_rested":0,"item_purchase_floors":[12],"current_hp_per_floor":[71,59,65,65,65,39,34,34,34,33,33,33,33,34,34,11,11],"gold":75,"neow_bonus":"REMOVE_CARD","is_daily":false,"chose_seed":false,"campfire_upgraded":3,"win_rate":0.0,"timestamp":1612881651,"path_taken":["M","M","M","$","?","E","M","R","T","M","?","$","R","M","R","BOSS"],"items_purchased_type":["Card"],"build_version":"2020-12-22","purchased_purges":2,"victory":false,"max_hp_per_floor":[75,75,75,75,68,68,68,68,68,68,68,68,68,68,68,68,68],"card_choices":[{"not_picked":["Twin Strike","Infernal Blade","Entrench"],"picked":"SKIP","floor":1},{"not_picked":["True Grit","Power Through"],"picked":"Pommel Strike","floor":2},{"not_picked":["Ghostly Armor","Infernal Blade","Dual Wield"],"picked":"SKIP","floor":3},{"not_picked":["Intimidate","Flex","Brutality"],"picked":"SKIP","floor":6},{"not_picked":["Havoc","Hemokinesis","Perfected Strike"],"picked":"SKIP","floor":7},{"not_picked":["Sentinel","Thunderclap"],"picked":"Dropkick","floor":10},{"not_picked":["Power Through","Body Slam","Sword Boomerang"],"picked":"SKIP","floor":14}],"player_experience":702168,"relics_obtained":[{"floor":6,"key":"Bag of Marbles"},{"floor":9,"key":"Centennial Puzzle"}],"event_choices":[{"damage_healed":0,"gold_gain":0,"player_choice":"Lose Max HP","damage_taken":0,"relics_obtained":["Golden Idol"],"max_hp_gain":0,"max_hp_loss":7,"event_name":"Golden Idol","floor":5,"gold_loss":0},{"damage_healed":0,"gold_gain":0,"player_choice":"Upgraded","damage_taken":0,"max_hp_gain":0,"max_hp_loss":0,"event_name":"Upgrade Shrine","floor":11,"gold_loss":0,"cards_upgraded":["Bash"]}],"is_beta":false,"boss_relics":[],"items_purged_floors":[4,12],"is_endless":false,"potions_floor_spawned":[3,6,7],"killed_by":"Hexaghost","ascension_level":20}}