{"host":"y7b1p9nkx4idorr2","time":1612882897,"event":{"mods":["AchievementEnabler","Act Like it!","BaseMod","Colored Map","Downfall","GifTheSpireLib","Googly Eyes","Highlight Path","Mimic Mod","Minty Spire (QoL Compilation)","Shop Mod","Spicy Shops","StSLib","Unceasing Turn Reminder"],"gold_per_floor":[99,109,17,17,17,17,17,56,85,85,85,113,13,48,77,191,191,191,201,201,228,337,376,401,551,451,474,474,500,528,46,72,185,185,185,209,220,241,264,164,164,56,56,56,82,82,82,102,117,117,117,153,6,6,6,6,6,6],"floor_reached":56,"language":"ENG","playtime":4119,"items_purged":["sneckomod:Strike","sneckomod:Strike","sneckomod:Defend"],"score":858,"play_id":"a7be244b-6239-4564-95c6-04ae6bab8287","local_time":"20210209090137","is_ascension_mode":true,"campfire_choices":[{"data":"sneckomod:UnknownStrength","floor":1.0,"key":"SMITH"},{"data":"sneckomod:Memorize","floor":11.0,"key":"SMITH"},{"data":"sneckomod:DiceBoulder","floor":13,"key":"SMITH"},{"data":"sneckomod:DiceBoulder+1","floor":18,"key":"SMITH"},{"data":"sneckomod:DiceBoulder+2","floor":26,"key":"SMITH"},{"data":"sneckomod:DiceBoulder+3","floor":28,"key":"SMITH"},{"floor":35,"key":"RECALL"},{"data":"sneckomod:DiceBoulder+4","floor":40,"key":"SMITH"},{"data":"sneckomod:DiceBoulder+5","floor":44,"key":"SMITH"},{"data":"sneckomod:DiceBoulder+6","floor":47,"key":"SMITH"},{"data":"sneckomod:DiceBoulder+7","floor":54,"key":"SMITH"}],"circlet_count":0,"master_deck":["sneckomod:Defend","sneckomod:Defend+1","sneckomod:TailWhip","sneckomod:SnekBite","sneckomod:Unknown+1","sneckomod:Unknown+1","sneckomod:ImprovisedAttack","sneckomod:SnakeSap","sneckomod:UnlimitedRolls","champ:GladiatorStyle+1","sneckomod:DiceBoulder+8","sneckomod:UnknownBlock","sneckomod:QuickMove","sneckomod:UnknownRareAttack","sneckomod:IronFang+1","sneckomod:RainOfDice+1","sneckomod:SoulRoll","sneckomod:UnknownWeak+1","sneckomod:IronFang+1","sneckomod:Restock","sneckomod:UnknownDraw+1","sneckomod:DiceBlock","sneckomod:Restock","sneckomod:UnknownStrength+1","sneckomod:UnknownDexterity","sneckomod:UnknownColorless+1","sneckomod:UnknownVulnerable+1","sneckomod:ImprovisedGuard+1","sneckomod:Mudshield"],"relics":["sneckomod:SneckoSoul","Matryoshka","CeramicFish","bronze:DecasWashers","Letter Opener","downfall:HeartBlessingGreen","Bird Faced Urn","SlaversCollar","Turnip","sneckomod:ConfusingCodex","Ornamental Fan","Potion Belt","downfall:HeartBlessingBlue","bronze:BronzeIdol","Chemical X","SacredBark","downfall:HeartBlessingRed","Toxic Egg 2","Guardian:PocketSentry","Lizard Tail","Blue Candle","FossilizedHelix","Boot","Lee\u0027s Waffle"],"acts_visited":["Exordium","TheCity","TheBeyond","TheEnding"],"potions_floor_usage":[16,21,22,30,56,56,56,56],"damage_taken":[{"damage":0.0,"enemies":"Small Slimes","floor":2.0,"turns":3.0},{"damage":5.0,"enemies":"downfall:FleeingMerchant","floor":3.0,"turns":4.0},{"damage":35.0,"enemies":"Lagavulin","floor":8.0,"turns":8.0},{"damage":0.0,"enemies":"2 Louse","floor":9.0,"turns":2.0},{"damage":3.0,"enemies":"Jaw Worm","floor":12.0,"turns":3.0},{"damage":10,"enemies":"Gremlin Nob","floor":14,"turns":3},{"damage":3,"enemies":"Exordium Wildlife","floor":15,"turns":3},{"damage":27,"enemies":"DF_ARCHETYPE_STREAMLINE","floor":16,"turns":7},{"damage":22,"enemies":"Spheric Guardian","floor":19,"turns":4},{"damage":0,"enemies":"Chosen","floor":20,"turns":1},{"damage":10,"enemies":"Snake Plant","floor":21,"turns":6},{"damage":3,"enemies":"Colosseum Nobs","floor":22,"turns":5},{"damage":3,"enemies":"Book of Stabbing","floor":23,"turns":3},{"damage":19,"enemies":"3 Cultists","floor":27,"turns":6},{"damage":22,"enemies":"Sentry and Sphere","floor":29,"turns":4},{"damage":36,"enemies":"Chosen and Byrds","floor":30,"turns":10},{"damage":0,"enemies":"downfall:FleeingMerchant","floor":31,"turns":4},{"damage":0,"enemies":"Snecko","floor":32,"turns":3},{"damage":0,"enemies":"WA_ARCHETYPE_CALM","floor":33,"turns":4},{"damage":3,"enemies":"Orb Walker","floor":36,"turns":4},{"damage":0,"enemies":"3 Shapes","floor":37,"turns":1},{"damage":16,"enemies":"Maw","floor":38,"turns":7},{"damage":10,"enemies":"4 Shapes","floor":39,"turns":6},{"damage":0,"enemies":"downfall:FleeingMerchant","floor":42,"turns":2},{"damage":33,"enemies":"Giant Head","floor":45,"turns":7},{"damage":0,"enemies":"Transient","floor":48,"turns":5},{"damage":10,"enemies":"Writhing Mass","floor":49,"turns":6},{"damage":2,"enemies":"SI_POISON_ARCHETYPE","floor":50,"turns":9},{"damage":136,"enemies":"downfall:CharBossMerchant","floor":52,"turns":11},{"damage":45,"enemies":"downfall:NeowBoss","floor":55,"turns":15},{"damage":112,"enemies":"downfall:NeowBossFinal","floor":56,"turns":11}],"seed_played":"-726411450737335216","potions_obtained":[{"floor":2.0,"key":"champ:CounterPotion"},{"floor":12,"key":"SkillPotion"},{"floor":14,"key":"hexamod:SoulburnPotion"},{"floor":15,"key":"SkillPotion"},{"floor":21,"key":"Dexterity Potion"},{"floor":22,"key":"bronze:BurnAndBuffPotion"},{"floor":29,"key":"PowerPotion"},{"floor":32,"key":"Block Potion"},{"floor":33,"key":"Strength Potion"}],"is_trial":false,"path_per_floor":["R","M","$","?","?","?","T","E","M","?","R","M","R","E","M","B",null,"R","M","M","M","?","E","T","?","R","M","R","M","M","$","M","B",null,"R","M","M","M","M","R","T","$","?","R","E","?","R","M","M","B",null,"E","$","R","B","B"],"character_chosen":"THE_SNECKO","items_purchased":["Slimebound:StickyStick","bronze:BronzeIdol","Chemical X","sneckomod:UnknownVulnerable+1","Guardian:PocketSentry","Lizard Tail","Lee\u0027s Waffle"],"campfire_rested":0,"item_purchase_floors":[3,31,31,42,42,42,53],"current_hp_per_floor":[90,90,85,85,85,85,85,50,50,50,50,47,47,37,36,13,90,90,68,68,62,59,62,62,62,72,57,57,37,14,16,16,20,100,100,97,97,86,84,84,84,95,90,90,68,87,87,87,87,87,87,31,94,94,92,0,0,0],"gold":6,"neow_bonus":"TRANSFORM_CARD","is_daily":false,"chose_seed":false,"campfire_upgraded":10,"win_rate":0.0,"timestamp":1612882897,"path_taken":["R","M","$","?","?","?","T","E","?","?","R","M","R","E","M","BOSS","R","M","M","M","?","E","T","?","R","M","R","?","M","$","M","BOSS","R","M","M","M","M","R","T","$","?","R","E","?","R","M","M","BOSS","E","$","R","BOSS","BOSS"],"items_purchased_type":["Relic","Relic","Relic","Card","Relic","Relic","Relic"],"build_version":"2020-12-22","purchased_purges":3,"victory":false,"max_hp_per_floor":[90,90,90,90,90,90,90,90,90,90,90,90,90,90,90,90,90,90,90,90,90,90,90,90,90,100,100,100,100,100,100,100,100,100,100,100,100,100,100,100,100,100,100,100,100,87,87,87,87,87,87,87,94,94,94,94,94,94],"card_choices":[{"not_picked":["sneckomod:UnknownDraw","sneckomod:QuickBite"],"picked":"sneckomod:ImprovisedAttack","floor":2.0},{"not_picked":["sneckomod:UnknownExhaust","sneckomod:MixItUp"],"picked":"sneckomod:Memorize","floor":3.0},{"not_picked":["sneckomod:UnknownCommonSkill","sneckomod:DiceCrush"],"picked":"sneckomod:SnakeSap","floor":8.0},{"not_picked":["sneckomod:SoulDraw","sneckomod:UnknownBlock"],"picked":"sneckomod:UnlimitedRolls","floor":9.0},{"not_picked":["sneckomod:UnknownDraw","sneckomod:UnknownStrength"],"picked":"sneckomod:DiceBoulder","floor":12},{"not_picked":["sneckomod:TrashToTreasure","sneckomod:UnknownClassTHE_CHAMP_GRAY"],"picked":"sneckomod:UnknownBlock","floor":14},{"not_picked":["sneckomod:UnknownX","sneckomod:UnknownCommonAttack"],"picked":"sneckomod:QuickMove","floor":15},{"not_picked":["sneckomod:SoulExchange","sneckomod:Unknown3Cost"],"picked":"sneckomod:UnknownRareAttack","floor":16},{"not_picked":["sneckomod:SlitherStrike+1","sneckomod:IronFang","sneckomod:UnknownDraw"],"picked":"SKIP","floor":19},{"not_picked":["sneckomod:UnknownUncommonSkill","sneckomod:DiceCrush","sneckomod:UnknownClassTHE_BRONZE_AUTOMATON"],"picked":"SKIP","floor":20},{"not_picked":["sneckomod:DiceBlock+1","sneckomod:UnknownClassHEXA_GHOST_PURPLE"],"picked":"sneckomod:IronFang+1","floor":21},{"not_picked":["sneckomod:QuickMove","sneckomod:UnknownCommonSkill+1"],"picked":"sneckomod:RainOfDice+1","floor":22},{"not_picked":["sneckomod:UnknownExhaust","sneckomod:IronFang+1"],"picked":"sneckomod:SoulRoll","floor":23},{"not_picked":["sneckomod:UnknownClassHEXA_GHOST_PURPLE","sneckomod:QuickMove"],"picked":"sneckomod:UnknownWeak+1","floor":27},{"not_picked":["sneckomod:DefensiveFlair","sneckomod:UnknownCommonAttack+1"],"picked":"sneckomod:IronFang+1","floor":29},{"not_picked":["sneckomod:SnekBeam+1","sneckomod:UnknownDraw"],"picked":"sneckomod:Restock","floor":30},{"not_picked":["sneckomod:UnknownCommonSkill+1","sneckomod:TrashToTreasure"],"picked":"sneckomod:UnknownDraw+1","floor":31},{"not_picked":["sneckomod:SoulDraw","sneckomod:Nope"],"picked":"sneckomod:DiceBlock","floor":32},{"not_picked":["sneckomod:UnknownRarePower","sneckomod:SoulExchange"],"picked":"sneckomod:Restock","floor":33},{"not_picked":["sneckomod:SoulDraw","sneckomod:IronFang"],"picked":"sneckomod:UnknownStrength+1","floor":36},{"not_picked":["sneckomod:DiceBlock+1","sneckomod:UnknownUncommonPower","sneckomod:SoulDraw"],"picked":"SKIP","floor":37},{"not_picked":["sneckomod:UnknownCommonAttack+1","sneckomod:ImprovisedGuard"],"picked":"sneckomod:UnknownDexterity","floor":38},{"not_picked":["sneckomod:UnknownStrength+1","sneckomod:UnknownDexterity+1"],"picked":"sneckomod:UnknownColorless+1","floor":39},{"not_picked":["sneckomod:MixItUp","sneckomod:UnknownWeak+1","sneckomod:Rotation+1"],"picked":"SKIP","floor":42},{"not_picked":["sneckomod:DiceCrush","sneckomod:UnknownRareAttack","sneckomod:Nope+1"],"picked":"SKIP","floor":45},{"not_picked":["sneckomod:UnknownColorless+1","sneckomod:UnknownBlock+1"],"picked":"sneckomod:ImprovisedGuard+1","floor":48},{"not_picked":["sneckomod:IronFang+1","sneckomod:UnknownClassHEXA_GHOST_PURPLE+1","sneckomod:Nope+1"],"picked":"SKIP","floor":49},{"not_picked":["sneckomod:UnknownRareAttack","sneckomod:UnknownCommonSkill+1"],"picked":"sneckomod:Mudshield","floor":52}],"player_experience":2325040,"relics_obtained":[{"floor":7.0,"key":"CeramicFish"},{"floor":7.0,"key":"bronze:DecasWashers"},{"floor":8.0,"key":"Letter Opener"},{"floor":14,"key":"Bird Faced Urn"},{"floor":22,"key":"Turnip"},{"floor":22,"key":"sneckomod:ConfusingCodex"},{"floor":23,"key":"Ornamental Fan"},{"floor":24,"key":"Potion Belt"},{"floor":41,"key":"Toxic Egg 2"},{"floor":45,"key":"FossilizedHelix"},{"floor":52,"key":"Boot"}],"event_choices":[{"cards_removed":["downfall:Malfunctioning"],"damage_healed":0.0,"max_hp_gain":0.0,"max_hp_loss":0.0,"gold_gain":0.0,"event_name":"The Cleric","player_choice":"Card Removal","floor":10.0,"gold_loss":0.0,"damage_taken":0.0}],"is_beta":false,"boss_relics":[{"not_picked":["expansioncontent:StudyCardRelic","sneckomod:SneckoBoss"],"picked":"SlaversCollar"},{"not_picked":["Sozu","Tiny House"],"picked":"SacredBark"}],"items_purged_floors":[31,31,42],"is_endless":false,"potions_floor_spawned":[2,12,14,15,21,22,29,32,33,45,48],"killed_by":"downfall:NeowBossFinal","ascension_level":2}}