{"host":"630px4nyj50z5id8","time":1612864920,"event":{"mods":["BaseMod","Better Note","Colored Powertips","Good Game Mod","Minty Spire (QoL Compilation)","Quick Restart","Rare Cards Sparkle","Relic Filter Mod","Replay The Spire","StSLib","Waifu the Spire"],"gold_per_floor":[359,65,86,110,318,318,349,362,362,404,433,433,442,462,462,462,462],"floor_reached":16,"language":"ZHS","playtime":487,"items_purged":[],"score":134,"play_id":"0e3df992-34f4-47a4-b8e4-fb86abd04189","local_time":"20210209180200","is_ascension_mode":true,"campfire_choices":[{"data":"Streamline","floor":6,"key":"SMITH"},{"floor":12,"key":"REST"},{"data":"Strike_B","floor":15,"key":"SMITH"},{"data":"Strike_B","floor":15,"key":"SMITH"}],"circlet_count":0,"master_deck":["Strike_B+1","Strike_B","Strike_B+1","Strike_B","Defend_B","Defend_B","Defend_B","Defend_B","Zap","Dualcast","Machine Learning","Ball Lightning","Defragment","BootSequence","Turbo","White Noise","Melter+1","Steam"],"relics":["Cracked Core","REME:ComplimentaryCards","Chemical X","CeramicFish","Mummified Hand","Orichalcum","Replay:Arrowhead"],"acts_visited":["Exordium"],"potions_floor_usage":[10,11],"damage_taken":[{"damage":1,"enemies":"Cultist","floor":1,"turns":4},{"damage":4,"enemies":"Small Slimes","floor":3,"turns":3},{"damage":6,"enemies":"2 Louse","floor":4,"turns":3},{"damage":20,"enemies":"Gremlin Nob","floor":7,"turns":4},{"damage":3,"enemies":"Blue Slaver","floor":8,"turns":3},{"damage":19,"enemies":"Replay:BlueRogue","floor":10,"turns":4},{"damage":0,"enemies":"Exordium Thugs","floor":11,"turns":3},{"damage":9,"enemies":"Lots of Slimes","floor":14,"turns":4},{"damage":0,"enemies":"The Guardian","floor":16,"turns":1}],"seed_played":"-944972086674169433","potions_obtained":[{"floor":4,"key":"Elixir"},{"floor":7,"key":"SkillPotion"},{"floor":8,"key":"FearPotion"},{"floor":10,"key":"Toxic Potion"},{"floor":11,"key":"SteroidPotion"}],"is_trial":false,"path_per_floor":["M","$","M","M","?","R","E","M","T","E","M","R","?","M","R","B"],"character_chosen":"DEFECT","items_purchased":["Chemical X","CeramicFish"],"campfire_rested":1,"item_purchase_floors":[2,2],"current_hp_per_floor":[53,53,49,43,43,43,23,20,20,1,1,23,23,14,14,14,14],"gold":462,"neow_bonus":"TWO_FIFTY_GOLD","is_daily":false,"chose_seed":false,"campfire_upgraded":3,"win_rate":0.0,"timestamp":1612864920,"path_taken":["M","$","M","M","?","R","E","M","T","E","?","R","?","M","R","BOSS"],"items_purchased_type":["Relic","Relic"],"build_version":"2020-12-22","purchased_purges":0,"victory":false,"max_hp_per_floor":[75,75,75,75,75,75,75,75,75,75,75,75,75,75,75,75,75],"card_choices":[{"not_picked":["Ball Lightning","Cold Snap"],"picked":"Streamline","floor":1},{"not_picked":["Scrape","Gash"],"picked":"Ball Lightning","floor":3},{"not_picked":["Gash","Sweeping Beam"],"picked":"Defragment","floor":4},{"not_picked":["Steam","Ball Lightning"],"picked":"BootSequence","floor":5},{"not_picked":["Stack","Hello World","Gash"],"picked":"SKIP","floor":7},{"not_picked":["Rip and Tear","ReplayTheSpireMod:Reroute Power","Leap"],"picked":"SKIP","floor":8},{"not_picked":["Rebound","Force Field"],"picked":"Turbo","floor":10},{"not_picked":["Multi-Cast","Stack"],"picked":"White Noise","floor":11},{"not_picked":["Redo","Rebound"],"picked":"Steam","floor":14}],"player_experience":440988,"relics_obtained":[{"floor":7,"key":"Mummified Hand"},{"floor":9,"key":"Orichalcum"},{"floor":10,"key":"Replay:Arrowhead"}],"event_choices":[],"is_beta":false,"boss_relics":[],"items_purged_floors":[],"is_endless":false,"potions_floor_spawned":[4,7,8,10,11],"killed_by":"The Guardian","ascension_level":4}}