{"host":"gk9qdtkqd8dwfeg2","time":1612880781,"event":{"mods":["Act Like it!","Aspiration","BaseMod","Colored Powertips","Gensokyo","Minty Spire (QoL Compilation)","Quick Restart","Replay The Spire","Shop Mod","StSLib","TestMod","The Servant 0.9.4","Waifu the Spire","WarShipGirlsR/战舰少女R mod"],"gold_per_floor":[20,20,20,20,39,39,74,89,112,112,137,155,155,184,184,294,294,314,353,390,114,514,514,558,581,604,864,864,914,914,961,961,1050,1050,1078,1108,1108,1146,262,319,352,409,409,409,466,493,493,518,518,542,568,568,568,2,47,125],"floor_reached":57,"language":"ZHS","playtime":2199,"items_purged":["Strike_R"],"score":3223,"play_id":"4431ec73-216f-4c45-88c2-45351455093a","local_time":"20210209222621","is_ascension_mode":true,"campfire_choices":[{"data":"Shockwave","floor":6.0,"key":"SMITH"},{"data":"Body Slam","floor":15.0,"key":"SMITH"},{"data":"Defend_R","floor":23.0,"key":"PURGE"},{"data":"Strike_R","floor":28.0,"key":"PURGE"},{"data":"Poisoned Stab","floor":32.0,"key":"PURGE"},{"floor":44,"key":"REST"},{"floor":47,"key":"RECALL"},{"data":"Cloak And Dagger","floor":49,"key":"SMITH"},{"data":"Pommel Strike","floor":53,"key":"SMITH"}],"circlet_count":0,"master_deck":["AscendersBane","Shockwave+1","Inflame","Body Slam+1","ReplayTheSpireMod:From All Sides","Escape Plan","Dash","Reaper","Offering","CurseOfTheBell","Second Wind","Dark Embrace","Skewer","Outmaneuver+1","Limit Break","Flying Knee","Fluid Movement","Cloak And Dagger+1","Battle Trance","Feel No Pain","Burning Pact","Dark Embrace+1","Pommel Strike+1","Bloodletting","Abandon","Demon Form"],"relics":["Burning Blood","testmod-PortableAltar","Gensokyo:OccultBall","Bronze Scales","Replay:Bandana","Omamori","Divine Protection","Peace Pipe","MerchantsRug","Toy Ornithopter","Gremlin Food","Pet Ghost","Dream Catcher","aspiration:PoetsPen","ReplayTheSpireMod:Ninjato","testmod-ConstraintPeriapt","ClockworkSouvenir","Paper Frog","Red Skull","Letter Opener","Bag of Marbles","Replay:Bottled Flurry","Replay:Bottled Steam"],"acts_visited":["Exordium","Gensokyo:Gensokyo","Gensokyo:Gensokyoer","TheEnding"],"potions_floor_usage":[56,56],"damage_taken":[{"damage":4.0,"enemies":"Gensokyo:Python","floor":1.0,"turns":4.0},{"damage":18.0,"enemies":"Gensokyo:3_Fairies","floor":5.0,"turns":4.0},{"damage":29.0,"enemies":"Gensokyo:Mamizou","floor":7.0,"turns":9.0},{"damage":3.0,"enemies":"Gensokyo:2_Kodama","floor":8.0,"turns":4.0},{"damage":3.0,"enemies":"Gensokyo:2_Rabbits","floor":11.0,"turns":4.0},{"damage":6.0,"enemies":"Gensokyo:Kitsune","floor":12.0,"turns":4.0},{"damage":6.0,"enemies":"Gensokyo:CorruptedTreant","floor":14.0,"turns":2.0},{"damage":9.0,"enemies":"Gensokyo:Reimu","floor":16.0,"turns":8.0},{"damage":0.0,"enemies":"Gensokyo:CosmicMonolith","floor":18.0,"turns":2.0},{"damage":1.0,"enemies":"Gensokyo:3_Dogs","floor":19.0,"turns":4.0},{"damage":10.0,"enemies":"Gensokyo:Chomper_and_Gloop","floor":20.0,"turns":5.0},{"damage":0.0,"enemies":"Gensokyo:Tenshi","floor":24.0,"turns":1.0},{"damage":5.0,"enemies":"Gensokyo:Monolith_and_Dog","floor":25.0,"turns":3.0},{"damage":51.0,"enemies":"Gensokyo:Slime_Group","floor":27.0,"turns":4.0},{"damage":2.0,"enemies":"Gensokyo:Reisen","floor":29.0,"turns":3.0},{"damage":0.0,"enemies":"Gensokyo:Tenshi","floor":31.0,"turns":3.0},{"damage":17.0,"enemies":"Gensokyo:Kaguya","floor":33.0,"turns":5.0},{"damage":0,"enemies":"Gensokyo:3_Bats","floor":35,"turns":3},{"damage":0,"enemies":"Gensokyo:AncientGuardian","floor":36,"turns":2},{"damage":0,"enemies":"Gensokyo:Rafflesia","floor":38,"turns":4},{"damage":0,"enemies":"Gensokyo:Kasen","floor":40,"turns":2},{"damage":0,"enemies":"Gensokyo:Dusk_and_Dawn","floor":41,"turns":2},{"damage":0,"enemies":"Gensokyo:Doremy","floor":42,"turns":2},{"damage":2,"enemies":"Gensokyo:Kasen","floor":45,"turns":3},{"damage":0,"enemies":"Gensokyo:4_Bats","floor":46,"turns":2},{"damage":0,"enemies":"Gensokyo:SeedOfUnknown","floor":48,"turns":3},{"damage":0,"enemies":"Gensokyo:Yuyuko","floor":50,"turns":2},{"damage":0,"enemies":"Gensokyo:Scarlet_Devils","floor":51,"turns":3},{"damage":0,"enemies":"Shield and Spear","floor":55,"turns":2},{"damage":13,"enemies":"The Heart","floor":56,"turns":5}],"seed_played":"-5444833476924906768","potions_obtained":[{"floor":5.0,"key":"BloodPotion"},{"floor":12.0,"key":"testmod-SpacePotion"},{"floor":14.0,"key":"PowerPotion"},{"floor":20.0,"key":"testmod-TestPotion"},{"floor":25.0,"key":"BloodPotion"},{"floor":31.0,"key":"testmod-TimePotion"},{"floor":35,"key":"SteroidPotion"}],"is_trial":false,"path_per_floor":["M","$","?","?","M","R","E","M","T","?","M","M","?","M","R","B",null,"M","M","M","$","?","R","E","M","T","M","R","E","?","E","R","B",null,"M","M","?","M","$","E","M","E","T","R","E","M","R","M","R","B","B",null,"R","$","E","B",null],"character_chosen":"IRONCLAD","items_purchased":["MerchantsRug","Dark Embrace","ReplayTheSpireMod:Ninjato","testmod-ConstraintPeriapt","ClockworkSouvenir","Feel No Pain","testmod-TestPotion","Bag of Marbles","Replay:Bottled Flurry","Bloodletting","Abandon"],"campfire_rested":1,"item_purchase_floors":[21,21,39,39,39,39,39,54,54,54,54],"current_hp_per_floor":[70,70,70,70,70,69,45,48,48,34,37,52,52,52,52,70,72,71,70,65,65,65,65,65,64,63,52,52,60,59,58,57,56,55,54,53,52,51,50,49,48,47,46,45,44,43,42,41,40,39,38,37,36,35,34,33],"gold":125,"neow_bonus":"RANDOM_COLORLESS_2","is_daily":false,"chose_seed":false,"campfire_upgraded":4,"win_rate":0.0,"timestamp":1612880781,"path_taken":["M","?","?","?","?","R","E","M","T","?","M","M","?","?","R","BOSS","M","M","M","$","?","R","E","M","T","M","R","E","?","E","R","BOSS","M","?","?","M","$","E","M","E","T","R","E","?","R","M","R","BOSS","BOSS","R","$","E","BOSS"],"items_purchased_type":["Relic","Card","Relic","Relic","Relic","Card","Potion","Relic","Relic","Card","Card"],"build_version":"2020-12-22","purchased_purges":1,"victory":true,"max_hp_per_floor":[74,73,72,71,70,69,68,67,66,79,78,77,76,75,74,73,72,71,70,69,68,67,66,65,64,63,62,61,60,59,58,57,56,55,54,53,52,51,50,49,48,47,46,45,44,43,42,41,40,39,38,37,36,35,34,33],"card_choices":[{"not_picked":["testmod-AssimilatedRune","testmod-Librarian"],"picked":"ReplayTheSpireMod:Brewmster","floor":0.0},{"not_picked":["Disarm","Abandon"],"picked":"Shockwave","floor":1.0},{"not_picked":["Defy Death","Perfected Strike"],"picked":"Inflame","floor":5.0},{"not_picked":["Run Through","Twin Strike"],"picked":"Fire Breathing","floor":7.0},{"not_picked":["True Grit","Ghostly Armor"],"picked":"Body Slam","floor":8.0},{"not_picked":["Infernal Blade","Headbutt","Cleave"],"picked":"SKIP","floor":11.0},{"not_picked":["Infernal Blade","Headbutt"],"picked":"Cleave","floor":11.0},{"not_picked":["Headbutt","Spot Weakness","Twin Strike"],"picked":"SKIP","floor":12.0},{"not_picked":["Replay:Undeath\u0027s Touch","Warcry"],"picked":"Reaper","floor":14.0},{"not_picked":["Hemogenesis","Feed"],"picked":"Offering","floor":16.0},{"not_picked":["Hemokinesis","Pommel Strike","Searing Blow"],"picked":"SKIP","floor":18.0},{"not_picked":["True Grit","Flex","Havoc"],"picked":"SKIP","floor":19.0},{"not_picked":["Replay:Undeath\u0027s Touch","Clash"],"picked":"Second Wind","floor":20.0},{"not_picked":["Wild Strike","Juggernaut","Uppercut"],"picked":"SKIP","floor":24.0},{"not_picked":["Carnage","Anger","ReplayTheSpireMod:Strike From Hell"],"picked":"SKIP","floor":25.0},{"not_picked":["Clash","Replay:Undeath\u0027s Touch+1","Warcry"],"picked":"SKIP","floor":27.0},{"not_picked":["Wild Strike","Brutality","Anger"],"picked":"SKIP","floor":29.0},{"not_picked":["Flex","Replay:Undeath\u0027s Touch","Cleave"],"picked":"SKIP","floor":31.0},{"not_picked":["Immolate","Feed"],"picked":"Limit Break","floor":33.0},{"not_picked":["Warcry","Iron Wave","Run Through"],"picked":"SKIP","floor":35},{"not_picked":["Body Slam+1","Heavy Blade+1","Cleave"],"picked":"SKIP","floor":36},{"not_picked":["Sword Boomerang","ReplayTheSpireMod:Stacked"],"picked":"Battle Trance","floor":38},{"not_picked":["Offering","Havoc"],"picked":"Burning Pact","floor":40},{"not_picked":["Twin Strike","Rupture","Spot Weakness"],"picked":"SKIP","floor":41},{"not_picked":["Reckless Charge","Burning Pact"],"picked":"Dark Embrace+1","floor":42},{"not_picked":["Combust+1","Rupture","Clash"],"picked":"SKIP","floor":45},{"not_picked":["Iron Wave","Anger","Flame Barrier"],"picked":"SKIP","floor":46},{"not_picked":["Iron Wave","Sword Boomerang"],"picked":"Pommel Strike","floor":48},{"not_picked":["Headbutt","Wild Strike+1"],"picked":"Demon Form","floor":55}],"player_experience":723148,"relics_obtained":[{"floor":7.0,"key":"Bronze Scales"},{"floor":9.0,"key":"Replay:Bandana"},{"floor":16.0,"key":"Gensokyo:OccultBall"},{"floor":17.0,"key":"Omamori"},{"floor":17.0,"key":"Divine Protection"},{"floor":17.0,"key":"Peace Pipe"},{"floor":20.0,"key":"Gensokyo:OccultBall"},{"floor":24.0,"key":"Toy Ornithopter"},{"floor":26.0,"key":"Gremlin Food"},{"floor":29.0,"key":"Pet Ghost"},{"floor":31.0,"key":"Dream Catcher"},{"floor":33.0,"key":"Gensokyo:OccultBall"},{"floor":40,"key":"Paper Frog"},{"floor":42,"key":"Red Skull"},{"floor":45,"key":"Letter Opener"},{"floor":46,"key":"Gensokyo:OccultBall"},{"floor":55,"key":"Replay:Bottled Steam"}],"event_choices":[{"damage_healed":0.0,"max_hp_gain":0.0,"max_hp_loss":0.0,"gold_gain":400.0,"event_name":"恩洛斯的盘子","player_choice":"Sell","floor":22.0,"relics_lost":["testmod-TestBox"],"gold_loss":0.0,"damage_taken":0.0}],"is_beta":false,"boss_relics":[{"not_picked":["aspiration:FutureDiary","SacredBark"],"picked":"Calling Bell"},{"not_picked":["Replay:Bronze Core","Electric Blood"],"picked":"aspiration:PoetsPen"}],"items_purged_floors":[21],"is_endless":false,"potions_floor_spawned":[5,12,14,20,25,31,35,41,45,46],"ascension_level":20}}