{"host":"wghdsg8ym2wc7ov9","time":1612838973,"event":{"mods":["A Penny For Your Troubles","AchievementEnabler","Astrologer","BaseMod","Beaked The Cultist","Better Altar","Better Note","Bossed Relics","ChefMod","Colored Map","Evolution","Fox Events","Hermit","Highlight Path","Jorbs\u0027s Wanderer Trilogy","KinomotoSakuraMod(????)","Minty Spire (QoL Compilation)","Random Character Button","Relic Stats","SIMod","Shop Mod","StSLib","The Blackbeard","The Bladedancer","The Construct","The Cursed","The Death Knight","The Gatherer","The Hierophant","The Marked","The Mystic","The Necromancer","The Runesmith","The Senshi","The Servant 0.9.4","Weighted Paths"],"gold_per_floor":[114,129,188,363,378,378,129,129,129,129,105,105,105,120,120,220,220,235,250,250,315,15,15,45,45,95,95,145,110,150,165,165,290,290,355,405,455,495,36,66,66,116,116,116,131,146,161,191,191,191,191],"floor_reached":50,"language":"ENG","playtime":8607,"items_purged":[],"score":633,"play_id":"afdac56d-8aa7-4233-8cd9-469096374ef9","local_time":"20210208184933","daily_mods":["Shiny","Green Cards","Terminal"],"is_ascension_mode":false,"campfire_choices":[{"data":"LessonLearned","floor":6,"key":"SMITH"},{"data":"After Image","floor":8,"key":"SMITH"},{"data":"Envenom","floor":10,"key":"SMITH"},{"data":"A Thousand Cuts","floor":12,"key":"SMITH"},{"floor":15,"key":"REST"},{"floor":23,"key":"REST"},{"floor":25,"key":"REST"},{"data":"LessonLearned","floor":27,"key":"SMITH"},{"floor":32,"key":"REST"},{"floor":41,"key":"REST"},{"floor":44,"key":"REST"},{"floor":49,"key":"REST"}],"circlet_count":0,"master_deck":["Corpse Explosion+1","Adrenaline","Wraith Form v2","Phantasmal Killer","Unload","Doppelganger","Burst","Tools of the Trade","Storm of Steel","Venomology+1","Malaise","Bullet Time","Die Die Die","Envenom+1","After Image+1","A Thousand Cuts+1","Night Terror","Glass Knife","Devotion+1","LessonLearned+1","MasterReality","Scrawl+1","Brilliance","DevaForm+1","Vault","Establishment","Judgement","Blasphemy","Wish","Alpha","DeusExMachina","ConjureBlade","Ragnarok","Omniscience","SpiritShield","CrushJoints","TalkToTheHand","Doubt","EmptyBody+1","Well Laid Plans","Outmaneuver+1","Accuracy+1","Deadly Poison","LessonLearned+1","PathToVictory","Consecrate+1","Distraction","Evaluate+1","Conclude","ClearTheMind","Poisoned Stab+1","Dash","Blade Dance+1","Bullet Time","PathToVictory","Madness","Madness","SandsOfTime+1","Concentrate","Cloak And Dagger","Accuracy","Cloak And Dagger+1","BattleHymn+1","Omniscience","Dagger Spray+1","Backflip+1","Conclude+1","Perseverance+1","Infinite Blades+1","Sucker Punch"],"relics":["PureWater","EVO:Axolotl","Dream Catcher","Bronze Scales","Pyrelight","Tiny House","SsserpentHead","TungstenRod","Orichalcum","Centennial Puzzle","Anchor","Du-Vu Doll","Astrolabe","construct:BoolHorns","Anchor","DeathKnight:PutricidesVial","Nunchaku"],"acts_visited":["Exordium","TheCity","TheBeyond"],"potions_floor_usage":[16,21,24,31,33,33,35,35,38,40,47,47,48,48,48,50,50,50],"damage_taken":[{"damage":3,"enemies":"Small Slimes","floor":1,"turns":2},{"damage":0,"enemies":"2 Louse","floor":2,"turns":1},{"damage":22,"enemies":"Jaw Worm","floor":5,"turns":10},{"damage":9,"enemies":"Gremlin Gang","floor":14,"turns":2},{"damage":23,"enemies":"Hexaghost","floor":16,"turns":8},{"damage":4,"enemies":"Chosen","floor":18,"turns":4},{"damage":8,"enemies":"3 Byrds","floor":19,"turns":2},{"damage":12,"enemies":"Centurion and Healer","floor":21,"turns":6},{"damage":23,"enemies":"Slavers","floor":24,"turns":2},{"damage":11,"enemies":"Snake Plant","floor":30,"turns":5},{"damage":2,"enemies":"Snecko","floor":31,"turns":4},{"damage":4,"enemies":"Champ","floor":33,"turns":8},{"damage":5,"enemies":"3 Darklings","floor":35,"turns":4},{"damage":0,"enemies":"3 Shapes","floor":38,"turns":5},{"damage":18,"enemies":"Giant Head","floor":40,"turns":7},{"damage":22,"enemies":"Spire Growth","floor":45,"turns":5},{"damage":0,"enemies":"4 Shapes","floor":46,"turns":3},{"damage":0,"enemies":"Jaw Worm Horde","floor":47,"turns":4},{"damage":0,"enemies":"Nemesis","floor":48,"turns":7},{"damage":23,"enemies":"Time Eater","floor":50,"turns":2}],"seed_played":"-2425098010432476902","potions_obtained":[{"floor":1,"key":"BlessingOfTheForge"},{"floor":5,"key":"Strength Potion"},{"floor":16,"key":"ColorlessPotion"},{"floor":21,"key":"Strength Potion"},{"floor":31,"key":"Swift Potion"},{"floor":38,"key":"Explosive Potion"},{"floor":40,"key":"EntropicBrew"},{"floor":45,"key":"BottledMiracle"}],"is_trial":false,"path_per_floor":["M","M","?","?","M","R","$","R","T","R","?","R","?","M","R","B",null,"M","M","?","M","$","R","E","R","T","R","?","?","M","M","R","B",null,"M","?","?","M","$","E","R","?","T","R","M","M","M","E","R","B"],"character_chosen":"WATCHER","items_purchased":["Dream Catcher","Well Laid Plans","Outmaneuver","TungstenRod","construct:BoolHorns","Concentrate","Cloak And Dagger","Accuracy"],"campfire_rested":7,"item_purchase_floors":[7,7,7,22,39,39,39,39],"current_hp_per_floor":[70,70,70,69,47,47,47,47,47,47,47,47,47,38,55,32,56,52,44,44,32,32,47,24,38,38,38,35,35,24,22,34,30,39,34,30,36,35,34,16,25,25,25,29,7,7,7,7,14,0,0],"gold":191,"neow_bonus":"","is_daily":true,"chose_seed":false,"campfire_upgraded":5,"win_rate":0.0,"timestamp":1612838973,"path_taken":["M","M","?","?","M","R","$","R","T","R","?","R","?","M","R","BOSS","M","M","?","?","$","R","E","R","T","R","?","?","M","M","R","BOSS","M","?","?","M","$","E","R","?","T","R","M","M","M","E","R","BOSS"],"items_purchased_type":["Relic","Card","Card","Relic","Relic","Card","Card","Card"],"build_version":"2020-12-22","purchased_purges":0,"victory":false,"max_hp_per_floor":[72,71,70,69,68,67,66,65,64,63,62,61,60,59,58,57,56,55,54,53,52,51,50,49,48,47,46,45,44,43,42,41,40,39,38,37,36,35,34,33,32,31,30,29,28,27,26,25,24,24,24],"relic_stats":{"SsserpentHead":300,"Dream Catcher":7,"Centennial Puzzle":[21],"Nunchaku":[0],"counters":[20,91],"Bronze Scales":[222],"Astrolabe":[],"Orichalcum":[0],"obtain_stats":[{"construct:BoolHorns":39,"Tiny House":17,"Astrolabe":34,"Pyrelight":13,"EVO:Axolotl":0,"Orichalcum":24,"Du-Vu Doll":29,"SsserpentHead":20,"Dream Catcher":7,"Centennial Puzzle":26,"Anchor":28,"Nunchaku":48,"Bronze Scales":9,"DeathKnight:PutricidesVial":43,"PureWater":0,"TungstenRod":22},{"construct:BoolHorns":14,"Tiny House":5,"Astrolabe":12,"Pyrelight":3,"EVO:Axolotl":0,"Orichalcum":9,"Du-Vu Doll":9,"SsserpentHead":7,"Dream Catcher":3,"Centennial Puzzle":9,"Anchor":9,"Nunchaku":19,"Bronze Scales":3,"DeathKnight:PutricidesVial":15,"PureWater":0,"TungstenRod":8},{"construct:BoolHorns":63,"Tiny House":23,"Astrolabe":54,"Pyrelight":13,"EVO:Axolotl":0,"Orichalcum":37,"Du-Vu Doll":37,"SsserpentHead":29,"Dream Catcher":13,"Centennial Puzzle":37,"Anchor":37,"Nunchaku":89,"Bronze Scales":13,"DeathKnight:PutricidesVial":70,"PureWater":0,"TungstenRod":35}],"TungstenRod":18},"card_choices":[{"not_picked":["Calculated Gamble","Flechettes"],"picked":"CrushJoints","floor":1},{"not_picked":["Sucker Punch","Evaluate"],"picked":"TalkToTheHand","floor":2},{"not_picked":["Dagger Spray","Accuracy"],"picked":"EmptyBody","floor":5},{"not_picked":["EmptyFist","Dagger Spray"],"picked":"Accuracy","floor":14},{"not_picked":["EmptyFist","Catalyst"],"picked":"Deadly Poison","floor":15},{"not_picked":["A Thousand Cuts","Alpha"],"picked":"LessonLearned","floor":16},{"not_picked":["Backstab","InnerPeace"],"picked":"PathToVictory","floor":18},{"not_picked":["Dagger Throw","Swivel+1"],"picked":"Consecrate+1","floor":19},{"not_picked":["Poisoned Stab","Bane"],"picked":"Distraction","floor":21},{"not_picked":["Well Laid Plans","Endless Agony"],"picked":"Evaluate+1","floor":23},{"not_picked":["Indignation","Accuracy"],"picked":"Conclude","floor":24},{"not_picked":["Slice","TalkToTheHand"],"picked":"ClearTheMind","floor":25},{"not_picked":["SashWhip","SignatureMove"],"picked":"Poisoned Stab+1","floor":30},{"not_picked":["Meditate","Dodge and Roll"],"picked":"Dash","floor":31},{"not_picked":["EmptyFist","Halt+1"],"picked":"Blade Dance+1","floor":32},{"not_picked":["Night Terror","Venomology"],"picked":"Bullet Time","floor":33},{"not_picked":["Outmaneuver+1","Bane+1"],"picked":"PathToVictory","floor":35},{"not_picked":["FearNoEvil+1","Reflex+1"],"picked":"SandsOfTime+1","floor":38},{"not_picked":["Calculated Gamble","Predator"],"picked":"Cloak And Dagger+1","floor":40},{"not_picked":["EmptyBody+1","SashWhip"],"picked":"BattleHymn+1","floor":41},{"not_picked":["Consecrate+1","Blur+1"],"picked":"Dagger Spray+1","floor":44},{"not_picked":["Grand Finale","WreathOfFlame"],"picked":"Backflip+1","floor":45},{"not_picked":["FlurryOfBlows","Dodge and Roll"],"picked":"Conclude+1","floor":46},{"not_picked":["Backflip","Consecrate"],"picked":"Perseverance+1","floor":47},{"not_picked":["Flechettes+1","Poisoned Stab+1"],"picked":"Infinite Blades+1","floor":48},{"not_picked":["Halt+1","Slice"],"picked":"Sucker Punch","floor":49}],"player_experience":923563,"relics_obtained":[{"floor":9,"key":"Bronze Scales"},{"floor":24,"key":"Orichalcum"},{"floor":26,"key":"Centennial Puzzle"},{"floor":40,"key":"Anchor"},{"floor":43,"key":"DeathKnight:PutricidesVial"},{"floor":48,"key":"Nunchaku"}],"event_choices":[{"damage_healed":0,"gold_gain":59,"player_choice":"Gained Gold","damage_taken":0,"max_hp_gain":0,"max_hp_loss":0,"event_name":"Golden Wing","floor":3,"gold_loss":0},{"damage_healed":0,"gold_gain":175,"player_choice":"AGREE","damage_taken":0,"max_hp_gain":0,"max_hp_loss":0,"event_name":"Liars Game","floor":4,"gold_loss":0,"cards_obtained":["Doubt"]},{"damage_healed":0,"gold_gain":0,"player_choice":"Left Gold","damage_taken":0,"max_hp_gain":0,"max_hp_loss":0,"event_name":"World of Goop","floor":11,"gold_loss":24},{"damage_healed":0,"gold_gain":0,"player_choice":"Trade","damage_taken":0,"relics_obtained":["SsserpentHead"],"max_hp_gain":0,"max_hp_loss":0,"event_name":"FaceTrader","floor":20,"gold_loss":0},{"damage_healed":0,"gold_gain":0,"player_choice":"Anchor","damage_taken":0,"relics_obtained":["Anchor"],"max_hp_gain":0,"max_hp_loss":0,"event_name":"blackbeard:ShipwreckEvent","floor":28,"gold_loss":0},{"damage_healed":0,"gold_gain":0,"player_choice":"Obtained Relic","damage_taken":0,"relics_obtained":["Du-Vu Doll"],"max_hp_gain":0,"max_hp_loss":0,"event_name":"Addict","floor":29,"gold_loss":85},{"damage_healed":0,"gold_gain":0,"player_choice":"Embrace Madness","damage_taken":5,"max_hp_gain":0,"max_hp_loss":0,"event_name":"Winding Halls","floor":36,"gold_loss":0,"cards_obtained":["Madness","Madness"]},{"damage_healed":0,"gold_gain":0,"cards_transformed":["Grand Finale"],"player_choice":"Transformed","damage_taken":0,"max_hp_gain":0,"max_hp_loss":0,"event_name":"Transmorgrifier","floor":42,"gold_loss":0,"cards_obtained":["Omniscience"]}],"is_beta":false,"boss_relics":[{"not_picked":["beaked:MawFillet","SlaversCollar"],"picked":"Tiny House"},{"not_picked":["Sozu","Busted Crown"],"picked":"Astrolabe"}],"items_purged_floors":[],"is_endless":false,"potions_floor_spawned":[1,5,16,21,31,33,38,40,45,48],"killed_by":"Time Eater","ascension_level":0}}