{"host":"l8n3qytufxtuz5eu","time":1612835517,"event":{"mods":["BaseMod","Colored Map","Minty Spire (QoL Compilation)","Relic Stats"],"gold_per_floor":[118,138,58,69,69,108,33,77,77,77,0,0,0,43,43,162,162,175,175,175,193,212,248,273,273,298,298,298,298,0,24,24,24,24],"floor_reached":33,"language":"ENG","playtime":3901,"items_purged":["Strike_B"],"score":459,"play_id":"30846590-099e-4790-b0a8-ed911b68d1dd","local_time":"20210208175157","is_ascension_mode":true,"campfire_choices":[{"data":"Capacitor","floor":10.0,"key":"SMITH"},{"floor":13.0,"key":"REST"},{"data":"Consume","floor":15.0,"key":"SMITH"},{"data":"Capacitor","floor":25.0,"key":"SMITH"},{"data":"Defragment","floor":29.0,"key":"SMITH"},{"data":"Self Repair","floor":32,"key":"SMITH"}],"circlet_count":0,"master_deck":["AscendersBane","Defend_B","Defend_B","Defend_B","Zap","Dualcast","Consume+1","Chill","Capacitor+1","Sunder","Reinforced Body","Core Surge","Capacitor+1","Turbo","Multi-Cast","Defragment+1","Streamline","Leap","Reprogram+1","Gash+1","Meteor Strike","Apotheosis","Self Repair+1","Coolheaded","Cold Snap"],"relics":["Cracked Core","NeowsBlessing","Golden Idol","Singing Bowl","Meat on the Bone","Symbiotic Virus","DataDisk","Coffee Dripper","Bronze Scales","StoneCalendar","InkBottle"],"acts_visited":["Exordium","TheCity"],"potions_floor_usage":[33],"damage_taken":[{"damage":0.0,"enemies":"Cultist","floor":1.0,"turns":1.0},{"damage":0.0,"enemies":"2 Louse","floor":2.0,"turns":1.0},{"damage":0.0,"enemies":"Small Slimes","floor":4.0,"turns":1.0},{"damage":11.0,"enemies":"3 Sentries","floor":6.0,"turns":9.0},{"damage":49.0,"enemies":"Gremlin Nob","floor":8.0,"turns":5.0},{"damage":15.0,"enemies":"Lagavulin","floor":14.0,"turns":6.0},{"damage":11.0,"enemies":"Hexaghost","floor":16.0,"turns":10.0},{"damage":16.0,"enemies":"Spheric Guardian","floor":18.0,"turns":4.0},{"damage":18.0,"enemies":"Chosen","floor":21.0,"turns":5.0},{"damage":11.0,"enemies":"Centurion and Healer","floor":22.0,"turns":5.0},{"damage":58.0,"enemies":"Slavers","floor":23.0,"turns":10.0},{"damage":10.0,"enemies":"3 Cultists","floor":24.0,"turns":6.0},{"damage":17.0,"enemies":"Snecko","floor":31.0,"turns":6.0},{"damage":22,"enemies":"Champ","floor":33,"turns":3}],"seed_played":"-6364118949156963432","potions_obtained":[{"floor":1.0,"key":"SpeedPotion"},{"floor":2.0,"key":"SpeedPotion"},{"floor":4.0,"key":"FairyPotion"},{"floor":14.0,"key":"Dexterity Potion"},{"floor":24.0,"key":"ColorlessPotion"}],"is_trial":false,"path_per_floor":["M","M","$","M","?","E","$","E","T","R","$","?","R","E","R","B",null,"M","?","?","M","M","E","M","R","T","T","T","R","$","M","R","B"],"character_chosen":"DEFECT","items_purchased":["Capacitor","Capacitor","Apotheosis","Self Repair","Coolheaded"],"campfire_rested":1,"item_purchase_floors":[3,11,30,30,30],"current_hp_per_floor":[68,68,68,68,68,57,57,8,8,8,8,1,21,18,18,19,57,43,43,43,37,38,16,18,18,18,18,18,18,18,13,13,0,0],"gold":24,"neow_bonus":"THREE_ENEMY_KILL","is_daily":false,"chose_seed":false,"campfire_upgraded":5,"win_rate":0.0,"timestamp":1612835517,"path_taken":["M","M","$","?","?","E","$","E","T","R","$","?","R","E","R","BOSS","M","?","?","?","M","E","M","R","T","?","?","R","$","M","R","BOSS"],"items_purchased_type":["Card","Card","Card","Card","Card"],"build_version":"2020-12-22","purchased_purges":1,"victory":false,"max_hp_per_floor":[75,75,75,75,69,69,69,69,69,69,69,69,69,69,69,69,69,71,71,71,71,71,71,71,71,71,71,71,71,71,71,71,71,71],"relic_stats":{"Singing Bowl":2,"counters":[14,72],"Golden Idol":83,"Bronze Scales":[45],"StoneCalendar":[0],"obtain_stats":[{"DataDisk":14,"NeowsBlessing":0,"Singing Bowl":6,"Golden Idol":5,"Bronze Scales":23,"StoneCalendar":27,"Coffee Dripper":17,"Cracked Core":0,"Symbiotic Virus":9,"InkBottle":28,"Meat on the Bone":8},{"DataDisk":6,"NeowsBlessing":0,"Singing Bowl":4,"Golden Idol":3,"Bronze Scales":11,"StoneCalendar":12,"Coffee Dripper":7,"Cracked Core":0,"Symbiotic Virus":5,"InkBottle":12,"Meat on the Bone":5},{"DataDisk":23,"NeowsBlessing":0,"Singing Bowl":12,"Golden Idol":3,"Bronze Scales":57,"StoneCalendar":63,"Coffee Dripper":33,"Cracked Core":0,"Symbiotic Virus":17,"InkBottle":63,"Meat on the Bone":17}],"InkBottle":[2],"Meat on the Bone":84},"card_choices":[{"not_picked":["Streamline","Lockon"],"picked":"Consume","floor":1.0},{"not_picked":["Hello World","White Noise"],"picked":"Chill","floor":2.0},{"not_picked":["Go for the Eyes","Cold Snap"],"picked":"Sunder","floor":4.0},{"not_picked":["Undo","Stack"],"picked":"Reinforced Body","floor":6.0},{"not_picked":["Auto Shields","Compile Driver"],"picked":"Core Surge","floor":8.0},{"not_picked":["Leap","Beam Cell"],"picked":"Turbo","floor":14.0},{"not_picked":["All For One","Thunder Strike"],"picked":"Multi-Cast","floor":16.0},{"not_picked":["Turbo","Conserve Battery","Consume"],"picked":"Singing Bowl","floor":18.0},{"not_picked":["Rebound","Go for the Eyes"],"picked":"Leap","floor":21.0},{"not_picked":["Streamline","Leap"],"picked":"Reprogram+1","floor":22.0},{"not_picked":["Lockon","Compile Driver+1"],"picked":"Gash+1","floor":23.0},{"not_picked":["Fusion","Ball Lightning"],"picked":"Meteor Strike","floor":24.0},{"not_picked":["Barrage","Stack"],"picked":"Cold Snap","floor":31}],"player_experience":1487612,"relics_obtained":[{"floor":6.0,"key":"Singing Bowl"},{"floor":8.0,"key":"Meat on the Bone"},{"floor":9.0,"key":"Symbiotic Virus"},{"floor":14.0,"key":"DataDisk"},{"floor":23.0,"key":"Bronze Scales"},{"floor":27.0,"key":"StoneCalendar"},{"floor":28.0,"key":"InkBottle"}],"event_choices":[{"damage_healed":0.0,"max_hp_gain":0.0,"max_hp_loss":6.0,"gold_gain":0.0,"event_name":"Golden Idol","player_choice":"Lose Max HP","floor":5.0,"gold_loss":0.0,"damage_taken":0.0,"relics_obtained":["Golden Idol"]},{"cards_removed":["Strike_B"],"damage_healed":0.0,"max_hp_gain":0.0,"max_hp_loss":0.0,"gold_gain":0.0,"event_name":"Golden Wing","player_choice":"Card Removal","floor":12.0,"gold_loss":0.0,"damage_taken":7.0},{"damage_healed":0.0,"max_hp_gain":0.0,"max_hp_loss":0.0,"gold_gain":0.0,"cards_transformed":["Strike_B","Strike_B"],"event_name":"Drug Dealer","player_choice":"Became Test Subject","floor":19.0,"gold_loss":0.0,"damage_taken":0.0,"cards_obtained":["Defragment","Streamline"]},{"cards_removed":["Defend_B"],"damage_healed":0.0,"max_hp_gain":0.0,"max_hp_loss":0.0,"gold_gain":0.0,"event_name":"Purifier","player_choice":"Purged","floor":20.0,"gold_loss":0.0,"damage_taken":0.0}],"is_beta":false,"boss_relics":[{"not_picked":["Fusion Hammer","Calling Bell"],"picked":"Coffee Dripper"}],"items_purged_floors":[7],"is_endless":false,"potions_floor_spawned":[1,2,4,14,24],"killed_by":"Champ","ascension_level":10}}