{"host":"7v9t59ze4jbx2rzq","time":1612895501,"event":{"mods":["Act Like it!","Ascension Unlocker","Aya Shameimaru","BaseMod","Colored Powertips","Dark Map","Fox Events","Friendly Minions","Highlight Path","Minty Spire (QoL Compilation)","Optimize The Spire","Ruina","StSLib","The Copycat","The Hydrologist","The Widow"],"gold_per_floor":[114,214,225,239,251,251,278,278,278,32,58,75,75,94,94,194,194,213,230,62,74,74,106,106,122,122,139,139,139,139,165,165,269,269,289,41,41,58,58,85,85,85,111,111,111,137,18,18,18,18,18,18,18,49,49],"floor_reached":56,"language":"ENG","playtime":4110,"items_purged":["CopycatMod:Strike","CopycatMod:Strike","CopycatMod:Strike"],"score":1030,"play_id":"638590b5-7f00-485a-9424-ea71f26a267f","local_time":"20210209133141","is_ascension_mode":false,"campfire_choices":[{"data":"CopycatMod:Mimic","floor":6,"key":"SMITH"},{"data":"CopycatMod:DynamicCard_#_Siphon Soul_#_0_#_-1_#_-1_#_0_#_1_#_T_#__#_VS_#_Lagavulin_1","floor":8,"key":"SMITH"},{"floor":13,"key":"REST"},{"floor":15,"key":"REST"},{"floor":28,"key":"REST"},{"floor":30,"key":"REST"},{"data":"CopycatMod:Metronome","floor":32,"key":"SMITH"},{"floor":42,"key":"RECALL"},{"data":"White Noise","floor":49,"key":"SMITH"},{"data":"SignatureMove","floor":52,"key":"SMITH"}],"circlet_count":0,"master_deck":["CopycatMod:Defend","CopycatMod:Defend","CopycatMod:Defend","CopycatMod:Defend","CopycatMod:Mimic+1","CopycatMod:Mimic+1","Sweeping Beam","White Noise+1","Backstab","FearNoEvil","CopycatMod:DynamicCard_#_Siphon Soul_#_0_#_-1_#_-1_#_0_#_1_#_T_#__#_VS_#_Lagavulin_1+1","CopycatMod:Metronome+1","Swivel","JustLucky","Caltrops+1","Die Die Die","Leap+1","SignatureMove+1","Core Surge","Disarm+1","CopycatMod:DynamicCard_#_Knight of Despair #0_#_2_#_-1_#_-1_#_0_#_5_#__#_S_#__#_ruina:KnightOfDespair_0+1","LikeWater+1","Tools of the Trade+1","Headbutt+1","CopycatMod:AreaMetallicize+1","Ragnarok+1","CopycatMod:DynamicCard_#_Spiker #2_#_0_#_-1_#_-1_#_0_#_2_#__#_T_#__#_Spiker_2+1","Armaments+1","CopycatMod:Metronome+1","PiercingWail+1"],"relics":["CopycatMod:Spiredex","Omamori","The Courier","Frozen Egg 2","CaptainsWheel","Runic Dome","Centennial Puzzle","Lizard Tail","Coffee Dripper","Eternal Feather","Bag of Marbles","Toxic Egg 2","Bronze Scales"],"acts_visited":["Exordium","Exordium","TheBeyond","TheEnding"],"potions_floor_usage":[7,18,23,25,45,46,46,48,54,55],"damage_taken":[{"damage":5,"enemies":"Small Slimes","floor":1,"turns":4},{"damage":7,"enemies":"Cultist","floor":3,"turns":4},{"damage":5,"enemies":"Jaw Worm","floor":4,"turns":4},{"damage":0,"enemies":"Large Slime","floor":5,"turns":5},{"damage":53,"enemies":"Lagavulin","floor":7,"turns":9},{"damage":24,"enemies":"Gremlin Nob","floor":11,"turns":4},{"damage":9,"enemies":"Lots of Slimes","floor":12,"turns":5},{"damage":6,"enemies":"Blue Slaver","floor":14,"turns":3},{"damage":10,"enemies":"Slime Boss","floor":16,"turns":5},{"damage":14,"enemies":"ruina:Nosferatu","floor":18,"turns":4},{"damage":12,"enemies":"ruina:2_Scarecrows","floor":19,"turns":4},{"damage":18,"enemies":"ruina:Woodsman","floor":21,"turns":4},{"damage":63,"enemies":"ruina:RoadHome","floor":23,"turns":9},{"damage":8,"enemies":"ruina:KnightOfDespair","floor":25,"turns":4},{"damage":7,"enemies":"ruina:QueenOfHate","floor":27,"turns":5},{"damage":0,"enemies":"ruina:ServantOfWrath","floor":31,"turns":4},{"damage":16,"enemies":"ruina:Ozma","floor":33,"turns":7},{"damage":15,"enemies":"3 Darklings","floor":35,"turns":5},{"damage":16,"enemies":"3 Shapes","floor":38,"turns":4},{"damage":25,"enemies":"Nemesis","floor":40,"turns":9},{"damage":0,"enemies":"Writhing Mass","floor":45,"turns":1},{"damage":10,"enemies":"Giant Head","floor":46,"turns":5},{"damage":0,"enemies":"Jaw Worm Horde","floor":48,"turns":2},{"damage":22,"enemies":"Donu and Deca","floor":50,"turns":7},{"damage":47,"enemies":"Shield and Spear","floor":54,"turns":4},{"damage":89,"enemies":"The Heart","floor":55,"turns":9}],"seed_played":"5654982496521014972","potions_obtained":[{"floor":1,"key":"Fire Potion"},{"floor":3,"key":"SmokeBomb"},{"floor":11,"key":"PowerPotion"},{"floor":12,"key":"DuplicationPotion"},{"floor":25,"key":"Dexterity Potion"},{"floor":33,"key":"EntropicBrew"}],"is_trial":false,"path_per_floor":["M","?","M","M","M","R","E","R","T","$","E","M","R","M","R","B",null,"M","M","$","M","?","E","?","M","T","M","R","?","R","E","R","B",null,"M","$","?","M","?","E","$","R","T","?","M","E","$","M","R","B",null,"R","$","E","B",null],"character_chosen":"THE_COPYCAT","items_purchased":["Frozen Egg 2","CopycatMod:Metronome","Core Surge","CopycatMod:AreaMetallicize+1","Ragnarok","PiercingWail+1"],"campfire_rested":4,"item_purchase_floors":[10,10,20,36,36,47],"current_hp_per_floor":[100,100,93,88,88,88,35,35,35,35,11,2,33,27,58,48,105,91,79,79,61,92,29,29,21,21,14,45,45,76,76,76,60,105,90,90,90,74,74,49,49,64,64,64,64,54,54,54,72,50,105,105,105,58,39],"gold":49,"neow_bonus":"TEN_PERCENT_HP_BONUS","is_daily":false,"chose_seed":false,"campfire_upgraded":5,"win_rate":0.0,"timestamp":1612895501,"path_taken":["M","?","M","M","M","R","E","R","T","?","E","M","R","M","R","BOSS","M","M","$","M","?","E","?","?","T","M","R","?","R","E","R","BOSS","M","$","?","M","?","E","$","R","T","?","M","E","$","M","R","BOSS","R","$","E","BOSS"],"items_purchased_type":["Relic","Card","Card","Card","Card","Card"],"build_version":"2020-12-22","purchased_purges":3,"victory":true,"max_hp_per_floor":[105,105,105,105,105,105,105,105,105,105,105,105,105,105,105,105,105,105,105,105,105,105,105,105,105,105,105,105,105,105,105,105,105,105,105,105,105,105,105,105,105,105,105,105,105,105,105,105,105,105,105,105,105,105,105],"card_choices":[{"not_picked":["Seeing Red","Deadly Poison","CopycatMod:DynamicCard_#_Lick_#_0_#_-1_#_-1_#_0_#_1_#_E_#__#_W_#_AcidSlime_M_4"],"picked":"Sweeping Beam","floor":1},{"not_picked":["Twin Strike","Weave","CopycatMod:DynamicCard_#_Incantation_#_3_#_-1_#_-1_#_0_#_3_#__#_R_#__#_Cultist_3"],"picked":"White Noise","floor":3},{"not_picked":["CutThroughFate","Twin Strike","CopycatMod:DynamicCard_#_Jaw Worm #1_#_1_#_-1_#_11_#_0_#_-1_#__#__#__#_JawWorm_1"],"picked":"Backstab","floor":4},{"not_picked":["Heel Hook","Body Slam","CopycatMod:DynamicCard_#_Lick_#_0_#_-1_#_-1_#_0_#_1_#_E_#__#_V_#_SpikeSlime_M_4"],"picked":"FearNoEvil","floor":5},{"not_picked":["Escape Plan","Fasting2","Sanctity"],"picked":"CopycatMod:DynamicCard_#_Siphon Soul_#_0_#_-1_#_-1_#_0_#_1_#_T_#__#_VS_#_Lagavulin_1","floor":7},{"not_picked":["Bludgeon","Sweeping Beam","CopycatMod:DynamicCard_#_Skull Bash_#_1_#_-1_#_6_#_0_#_2_#_T_#__#_V_#_GremlinNob_2"],"picked":"Swivel","floor":11},{"not_picked":["Indignation","Outmaneuver","CopycatMod:DynamicCard_#_Acid Slime (S) #1_#_0_#_-1_#_3_#_0_#_-1_#_E_#__#__#_AcidSlime_S_1"],"picked":"JustLucky","floor":12},{"not_picked":["FlurryOfBlows","Hemokinesis","CopycatMod:DynamicCard_#_Slaver #1_#_1_#_-1_#_12_#_0_#_-1_#__#__#__#_SlaverBlue_1"],"picked":"Caltrops+1","floor":14},{"not_picked":["SpiritShield","Core Surge","CopycatMod:DynamicCard_#_Slam_#_3_#_-1_#_35_#_0_#_-1_#__#__#__#_SlimeBoss_1"],"picked":"Die Die Die","floor":16},{"not_picked":["Defragment+1","Blizzard","CopycatMod:DynamicCard_#_Merciless Gesture_#_1_#_-1_#_11_#_0_#_1_#_T_#__#_V_#_ruina:Nosferatu_1+1"],"picked":"Leap+1","floor":18},{"not_picked":["Stack","Endless Agony+1","CopycatMod:DynamicCard_#_Harvest_#_1_#_-1_#_3_#_3_#_-1_#__#__#__#_ruina:Scarecrow_1"],"picked":"SignatureMove","floor":19},{"not_picked":["Spot Weakness","Sword Boomerang","Combust+1","CopycatMod:DynamicCard_#_Strike of the Axe_#_2_#_-1_#_10_#_2_#_-1_#_O_#__#__#_ruina:Woodsman_0"],"picked":"SKIP","floor":21},{"not_picked":["Flying Knee","Thunderclap+1","CopycatMod:DynamicCard_#_RAWR_#_2_#_-1_#_10_#_2_#_-1_#__#__#__#_ruina:ScaredyCat_0+1"],"picked":"Disarm+1","floor":23},{"not_picked":["Genetic Algorithm","Ragnarok","Streamline"],"picked":"CopycatMod:DynamicCard_#_Knight of Despair #0_#_2_#_-1_#_-1_#_0_#_5_#__#_S_#__#_ruina:KnightOfDespair_0+1","floor":25},{"not_picked":["Skewer+1","Quick Slash+1","Dagger Throw","CopycatMod:DynamicCard_#_Light of Hatred_#_0_#_-1_#_-1_#_0_#_3_#_T_#__#_V_#_ruina:QueenOfHate_2"],"picked":"SKIP","floor":27},{"not_picked":["Meditate+1","ThirdEye","CopycatMod:DynamicCard_#_Hold Still_#_0_#_-1_#_7_#_0_#_1_#_T_#_V_#_V_#_ruina:Hermit_0"],"picked":"LikeWater+1","floor":31},{"not_picked":["Rainbow","Corruption+1","CopycatMod:DynamicCard_#_Jack #0_#_0_#_-1_#_3_#_0_#_-1_#_E_#__#__#_ruina:Jack_0"],"picked":"Tools of the Trade+1","floor":33},{"not_picked":["Infernal Blade","InnerPeace+1","CopycatMod:DynamicCard_#_Darkling #1_#_2_#_-1_#_8_#_2_#_-1_#__#__#__#_Darkling_1"],"picked":"Headbutt+1","floor":35},{"not_picked":["SandsOfTime+1","Protect+1","Crescendo"],"picked":"CopycatMod:DynamicCard_#_Spiker #2_#_0_#_-1_#_-1_#_0_#_2_#__#_T_#__#_Spiker_2+1","floor":38},{"not_picked":["Perfected Strike","Biased Cognition+1","CopycatMod:DynamicCard_#_Nemesis #3_#_3_#_-1_#_45_#_0_#_-1_#__#__#__#_Nemesis_3"],"picked":"Armaments+1","floor":40},{"not_picked":["Heavy Blade+1","Second Wind+1","CopycatMod:DynamicCard_#_Giant Head #1_#_0_#_-1_#_-1_#_0_#_1_#_E_#__#_W_#_GiantHead_1+1"],"picked":"CopycatMod:Metronome+1","floor":46},{"not_picked":["Skewer","Armaments+1","Headbutt","CopycatMod:DynamicCard_#_Spire Shield #1_#_1_#_-1_#_12_#_0_#_1_#_T_#__#_S_#_SpireShield_1"],"picked":"SKIP","floor":54}],"player_experience":2192956,"relics_obtained":[{"floor":7,"key":"Omamori"},{"floor":9,"key":"The Courier"},{"floor":11,"key":"CaptainsWheel"},{"floor":23,"key":"Centennial Puzzle"},{"floor":31,"key":"Lizard Tail"},{"floor":40,"key":"Eternal Feather"},{"floor":43,"key":"Bag of Marbles"},{"floor":46,"key":"Toxic Egg 2"},{"floor":54,"key":"Bronze Scales"}],"event_choices":[{"damage_healed":0,"gold_gain":100,"player_choice":"Pray","damage_taken":0,"max_hp_gain":0,"max_hp_loss":0,"event_name":"Golden Shrine","floor":2,"gold_loss":0},{"damage_healed":0,"gold_gain":0,"player_choice":"Ignored","damage_taken":0,"max_hp_gain":0,"max_hp_loss":0,"event_name":"Mysterious Sphere","floor":37,"gold_loss":0},{"damage_healed":0,"gold_gain":0,"player_choice":"Memory 1","damage_taken":0,"max_hp_gain":0,"max_hp_loss":0,"event_name":"SensoryStone","floor":39,"gold_loss":0},{"damage_healed":0,"gold_gain":0,"player_choice":"Upgraded","damage_taken":0,"max_hp_gain":0,"max_hp_loss":0,"event_name":"Upgrade Shrine","floor":44,"gold_loss":0,"cards_upgraded":["Ragnarok"]}],"is_beta":false,"boss_relics":[{"not_picked":["Astrolabe","Philosopher\u0027s Stone"],"picked":"Runic Dome"},{"not_picked":["Snecko Eye","SacredBark"],"picked":"Coffee Dripper"}],"items_purged_floors":[20,36,47],"is_endless":false,"potions_floor_spawned":[1,3,11,12,16,18,19,25,33,38,45,48],"ascension_level":0}}