{"host":"dztixnx9b0gu6w9i","time":1612914230,"event":{"mods":["BaseMod","Bestiary","Minty Spire (QoL Compilation)","Relic Stats","Slay the Relics Exporter","SpireBot","ojb\u0027s Better Paths Mod","ojb\u0027s Info Mod"],"gold_per_floor":[118,135,150,75,75,101,101,130,130,161,86,117,33,52,52,130,130,145,159,173,201,201,230,230,256,283,283,318,318,318,362,362,447,447,465,494,528,545,0,43,43,106,161,203,231,258,302,346,346,346,346,346,346,15,56,56],"floor_reached":57,"language":"ENG","playtime":7584,"items_purged":["Strike_B"],"score":4000,"play_id":"aef49470-ec71-4d69-aa6e-f4a2f6e958d9","local_time":"20210209184350","is_ascension_mode":true,"campfire_choices":[{"data":"Sweeping Beam","floor":7,"key":"SMITH"},{"data":"Go for the Eyes","floor":15,"key":"SMITH"},{"data":"Biased Cognition","floor":24,"key":"SMITH"},{"data":"Aggregate","floor":27,"key":"SMITH"},{"data":"Capacitor","floor":32,"key":"SMITH"},{"data":"Lockon","floor":41,"key":"SMITH"},{"floor":49,"key":"RECALL"},{"data":"Capacitor","floor":53,"key":"SMITH"}],"circlet_count":0,"master_deck":["AscendersBane","Strike_B","Strike_B","Defend_B+1","Defend_B","Defend_B","Zap","Dualcast","Ball Lightning","Ball Lightning","Go for the Eyes+1","Auto Shields+1","Sweeping Beam+1","Barrage","Coolheaded","Capacitor+1","Biased Cognition+1","Cold Snap","Turbo","Fusion+1","Ghostly","Ghostly","Ghostly","Sweeping Beam+1","Aggregate+1","Compile Driver","Lockon+1","Echo Form","Cold Snap+1","Chill","Master of Strategy","Compile Driver","Echo Form","Recycle+1","Clumsy","Cold Snap+1","Dark Shackles","Master of Strategy","Finesse","Double Energy","Capacitor+1","Coolheaded"],"relics":["Cracked Core","Akabeko","Dream Catcher","FossilizedHelix","Cables","Dead Branch","Orichalcum","Black Star","Red Mask","Emotion Chip","Singing Bowl","InkBottle","Du-Vu Doll","Incense Burner","CeramicFish","Ancient Tea Set","Anchor","Cursed Key","WingedGreaves","OrangePellets","Bag of Marbles","Bag of Preparation","PreservedInsect","Calipers","Bronze Scales","Whetstone","Gremlin Horn","Ornamental Fan","Ice Cream","Meat on the Bone","Bottled Lightning","Art of War","War Paint","Strange Spoon","Centennial Puzzle","Pantograph","Shuriken"],"acts_visited":["Exordium","TheCity","TheBeyond","TheEnding"],"potions_floor_usage":[10,18,23,33,56,56],"damage_taken":[{"damage":0,"enemies":"Cultist","floor":1,"turns":3},{"damage":2,"enemies":"2 Louse","floor":2,"turns":3},{"damage":2,"enemies":"Jaw Worm","floor":3,"turns":2},{"damage":20,"enemies":"Lagavulin","floor":6,"turns":5},{"damage":8,"enemies":"Gremlin Nob","floor":8,"turns":3},{"damage":10,"enemies":"Lagavulin","floor":10,"turns":4},{"damage":0,"enemies":"3 Sentries","floor":12,"turns":3},{"damage":0,"enemies":"Exordium Wildlife","floor":14,"turns":3},{"damage":0,"enemies":"Slime Boss","floor":16,"turns":7},{"damage":0,"enemies":"Spheric Guardian","floor":18,"turns":3},{"damage":1,"enemies":"2 Thieves","floor":19,"turns":4},{"damage":14,"enemies":"Snake Plant","floor":20,"turns":4},{"damage":0,"enemies":"Masked Bandits","floor":21,"turns":2},{"damage":0,"enemies":"Book of Stabbing","floor":23,"turns":5},{"damage":0,"enemies":"Slavers","floor":25,"turns":4},{"damage":0,"enemies":"Gremlin Leader","floor":28,"turns":4},{"damage":0,"enemies":"Slavers","floor":31,"turns":4},{"damage":0,"enemies":"Collector","floor":33,"turns":7},{"damage":0,"enemies":"Orb Walker","floor":35,"turns":4},{"damage":0,"enemies":"3 Darklings","floor":36,"turns":5},{"damage":0,"enemies":"Mind Bloom Boss Battle","floor":37,"turns":8},{"damage":0,"enemies":"4 Shapes","floor":38,"turns":6},{"damage":0,"enemies":"Nemesis","floor":40,"turns":11},{"damage":0,"enemies":"2 Orb Walkers","floor":42,"turns":7},{"damage":0,"enemies":"Reptomancer","floor":44,"turns":4},{"damage":0,"enemies":"Nemesis","floor":45,"turns":3},{"damage":0,"enemies":"Giant Head","floor":47,"turns":5},{"damage":0,"enemies":"Nemesis","floor":48,"turns":1},{"damage":0,"enemies":"Donu and Deca","floor":50,"turns":11},{"damage":0,"enemies":"Awakened One","floor":51,"turns":11},{"damage":0,"enemies":"Shield and Spear","floor":55,"turns":7},{"damage":0,"enemies":"The Heart","floor":56,"turns":6}],"seed_played":"-7720633743162281134","potions_obtained":[{"floor":2,"key":"Fruit Juice"},{"floor":3,"key":"LiquidMemories"},{"floor":10,"key":"Swift Potion"},{"floor":14,"key":"Regen Potion"},{"floor":20,"key":"Block Potion"},{"floor":25,"key":"Dexterity Potion"},{"floor":31,"key":"FocusPotion"},{"floor":33,"key":"Weak Potion"},{"floor":40,"key":"DistilledChaos"},{"floor":44,"key":"SpeedPotion"}],"is_trial":false,"path_per_floor":["M","M","M","?","?","E","R","E","T","E","$","E","$","M","R","B",null,"M","M","M","?","?","E","R","E","T","R","E","?","?","E","R","B",null,"M","M","?","M","$","E","R","?","T","E","E","?","E","E","R","B","B",null,"R","$","E","B",null],"character_chosen":"DEFECT","items_purchased":["Capacitor","OrangePellets","Master of Strategy","Compile Driver","Bag of Marbles","Strange Spoon","Centennial Puzzle"],"campfire_rested":0,"item_purchase_floors":[13,39,39,39,39,54,54],"current_hp_per_floor":[64,62,60,60,60,40,40,32,32,27,27,27,27,27,27,27,64,73,72,58,58,38,38,38,38,38,38,38,30,30,30,30,30,40,42,42,42,44,44,44,44,44,44,44,46,36,36,36,36,36,36,46,46,46,46,49],"gold":56,"neow_bonus":"RANDOM_COMMON_RELIC","is_daily":false,"chose_seed":false,"campfire_upgraded":7,"win_rate":0.0,"timestamp":1612914230,"path_taken":["M","?","M","?","?","E","R","E","T","E","$","E","?","M","R","BOSS","M","M","M","?","?","E","R","E","T","R","E","?","?","E","R","BOSS","M","M","?","M","$","E","R","?","T","E","E","?","E","E","R","BOSS","BOSS","R","$","E","BOSS"],"items_purchased_type":["Card","Relic","Card","Card","Relic","Relic","Relic"],"build_version":"2020-12-22","purchased_purges":1,"victory":true,"max_hp_per_floor":[71,71,71,71,71,71,71,71,71,76,76,76,76,76,76,76,76,76,76,76,76,38,38,38,38,38,38,38,43,43,43,43,43,43,45,45,45,47,47,47,47,47,47,47,49,49,49,49,49,49,49,49,49,49,49,49],"relic_stats":{"Singing Bowl":6,"Gremlin Horn":[5,5],"CeramicFish":153,"Bag of Preparation":[18],"Whetstone":["Cold Snap","Cold Snap"],"Cursed Key":1,"Dream Catcher":0,"Emotion Chip":[0,0,0,0,0],"Centennial Puzzle":[0],"Pantograph":3,"InkBottle":[58],"counters":[32,159],"Dead Branch":[138],"PreservedInsect":370,"Orichalcum":[318],"War Paint":["Auto Shields","Defend_B"],"Cables":[126,79,38,1,8],"OrangePellets":[13],"Strange Spoon":[9],"Ornamental Fan":[120],"Shuriken":[8],"Bronze Scales":[177],"Black Star":10,"Art of War":[10],"obtain_stats":[{"Ice Cream":45,"Calipers":42,"Singing Bowl":23,"Gremlin Horn":44,"CeramicFish":28,"Incense Burner":28,"Bag of Preparation":40,"Whetstone":44,"Ancient Tea Set":31,"Cursed Key":34,"Dream Catcher":6,"Emotion Chip":23,"Centennial Puzzle":54,"Pantograph":55,"WingedGreaves":37,"Red Mask":21,"Cracked Core":0,"InkBottle":25,"Dead Branch":10,"PreservedInsect":40,"Orichalcum":12,"War Paint":48,"Akabeko":0,"Cables":9,"Du-Vu Doll":25,"OrangePellets":39,"Strange Spoon":54,"Anchor":31,"Ornamental Fan":45,"Shuriken":55,"Bronze Scales":43,"Black Star":17,"Bag of Marbles":39,"Art of War":48,"Bottled Lightning":47,"FossilizedHelix":8,"Meat on the Bone":47},{"Ice Cream":26,"Calipers":24,"Singing Bowl":14,"Gremlin Horn":25,"CeramicFish":16,"Incense Burner":16,"Bag of Preparation":23,"Whetstone":25,"Ancient Tea Set":17,"Cursed Key":18,"Dream Catcher":4,"Emotion Chip":14,"Centennial Puzzle":30,"Pantograph":31,"WingedGreaves":21,"Red Mask":13,"Cracked Core":0,"InkBottle":15,"Dead Branch":6,"PreservedInsect":23,"Orichalcum":7,"War Paint":28,"Akabeko":0,"Cables":5,"Du-Vu Doll":15,"OrangePellets":22,"Strange Spoon":30,"Anchor":17,"Ornamental Fan":26,"Shuriken":31,"Bronze Scales":24,"Black Star":9,"Bag of Marbles":22,"Art of War":28,"Bottled Lightning":27,"FossilizedHelix":5,"Meat on the Bone":27},{"Ice Cream":118,"Calipers":111,"Singing Bowl":51,"Gremlin Horn":115,"CeramicFish":59,"Incense Burner":59,"Bag of Preparation":104,"Whetstone":115,"Ancient Tea Set":63,"Cursed Key":70,"Dream Catcher":13,"Emotion Chip":51,"Centennial Puzzle":146,"Pantograph":153,"WingedGreaves":87,"Red Mask":46,"Cracked Core":0,"InkBottle":55,"Dead Branch":20,"PreservedInsect":104,"Orichalcum":23,"War Paint":124,"Akabeko":0,"Cables":16,"Du-Vu Doll":55,"OrangePellets":93,"Strange Spoon":146,"Anchor":63,"Ornamental Fan":118,"Shuriken":153,"Bronze Scales":111,"Black Star":33,"Bag of Marbles":93,"Art of War":124,"Bottled Lightning":123,"FossilizedHelix":16,"Meat on the Bone":123}],"Meat on the Bone":0},"card_choices":[{"not_picked":["Turbo","Stack"],"picked":"Ball Lightning","floor":1},{"not_picked":["Hologram","Steam"],"picked":"Ball Lightning","floor":2},{"not_picked":["Consume","Turbo"],"picked":"Go for the Eyes","floor":3},{"not_picked":["Streamline","Meteor Strike"],"picked":"Sweeping Beam","floor":6},{"not_picked":["Tempest","Streamline"],"picked":"Barrage","floor":8},{"not_picked":["Loop","Chaos"],"picked":"Coolheaded","floor":10},{"not_picked":["Sunder","Streamline","Beam Cell"],"picked":"SKIP","floor":12},{"not_picked":["Sunder","Streamline","Beam Cell"],"picked":"SKIP","floor":12},{"not_picked":["Rebound","Gash","Streamline"],"picked":"SKIP","floor":14},{"not_picked":["Multi-Cast","Amplify"],"picked":"Biased Cognition","floor":16},{"not_picked":["Conserve Battery","Ball Lightning+1"],"picked":"Cold Snap","floor":18},{"not_picked":["Ball Lightning","Leap","Turbo"],"picked":"SKIP","floor":19},{"not_picked":["Ball Lightning","Leap"],"picked":"Turbo","floor":19},{"not_picked":["Skim","Darkness","Redo"],"picked":"SKIP","floor":20},{"not_picked":["Sweeping Beam","Stack"],"picked":"Fusion+1","floor":21},{"not_picked":["Streamline","Redo"],"picked":"Sweeping Beam+1","floor":23},{"not_picked":["Coolheaded","Ball Lightning"],"picked":"Aggregate","floor":25},{"not_picked":["Hologram","Recycle"],"picked":"Compile Driver","floor":28},{"not_picked":["Scrape","Barrage"],"picked":"Lockon","floor":31},{"not_picked":["Multi-Cast","Thunder Strike"],"picked":"Echo Form","floor":33},{"not_picked":["Reprogram","Darkness","Hello World+1"],"picked":"Singing Bowl","floor":35},{"not_picked":["Conserve Battery+1","Stack"],"picked":"Cold Snap","floor":36},{"not_picked":["Darkness","Compile Driver"],"picked":"Chill","floor":37},{"not_picked":["Scrape+1","Sweeping Beam","Auto Shields"],"picked":"Singing Bowl","floor":38},{"not_picked":["Steam Power+1","Sweeping Beam"],"picked":"Echo Form","floor":40},{"not_picked":["Go for the Eyes","Steam+1"],"picked":"Recycle+1","floor":42},{"not_picked":["Gash","Reboot"],"picked":"Cold Snap","floor":44},{"not_picked":["Leap+1","Streamline","Go for the Eyes"],"picked":"Singing Bowl","floor":45},{"not_picked":["Metamorphosis","Trip"],"picked":"Dark Shackles","floor":46},{"not_picked":["PanicButton","Trip"],"picked":"Master of Strategy","floor":46},{"not_picked":["Dramatic Entrance","Mayhem"],"picked":"Finesse","floor":46},{"not_picked":["Gash","BootSequence+1"],"picked":"Double Energy","floor":47},{"not_picked":["Recycle+1","Lockon"],"picked":"Capacitor","floor":48},{"not_picked":["Gash","Beam Cell"],"picked":"Coolheaded","floor":55}],"player_experience":8530869,"relics_obtained":[{"floor":6,"key":"Dream Catcher"},{"floor":8,"key":"FossilizedHelix"},{"floor":9,"key":"Cables"},{"floor":10,"key":"Dead Branch"},{"floor":12,"key":"Orichalcum"},{"floor":21,"key":"Red Mask"},{"floor":23,"key":"Emotion Chip"},{"floor":23,"key":"Singing Bowl"},{"floor":25,"key":"InkBottle"},{"floor":25,"key":"Du-Vu Doll"},{"floor":28,"key":"Incense Burner"},{"floor":28,"key":"CeramicFish"},{"floor":31,"key":"Ancient Tea Set"},{"floor":31,"key":"Anchor"},{"floor":37,"key":"WingedGreaves"},{"floor":40,"key":"Bag of Preparation"},{"floor":40,"key":"PreservedInsect"},{"floor":42,"key":"Calipers"},{"floor":43,"key":"Bronze Scales"},{"floor":44,"key":"Whetstone"},{"floor":44,"key":"Gremlin Horn"},{"floor":45,"key":"Ornamental Fan"},{"floor":45,"key":"Ice Cream"},{"floor":47,"key":"Meat on the Bone"},{"floor":47,"key":"Bottled Lightning"},{"floor":48,"key":"Art of War"},{"floor":48,"key":"War Paint"},{"floor":55,"key":"Pantograph"},{"floor":55,"key":"Shuriken"}],"event_choices":[{"cards_removed":["Strike_B"],"damage_healed":0,"gold_gain":0,"player_choice":"Card Removal","damage_taken":0,"max_hp_gain":0,"max_hp_loss":0,"event_name":"The Cleric","floor":4,"gold_loss":75},{"damage_healed":0,"gold_gain":0,"cards_transformed":["Defend_B"],"player_choice":"Change","damage_taken":0,"max_hp_gain":0,"max_hp_loss":0,"event_name":"Living Wall","floor":5,"gold_loss":0,"cards_obtained":["Auto Shields"]},{"damage_healed":0,"gold_gain":0,"player_choice":"Fought Bandits","damage_taken":0,"max_hp_gain":0,"max_hp_loss":0,"event_name":"Masked Bandits","floor":21,"gold_loss":0},{"damage_healed":0,"gold_gain":0,"player_choice":"Became a Ghost","damage_taken":0,"max_hp_gain":0,"max_hp_loss":38,"event_name":"Ghosts","floor":22,"gold_loss":0,"cards_obtained":["Ghostly","Ghostly","Ghostly"]},{"damage_healed":0,"gold_gain":0,"player_choice":"Shed Blood","damage_taken":13,"max_hp_gain":5,"max_hp_loss":0,"event_name":"Forgotten Altar","floor":29,"gold_loss":0},{"damage_healed":0,"gold_gain":0,"player_choice":"Ignored","damage_taken":0,"max_hp_gain":0,"max_hp_loss":0,"event_name":"The Mausoleum","floor":30,"gold_loss":0},{"damage_healed":0,"gold_gain":0,"player_choice":"Fight","damage_taken":0,"max_hp_gain":0,"max_hp_loss":0,"event_name":"MindBloom","floor":37,"gold_loss":0},{"damage_healed":0,"gold_gain":0,"player_choice":"Fight","damage_taken":0,"max_hp_gain":0,"max_hp_loss":0,"event_name":"Mysterious Sphere","floor":42,"gold_loss":0},{"damage_healed":0,"gold_gain":0,"player_choice":"Memory 3","damage_taken":10,"max_hp_gain":0,"max_hp_loss":0,"event_name":"SensoryStone","floor":46,"gold_loss":0}],"is_beta":false,"boss_relics":[{"not_picked":["Busted Crown","Empty Cage"],"picked":"Black Star"},{"not_picked":["Pandora\u0027s Box","Velvet Choker"],"picked":"Cursed Key"}],"items_purged_floors":[11],"is_endless":false,"potions_floor_spawned":[2,3,10,14,20,25,31,33,35,38,40,44],"ascension_level":20}}