{"host":"b7dyfc527bmrkvbm","time":1612865038,"event":{"mods":["2.2 Compatiblity","Act Like it!","BaseMod","BetterRewards","Conspire","Downfall","Hubris","Infinite Spire","Mimic Mod","Minty Spire (QoL Compilation)","Replay The Spire","Shop Mod","StSLib","The Jungle"],"gold_per_floor":[99,99,274,339,339,339,371,371,471,483,102,116,127,162,190,295,295,195,216,216,216,216,26,79,95,109,133,143,167,203,76,94,94,94,94],"floor_reached":33,"language":"ENG","playtime":8265,"items_purged":["Regret","Pain"],"score":315,"play_id":"2ada3fc2-4b64-4a6c-ad6d-96ae85ecb6ec","local_time":"20210209050358","is_ascension_mode":false,"campfire_choices":[{"floor":1,"key":"RECALL"},{"data":"Doubt","floor":18,"key":"PURGE"}],"circlet_count":0,"master_deck":["hexamod:Strike","hexamod:Strike","hexamod:Strike","hexamod:Strike","hexamod:Defend","hexamod:Defend","hexamod:Defend","hexamod:Defend","hexamod:Sear","hexamod:Float","hexamod:FirstSeal","hexamod:EmpoweredFlame","hexamod:GhostflameBarrier","hexamod:SkipABeat","hexamod:DynamicBlow","hexamod:InspiringFlames","hexamod:ExtraCrispy","hexamod:ForkedFlame","hexamod:HeatMetal","hexamod:SecondSeal","hexamod:RadiantFlame","hexamod:ChargedBarrage","hexamod:TimeWarp","hexamod:SoulSteal+1","hexamod:SpectersWail","hexamod:RainOfEmbers","hexamod:VolcanoVisage","hexamod:AdvancingGuard","hexamod:EtherealExpedition+1","hexamod:ThermalTransfer","hexamod:RetreatToShadows","hexamod:Hexaguard","hexamod:FastForward+1"],"relics":["hexamod:SpiritBrand","downfall:HeartsMalice","infinitespire:CheckeredPen","ReplayTheSpireMod:Lightbulb","hubris:SphereOfDissonance","hubris:Reverence","ReplayTheSpireMod:EnergyBall","downfall:HeartBlessingRed","hubris:BottledHeart","hubris:Icosahedron","WarpedTongs","Membership Card","Omamori","MerchantsRug","Pen Nib","Shuriken"],"acts_visited":["Exordium","TheCity"],"potions_floor_usage":[7,11,14,16,26,30,33,33],"damage_taken":[{"damage":0,"enemies":"Jaw Worm","floor":2,"turns":1},{"damage":0,"enemies":"Lagavulin Event","floor":4,"turns":1},{"damage":0,"enemies":"Small Slimes","floor":6,"turns":1},{"damage":2,"enemies":"2 Louse","floor":7,"turns":7},{"damage":5,"enemies":"2 Louse","floor":10,"turns":3},{"damage":3,"enemies":"downfall:FleeingMerchant","floor":11,"turns":4},{"damage":0,"enemies":"Lots of Slimes","floor":12,"turns":3},{"damage":0,"enemies":"3 Louse","floor":13,"turns":3},{"damage":14,"enemies":"3 Sentries","floor":14,"turns":8},{"damage":2,"enemies":"2 Fungi Beasts","floor":15,"turns":3},{"damage":43,"enemies":"DF_ARCHETYPE_STREAMLINE","floor":16,"turns":7},{"damage":16,"enemies":"Spheric Guardian","floor":19,"turns":4},{"damage":0,"enemies":"downfall:FleeingMerchant","floor":23,"turns":4},{"damage":0,"enemies":"Sentry and Sphere","floor":25,"turns":4},{"damage":0,"enemies":"Centurion and Healer","floor":26,"turns":3},{"damage":0,"enemies":"Shelled Parasite and Fungi","floor":27,"turns":5},{"damage":0,"enemies":"Cultist and Chosen","floor":28,"turns":4},{"damage":0,"enemies":"Book of Stabbing","floor":30,"turns":6},{"damage":0,"enemies":"downfall:FleeingMerchant","floor":31,"turns":4},{"damage":0,"enemies":"3 Cultists","floor":32,"turns":3},{"damage":6,"enemies":"SI_MIRROR_ARCHETYPE","floor":33,"turns":4}],"seed_played":"-1797059542259908251","potions_obtained":[{"floor":5,"key":"SteroidPotion"},{"floor":5,"key":"PowerPotion"},{"floor":5,"key":"infinitespire:BlackPotion"},{"floor":10,"key":"Regen Potion"},{"floor":12,"key":"Block Potion"},{"floor":13,"key":"champ:CounterPotion"},{"floor":14,"key":"Explosive Potion"},{"floor":25,"key":"ColorlessPotion"},{"floor":28,"key":"sneckomod:MuddlingPotion"},{"floor":30,"key":"Fire Potion"}],"is_trial":false,"path_per_floor":["R","M","?","?","?","M","MIM","?","?","M","$","M","M","E","M","B",null,"R","M","?","?","?","$","T","M","M","M","M","T","E","$","M","B"],"character_chosen":"THE_SPIRIT","items_purchased":["hexamod:InspiringFlames","hexamod:ExtraCrispy","hexamod:ForkedFlame","Membership Card","hexamod:RainOfEmbers","BargainBundle","MerchantsRug","Elixir","AttackPotion","bronze:BurnAndBuffPotion","hexamod:Hexaguard","Pen Nib","Shuriken"],"campfire_rested":0,"item_purchase_floors":[11,11,11,23,23,31,31,31,31,31,31,31,31],"current_hp_per_floor":[70,70,70,70,70,70,68,68,68,70,70,70,70,63,68,32,70,70,61,1,1,1,1,1,1,1,1,1,1,1,1,1,0,0,0],"gold":94,"neow_bonus":"THREE_ENEMY_KILL","is_daily":false,"chose_seed":false,"campfire_upgraded":0,"win_rate":0.0,"timestamp":1612865038,"path_taken":["R","M","?","?","?","M","MIM","?","?","?","$","M","M","E","M","BOSS","R","M","?","?","?","$","T","?","M","M","M","?","E","?","M","BOSS"],"items_purchased_type":["Card","Card","Card","Relic","Card","Relic","Relic","Potion","Potion","Potion","Card","Relic","Relic"],"build_version":"2020-12-22","purchased_purges":2,"victory":false,"max_hp_per_floor":[70,70,70,70,70,70,70,70,70,70,70,70,70,70,70,70,70,70,70,1,1,1,1,1,1,1,1,1,1,1,1,1,1,1,1],"card_choices":[{"not_picked":["hexamod:ThermalTransfer","hexamod:NightmareGuise"],"picked":"hexamod:FirstSeal","floor":2},{"not_picked":["hexamod:SwordOfDarkness","hexamod:Firestarter"],"picked":"hexamod:EmpoweredFlame","floor":6},{"not_picked":["hexamod:BurningTouch","hexamod:GhostShield"],"picked":"hexamod:GhostflameBarrier","floor":7},{"not_picked":["hexamod:Incineration","hexamod:Firestarter"],"picked":"hexamod:SkipABeat","floor":10},{"not_picked":["hexamod:AdvancingGuard","hexamod:Rewind"],"picked":"hexamod:DynamicBlow","floor":11},{"not_picked":["hexamod:Rewind","hexamod:HeatShield"],"picked":"hexamod:HeatMetal","floor":12},{"not_picked":["hexamod:SpectersWail","hexamod:ThermalTransfer"],"picked":"hexamod:SecondSeal","floor":13},{"not_picked":["hexamod:FastForward","hexamod:SwordOfDarkness"],"picked":"hexamod:RadiantFlame","floor":14},{"not_picked":["hexamod:DynamicBlow","hexamod:PhantomCloak"],"picked":"hexamod:ChargedBarrage","floor":15},{"not_picked":["hexamod:HexaLevel","hexamod:GhostOfSpirePresent"],"picked":"hexamod:TimeWarp","floor":16},{"not_picked":["hexamod:EmpoweredFlame","hexamod:FastForward"],"picked":"hexamod:SoulSteal+1","floor":19},{"not_picked":["hexamod:PhantomFireball","hexamod:InspiringFlames"],"picked":"hexamod:SpectersWail","floor":23},{"not_picked":["hexamod:HeatMetal+1","hexamod:BurningTouch","hexamod:GhostLash"],"picked":"SKIP","floor":25},{"not_picked":["hexamod:BurningTouch+1","hexamod:HauntingEcho"],"picked":"hexamod:VolcanoVisage","floor":26},{"not_picked":["hexamod:RadiantFlame+1","hexamod:SoulSteal"],"picked":"hexamod:AdvancingGuard","floor":27},{"not_picked":["hexamod:GhostLash","hexamod:SwordOfDarkness+1"],"picked":"hexamod:EtherealExpedition+1","floor":28},{"not_picked":["hexamod:FirstSeal","hexamod:BacktrackSmack+1"],"picked":"hexamod:ThermalTransfer","floor":30},{"not_picked":["hexamod:UnleashSpirits","hexamod:RainOfEmbers"],"picked":"hexamod:RetreatToShadows","floor":31},{"not_picked":["hexamod:SwordOfDarkness","hexamod:NightmareGuise"],"picked":"hexamod:FastForward+1","floor":32}],"player_experience":350423,"relics_obtained":[{"floor":7,"key":"ReplayTheSpireMod:Lightbulb"},{"floor":14,"key":"hubris:Reverence"},{"floor":29,"key":"MealTicket"},{"floor":30,"key":"Omamori"}],"event_choices":[{"damage_healed":0,"gold_gain":0,"player_choice":"Got Potions","damage_taken":0,"max_hp_gain":0,"max_hp_loss":0,"event_name":"Lab","floor":5,"gold_loss":0},{"damage_healed":0,"gold_gain":0,"player_choice":"Box","damage_taken":0,"relics_obtained":["hubris:SphereOfDissonance"],"max_hp_gain":0,"max_hp_loss":0,"event_name":"Big Fish","floor":8,"gold_loss":0,"cards_obtained":["Regret"]},{"damage_healed":0,"gold_gain":0,"player_choice":"Rummage","damage_taken":0,"relics_obtained":["WarpedTongs"],"max_hp_gain":0,"max_hp_loss":0,"event_name":"Accursed Blacksmith","floor":22,"gold_loss":0,"cards_obtained":["Pain"]}],"is_beta":false,"boss_relics":[{"not_picked":["Replay:Fungal Core","Snecko Eye"],"picked":"hubris:Backtick"}],"items_purged_floors":[11,31],"is_endless":false,"potions_floor_spawned":[10,12,13,14,25,28,30],"killed_by":"SI_MIRROR_ARCHETYPE","ascension_level":0}}