{"host":"qgvpd00zvzorrg7j","time":1612838487,"event":{"mods":["BaseMod","Colored Map","Downfall","Minty Spire (QoL Compilation)","Quick Restart","StSLib"],"gold_per_floor":[99,110,127,127,138,148,148,165,175,85,85,100,85,85,96,192,192,192,205,90,105,173,173,173,187,187,207,307,307,322,322,341,341,341,341],"floor_reached":33,"language":"ENG","playtime":1671,"items_purged":["bronze:Strike","bronze:Strike","bronze:Strike"],"score":393,"play_id":"b7f3ae79-fb34-40fc-af43-67016582fe6a","local_time":"20210208214127","is_ascension_mode":false,"campfire_choices":[{"data":"bronze:BurnOut","floor":1.0,"key":"SMITH"},{"data":"bronze:BugBarrage","floor":11.0,"key":"SMITH"},{"data":"bronze:Allocate","floor":18.0,"key":"SMITH"},{"data":"bronze:Virus","floor":29,"key":"SMITH"}],"circlet_count":0,"master_deck":["bronze:Strike","bronze:Defend","bronze:Replicate","bronze:Goto","bronze:BurnOut+1","bronze:BugBarrage+1","bronze:DelayedSlice","bronze:DelayedGuard","bronze:Shield","bronze:ShipIt","bronze:Allocate+1","bronze:ItsAFeature","bronze:Mutator","bronze:Shell","bronze:OilSpill","bronze:OilSpill+1","bronze:MaxOutput","bronze:Shield+1","bronze:WildBeam","bronze:ClassDefault","bronze:ChosenStrike+1","downfall:Haunted","downfall:Haunted","Doubt","Injury","Regret","bronze:Virus+1","Necronomicurse"],"relics":["bronze:BronzeCore","Peace Pipe","Black Star","Anchor","Darkstone Periapt","Du-Vu Doll","Necronomicon"],"acts_visited":["Exordium","TheCity"],"potions_floor_usage":[25,33],"damage_taken":[{"damage":0.0,"enemies":"Small Slimes","floor":2.0,"turns":2.0},{"damage":3.0,"enemies":"Cultist","floor":3.0,"turns":4.0},{"damage":1.0,"enemies":"Jaw Worm","floor":5.0,"turns":2.0},{"damage":0.0,"enemies":"Gremlin Gang","floor":6.0,"turns":2.0},{"damage":8.0,"enemies":"Exordium Wildlife","floor":8.0,"turns":4.0},{"damage":0.0,"enemies":"3 Louse","floor":9.0,"turns":2.0},{"damage":0.0,"enemies":"downfall:FleeingMerchant","floor":10.0,"turns":4.0},{"damage":1.0,"enemies":"Lots of Slimes","floor":12.0,"turns":4.0},{"damage":0.0,"enemies":"downfall:FleeingMerchant","floor":13.0,"turns":4.0},{"damage":6.0,"enemies":"Large Slime","floor":15.0,"turns":4.0},{"damage":27.0,"enemies":"IC_STATUS_ARCHETYPE","floor":16.0,"turns":5.0},{"damage":36.0,"enemies":"Spheric Guardian","floor":19.0,"turns":4.0},{"damage":4.0,"enemies":"downfall:FleeingMerchant","floor":20.0,"turns":4.0},{"damage":0.0,"enemies":"Shell Parasite","floor":21.0,"turns":5.0},{"damage":11.0,"enemies":"downfall:FleeingMerchant","floor":22.0,"turns":4.0},{"damage":0,"enemies":"Snake Plant","floor":25,"turns":2},{"damage":12,"enemies":"Shelled Parasite and Fungi","floor":27,"turns":5},{"damage":9,"enemies":"Centurion and Healer","floor":30,"turns":3},{"damage":0,"enemies":"Snake Plant","floor":32,"turns":2},{"damage":24,"enemies":"SI_MIRROR_ARCHETYPE","floor":33,"turns":3}],"seed_played":"-7145117715212606440","potions_obtained":[{"floor":3.0,"key":"EssenceOfSteel"},{"floor":4.0,"key":"EntropicBrew"},{"floor":4.0,"key":"Explosive Potion"},{"floor":12.0,"key":"DuplicationPotion"},{"floor":16.0,"key":"Energy Potion"},{"floor":30,"key":"Ancient Potion"}],"is_trial":false,"path_per_floor":["R","M","M","?","M","M","T","M","M","$","R","M","$","?","M","B",null,"R","M","$","M","$","?","T","M","?","M","?","R","M","?","M","B"],"character_chosen":"THE_AUTOMATON","items_purchased":["Anchor"],"campfire_rested":0,"item_purchase_floors":[22],"current_hp_per_floor":[70,70,67,67,66,66,66,58,58,58,58,57,57,57,51,24,70,70,34,30,30,19,19,19,19,19,7,42,42,33,23,23,0,0,0],"gold":341,"neow_bonus":"TRANSFORM_CARD","is_daily":false,"chose_seed":false,"campfire_upgraded":4,"win_rate":0.0,"timestamp":1612838487,"path_taken":["R","M","M","?","?","M","T","M","M","$","R","M","?","?","M","BOSS","R","M","$","?","$","?","T","M","?","?","?","R","M","?","M","BOSS"],"items_purchased_type":["Relic"],"build_version":"2020-12-22","purchased_purges":3,"victory":false,"max_hp_per_floor":[70,70,70,70,70,70,70,70,70,70,70,70,70,70,70,70,70,70,70,70,70,70,70,70,70,70,70,105,105,105,111,111,111,111,111],"card_choices":[{"not_picked":["bronze:OilSpill","bronze:BitShift"],"picked":"bronze:BugBarrage","floor":2.0},{"not_picked":["bronze:ForLoop","bronze:Invalidate"],"picked":"bronze:DelayedSlice","floor":3.0},{"not_picked":["bronze:DelayedSlice","bronze:Deprecate"],"picked":"bronze:DelayedGuard","floor":5.0},{"not_picked":["bronze:Repair","bronze:WhirlingStrike"],"picked":"bronze:Shield","floor":6.0},{"not_picked":["bronze:GetLatest","bronze:Deprecate"],"picked":"bronze:ShipIt","floor":8.0},{"not_picked":["bronze:FineTuning","bronze:Invalidate"],"picked":"bronze:Allocate","floor":9.0},{"not_picked":["bronze:BronzeArmor","bronze:Invalidate"],"picked":"bronze:ItsAFeature","floor":10.0},{"not_picked":["bronze:WhirlingStrike","bronze:Turbo"],"picked":"bronze:Mutator","floor":12.0},{"not_picked":["bronze:GetLatest","bronze:DigitalCarnage"],"picked":"bronze:Shell","floor":13.0},{"not_picked":["bronze:CutThrough","bronze:Deprecate"],"picked":"bronze:OilSpill","floor":15.0},{"not_picked":["bronze:ChildClass+1","bronze:ForceShield+1"],"picked":"bronze:OilSpill+1","floor":19.0},{"not_picked":["bronze:ItsAFeature","bronze:DarkDash"],"picked":"bronze:MaxOutput","floor":20.0},{"not_picked":["bronze:Safeguard","bronze:GetLatest+1"],"picked":"bronze:Shield+1","floor":21.0},{"not_picked":["bronze:Invalidate","bronze:Shell"],"picked":"bronze:WildBeam","floor":22.0},{"not_picked":["bronze:Overheat","bronze:CutThrough","bronze:FineTuning"],"picked":"SKIP","floor":25},{"not_picked":["bronze:DarkDash","bronze:BuggyMess+1"],"picked":"bronze:ChosenStrike+1","floor":27},{"not_picked":["bronze:Shield","bronze:BurnOut","bronze:FineTuning"],"picked":"SKIP","floor":30},{"not_picked":["bronze:Shield","bronze:Frontload","bronze:Separator"],"picked":"SKIP","floor":32}],"player_experience":613353,"relics_obtained":[{"floor":7.0,"key":"Peace Pipe"},{"floor":24.0,"key":"Darkstone Periapt"},{"floor":31,"key":"Necronomicon"}],"event_choices":[{"damage_healed":0.0,"max_hp_gain":0.0,"max_hp_loss":0.0,"gold_gain":0.0,"event_name":"Lab","player_choice":"Got Potions","floor":4.0,"gold_loss":0.0,"damage_taken":0.0},{"cards_removed":["bronze:Defend"],"damage_healed":0.0,"max_hp_gain":0.0,"max_hp_loss":0.0,"gold_gain":0.0,"event_name":"Bonfire Elementals","player_choice":"Offered Basic","floor":14.0,"gold_loss":0.0,"damage_taken":0.0},{"damage_healed":0.0,"max_hp_gain":0.0,"max_hp_loss":0.0,"gold_gain":0.0,"event_name":"Vampires","player_choice":"Ignored","floor":23.0,"gold_loss":0.0,"damage_taken":0.0}],"is_beta":false,"boss_relics":[{"not_picked":["Snecko Eye","Velvet Choker"],"picked":"Black Star"}],"items_purged_floors":[10,20,22],"is_endless":false,"potions_floor_spawned":[3,12,15,16,21,30,32],"killed_by":"SI_MIRROR_ARCHETYPE","ascension_level":0}}