{"host":"6drv1qzpbnls60z2","time":1612866842,"event":{"mods":["ATMod(°¢èªMod)","Act Like it!","BaseMod","Hallownest","Jedi Mod","Minty Spire (QoL Compilation)","Reliquary","Replay The Spire","Shop Mod","Spicy Shops","StSLib","The Dragon Tamer","Uncapped","¡¾ÒÅÎï¿¨ÅÆ¡¿REMEMod","²ÐÁôÖ®Îï","óô»ðÖ¸ÄÏ"],"gold_per_floor":[111,126,137,147,162,162,189,189,189,46,46,46,46],"floor_reached":11,"language":"ZHS","playtime":749,"items_purged":[],"score":250,"play_id":"c3c924af-a57d-485f-8c5d-e45e85bdaa87","local_time":"20210209183402","daily_mods":["Flight"],"is_ascension_mode":true,"metric_token":1047,"campfire_choices":[{"floor":6,"key":"REST"},{"floor":8,"key":"REST"}],"dtmod_dragon_data":[14,46,-1,-1,0,0],"circlet_count":0,"master_deck":["AscendersBane","DTMod:Strike","DTMod:Strike","DTMod:Strike","DTMod:Strike","DTMod:DoubleHit","DTMod:TargetDefense","DTMod:TargetDefense","DTMod:TargetDefense","DTMod:TargetDefense","DTMod:SwitchingTactic","AT_ShadowStep","DTMod:Dissolve","DTMod:MasterPlan","DTMod:CleansingStrike","DTMod:QuickFly","DTMod:HeatWave","DTMod:MagiciansMark","DTMod:InvisibleFlame","DTMod:ComboAttack","DTMod:Training","DTMod:Weaken+1"],"relics":["Unceasing Top","AT_ATBox","REME_ComplimentaryCards","AT_ArchangelStaff","Bag of Preparation"],"acts_visited":["Exordium"],"potions_floor_usage":[5,7],"damage_taken":[{"damage":5,"enemies":"Cultist","floor":1,"turns":4},{"damage":0,"enemies":"2 Louse","floor":2,"turns":2},{"damage":24,"enemies":"Jaw Worm","floor":3,"turns":5},{"damage":6,"enemies":"Large Slime","floor":4,"turns":9},{"damage":0,"enemies":"3 Louse","floor":5,"turns":2},{"damage":6,"enemies":"Gremlin Nob","floor":7,"turns":5},{"damage":20,"enemies":"3 Sentries","floor":11,"turns":6}],"seed_played":"-3493247864019844520","potions_obtained":[{"floor":3,"key":"DistilledChaos"},{"floor":4,"key":"SteroidPotion"}],"is_trial":true,"path_per_floor":["M","M","M","M","M","R","E","R","T","$","E"],"character_chosen":"THE_DT","items_purchased":["DTMod:ComboAttack","DTMod:Training","DTMod:Weaken+1"],"campfire_rested":2,"item_purchase_floors":[10,10,10],"current_hp_per_floor":[32,32,8,2,2,14,8,20,20,20,0,0,0],"gold":46,"neow_bonus":"","is_daily":false,"chose_seed":false,"campfire_upgraded":0,"win_rate":0.0,"timestamp":1612866842,"path_taken":["M","M","M","?","M","R","E","R","T","$","E"],"items_purchased_type":["Card","Card","Card"],"build_version":"2020-12-22","purchased_purges":0,"victory":false,"max_hp_per_floor":[41,41,41,41,41,41,41,41,41,41,41,41,41],"card_choices":[{"not_picked":["DTMod:Training","DTMod:RunningTactic"],"picked":"DTMod:MasterPlan","floor":1},{"not_picked":["DTMod:BizarreTactic","DTMod:BuildUp"],"picked":"DTMod:CleansingStrike","floor":2},{"not_picked":["DTMod:DarkBreath","DTMod:Hide"],"picked":"DTMod:QuickFly","floor":3},{"not_picked":["DTMod:MagicField","DTMod:FierySynthesis"],"picked":"DTMod:HeatWave","floor":4},{"not_picked":["DTMod:HeatWave","DTMod:Hide"],"picked":"DTMod:MagiciansMark","floor":5},{"not_picked":["DTMod:HeatWave","DTMod:Hide"],"picked":"DTMod:InvisibleFlame","floor":7}],"player_experience":10546,"relics_obtained":[{"floor":7,"key":"AT_ArchangelStaff"},{"floor":9,"key":"Bag of Preparation"}],"event_choices":[],"is_beta":false,"boss_relics":[],"items_purged_floors":[],"is_endless":true,"potions_floor_spawned":[3,4],"killed_by":"3 Sentries","ascension_level":20}}