{"host":"xwgrz7y3g1a3iikb","time":1612905042,"event":{"mods":["BaseMod","Bestiary","Minty Spire (QoL Compilation)","Permanent Neow","Quick Restart","Relic Stats","StSLib","ojb\u0027s Info Mod"],"gold_per_floor":[109,34,50,61,61,92,92,118,118,133,161,86,100,111,111,111,111],"floor_reached":16,"language":"ENG","playtime":545,"items_purged":["Strike_R"],"score":294,"play_id":"b502d95a-98ca-447a-85aa-569fd1ee3b65","local_time":"20210209131042","is_ascension_mode":true,"campfire_choices":[{"data":"Uppercut","floor":7,"key":"SMITH"},{"data":"Corruption","floor":15,"key":"SMITH"}],"circlet_count":0,"master_deck":["AscendersBane","Strike_R","Strike_R","Strike_R","Defend_R","Defend_R+1","Defend_R","Defend_R","Bash","Carnage+1","Uppercut+1","Evolve","Dark Embrace","Shrug It Off+1","Burning Pact","Corruption+1","True Grit"],"relics":["Burning Blood","Orichalcum","Dream Catcher","Meat on the Bone","Self Forming Clay","War Paint"],"acts_visited":["Exordium"],"potions_floor_usage":[6,8,11],"damage_taken":[{"damage":7,"enemies":"2 Louse","floor":1,"turns":3},{"damage":6,"enemies":"Jaw Worm","floor":3,"turns":2},{"damage":0,"enemies":"Cultist","floor":4,"turns":3},{"damage":23,"enemies":"Lagavulin","floor":6,"turns":6},{"damage":0,"enemies":"Gremlin Nob","floor":8,"turns":3},{"damage":7,"enemies":"3 Louse","floor":10,"turns":3},{"damage":25,"enemies":"3 Sentries","floor":11,"turns":7},{"damage":22,"enemies":"Lots of Slimes","floor":13,"turns":6},{"damage":0,"enemies":"Blue Slaver","floor":14,"turns":2},{"damage":67,"enemies":"Slime Boss","floor":16,"turns":10}],"seed_played":"-477946784281486024","potions_obtained":[{"floor":3,"key":"ElixirPotion"},{"floor":4,"key":"DistilledChaos"},{"floor":6,"key":"Fire Potion"}],"is_trial":false,"path_per_floor":["M","?","M","M","?","E","R","E","T","M","E","$","M","M","R","B"],"character_chosen":"IRONCLAD","items_purchased":[],"campfire_rested":0,"item_purchase_floors":[],"current_hp_per_floor":[67,67,67,73,73,56,56,62,62,61,54,54,50,56,56,0,0],"gold":111,"neow_bonus":"RANDOM_COMMON_RELIC","is_daily":false,"chose_seed":false,"campfire_upgraded":2,"win_rate":0.0,"timestamp":1612905042,"path_taken":["M","?","M","M","?","E","R","E","T","M","E","$","M","?","R","BOSS"],"items_purchased_type":[],"build_version":"2020-12-22","purchased_purges":1,"victory":false,"max_hp_per_floor":[75,75,75,75,75,75,75,75,75,75,75,75,75,75,75,75,75],"relic_stats":{"Dream Catcher":0,"counters":[10,45],"Self Forming Clay":[48],"Orichalcum":[102],"War Paint":["Shrug It Off","Defend_R"],"obtain_stats":[{"Dream Catcher":6,"Self Forming Clay":9,"Orichalcum":0,"War Paint":11,"Burning Blood":0,"Meat on the Bone":8},{"Dream Catcher":4,"Self Forming Clay":5,"Orichalcum":0,"War Paint":7,"Burning Blood":0,"Meat on the Bone":5},{"Dream Catcher":14,"Self Forming Clay":17,"Orichalcum":0,"War Paint":27,"Burning Blood":0,"Meat on the Bone":17}],"Burning Blood":54,"Meat on the Bone":24},"card_choices":[{"not_picked":["True Grit","Clothesline"],"picked":"Carnage","floor":1},{"not_picked":["Twin Strike","Cleave"],"picked":"Uppercut","floor":3},{"not_picked":["Perfected Strike","Headbutt"],"picked":"Evolve","floor":4},{"not_picked":["Thunderclap","Metallicize"],"picked":"Dark Embrace","floor":6},{"not_picked":["Perfected Strike","Anger","Entrench"],"picked":"SKIP","floor":8},{"not_picked":["Heavy Blade","Uppercut"],"picked":"Shrug It Off","floor":10},{"not_picked":["Uppercut","Power Through"],"picked":"Burning Pact","floor":11},{"not_picked":["Heavy Blade","Clothesline"],"picked":"Corruption","floor":13},{"not_picked":["Pommel Strike","Infernal Blade"],"picked":"True Grit","floor":14}],"player_experience":338261,"relics_obtained":[{"floor":6,"key":"Dream Catcher"},{"floor":8,"key":"Meat on the Bone"},{"floor":9,"key":"Self Forming Clay"},{"floor":11,"key":"War Paint"}],"event_choices":[{"cards_removed":["Strike_R"],"damage_healed":0,"gold_gain":0,"player_choice":"Card Removal","damage_taken":0,"max_hp_gain":0,"max_hp_loss":0,"event_name":"The Cleric","floor":2,"gold_loss":75},{"damage_healed":0,"gold_gain":0,"player_choice":"Upgraded","damage_taken":0,"max_hp_gain":0,"max_hp_loss":0,"event_name":"Upgrade Shrine","floor":5,"gold_loss":0,"cards_upgraded":["Carnage"]}],"is_beta":false,"boss_relics":[],"items_purged_floors":[12],"is_endless":false,"potions_floor_spawned":[3,4,6],"killed_by":"Slime Boss","ascension_level":20}}