{"host":"88gj1a6q1iuldet9","time":1612850746,"event":{"mods":["Act Like it!","Arknights","BaseMod","Better Note","Better Third Choice","BetterRewards","Conspire","Downfall","Energized Spire","Gensokyo","GungeonMod","Hubris","Jorbs\u0027s Wanderer Trilogy","Magitek Elite","Minty Spire (QoL Compilation)","Quick Restart","Replay The Spire","Robot Space Explorer","Shop Mod","StSLib","The Administrix","The Dragon Tamer","The Hayseed","The Jungle","The Marked","The Mystic","The Necromancer","The Runesmith","The Sage","The Senshi","The Wild Card","TheFirefly","Wandering Minibosses"],"gold_per_floor":[116,135,147,147,161,161,161],"floor_reached":6,"language":"ENG","playtime":1575,"items_purged":[],"score":38,"play_id":"16074e60-6fb9-453f-b493-28de148ca9c8","local_time":"20210209010546","is_ascension_mode":false,"campfire_choices":[],"circlet_count":0,"master_deck":["theSenshi:SailorKick","theSenshi:SailorKick","theSenshi:SailorKick","theSenshi:SailorBlock","theSenshi:SailorBlock","theSenshi:SailorBlock","theSenshi:RoseThrow","theSenshi:MoonPrismPowerMakeUp","theSenshi:PlutosSolemnity","theSenshi:Sidestep","theSenshi:UranusStrength","theSenshi:CrisisMakeUp+1","theSenshi:GlimpseOfThePast","theSenshi:MoonTiaraMagic"],"relics":["theSenshi:TransformationBroochRelic"],"acts_visited":["Exordium"],"potions_floor_usage":[6,6],"damage_taken":[{"damage":0,"enemies":"2 Louse","floor":1,"turns":2},{"damage":0,"enemies":"ats:Genji","floor":2,"turns":5},{"damage":6,"enemies":"Small Slimes","floor":3,"turns":6},{"damage":21,"enemies":"Exordium Wildlife","floor":5,"turns":9},{"damage":60,"enemies":"Gremlin Nob","floor":6,"turns":7}],"seed_played":"522102671627241611","potions_obtained":[{"floor":3,"key":"SkillPotion"},{"floor":5,"key":"conspire:TimeTravelPotion"}],"is_trial":false,"path_per_floor":["M","M","M","?","M","E"],"character_chosen":"THE_SENSHI","items_purchased":[],"campfire_rested":0,"item_purchase_floors":[],"current_hp_per_floor":[68,68,62,62,41,3,3],"gold":161,"neow_bonus":"TRANSFORM_TWO_CARDS","is_daily":false,"chose_seed":false,"campfire_upgraded":0,"win_rate":0.0,"timestamp":1612850746,"path_taken":["M","M","M","?","M","E"],"items_purchased_type":[],"build_version":"2020-12-22","purchased_purges":0,"victory":false,"max_hp_per_floor":[68,68,68,68,68,68,68],"card_choices":[{"not_picked":["theSenshi:SailorChibiMoonAssists","theSenshi:YouCanTalk"],"picked":"theSenshi:UranusStrength","floor":1},{"not_picked":["theSenshi:LateForSchool","theSenshi:GatheringStrength"],"picked":"theSenshi:CrisisMakeUp","floor":2},{"not_picked":["theSenshi:MercurysCunning","theSenshi:SailorPlanetPower"],"picked":"theSenshi:GlimpseOfThePast","floor":3},{"not_picked":["theSenshi:MoonHealingEscalation","theSenshi:HesSoDreamy"],"picked":"theSenshi:MoonTiaraMagic","floor":5}],"player_experience":1053393,"relics_obtained":[],"event_choices":[],"is_beta":false,"boss_relics":[],"items_purged_floors":[],"is_endless":false,"potions_floor_spawned":[3,5],"killed_by":"Gremlin Nob","ascension_level":0}}