{"host":"2zu68f54ie7ltg2f","time":1612839468,"event":{"mods":["AchievementEnabler","BaseMod","Colored Map","Colored Powertips","Minty Spire (QoL Compilation)","StSLib","The Servant 0.9.4"],"gold_per_floor":[115,126,126,0,100,100,119,145,220,247,269,284,284,297,297,399,399,414,428,428,353,167,199,212,231,231,231,260,260,60,86,86,183,183,193,210,210,227,227,227,227,227],"floor_reached":41,"language":"ENG","playtime":1499,"items_purged":["Strike_S","Strike_S"],"score":508,"play_id":"50908901-6cd8-4493-ba76-c0eef8b26904","local_time":"20210208185748","is_ascension_mode":true,"campfire_choices":[{"data":"Ricochet","floor":6,"key":"SMITH"},{"data":"SoulSculpture","floor":13,"key":"SMITH"},{"data":"BestPractice","floor":15,"key":"SMITH"},{"data":"Solidify","floor":27,"key":"SMITH"},{"floor":32,"key":"REST"},{"floor":40,"key":"REST"}],"circlet_count":0,"master_deck":["Defend_S","Defend_S","Defend_S","Defend_S","KidneyShot","Exchange","Ricochet+1","Rearm","BottledTime","DoubleEdge","SoulSculpture+1","BestPractice+1","Sunlight","CurseOfTheBell","SurpressingFire","Misdirection","Solidify+1","BottledTime","Revamp+1","J.A.X.","KillingDoll+1","Dilation","RealityMarble+1","Master of Strategy"],"relics":["Uniform","MealTicket","Smiling Mask","StrikeDummy","Juzu Bracelet","Odd Mushroom","Calling Bell","PreservedInsect","Molten Egg 2","Calipers","White Beast Statue","Frozen Egg 2","Pen Nib","OrangePellets","Kunai","MysterySword","Pantograph"],"acts_visited":["Exordium","TheCity","TheBeyond"],"potions_floor_usage":[8,10,14,28,31,33,35,38,41],"damage_taken":[{"damage":0,"enemies":"Small Slimes","floor":1,"turns":4},{"damage":8,"enemies":"2 Louse","floor":2,"turns":2},{"damage":6,"enemies":"Cultist","floor":7,"turns":4},{"damage":20,"enemies":"Gremlin Nob","floor":8,"turns":5},{"damage":4,"enemies":"3 Sentries","floor":10,"turns":3},{"damage":6,"enemies":"The Mushroom Lair","floor":11,"turns":3},{"damage":0,"enemies":"2 Fungi Beasts","floor":12,"turns":1},{"damage":8,"enemies":"Lots of Slimes","floor":14,"turns":2},{"damage":5,"enemies":"Slime Boss","floor":16,"turns":8},{"damage":12,"enemies":"Spheric Guardian","floor":18,"turns":3},{"damage":14,"enemies":"Shell Parasite","floor":19,"turns":5},{"damage":2,"enemies":"Book of Stabbing","floor":23,"turns":6},{"damage":11,"enemies":"Snake Plant","floor":24,"turns":6},{"damage":12,"enemies":"Centurion and Healer","floor":25,"turns":7},{"damage":16,"enemies":"Slavers","floor":28,"turns":4},{"damage":3,"enemies":"Gremlin Leader","floor":31,"turns":3},{"damage":33,"enemies":"Automaton","floor":33,"turns":6},{"damage":5,"enemies":"Orb Walker","floor":35,"turns":3},{"damage":34,"enemies":"3 Shapes","floor":36,"turns":5},{"damage":17,"enemies":"Transient","floor":38,"turns":5},{"damage":44,"enemies":"Nemesis","floor":41,"turns":4}],"seed_played":"-6573830790571291924","potions_obtained":[{"floor":2,"key":"LiquidBronze"},{"floor":7,"key":"GamblersBrew"},{"floor":14,"key":"CultistPotion"},{"floor":18,"key":"SteroidPotion"},{"floor":19,"key":"Fire Potion"},{"floor":25,"key":"Explosive Potion"},{"floor":28,"key":"Swift Potion"},{"floor":31,"key":"AttackPotion"},{"floor":33,"key":"PowerPotion"},{"floor":35,"key":"Swift Potion"},{"floor":38,"key":"BlessingOfTheForge"}],"is_trial":false,"path_per_floor":["M","M","?","$","?","R","M","E","T","E","?","M","R","M","R","B",null,"M","M","?","?","$","E","M","M","T","R","E","?","$","E","R","B",null,"M","M","?","M","?","R","E"],"character_chosen":"THE_SERVANT","items_purchased":["DuplicationPotion","SteroidPotion","Solidify","OrangePellets"],"campfire_rested":2,"item_purchase_floors":[4,4,22,30],"current_hp_per_floor":[65,57,62,70,70,70,64,44,44,40,34,34,34,26,26,21,70,58,44,44,44,59,57,46,34,34,34,18,18,33,30,51,18,70,65,31,31,14,14,35,0,0],"gold":227,"neow_bonus":"RANDOM_COMMON_RELIC","is_daily":false,"chose_seed":false,"campfire_upgraded":4,"win_rate":0.0,"timestamp":1612839468,"path_taken":["M","M","?","$","?","R","M","E","T","E","?","M","R","M","R","BOSS","M","M","?","?","$","E","M","M","T","R","E","?","$","E","R","BOSS","M","M","?","M","?","R","E"],"items_purchased_type":["Potion","Potion","Card","Relic"],"build_version":"2020-12-22","purchased_purges":2,"victory":false,"max_hp_per_floor":[65,65,70,70,70,70,70,70,70,70,70,70,70,70,70,70,70,70,70,70,70,70,70,70,70,70,70,70,70,70,70,70,70,70,70,70,70,70,70,70,70,70],"card_choices":[{"not_picked":["Revamp","Rewind"],"picked":"Ricochet","floor":1},{"not_picked":["Alleviate","Starlight","TimeWarp"],"picked":"SKIP","floor":2},{"not_picked":["Starlight","Potential"],"picked":"Rearm","floor":7},{"not_picked":["Contraction","WasteNot"],"picked":"BottledTime","floor":8},{"not_picked":["SpecialFormula","ReturningBlade","Sabotage"],"picked":"SKIP","floor":10},{"not_picked":["Starlight","TimeWarp"],"picked":"DoubleEdge","floor":11},{"not_picked":["ReturningBlade","Starlight"],"picked":"SoulSculpture","floor":12},{"not_picked":["Alleviate","ShatteredReality"],"picked":"BestPractice","floor":14},{"not_picked":["SoulSculpture","Solidify"],"picked":"Sunlight","floor":16},{"not_picked":["Gouge+1","Luminosity"],"picked":"SurpressingFire","floor":18},{"not_picked":["BottledTime","Contraction"],"picked":"Misdirection","floor":19},{"not_picked":["Spin+1","StarChef+1"],"picked":"BottledTime","floor":23},{"not_picked":["TimeWarp+1","ShatteredReality+1","Starlight+1"],"picked":"SKIP","floor":24},{"not_picked":["StarChef","Ricochet+1"],"picked":"Revamp+1","floor":25},{"not_picked":["Ricochet+1","ForgedInTime","Misdirection"],"picked":"SKIP","floor":28},{"not_picked":["FastForward+1","Moondial"],"picked":"KillingDoll+1","floor":31},{"not_picked":["Deny","ForgedInTime"],"picked":"Dilation","floor":33},{"not_picked":["BottledTime+1","Comet+1"],"picked":"RealityMarble+1","floor":35},{"not_picked":["BottledTime+1","GearUp+1","Alleviate"],"picked":"SKIP","floor":36},{"not_picked":["Sabotage+1","ReturningBlade+1","TimeWarp+1"],"picked":"SKIP","floor":38},{"not_picked":["Magnetism+1","Blind"],"picked":"Master of Strategy","floor":39}],"player_experience":494963,"relics_obtained":[{"floor":8,"key":"Smiling Mask"},{"floor":9,"key":"StrikeDummy"},{"floor":10,"key":"Juzu Bracelet"},{"floor":11,"key":"Odd Mushroom"},{"floor":17,"key":"PreservedInsect"},{"floor":17,"key":"Molten Egg 2"},{"floor":17,"key":"Calipers"},{"floor":23,"key":"White Beast Statue"},{"floor":26,"key":"Frozen Egg 2"},{"floor":28,"key":"Pen Nib"},{"floor":31,"key":"Kunai"}],"event_choices":[{"damage_healed":0,"gold_gain":0,"player_choice":"Donut","damage_taken":0,"max_hp_gain":5,"max_hp_loss":0,"event_name":"Big Fish","floor":3,"gold_loss":0},{"damage_healed":0,"gold_gain":100,"player_choice":"Pray","damage_taken":0,"max_hp_gain":0,"max_hp_loss":0,"event_name":"Golden Shrine","floor":5,"gold_loss":0},{"damage_healed":0,"gold_gain":0,"player_choice":"Fought Mushrooms","damage_taken":0,"max_hp_gain":0,"max_hp_loss":0,"event_name":"Mushrooms","floor":11,"gold_loss":0},{"cards_removed":["Strike_S"],"damage_healed":0,"gold_gain":0,"player_choice":"Purged","damage_taken":0,"max_hp_gain":0,"max_hp_loss":0,"event_name":"Purifier","floor":20,"gold_loss":0},{"cards_removed":["Strike_S"],"damage_healed":0,"gold_gain":0,"player_choice":"Gave Gold","damage_taken":0,"max_hp_gain":0,"max_hp_loss":0,"event_name":"Beggar","floor":21,"gold_loss":75},{"damage_healed":0,"gold_gain":0,"player_choice":"Obtain J.A.X.","damage_taken":0,"max_hp_gain":0,"max_hp_loss":0,"event_name":"Drug Dealer","floor":29,"gold_loss":0,"cards_obtained":["J.A.X."]},{"damage_healed":0,"gold_gain":0,"player_choice":"Gave Potion","damage_taken":0,"relics_obtained":["Pantograph"],"max_hp_gain":0,"max_hp_loss":0,"event_name":"WeMeetAgain","floor":37,"gold_loss":0},{"damage_healed":0,"gold_gain":0,"player_choice":"Memory 1","damage_taken":0,"max_hp_gain":0,"max_hp_loss":0,"event_name":"SensoryStone","floor":39,"gold_loss":0}],"is_beta":false,"boss_relics":[{"not_picked":["Empty Cage","Ectoplasm"],"picked":"Calling Bell"},{"not_picked":["Tiny House","Runic Pyramid"],"picked":"MysterySword"}],"items_purged_floors":[22,30],"is_endless":false,"potions_floor_spawned":[2,7,14,18,19,24,25,28,31,33,35,36,38],"killed_by":"Nemesis","ascension_level":1}}