{"host":"p1093t59nho0xj5h","time":1612907939,"event":{"mods":["2.2 Compatiblity","Act Like it!","BaseMod","Better Note","Better Synergies","Better Third Choice","BetterRewards","Bossed Relics","BshForSts","Colored Map","Colored Powertips","Communication Mod","Curses Come First","Displayed Cursed Tome","GifTheSpireLib","Highlight Path","Hubris","Minty Spire (QoL Compilation)","Permanent Neow","Quick Restart","Rare Cards Sparkle","Replay The Spire","Shop Mod","Small Relic Pack","StS++","StSLib","Stuff the Spire","Weighted Paths","yUi"],"gold_per_floor":[109,125,142,152,168,168,187,187,242,242,255,265,265,295,295,398,398,408,420,106,106,119,152,169,169,169,169,202,202,227,227,227,227,227],"floor_reached":33,"language":"ENG","playtime":2234,"items_purged":["Regret"],"score":334,"play_id":"c7bc9fc3-5b63-4aa2-b559-75a0e0e637d5","local_time":"20210209165859","is_ascension_mode":false,"campfire_choices":[{"data":"Berserk","floor":6,"key":"SMITH"},{"data":"Cleave","floor":8,"key":"SMITH"},{"data":"ReplayTheSpireMod:Muscle Training","floor":10,"key":"SMITH"},{"floor":25,"key":"REST"},{"data":"Perfected Strike","floor":29,"key":"SMITH"},{"data":"Whirlwind","floor":32,"key":"SMITH"}],"circlet_count":0,"master_deck":["Strike_R","Strike_R","Strike_R","Strike_R","Strike_R","Defend_R","Defend_R","Defend_R","Defend_R","Bash+1","ReplayTheSpireMod:Strike From Hell","Cleave+1","Shrug It Off","Berserk+1","ReplayTheSpireMod:Muscle Training+1","StSpp:TheBiggerTheyAre","StSpp:Jab","Flex","Burn","Perfected Strike+1","Reaper","CommonCold","hubris:Disease","hubris:Envy","Spot Weakness+1","Shockwave","Clothesline","Shrug It Off","Armaments","Inflame","Forethought","Hemogenesis","ReplayTheSpireMod:Stacked","Perfected Strike","Run Through+1","Defend_G+1","Whirlwind+1","Heavy Blade+1"],"relics":["Burning Blood","hubris:TenFootPole","Eternal Feather","StuffTheSpire:RedRose","Replay:Ancient Bell","Blood Vial","StuffTheSpire:EmeraldSignet","Lizard Tail","BargainBundle","Another Sword","Frozen Egg 2","Toxic Egg 2","ReplayTheSpireMod:Spearhead","hubris:SlimyHat"],"acts_visited":["Exordium","TheCity"],"potions_floor_usage":[14,15,19,23,24,30],"damage_taken":[{"damage":1,"enemies":"Cultist","floor":1,"turns":3},{"damage":3,"enemies":"Jaw Worm","floor":2,"turns":4},{"damage":0,"enemies":"Small Slimes","floor":3,"turns":2},{"damage":8,"enemies":"Exordium Thugs","floor":4,"turns":5},{"damage":8,"enemies":"2 Fungi Beasts","floor":5,"turns":4},{"damage":28,"enemies":"Gremlin Gang","floor":7,"turns":5},{"damage":3,"enemies":"Blue Slaver","floor":11,"turns":3},{"damage":16,"enemies":"Looter","floor":12,"turns":2},{"damage":38,"enemies":"3 Sentries","floor":14,"turns":8},{"damage":27,"enemies":"Fading Forest","floor":16,"turns":11},{"damage":24,"enemies":"Spheric Guardian","floor":18,"turns":5},{"damage":38,"enemies":"Chosen","floor":19,"turns":4},{"damage":34,"enemies":"Snecko","floor":22,"turns":5},{"damage":35,"enemies":"Book of Stabbing","floor":23,"turns":6},{"damage":84,"enemies":"Cultist and Chosen","floor":24,"turns":7},{"damage":32,"enemies":"Replay:Snechameleon","floor":28,"turns":7},{"damage":25,"enemies":"Gremlin Leader","floor":30,"turns":7},{"damage":113,"enemies":"Collector","floor":33,"turns":7}],"seed_played":"694891994398602610","potions_obtained":[{"floor":3,"key":"Ancient Potion"},{"floor":5,"key":"BloodPotion"},{"floor":14,"key":"Fruit Juice"},{"floor":16,"key":"LifebloodPotion"},{"floor":18,"key":"Regen Potion"},{"floor":24,"key":"Fire Potion"}],"is_trial":false,"path_per_floor":["M","M","M","M","M","R","M","R","T","R","M","M","?","E","R_BF","B",null,"M","M","$","T","M","E","M","R","T","?","E","R","E","?","R","B"],"character_chosen":"IRONCLAD","items_purchased":["BargainBundle","Clothesline","Shrug It Off","Armaments","Inflame","Forethought","Dexterity Potion","Hemogenesis"],"campfire_rested":1,"item_purchase_floors":[20,20,20,20,20,20,20,20],"current_hp_per_floor":[80,80,80,78,76,76,54,54,54,54,57,47,47,20,49,38,85,67,42,42,42,23,27,24,70,70,70,59,80,67,85,85,0,0],"gold":227,"neow_bonus":"UPGRADE_CARD","is_daily":false,"chose_seed":false,"campfire_upgraded":5,"win_rate":0.0,"timestamp":1612907939,"path_taken":["M","M","M","M","M","R","M","R","T","R","?","?","?","E","R_BF","BOSS","M","M","$","?","M","E","M","R","T","?","E","R","E","?","R","BOSS"],"items_purchased_type":["Relic","Card","Card","Card","Card","Card","Potion","Card"],"build_version":"2020-12-22","purchased_purges":1,"victory":false,"max_hp_per_floor":[80,80,80,80,80,80,80,80,80,80,80,80,80,85,85,85,85,85,85,85,85,85,85,85,85,85,85,85,85,85,85,85,85,85],"card_choices":[{"not_picked":["ReplayTheSpireMod:LeadingStrike","Reckless Charge"],"picked":"ReplayTheSpireMod:Strike From Hell","floor":1},{"not_picked":["ReplayTheSpireMod:LeadingStrike","StuffTheSpire:Pyroclast"],"picked":"Cleave","floor":2},{"not_picked":["Thunderclap","Replay:Undeath\u0027s Touch"],"picked":"Shrug It Off","floor":3},{"not_picked":["Pommel Strike","Searing Blow"],"picked":"Berserk","floor":4},{"not_picked":["StuffTheSpire:Pyroclast","hubris:CleavingFinish"],"picked":"ReplayTheSpireMod:Muscle Training","floor":5},{"not_picked":["Iron Wave","Replay:Undeath\u0027s Touch"],"picked":"StSpp:TheBiggerTheyAre","floor":7},{"not_picked":["StuffTheSpire:Slingshot","Life Link"],"picked":"StSpp:Jab","floor":11},{"not_picked":["Rampage","Heavy Blade"],"picked":"Flex","floor":12},{"not_picked":["Clothesline","Thunderclap"],"picked":"Perfected Strike","floor":14},{"not_picked":["Bludgeon","Limit Break"],"picked":"Reaper","floor":16},{"not_picked":["Parasite","Normality"],"picked":"CommonCold","floor":17},{"not_picked":["ReplayTheSpireMod:Splinters","Overencumbered"],"picked":"hubris:Disease","floor":17},{"not_picked":["ReplayTheSpireMod:Restless Dread","hubris:Compulsion"],"picked":"hubris:Envy","floor":17},{"not_picked":["Headbutt","Replay:Undeath\u0027s Touch"],"picked":"Spot Weakness+1","floor":18},{"not_picked":["Iron Wave","Cleave+1"],"picked":"Shockwave","floor":19},{"not_picked":["Rampage","Clothesline"],"picked":"ReplayTheSpireMod:Stacked","floor":22},{"not_picked":["Replay:Undeath\u0027s Touch+1","StSpp:BladeOfBlood"],"picked":"Perfected Strike","floor":23},{"not_picked":["Hemokinesis+1","StSpp:TheBiggerTheyAre+1"],"picked":"Run Through+1","floor":24},{"not_picked":["Rage+1","StuffTheSpire:Slingshot+1"],"picked":"Whirlwind","floor":28},{"not_picked":["Inflame+1","Replay:Many Hands+1"],"picked":"Heavy Blade+1","floor":30}],"player_experience":69797,"relics_obtained":[{"floor":9,"key":"hubris:TenFootPole"},{"floor":14,"key":"Eternal Feather"},{"floor":21,"key":"Another Sword"},{"floor":23,"key":"Frozen Egg 2"},{"floor":26,"key":"Toxic Egg 2"},{"floor":28,"key":"ReplayTheSpireMod:Spearhead"},{"floor":30,"key":"hubris:SlimyHat"}],"event_choices":[{"damage_healed":47,"gold_gain":0,"player_choice":"Embrace Burn","damage_taken":0,"max_hp_gain":0,"max_hp_loss":80,"event_name":"betterThird:BetterShining","floor":13,"gold_loss":0},{"cards_removed":["Perfected Strike"],"damage_healed":0,"gold_gain":0,"player_choice":"Take \u0026 Give","damage_taken":0,"max_hp_gain":0,"max_hp_loss":0,"event_name":"betterNote:BetterNote","floor":27,"gold_loss":0,"cards_obtained":["Defend_G"]},{"damage_healed":18,"gold_gain":0,"player_choice":"Full Heal","damage_taken":0,"max_hp_gain":0,"max_hp_loss":0,"event_name":"Wheel of Change","floor":31,"gold_loss":0}],"is_beta":false,"boss_relics":[{"not_picked":["SacredBark","relicPack:KazumaCape"],"picked":"Replay:Ancient Bell"},{"not_picked":["Strawberry","King of Hearts"],"picked":"Blood Vial"},{"not_picked":["Self Forming Clay","InkBottle"],"picked":"StuffTheSpire:EmeraldSignet"},{"not_picked":["StuffTheSpire:MayFlowers","Replay:Towering Pillar of Hats"],"picked":"Lizard Tail"}],"items_purged_floors":[20],"is_endless":false,"potions_floor_spawned":[3,5,14,16,18,22,24],"killed_by":"Collector","ascension_level":0}}