{"host":"5p9hybygolzp0efr","time":1612870907,"event":{"mods":["AchievementEnabler","BaseMod","Bestiary","Colored Map","Minty Spire (QoL Compilation)","Permanent Neow","Relic Stats","StSLib"],"gold_per_floor":[118,46,63,63,75,110,124,135,181,181,181],"floor_reached":10,"language":"ENG","playtime":560,"items_purged":[],"score":109,"play_id":"787a3815-6ff4-451e-97ac-708c28c8da7e","local_time":"20210209194147","is_ascension_mode":true,"campfire_choices":[],"circlet_count":0,"master_deck":["AscendersBane","Strike_P","Strike_P","Strike_P","Strike_P","Defend_P","Defend_P","Defend_P","Defend_P","Eruption","Vigilance","Wallop","Fasting2","Tantrum","FollowUp"],"relics":["Snecko Eye","Bird Faced Urn","Happy Flower"],"acts_visited":["Exordium"],"potions_floor_usage":[],"damage_taken":[{"damage":0.0,"enemies":"Cultist","floor":1.0,"turns":3.0},{"damage":0.0,"enemies":"2 Louse","floor":3.0,"turns":2.0},{"damage":0.0,"enemies":"Jaw Worm","floor":5.0,"turns":2.0},{"damage":8.0,"enemies":"Lagavulin","floor":6.0,"turns":5.0},{"damage":4,"enemies":"3 Louse","floor":7,"turns":3},{"damage":14,"enemies":"Exordium Wildlife","floor":8,"turns":5},{"damage":6,"enemies":"3 Sentries","floor":10,"turns":3}],"seed_played":"2870934865203052553","potions_obtained":[{"floor":3.0,"key":"FairyPotion"},{"floor":6.0,"key":"ColorlessPotion"},{"floor":8,"key":"BottledMiracle"}],"is_trial":false,"path_per_floor":["M","$","M","?","M","E","M","M","T","E"],"character_chosen":"WATCHER","items_purchased":["Fasting2"],"campfire_rested":0,"item_purchase_floors":[2],"current_hp_per_floor":[65,65,65,53,53,45,43,31,31,25,25],"gold":181,"neow_bonus":"BOSS_RELIC","is_daily":false,"chose_seed":false,"campfire_upgraded":0,"win_rate":0.0,"timestamp":1612870907,"path_taken":["M","?","M","?","M","E","M","M","T","E"],"items_purchased_type":["Card"],"build_version":"2020-12-22","purchased_purges":0,"victory":false,"max_hp_per_floor":[72,72,72,72,72,72,72,72,72,72,72],"relic_stats":{"Happy Flower":[1],"counters":[7,23],"Bird Faced Urn":[4],"Snecko Eye":[49,43,26,33],"obtain_stats":[{"Happy Flower":9,"Bird Faced Urn":6,"Snecko Eye":0,"PureWater":0},{"Happy Flower":6,"Bird Faced Urn":4,"Snecko Eye":0,"PureWater":0},{"Happy Flower":20,"Bird Faced Urn":12,"Snecko Eye":0,"PureWater":0}]},"card_choices":[{"not_picked":["Evaluate","FlyingSleeves"],"picked":"Wallop","floor":1.0},{"not_picked":["Vengeance","ReachHeaven"],"picked":"Tantrum","floor":3.0},{"not_picked":["Tantrum","Consecrate","BowlingBash"],"picked":"SKIP","floor":5.0},{"not_picked":["Consecrate","FollowUp","Prostrate"],"picked":"SKIP","floor":6.0},{"not_picked":["Consecrate","Prostrate"],"picked":"FollowUp","floor":6.0},{"not_picked":["SashWhip","BowlingBash","PathToVictory"],"picked":"SKIP","floor":7},{"not_picked":["ConjureBlade","MentalFortress","Nirvana"],"picked":"SKIP","floor":8}],"player_experience":604820,"relics_obtained":[{"floor":6.0,"key":"Bird Faced Urn"},{"floor":9,"key":"Happy Flower"}],"event_choices":[{"damage_healed":0.0,"max_hp_gain":0.0,"max_hp_loss":0.0,"gold_gain":0.0,"event_name":"Scrap Ooze","player_choice":"Fled","floor":4.0,"gold_loss":0.0,"damage_taken":12.0}],"is_beta":false,"boss_relics":[],"items_purged_floors":[],"is_endless":false,"potions_floor_spawned":[3,6,8],"killed_by":"3 Sentries","ascension_level":11}}