{"host":"rsokn1b2nrspb1iw","time":1612857912,"event":{"mods":["BaseMod","Better Altar","Better Match","Better Note","Better Sensory Stone","Better Skull","Better Third Choice","Better Vampires","BetterRewards","Block Reminder","Colored Map","Colored Powertips","Custom Start","GifTheSpireLib","Hermit","Ironclad Rager","Minty Spire (QoL Compilation)","Quick Restart","Rare Cards Sparkle","Relic Stats","Spire Birthday Party","StSLib","Unceasing Turn Reminder"],"gold_per_floor":[111,39,39,51,66,66,85,85,85,50,68,85,96,110,110,210,210,230,230,243,243,243,243,275,275,275,275,77,77,93,93,93,193,193,207,225,325,130,148,180,180,198,198,28,28,28,48,63,63,63,63,63,3,30,30,30],"floor_reached":55,"language":"ENG","playtime":1550,"items_purged":["Strike_B","Strike_B","Strike_B"],"score":884,"play_id":"3dac8b00-b88e-490b-81ca-fe86dd5e1a50","local_time":"20210209010512","is_ascension_mode":false,"campfire_choices":[{"floor":6,"key":"REST"},{"floor":15,"key":"REST"},{"floor":23,"key":"REST"},{"floor":25,"key":"REST"},{"floor":27,"key":"REST"},{"floor":29,"key":"RECALL"},{"floor":32,"key":"REST"},{"floor":41,"key":"REST"},{"floor":45,"key":"REST"},{"data":"Storm","floor":49,"key":"SMITH"},{"data":"Static Discharge","floor":52,"key":"SMITH"}],"circlet_count":0,"master_deck":["Strike_B","Defend_B","Defend_B","Defend_B","Defend_B","Zap","Dualcast","Storm+1","Static Discharge","Gash","Static Discharge","Burn","Ball Lightning+1","White Noise","Static Discharge","Electrodynamics","Electrodynamics+1","Ball Lightning+1","Capacitor","Electrodynamics","White Noise","Thunder Strike+1","Thunder Strike+1","Capacitor","Static Discharge+1","Defragment+1","White Noise","Jack Of All Trades","Self Repair+1"],"relics":["Cracked Core","Omamori","ClockworkSouvenir","Membership Card","Shuriken","Molten Egg 2","Nuclear Battery","MutagenicStrength","Lantern","Dream Catcher","Busted Crown","Boot","Bird Faced Urn","Eternal Feather","Orichalcum","TheAbacus","Bronze Scales"],"acts_visited":["Exordium","TheCity","TheBeyond","TheEnding"],"potions_floor_usage":[39,40,50,50,55],"damage_taken":[{"damage":6,"enemies":"Jaw Worm","floor":1,"turns":4},{"damage":5,"enemies":"2 Louse","floor":4,"turns":2},{"damage":10,"enemies":"Small Slimes","floor":5,"turns":3},{"damage":9,"enemies":"2 Fungi Beasts","floor":7,"turns":3},{"damage":6,"enemies":"Blue Slaver","floor":11,"turns":3},{"damage":0,"enemies":"Exordium Wildlife","floor":12,"turns":3},{"damage":3,"enemies":"Gremlin Gang","floor":13,"turns":2},{"damage":25,"enemies":"Large Slime","floor":14,"turns":4},{"damage":26,"enemies":"Hexaghost","floor":16,"turns":4},{"damage":37,"enemies":"2 Thieves","floor":18,"turns":3},{"damage":5,"enemies":"Chosen","floor":20,"turns":3},{"damage":32,"enemies":"Book of Stabbing","floor":24,"turns":3},{"damage":30,"enemies":"Snake Plant","floor":30,"turns":2},{"damage":29,"enemies":"Champ","floor":33,"turns":6},{"damage":5,"enemies":"Orb Walker","floor":35,"turns":2},{"damage":7,"enemies":"3 Shapes","floor":36,"turns":3},{"damage":47,"enemies":"Writhing Mass","floor":39,"turns":3},{"damage":68,"enemies":"Nemesis","floor":40,"turns":3},{"damage":11,"enemies":"Spire Growth","floor":42,"turns":3},{"damage":10,"enemies":"Transient","floor":47,"turns":5},{"damage":16,"enemies":"Sphere and 2 Shapes","floor":48,"turns":3},{"damage":57,"enemies":"Donu and Deca","floor":50,"turns":3},{"damage":29,"enemies":"Shield and Spear","floor":54,"turns":2},{"damage":68,"enemies":"The Heart","floor":55,"turns":2}],"seed_played":"-5579696136737535851","potions_obtained":[{"floor":1,"key":"PotionOfCapacity"},{"floor":7,"key":"BlessingOfTheForge"},{"floor":20,"key":"Regen Potion"},{"floor":40,"key":"SkillPotion"},{"floor":42,"key":"SneckoOil"},{"floor":47,"key":"FearPotion"},{"floor":54,"key":"Fire Potion"}],"is_trial":false,"path_per_floor":["M","$","?","M","M","R","M","?","T","?","M","M","M","M","R","B",null,"M","?","M","?","?","R","E","R","T","R","$","R","M","?","R","B",null,"M","M","?","$","M","E","R","M","T","$","R","$","M","M","R","B",null,"R","$","E","B"],"character_chosen":"DEFECT","items_purchased":["Omamori","ClockworkSouvenir","Storm","Membership Card","Static Discharge","FairyPotion","Electrodynamics","White Noise","Thunder Strike+1","Capacitor","Boot","Regen Potion","Orichalcum","TheAbacus","Static Discharge","White Noise","Jack Of All Trades"],"campfire_rested":8,"item_purchase_floors":[0,0,0,0,2,2,28,28,28,38,38,38,44,44,44,53,53],"current_hp_per_floor":[35,35,23,18,8,30,21,21,21,39,33,33,30,5,27,1,75,38,38,33,33,33,55,23,45,45,67,67,67,37,37,59,30,75,70,63,63,63,25,9,31,30,30,30,67,67,73,59,74,26,75,75,75,48,0,0],"gold":30,"neow_bonus":"","is_daily":false,"chose_seed":false,"campfire_upgraded":2,"win_rate":0.0,"timestamp":1612857912,"path_taken":["M","$","?","M","M","R","M","?","T","?","M","M","?","M","R","BOSS","M","?","?","?","?","R","E","R","T","R","?","R","?","?","R","BOSS","M","M","?","$","M","E","R","M","T","$","R","?","?","M","R","BOSS","R","$","E","BOSS"],"items_purchased_type":["Relic","Relic","Card","Relic","Card","Potion","Card","Card","Card","Card","Relic","Potion","Relic","Relic","Card","Card","Card"],"build_version":"2020-12-22","purchased_purges":3,"victory":false,"max_hp_per_floor":[75,75,75,75,75,75,75,75,75,75,75,75,75,75,75,75,75,75,75,75,75,75,75,75,75,75,75,75,75,75,75,75,75,75,75,75,75,75,75,75,75,75,75,75,75,75,75,75,75,75,75,75,75,75,75,75],"relic_stats":{"Dream Catcher":5,"Busted Crown":20,"TheAbacus":[6],"counters":[45,147],"Shuriken":[3],"Bird Faced Urn":[49],"Bronze Scales":[0],"Eternal Feather":54,"Orichalcum":[54],"Boot":[5],"obtain_stats":[{"Lantern":26,"Boot":38,"ClockworkSouvenir":0,"Nunchaku":54,"Dream Catcher":24,"TheAbacus":44,"Pantograph":29,"Philosopher\u0027s Stone":17,"Red Mask":31,"Cracked Core":0,"InkBottle":13,"Girya":12,"NeowsBlessing":0,"Eternal Feather":43,"Omamori":0,"War Paint":10,"Orichalcum":44,"Mercury Hourglass":4,"Nuclear Battery":34,"Du-Vu Doll":22,"CaptainsWheel":7,"Busted Crown":34,"Shuriken":3,"MutagenicStrength":21,"Bird Faced Urn":40,"Bronze Scales":54,"Molten Egg 2":9,"Membership Card":0},{"Lantern":9,"Boot":37,"ClockworkSouvenir":21,"Nunchaku":20,"Dream Catcher":33,"TheAbacus":40,"Pantograph":10,"Philosopher\u0027s Stone":7,"Red Mask":12,"Cracked Core":0,"InkBottle":6,"Girya":5,"NeowsBlessing":0,"Eternal Feather":18,"Omamori":21,"War Paint":4,"Orichalcum":40,"Mercury Hourglass":2,"Nuclear Battery":13,"Du-Vu Doll":9,"CaptainsWheel":3,"Busted Crown":35,"Shuriken":22,"MutagenicStrength":32,"Bird Faced Urn":39,"Bronze Scales":44,"Molten Egg 2":25,"Membership Card":21},{"Lantern":30,"Boot":123,"ClockworkSouvenir":74,"Nunchaku":72,"Dream Catcher":110,"TheAbacus":132,"Pantograph":32,"Philosopher\u0027s Stone":24,"Red Mask":36,"Cracked Core":0,"InkBottle":13,"Girya":8,"NeowsBlessing":0,"Eternal Feather":60,"Omamori":74,"War Paint":6,"Orichalcum":132,"Mercury Hourglass":2,"Nuclear Battery":42,"Du-Vu Doll":30,"CaptainsWheel":3,"Busted Crown":118,"Shuriken":78,"MutagenicStrength":107,"Bird Faced Urn":129,"Bronze Scales":145,"Molten Egg 2":86,"Membership Card":74}]},"card_choices":[{"not_picked":["Stack","Compile Driver","Self Repair"],"picked":"SKIP","floor":1},{"not_picked":["Coolheaded","Turbo","Leap"],"picked":"SKIP","floor":4},{"not_picked":["Stack","Meteor Strike"],"picked":"Gash","floor":5},{"not_picked":["Turbo","Beam Cell"],"picked":"Static Discharge","floor":7},{"not_picked":["Lockon+1","Coolheaded"],"picked":"Ball Lightning+1","floor":11},{"not_picked":["Rebound+1","Lockon+1"],"picked":"White Noise","floor":12},{"not_picked":["Leap","Stack","Compile Driver+1"],"picked":"SKIP","floor":13},{"not_picked":["Reprogram","Beam Cell+1"],"picked":"Static Discharge","floor":14},{"not_picked":["Thunder Strike+1","Rainbow"],"picked":"Electrodynamics","floor":16},{"not_picked":["Rebound+1","Compile Driver+1","Redo"],"picked":"SKIP","floor":18},{"not_picked":["Conserve Battery+1","Hologram"],"picked":"Ball Lightning+1","floor":20},{"not_picked":["Steam+1","Barrage+1","Hologram"],"picked":"SKIP","floor":24},{"not_picked":["Go for the Eyes+1","Stack"],"picked":"Capacitor","floor":27},{"not_picked":["Sweeping Beam+1","Meteor Strike+1","Compile Driver+1"],"picked":"SKIP","floor":30},{"not_picked":["All For One+1","Rainbow"],"picked":"Thunder Strike+1","floor":33},{"not_picked":["Hologram+1"],"picked":"SKIP","floor":35},{"not_picked":["Redo"],"picked":"SKIP","floor":36},{"not_picked":["Rebound+1"],"picked":"SKIP","floor":39},{"not_picked":["Fusion+1"],"picked":"SKIP","floor":40},{"not_picked":["Cold Snap+1"],"picked":"SKIP","floor":42},{"not_picked":[],"picked":"Defragment+1","floor":45},{"not_picked":["Cold Snap+1"],"picked":"SKIP","floor":47},{"not_picked":["Reinforced Body+1"],"picked":"SKIP","floor":48},{"not_picked":[],"picked":"Self Repair+1","floor":54}],"player_experience":185916,"relics_obtained":[{"floor":9,"key":"Molten Egg 2"},{"floor":24,"key":"Dream Catcher"},{"floor":40,"key":"Bird Faced Urn"},{"floor":43,"key":"Eternal Feather"},{"floor":54,"key":"Bronze Scales"}],"event_choices":[{"damage_healed":0,"gold_gain":0,"player_choice":"Relic ","damage_taken":12,"max_hp_gain":0,"max_hp_loss":0,"event_name":"betterThird:BetterScrap","floor":3,"gold_loss":0,"cards_obtained":["Fasting2"]},{"damage_healed":21,"gold_gain":0,"player_choice":"Embrace Burn","damage_taken":0,"max_hp_gain":0,"max_hp_loss":75,"event_name":"betterThird:BetterShining","floor":8,"gold_loss":0},{"damage_healed":18,"gold_gain":0,"player_choice":"Healed","damage_taken":0,"max_hp_gain":0,"max_hp_loss":0,"event_name":"The Cleric","floor":10,"gold_loss":35},{"cards_removed":["Electrodynamics"],"damage_healed":0,"gold_gain":0,"player_choice":"Take \u0026 Give","damage_taken":0,"max_hp_gain":0,"max_hp_loss":0,"event_name":"betterNote:BetterNote","floor":19,"gold_loss":0,"cards_obtained":["Electrodynamics"]},{"damage_healed":0,"gold_gain":0,"player_choice":"Inject Mutagens","damage_taken":0,"relics_obtained":["MutagenicStrength"],"max_hp_gain":0,"max_hp_loss":0,"event_name":"Drug Dealer","floor":21,"gold_loss":0},{"damage_healed":0,"gold_gain":0,"player_choice":"Opened","damage_taken":0,"relics_obtained":["Lantern"],"max_hp_gain":0,"max_hp_loss":0,"event_name":"The Mausoleum","floor":22,"gold_loss":0,"cards_obtained":["Writhe"]},{"damage_healed":0,"gold_gain":0,"player_choice":"Ignored","damage_taken":0,"max_hp_gain":0,"max_hp_loss":0,"event_name":"Ghosts","floor":31,"gold_loss":0},{"damage_healed":0,"gold_gain":100,"player_choice":"Pray","damage_taken":0,"max_hp_gain":0,"max_hp_loss":0,"event_name":"Golden Shrine","floor":37,"gold_loss":0}],"is_beta":false,"boss_relics":[{"not_picked":["Velvet Choker","Runic Pyramid"],"picked":"Nuclear Battery"},{"not_picked":["Philosopher\u0027s Stone","Pandora\u0027s Box"],"picked":"Busted Crown"}],"items_purged_floors":[0,28,38],"is_endless":false,"potions_floor_spawned":[1,7,11,12,18,20,24,40,42,47,54],"killed_by":"The Heart","ascension_level":0}}