{"host":"i0m6ffz3lpe3z1ky","time":1612888526,"event":{"mods":["Aspiration","BaseMod","Bestiary","BetterRewards","Colored Map","Conspire","Energized Spire","Highlight Path","Hubris","Ironclad Rager","Minty Spire (QoL Compilation)","Quick Restart","Reliquary","Shop Mod","Spicy Shops","StSLib","Thieving Mod"],"gold_per_floor":[116,136,211,211,224,224,259,259,284,284,284,294,259,274,274,345,395,409,422,438,463,463,492,517,517,567,567,567,567,567,567,645,645,659,559,584,584,595,595,627,637,637,637,542,573,573,573,573,573,573,573,573,573,603,603],"floor_reached":57,"language":"KOR","playtime":4838,"items_purged":["Strike_R","Strike_R","Strike_R","Strike_R","Strike_R","Bash","Defend_R","Defend_R","Defend_R","Defend_R"],"score":3859,"play_id":"4739b8d7-7523-450e-a679-42682a32ef5b","local_time":"20210210013526","is_ascension_mode":true,"campfire_choices":[{"data":"1","floor":6.0,"key":"LIFT"},{"data":"Rampage+1","floor":8.0,"key":"SMITH"},{"data":"Rampage+2","floor":10.0,"key":"SMITH"},{"data":"Rampage+3","floor":15.0,"key":"SMITH"},{"floor":25,"key":"RECALL"},{"data":"Rampage+5","floor":27,"key":"SMITH"},{"data":"Rampage+6","floor":29,"key":"SMITH"},{"data":"Rampage+7","floor":30,"key":"SMITH"},{"data":"Rampage+8","floor":40,"key":"SMITH"},{"data":"Rampage+9","floor":44,"key":"SMITH"},{"data":"Rampage+10","floor":47,"key":"SMITH"},{"data":"Rampage+11","floor":49,"key":"SMITH"},{"data":"Rampage+12","floor":53,"key":"SMITH"}],"circlet_count":2,"master_deck":["AscendersBane","Metallicize+1","Master of Strategy+1","Master of Strategy","Master of Strategy+1","Mayhem+1","Madness+1","Feel No Pain+1","Metallicize+1","Mayhem+1","Shrug It Off+1","Trip+1","hubris:EnhanceAbility+1","Deep Breath+1","Metallicize+1","Seeing Red+1","Seeing Red+1","Panache+1","Finesse+1","Rampage+13","Feel No Pain+1","Metallicize+1","Panache+1","Flash of Steel+1","Shrug It Off+1","Exhume+1","Shrug It Off+1","Apotheosis+1","Evolve+1","Shrug It Off+1","Shrug It Off+1","Sadistic Nature+1","Feel No Pain+1","Panache+1","Flash of Steel+2","Shrug It Off+1","Blind+1","Shrug It Off+1","Master of Strategy+1","Deep Breath+1","Master of Strategy+1","Apotheosis+1","Flash of Steel+1","Shrug It Off+1","Panache+1","Finesse+1","Double Tap+1","Sadistic Nature+1","Master of Strategy+1","Seeing Red+1","Feed+1","Secret Weapon+1","Madness+1","Apotheosis+1","Headbutt+2","Flash of Steel+1","Metallicize+1","Seeing Red+1","conspire:Banana+1","Barricade+1","Seeing Red+1","Seeing Red+1","Apotheosis+1","Metallicize+1","Flash of Steel+1","conspire:Banana+1","Metallicize+1","Finesse+1","conspire:Banana+1","Metallicize+1","Seeing Red+1","Flash of Steel+1","conspire:Banana+1","Mind Blast+1","Deep Breath+1","Madness+1","Seeing Red+1","hubris:StunningStrike+1","Demon Form+1","Metallicize+1","Madness+1","Seeing Red+1","Metallicize+1","Flash of Steel+1","Metallicize+1","Exhume+1","Master of Strategy+1","Master of Strategy+1","Seeing Red+1","Master of Strategy+2","Flash of Steel+1","conspire:Banana+2","Master of Strategy+1","Master of Strategy+1","Double Tap+1","conspire:Banana+1","Master of Strategy+1","Finesse+1","Seeing Red+1","Apotheosis+1"],"relics":["Burning Blood","Sling","reliquary:Knoch","aspiration:StickyExplosives_weak","Ornamental Fan","Membership Card","aspiration:ChemicalBlood","Omamori","Bag of Marbles","hubris:CrystalStatue","TheAbacus","Ancient Tea Set","Pen Nib","reliquary:TuningFork","aspiration:Lifesprig","Medical Kit","TungstenRod","hubris:ToyBattleship","Mummified Hand","Du-Vu Doll","hubris:TenFootPole","Boot","reliquary:IridiumChain","Chemical X","aspiration:Nostalgia","PureWater","Nunchaku","reliquary:Stiletto","aspiration:FetidBarrel","reliquary:TatteredRug","hubris:PeanutButter","HandDrill","Lee\u0027s Waffle","aspiration:AnachronicSnailShell","hubris:ChampionShield","Frozen Eye","Bronze Scales","hubris:SlimyHat","reliquary:Boomerang","hubris:SphereOfDissonance","Unceasing Top","reliquary:BrokenClock","reliquary:Bookmark","reliquary:RoseTintedGlasses","reliquary:RosewoodLute","reliquary:PorcupineQuills","hubris:EmptyBottle","ClockworkSouvenir","Orichalcum","hubris:CuriousFeather","Red Skull","hubris:DeckOfHolding","reliquary:PartyBalloon","reliquary:QuartzCube","reliquary:NewFriend","Red Skull","conspire:GlowingRock","reliquary:BoilingFlask","Strange Spoon","Letter Opener","Lantern","Thread and Needle","White Beast Statue","hubris:BundleOfHerbs","reliquary:Tamtam","reliquary:PrincelyHelmet","OrangePellets","Juzu Bracelet","Calipers","MealTicket","conspire:TopHat","reliquary:TridentHead","reliquary:Buckler","Happy Flower","reliquary:WeakTea","Dream Catcher","Mango","Blood Vial","conspire:TreasureMap","hubris:Potato","Shuriken","conspire:Dentures","Potion Belt","Toy Ornithopter","Self Forming Clay","Singing Bowl","conspire:DecoderRing","Mercury Hourglass","reliquary:SharkskinSheath","reliquary:ExpiredCoupon","Meat on the Bone","Bag of Preparation","aspiration:FrozenJewel","Tiny Chest","hubris:OldNail","reliquary:Crutches","hubris:Reverence","hubris:IronBody","Peace Pipe","hubris:FunFungus","reliquary:BallBearing","reliquary:Sideboard","Kunai","PreservedInsect","Frozen Egg 2","Gremlin Horn","WingedGreaves","conspire:InfiniteJournal","Bird Faced Urn","hubris:Teleporter","Vajra","aspiration:DSix","Paper Frog","CaptainsWheel","Pocketwatch","StoneCalendar","conspire:Boomerang","Matryoshka","Sundial","reliquary:JackalopeAntler","Molten Egg 2","Prayer Wheel","Ice Cream","Magic Flower","reliquary:MedicineBall","hubris:MedicalManual","Pantograph","Incense Burner","reliquary:OuijaBoard","Charon\u0027s Ashes","hubris:64BitClover","Blue Candle","aspiration:HatOfInfinitePower","Pear","Turnip","hubris:Metronome","Toxic Egg 2","Eternal Feather","Question Card","Darkstone Periapt","Champion Belt","Girya","HornCleat","Lizard Tail","reliquary:Firecrackers","conspire:DeflatedDodgeball","reliquary:HotPoker","hubris:BottledRain","Gambling Chip","hubris:DuctTape","Ginger","hubris:GlazedTorus","reliquary:Aerogel","aspiration:Legacy_Headhunter","Bottled Lightning","Orrery","FossilizedHelix","hubris:TinFlute","Tiny House","War Paint","Centennial Puzzle","Oddly Smooth Stone","aspiration:RitualStick","Anchor","Whetstone","Strawberry","hubris:Spice","conspire:SlowCooker","Circlet","aspiration:HummingbirdHeart","Torii"],"acts_visited":[],"potions_floor_usage":[56,56,56,56,56,56,56,56],"damage_taken":[{"damage":0.0,"enemies":"Cultist","floor":1.0,"turns":1.0},{"damage":0.0,"enemies":"2 Louse","floor":2.0,"turns":1.0},{"damage":0.0,"enemies":"Small Slimes","floor":5.0,"turns":1.0},{"damage":0.0,"enemies":"Lagavulin","floor":7.0,"turns":1.0},{"damage":0.0,"enemies":"Blue Slaver","floor":12.0,"turns":1.0},{"damage":0.0,"enemies":"Lots of Slimes","floor":14.0,"turns":3.0},{"damage":0.0,"enemies":"The Guardian","floor":16.0,"turns":1.0},{"damage":0.0,"enemies":"conspire:FuzzyDice","floor":18.0,"turns":1.0},{"damage":0,"enemies":"3 Byrds","floor":19,"turns":3},{"damage":0,"enemies":"Centurion and Healer","floor":20,"turns":1},{"damage":0,"enemies":"Slavers","floor":23,"turns":3},{"damage":0,"enemies":"Book of Stabbing","floor":24,"turns":1},{"damage":0,"enemies":"Champ","floor":33,"turns":1},{"damage":0,"enemies":"Orb Walker","floor":35,"turns":1},{"damage":0,"enemies":"3 Darklings","floor":39,"turns":3},{"damage":0,"enemies":"Giant Head","floor":41,"turns":1},{"damage":0,"enemies":"Spire Growth","floor":42,"turns":1},{"damage":0,"enemies":"Reptomancer","floor":46,"turns":1},{"damage":0,"enemies":"hubris:GrandSnecko","floor":50,"turns":1},{"damage":0,"enemies":"conspire:OrnateMirror","floor":51,"turns":1},{"damage":0,"enemies":"Shield and Spear","floor":55,"turns":1},{"damage":0,"enemies":"The Heart","floor":56,"turns":5}],"seed_played":"1087573108651444313","potions_obtained":[],"is_trial":false,"path_per_floor":["M","M","?","$","M","R","E","R","T","R","?","M","?","M","R","B",null,"M","M","M","T","?","E","E","R","T","R","R","R","?","R","B",null,"M","NS","T","T","M","R","E","M","T","R","$","E","R","?","R","B","B",null,"R","$","E","B",null],"character_chosen":"IRONCLAD","items_purchased":["hubris:BottledRain","hubris:DuctTape","reliquary:Aerogel","Bottled Lightning","Orrery","Swift Potion","CultistPotion","Apotheosis+1"],"campfire_rested":0,"item_purchase_floors":[0,0,0,0,0,0,0,45],"current_hp_per_floor":[234,238,238,238,242,242,246,246,246,246,246,250,250,258,258,258,265,275,281,285,285,250,293,295,295,302,302,302,302,310,310,317,317,321,321,321,321,329,329,331,333,333,333,333,335,335,337,337,337,337,337,337,337,339,345],"gold":603,"neow_bonus":"","is_daily":false,"chose_seed":false,"campfire_upgraded":11,"win_rate":0.0,"timestamp":1612888526,"path_taken":["M","M","?","$","M","R","E","R","T","R","?","M","?","M","R","BOSS","M","M","M","?","?","E","E","R","T","R","R","R","?","R","BOSS","M","NS","?","?","M","R","E","M","T","R","?","E","R","?","R","BOSS","BOSS","R","$","E","BOSS"],"items_purchased_type":["Relic","Relic","Relic","Relic","Relic","Potion","Potion","Card"],"build_version":"2020-12-22","purchased_purges":10,"victory":true,"max_hp_per_floor":[234,238,238,238,242,242,246,246,246,246,246,250,250,258,258,258,265,275,281,285,285,285,293,295,295,302,302,302,302,310,310,317,317,321,321,321,321,329,329,331,333,333,333,333,335,335,337,337,337,337,337,337,337,339,345],"card_choices":[{"not_picked":["Body Slam+1","Searing Blow+1","Thunderclap+1","Cleave+1"],"picked":"Singing Bowl","floor":0.0},{"not_picked":["Rupture+1","Clash+1","Sword Boomerang+1","Body Slam+1"],"picked":"Singing Bowl","floor":0.0},{"not_picked":["Body Slam+1","Anger+1","conspire:ExplosiveBarrier+1","Headbutt+1"],"picked":"Singing Bowl","floor":0.0},{"not_picked":["Cleave+1","Twin Strike+1","Body Slam+1","Power Through+1"],"picked":"Singing Bowl","floor":0.0},{"not_picked":["Combust+1","hubris:ReadiedAction+1","Bludgeon+1","Iron Wave+1"],"picked":"Singing Bowl","floor":0.0},{"not_picked":["Battle Trance+1","Armaments+1","Clash+1","Shrug It Off+1"],"picked":"Singing Bowl","floor":1.0},{"not_picked":["Perfected Strike+1","Iron Wave+1","Sword Boomerang+1","Twin Strike+1"],"picked":"Singing Bowl","floor":1.0},{"not_picked":["hubris:CleavingFinish+1","Twin Strike+1","Power Through+1","Perfected Strike+1"],"picked":"Singing Bowl","floor":2.0},{"not_picked":["Headbutt+1","Dropkick+1","Armaments+1","Pummel+1"],"picked":"Singing Bowl","floor":2.0},{"not_picked":["Brutality+1","Wild Strike+1","Dual Wield+1","Rupture+1"],"picked":"Singing Bowl","floor":5.0},{"not_picked":["Sword Boomerang+1","Anger+1","Pommel Strike+1","Wild Strike+1"],"picked":"Singing Bowl","floor":5.0},{"not_picked":["Twin Strike+1","Havoc+1","Clash+1","Inflame+1"],"picked":"Singing Bowl","floor":7.0},{"not_picked":["Perfected Strike+1","True Grit+1","Headbutt+1","hubris:ReadiedAction+1"],"picked":"Singing Bowl","floor":12.0},{"not_picked":["Rampage+1","Warcry+1","Iron Wave+1","Havoc+1"],"picked":"Singing Bowl","floor":12.0},{"not_picked":["Limit Break+1","Warcry+1","Anger+1","Thunderclap+1"],"picked":"Singing Bowl","floor":14.0},{"not_picked":["Dark Embrace+1","True Grit+1","hubris:ReadiedAction+1","Rampage+1"],"picked":"Singing Bowl","floor":14.0},{"not_picked":["hubris:StunningStrike+1","Brutality+1","Offering+1"],"picked":"Corruption+1","floor":16.0},{"not_picked":["True Grit+1","Anger+1","conspire:Charge+1","Body Slam+1"],"picked":"Singing Bowl","floor":17.0},{"not_picked":["Wild Strike+1","Offering+1","Pommel Strike+1","Inflame+1"],"picked":"Singing Bowl","floor":18.0},{"not_picked":["Thunderclap+1","Heavy Blade+1","Armaments+1","Clothesline+1"],"picked":"Singing Bowl","floor":18.0},{"not_picked":["Heavy Blade+1","Burning Pact+1","Wild Strike+1","Perfected Strike+1"],"picked":"Singing Bowl","floor":19},{"not_picked":["hubris:ReadiedAction+1","Twin Strike+1","Feed+1","Warcry+1"],"picked":"Singing Bowl","floor":19},{"not_picked":["Ghostly Armor+1","Perfected Strike+1","Armaments+1","Combust+1"],"picked":"Singing Bowl","floor":20},{"not_picked":["Bloodletting+1","Intimidate+1","Body Slam+1","hubris:SharpeningStone+1"],"picked":"Singing Bowl","floor":20},{"not_picked":["Thunderclap+1","conspire:Purge+1","Headbutt+1","Clash+1"],"picked":"Singing Bowl","floor":23},{"not_picked":["Wild Strike+1","Warcry+1","Evolve+1","Metallicize+1"],"picked":"Singing Bowl","floor":24},{"not_picked":["conspire:HitWhereItHurts+1","Berserk+1","Reaper+1","Fiend Fire+1"],"picked":"Singing Bowl","floor":33},{"not_picked":["Flex+1","Iron Wave+1","Thunderclap+1","Anger+1"],"picked":"Singing Bowl","floor":35},{"not_picked":["Burning Pact+1","Pommel Strike+1","Heavy Blade+1","Second Wind+1"],"picked":"Singing Bowl","floor":35},{"not_picked":["Sword Boomerang+1","Carnage+1","Clothesline+1","Headbutt+1"],"picked":"Singing Bowl","floor":39},{"not_picked":["Sever Soul+1","Armaments+1","Wild Strike+1","Iron Wave+1"],"picked":"Singing Bowl","floor":39},{"not_picked":["hubris:CleavingFinish+1","Exhume+1","Bloodletting+1","Spot Weakness+1"],"picked":"Singing Bowl","floor":41},{"not_picked":["Thunderclap+1","Feel No Pain+1","Inflame+1"],"picked":"Warcry+1","floor":42},{"not_picked":["Clash+1","Wild Strike+1","Sentinel+1","Twin Strike+1"],"picked":"Singing Bowl","floor":42},{"not_picked":["Twin Strike+1","Evolve+1","hubris:CleavingFinish+1","Warcry+1"],"picked":"Singing Bowl","floor":46},{"not_picked":["Good Instincts+1","Metamorphosis+1","Forethought+1","Dark Shackles+1"],"picked":"Singing Bowl","floor":48},{"not_picked":["Clash+1","Flex+1","Body Slam+1","Armaments+1"],"picked":"Singing Bowl","floor":55}],"player_experience":392132,"relics_obtained":[{"floor":7.0,"key":"FossilizedHelix"},{"floor":9.0,"key":"hubris:TinFlute"},{"floor":18.0,"key":"War Paint"},{"floor":21,"key":"Centennial Puzzle"},{"floor":21,"key":"Oddly Smooth Stone"},{"floor":23,"key":"Anchor"},{"floor":24,"key":"Whetstone"},{"floor":26,"key":"Strawberry"},{"floor":37,"key":"Circlet"},{"floor":38,"key":"Circlet"},{"floor":41,"key":"aspiration:HummingbirdHeart"},{"floor":43,"key":"Torii"}],"event_choices":[{"damage_healed":0.0,"max_hp_gain":0.0,"max_hp_loss":0.0,"gold_gain":75.0,"event_name":"Golden Wing","player_choice":"Gained Gold","floor":3.0,"gold_loss":0.0,"damage_taken":0.0},{"damage_healed":62.0,"max_hp_gain":0.0,"max_hp_loss":0.0,"gold_gain":0.0,"event_name":"The Cleric","player_choice":"Healed","floor":13.0,"gold_loss":35.0,"damage_taken":0.0},{"cards_removed":["Metallicize"],"damage_healed":0,"gold_gain":0,"player_choice":"Gave Card","damage_taken":0,"relics_obtained":["hubris:Spice"],"max_hp_gain":0,"max_hp_loss":0,"event_name":"WeMeetAgain","floor":31,"gold_loss":0},{"damage_healed":0,"gold_gain":0,"player_choice":"Memory 1","damage_taken":0,"max_hp_gain":0,"max_hp_loss":0,"event_name":"SensoryStone","floor":48,"gold_loss":0}],"is_beta":false,"boss_relics":[{"not_picked":["Runic Pyramid","energizedSpire:SpiderWeb"],"picked":"Tiny House"},{"not_picked":["conspire:SeveredTorchhead","Snecko Eye"],"picked":"conspire:SlowCooker"}],"items_purged_floors":[0,0,0,0,0,0,0,0,0,0],"is_endless":false,"potions_floor_spawned":[1,2,5,7,12,14,16,18,19,20,23,24,33,35,39,41,42,46,55],"ascension_level":20}}