{"host":"msfr2axb1w9025n0","time":1612855070,"event":{"mods":["BaseMod","Bestiary","Block Reminder","Colored Map","DeckTracker","Minty Spire (QoL Compilation)","Relic Stats","Weighted Paths"],"gold_per_floor":[117,63,63,63,63,102,102,117,117,117,155,155,171,210,210,210,210],"floor_reached":16,"language":"ENG","playtime":303,"items_purged":[],"score":240,"play_id":"c19990d1-993c-40ad-aaef-a5d6404b42b9","local_time":"20210209141750","is_ascension_mode":true,"campfire_choices":[{"data":"Acrobatics","floor":7.0,"key":"SMITH"},{"data":"Neutralize","floor":10.0,"key":"SMITH"},{"floor":12.0,"key":"REST"},{"data":"Underhanded Strike","floor":15.0,"key":"SMITH"}],"circlet_count":0,"master_deck":["AscendersBane","Strike_G","Strike_G","Strike_G","Strike_G","Strike_G","Defend_G","Defend_G+1","Defend_G","Defend_G","Defend_G","Survivor","Neutralize+1","All Out Attack+1","Quick Slash+1","Acrobatics+1","Underhanded Strike+1","Dagger Throw","Backflip","Riddle With Holes"],"relics":["Ring of the Snake","NeowsBlessing","Golden Idol","Potion Belt","Paper Crane","Anchor","PreservedInsect"],"acts_visited":["Exordium"],"potions_floor_usage":[16],"damage_taken":[{"damage":0.0,"enemies":"2 Louse","floor":1.0,"turns":1.0},{"damage":0.0,"enemies":"3 Sentries","floor":6.0,"turns":1.0},{"damage":0.0,"enemies":"Small Slimes","floor":8.0,"turns":1.0},{"damage":26.0,"enemies":"Gremlin Nob","floor":11.0,"turns":5.0},{"damage":0.0,"enemies":"Jaw Worm","floor":13.0,"turns":3.0},{"damage":8.0,"enemies":"Lagavulin","floor":14.0,"turns":6.0},{"damage":38,"enemies":"Slime Boss","floor":16,"turns":6}],"seed_played":"5727455194354642724","potions_obtained":[{"floor":1.0,"key":"SteroidPotion"},{"floor":13.0,"key":"Poison Potion"}],"is_trial":false,"path_per_floor":["M","$","?","?","?","E","R","M","T","R","E","R","M","E","R","B"],"character_chosen":"THE_SILENT","items_purchased":["Quick Slash"],"campfire_rested":1,"item_purchase_floors":[2],"current_hp_per_floor":[59,59,46,46,46,46,46,46,46,46,20,38,38,30,30,0,0],"gold":210,"neow_bonus":"THREE_ENEMY_KILL","is_daily":false,"chose_seed":false,"campfire_upgraded":3,"win_rate":0.0,"timestamp":1612855070,"path_taken":["M","$","?","?","?","E","R","M","T","R","E","R","M","E","R","BOSS"],"items_purchased_type":["Card"],"build_version":"2020-12-22","purchased_purges":0,"victory":false,"max_hp_per_floor":[66,66,66,66,61,61,61,61,61,61,61,61,61,61,61,61,61],"relic_stats":{"counters":[7,23],"Golden Idol":30,"PreservedInsect":0,"obtain_stats":[{"Potion Belt":6,"Anchor":11,"NeowsBlessing":0,"Golden Idol":5,"PreservedInsect":14,"Paper Crane":9,"Ring of the Snake":0},{"Potion Belt":2,"Anchor":4,"NeowsBlessing":0,"Golden Idol":1,"PreservedInsect":6,"Paper Crane":3,"Ring of the Snake":0},{"Potion Belt":2,"Anchor":8,"NeowsBlessing":0,"Golden Idol":1,"PreservedInsect":17,"Paper Crane":3,"Ring of the Snake":0}],"Ring of the Snake":[14]},"card_choices":[{"not_picked":["Caltrops","Prepared"],"picked":"All Out Attack","floor":1.0},{"not_picked":["Setup","Quick Slash"],"picked":"Acrobatics","floor":6.0},{"not_picked":["Deadly Poison","Outmaneuver"],"picked":"Underhanded Strike","floor":8.0},{"not_picked":["Deadly Poison","Dagger Spray"],"picked":"Dagger Throw","floor":11.0},{"not_picked":["Dagger Throw","Dagger Spray"],"picked":"Backflip","floor":13.0},{"not_picked":["Masterful Stab","PiercingWail"],"picked":"Riddle With Holes","floor":14.0}],"player_experience":300507,"relics_obtained":[{"floor":6.0,"key":"Potion Belt"},{"floor":9.0,"key":"Paper Crane"},{"floor":11.0,"key":"Anchor"},{"floor":14.0,"key":"PreservedInsect"}],"event_choices":[{"damage_healed":0.0,"max_hp_gain":0.0,"max_hp_loss":0.0,"gold_gain":0.0,"event_name":"Shining Light","player_choice":"Entered Light","floor":3.0,"gold_loss":0.0,"damage_taken":13.0,"cards_upgraded":["All Out Attack","Defend_G"]},{"damage_healed":0.0,"max_hp_gain":0.0,"max_hp_loss":0.0,"gold_gain":0.0,"event_name":"Living Wall","player_choice":"Grow","floor":4.0,"gold_loss":0.0,"damage_taken":0.0,"cards_upgraded":["Quick Slash"]},{"damage_healed":0.0,"max_hp_gain":0.0,"max_hp_loss":5.0,"gold_gain":0.0,"event_name":"Golden Idol","player_choice":"Lose Max HP","floor":5.0,"gold_loss":0.0,"damage_taken":0.0,"relics_obtained":["Golden Idol"]}],"is_beta":false,"boss_relics":[],"items_purged_floors":[],"is_endless":false,"potions_floor_spawned":[1,13],"killed_by":"Slime Boss","ascension_level":14}}