{"host":"36t3qd3wjvajtu1z","time":1612913017,"event":{"mods":["2.2 Compatiblity","AchievementEnabler","BaseMod","Bestiary","Block Reminder","Colored Powertips","Curses Come First","Highlight Path","Minty Spire (QoL Compilation)","Permanent Neow","Quick Restart","Random Character Button","Rare Cards Sparkle","Relic Stats","Slay-I","StSLib","Unknown Chances"],"gold_per_floor":[110,125,144,144,161,161,179,504,550,582,582,582,582,606,606,606,606],"floor_reached":16,"language":"ENG","playtime":694,"items_purged":[],"score":222,"play_id":"7ff89b71-f853-4dfc-8d10-38acdaa4fab9","local_time":"20210209152337","is_ascension_mode":true,"campfire_choices":[{"floor":6.0,"key":"REST"},{"floor":13.0,"key":"REST"},{"data":"Bullet Time","floor":15.0,"key":"SMITH"}],"circlet_count":0,"master_deck":["AscendersBane","Strike_G","Strike_G","Strike_G","Strike_G","Defend_G","Defend_G","Defend_G","Defend_G","Defend_G","Survivor","Neutralize","Bullet Time+1","Quick Slash","Crippling Poison","Infinite Blades","Choke","Poisoned Stab","Blade Dance","Catalyst","Acrobatics","Corpse Explosion","Sucker Punch"],"relics":["Ring of the Snake","Old Coin","Dream Catcher","Meat on the Bone","Golden Idol"],"acts_visited":["Exordium"],"potions_floor_usage":[],"damage_taken":[{"damage":1.0,"enemies":"2 Louse","floor":1.0,"turns":4.0},{"damage":11.0,"enemies":"Small Slimes","floor":2.0,"turns":3.0},{"damage":5.0,"enemies":"Cultist","floor":3.0,"turns":5.0},{"damage":8.0,"enemies":"Large Slime","floor":5.0,"turns":4.0},{"damage":7.0,"enemies":"Looter","floor":7.0,"turns":4.0},{"damage":6.0,"enemies":"Gremlin Nob","floor":8.0,"turns":3.0},{"damage":29.0,"enemies":"Lagavulin","floor":10.0,"turns":6.0},{"damage":0.0,"enemies":"Lots of Slimes","floor":11.0,"turns":1.0},{"damage":18.0,"enemies":"Gremlin Gang","floor":14.0,"turns":3.0},{"damage":38,"enemies":"Slime Boss","floor":16,"turns":3}],"seed_played":"4389794473097150389","potions_obtained":[{"floor":2.0,"key":"FearPotion"},{"floor":5.0,"key":"Poison Potion"},{"floor":7.0,"key":"Swift Potion"},{"floor":8.0,"key":"SmokeBomb"}],"is_trial":false,"path_per_floor":["M","M","M","?","M","R","M","E","T","E","M","?","R","M","R","B"],"character_chosen":"THE_SILENT","items_purchased":[],"campfire_rested":2,"item_purchase_floors":[],"current_hp_per_floor":[58,47,42,42,34,53,46,40,40,11,23,23,41,35,35,0,0],"gold":606,"neow_bonus":"ONE_RANDOM_RARE_CARD","is_daily":false,"chose_seed":false,"campfire_upgraded":1,"win_rate":0.0,"timestamp":1612913017,"path_taken":["M","M","M","?","M","R","M","E","T","E","M","?","R","M","R","BOSS"],"items_purchased_type":[],"build_version":"2020-12-22","purchased_purges":0,"victory":false,"max_hp_per_floor":[66,66,66,66,66,66,66,66,66,66,66,60,60,60,60,60,60],"relic_stats":{"Dream Catcher":1,"counters":[10,36],"Golden Idol":5,"obtain_stats":[{"Dream Catcher":9,"Golden Idol":12,"Ring of the Snake":0,"Old Coin":8,"Meat on the Bone":10},{"Dream Catcher":6,"Golden Idol":8,"Ring of the Snake":0,"Old Coin":6,"Meat on the Bone":7},{"Dream Catcher":23,"Golden Idol":30,"Ring of the Snake":0,"Old Coin":23,"Meat on the Bone":29}],"Ring of the Snake":[20],"Meat on the Bone":24},"card_choices":[{"not_picked":["Footwork","Bane"],"picked":"Quick Slash","floor":1.0},{"not_picked":["Outmaneuver","Prepared"],"picked":"Crippling Poison","floor":2.0},{"not_picked":["Escape Plan","PiercingWail"],"picked":"Infinite Blades","floor":3.0},{"not_picked":["Backflip","Dodge and Roll"],"picked":"Poisoned Stab","floor":5.0},{"not_picked":["Infinite Blades","Well Laid Plans"],"picked":"Blade Dance","floor":7.0},{"not_picked":["Prepared","Reflex"],"picked":"Catalyst","floor":8.0},{"not_picked":["Backflip","Outmaneuver"],"picked":"Acrobatics","floor":10.0},{"not_picked":["Bane","Deadly Poison"],"picked":"Corpse Explosion","floor":13.0},{"not_picked":["Dagger Throw","Backflip"],"picked":"Sucker Punch","floor":14.0}],"player_experience":454684,"relics_obtained":[{"floor":8.0,"key":"Old Coin"},{"floor":9.0,"key":"Dream Catcher"},{"floor":10.0,"key":"Meat on the Bone"}],"event_choices":[{"damage_healed":0.0,"max_hp_gain":0.0,"max_hp_loss":0.0,"gold_gain":0.0,"cards_transformed":["Strike_G"],"event_name":"Living Wall","player_choice":"Change","floor":4.0,"gold_loss":0.0,"damage_taken":0.0,"cards_obtained":["Choke"]},{"damage_healed":0.0,"max_hp_gain":0.0,"max_hp_loss":6.0,"gold_gain":0.0,"event_name":"Golden Idol","player_choice":"Lose Max HP","floor":12.0,"gold_loss":0.0,"damage_taken":0.0,"relics_obtained":["Golden Idol"]}],"is_beta":false,"boss_relics":[],"items_purged_floors":[],"is_endless":false,"potions_floor_spawned":[2,5,7,8],"killed_by":"Slime Boss","ascension_level":19}}