{"host":"0cm5wy4nhuju7tij","time":1612903978,"event":{"mods":["100% Spire Juice","2.2 Compatiblity","AchievementEnabler","Aspiration","BaseMod","Better Third Choice","BetterRewards","CCEM2","CapriCore","Colored Powertips","Curses Come First","Displayed Cursed Tome","Downfall","Energized Spire","Evolution","Filter the Spire","Highlight Path","Jess\u0027s Bottle","Minty Spire (QoL Compilation)","Permanent Neow","Poor People Problems","Relic Filter Mod","Relic Stats","Shop Mod","Spicy Shops","StSLib","The Cursed","TheSurvivalist","TheVacant","Weighted Paths"],"gold_per_floor":[115,115,129,148,158,192,192,44,44,44,44,59,59,73,73,172,172,187,200,220,234,100,100,100],"floor_reached":23,"language":"ENG","playtime":1247,"items_purged":["theVacant:VacantStarterStrike","theVacant:VacantStarterStrike"],"score":195,"play_id":"3c7ffac1-3ef2-47da-9b66-bc381ceb4942","local_time":"20210209155258","is_ascension_mode":false,"campfire_choices":[{"data":"theVacant:Yeet","floor":7,"key":"SMITH"},{"data":"theVacant:Acceptance","floor":10,"key":"SMITH"},{"data":"theVacant:Spinshield","floor":13,"key":"SMITH"},{"data":"theVacant:PitOfDespair","floor":15,"key":"SMITH"}],"circlet_count":0,"master_deck":["theVacant:EyePoke","theVacant:EyePoke","theVacant:VacantStarterDefend","theVacant:VacantStarterDefend","theVacant:VacantStarterDefend","theVacant:VacantStarterDefend","theVacant:Release","theVacant:Crunch","theVacant:Yeet+1","theVacant:Spinshield+1","theVacant:BellToll","theVacant:ShriekingBlast","theVacant:TwistFate","theVacant:Acceptance+1","theVacant:Fling","theVacant:PitOfDespair+1","theVacant:FiendFrost","theVacant:LashOut","theVacant:GraveWave","theVacant:Anguish","theVacant:Husk+1","theVacant:LashOut"],"relics":["theVacant:BrassGoblet","EVO:Axolotl","aspiration:Nostalgia","champ:ChampionCrown","CCEMRelics:Sandal","CCEMRelics:Apple","FaceOfCleric","Black Star"],"acts_visited":["Exordium","TheCity"],"potions_floor_usage":[6,23],"damage_taken":[{"damage":0,"enemies":"2 Louse","floor":1,"turns":4},{"damage":0,"enemies":"Cultist","floor":3,"turns":2},{"damage":2,"enemies":"Jaw Worm","floor":4,"turns":3},{"damage":2,"enemies":"Exordium Thugs","floor":5,"turns":3},{"damage":18,"enemies":"3 Sentries","floor":6,"turns":6},{"damage":0,"enemies":"2 Fungi Beasts","floor":12,"turns":3},{"damage":9,"enemies":"Looter","floor":14,"turns":3},{"damage":3,"enemies":"The Guardian","floor":16,"turns":8},{"damage":1,"enemies":"Chosen","floor":18,"turns":3},{"damage":20,"enemies":"Spheric Guardian","floor":19,"turns":5},{"damage":21,"enemies":"Chosen and Byrds","floor":20,"turns":5},{"damage":7,"enemies":"Cultist and Chosen","floor":21,"turns":5},{"damage":41,"enemies":"Slavers","floor":23,"turns":3}],"seed_played":"2946459634352440811","potions_obtained":[{"floor":1,"key":"Ancient Potion"},{"floor":5,"key":"Block Potion"},{"floor":6,"key":"SteroidPotion"},{"floor":16,"key":"Explosive Potion"}],"is_trial":false,"path_per_floor":["M","?","M","M","M","E","R","$","T","R","?","M","R","M","R","B",null,"M","M","M","M","$","E"],"character_chosen":"THE_VACANT","items_purchased":["theVacant:Acceptance","theVacant:LashOut"],"campfire_rested":0,"item_purchase_floors":[8,22],"current_hp_per_floor":[80,80,80,78,76,58,58,58,58,58,58,59,59,51,51,49,83,83,64,44,41,41,0,0],"gold":100,"neow_bonus":"NOSTALGIA","is_daily":false,"chose_seed":false,"campfire_upgraded":4,"win_rate":0.0,"timestamp":1612903978,"path_taken":["M","?","M","M","M","E","R","$","T","R","?","M","R","M","R","BOSS","M","M","M","M","$","E"],"items_purchased_type":["Card","Card"],"build_version":"2020-12-22","purchased_purges":2,"victory":false,"max_hp_per_floor":[80,80,80,80,80,80,80,80,80,80,80,81,81,82,82,83,83,84,85,86,90,90,90,90],"relic_stats":{"FaceOfCleric":7,"counters":[13,53],"Black Star":0,"obtain_stats":[{"theVacant:BrassGoblet":0,"CCEMRelics:Apple":9,"FaceOfCleric":11,"aspiration:Nostalgia":0,"champ:ChampionCrown":0,"CCEMRelics:Sandal":6,"Black Star":17,"EVO:Axolotl":0},{"theVacant:BrassGoblet":0,"CCEMRelics:Apple":5,"FaceOfCleric":5,"aspiration:Nostalgia":0,"champ:ChampionCrown":0,"CCEMRelics:Sandal":5,"Black Star":8,"EVO:Axolotl":0},{"theVacant:BrassGoblet":0,"CCEMRelics:Apple":18,"FaceOfCleric":18,"aspiration:Nostalgia":0,"champ:ChampionCrown":0,"CCEMRelics:Sandal":18,"Black Star":32,"EVO:Axolotl":0}]},"card_choices":[{"not_picked":["theVacant:TwistFate","theVacant:Spinshield"],"picked":"theVacant:Yeet","floor":1},{"not_picked":["theVacant:Cower","theVacant:OnSecondThought"],"picked":"theVacant:Spinshield","floor":3},{"not_picked":["theVacant:CursedBlast","theVacant:Yeet"],"picked":"theVacant:BellToll","floor":4},{"not_picked":["theVacant:Reconnect","theVacant:Thoughtseize"],"picked":"theVacant:ShriekingBlast","floor":5},{"not_picked":["theVacant:Showdown","theVacant:BattleScars"],"picked":"theVacant:TwistFate","floor":6},{"not_picked":["theVacant:Soothe","theVacant:Return"],"picked":"theVacant:Fling","floor":12},{"not_picked":["theVacant:Barrage","theVacant:Enrage"],"picked":"theVacant:PitOfDespair","floor":14},{"not_picked":["theVacant:DarkStrike","theVacant:FromNothing"],"picked":"theVacant:FiendFrost","floor":16},{"not_picked":["theVacant:Barrage","theVacant:EyePoke+1"],"picked":"theVacant:LashOut","floor":18},{"not_picked":["theVacant:Cower","theVacant:EmptyShield+1"],"picked":"theVacant:GraveWave","floor":19},{"not_picked":["theVacant:GraveDigger+1","theVacant:GraveWave"],"picked":"theVacant:Anguish","floor":20},{"not_picked":["theVacant:Spinshield+1","theVacant:Whip"],"picked":"theVacant:Husk+1","floor":21}],"player_experience":300234,"relics_obtained":[{"floor":6,"key":"CCEMRelics:Sandal"},{"floor":9,"key":"CCEMRelics:Apple"}],"event_choices":[{"damage_healed":0,"gold_gain":0,"player_choice":"Ignored","damage_taken":115,"max_hp_gain":0,"max_hp_loss":0,"event_name":"betterThird:BetterSerpent","floor":2,"gold_loss":0},{"damage_healed":0,"gold_gain":0,"player_choice":"Trade","damage_taken":0,"relics_obtained":["FaceOfCleric"],"max_hp_gain":0,"max_hp_loss":0,"event_name":"FaceTrader","floor":11,"gold_loss":0}],"is_beta":false,"boss_relics":[{"not_picked":["Velvet Choker","aspiration:SilentSkillbook"],"picked":"Black Star"}],"items_purged_floors":[8,22],"is_endless":false,"potions_floor_spawned":[1,4,5,6,16,18,20],"killed_by":"Slavers","ascension_level":0}}