{"host":"nlbr7nnijupf3yfg","time":1612908714,"event":{"mods":["AchievementEnabler","BaseMod","Colored Powertips","DeckTracker","Hubris","Minty Spire (QoL Compilation)","Replay The Spire","StSLib","SuperFastMode"],"gold_per_floor":[109,284,284,284,296,296,307,89,89,124,134,150,150,178,178,178,178],"floor_reached":16,"language":"ENG","playtime":219,"items_purged":[],"score":149,"play_id":"d2d15f42-a11c-4fe2-923f-68a85a3d0efa","local_time":"20210209171154","is_ascension_mode":true,"campfire_choices":[{"floor":6,"key":"REST"},{"floor":15,"key":"REST"}],"circlet_count":0,"master_deck":["Strike_R","Strike_R","Strike_R","Strike_R","Strike_R","Defend_R","Defend_R","Defend_R","Defend_R","Eruption","Anger","Searing Blow","hubris:DuctTapeCard","Pommel Strike","ReplayTheSpireMod:LeadingStrike","Clothesline","Parasite","Whirlwind"],"relics":["Runic Dome","Lee\u0027s Waffle","Quantum Egg","hubris:DuctTape","hubris:IronBody"],"acts_visited":["Exordium"],"potions_floor_usage":[11,14],"damage_taken":[{"damage":9,"enemies":"2 Louse","floor":1,"turns":3},{"damage":24,"enemies":"Small Slimes","floor":5,"turns":2},{"damage":12,"enemies":"Jaw Worm","floor":7,"turns":2},{"damage":30,"enemies":"Lagavulin","floor":10,"turns":5},{"damage":11,"enemies":"Looter","floor":11,"turns":2},{"damage":13,"enemies":"2 Fungi Beasts","floor":12,"turns":3},{"damage":40,"enemies":"3 Sentries","floor":14,"turns":7},{"damage":72,"enemies":"The Guardian","floor":16,"turns":5}],"seed_played":"8247249474403535191","potions_obtained":[{"floor":1,"key":"LiquidBronze"},{"floor":10,"key":"Adrenaline Potion"},{"floor":11,"key":"BloodPotion"}],"is_trial":false,"path_per_floor":["M","?","?","?","M","R","M","$","T","E","M","M","?","E","R","B"],"character_chosen":"IRONCLAD","items_purchased":["Lee\u0027s Waffle","Searing Blow"],"campfire_rested":2,"item_purchase_floors":[8,8],"current_hp_per_floor":[63,63,63,56,32,56,44,87,87,57,63,50,71,31,57,0,0],"gold":178,"neow_bonus":"BOSS_RELIC","is_daily":false,"chose_seed":false,"campfire_upgraded":0,"win_rate":0.0,"timestamp":1612908714,"path_taken":["M","?","?","?","M","R","M","?","T","E","M","M","?","E","R","BOSS"],"items_purchased_type":["Relic","Card"],"build_version":"2020-12-22","purchased_purges":0,"victory":false,"max_hp_per_floor":[80,80,80,80,80,80,80,87,87,87,87,87,87,87,87,87,87],"card_choices":[{"not_picked":["Fire Breathing","Run Through"],"picked":"Heavy Blade","floor":1},{"not_picked":["Twin Strike","Cleave"],"picked":"Perfected Strike","floor":5},{"not_picked":["Rage","Replay:Undeath\u0027s Touch"],"picked":"Anger","floor":7},{"not_picked":["Dual Wield","Berserk"],"picked":"Pommel Strike","floor":10},{"not_picked":["True Grit","Battle Trance"],"picked":"ReplayTheSpireMod:LeadingStrike","floor":11},{"not_picked":["Sentinel","Wild Strike"],"picked":"Clothesline","floor":12},{"not_picked":["Perfected Strike","True Grit"],"picked":"Whirlwind","floor":14}],"player_experience":43040,"relics_obtained":[{"floor":9,"key":"Quantum Egg"},{"floor":10,"key":"hubris:DuctTape"},{"floor":14,"key":"hubris:IronBody"}],"event_choices":[{"damage_healed":0,"gold_gain":175,"player_choice":"AGREE","damage_taken":0,"max_hp_gain":0,"max_hp_loss":0,"event_name":"Liars Game","floor":2,"gold_loss":0,"cards_obtained":["Doubt"]},{"cards_removed":["Doubt"],"damage_healed":0,"gold_gain":0,"player_choice":"Card Removal","damage_taken":7,"max_hp_gain":0,"max_hp_loss":0,"event_name":"Golden Wing","floor":4,"gold_loss":0},{"damage_healed":21,"gold_gain":0,"player_choice":"Healed and dodged fight","damage_taken":0,"max_hp_gain":0,"max_hp_loss":0,"event_name":"Mushrooms","floor":13,"gold_loss":0,"cards_obtained":["Parasite"]}],"is_beta":false,"boss_relics":[],"items_purged_floors":[],"is_endless":false,"potions_floor_spawned":[1,10,11],"killed_by":"The Guardian","ascension_level":7}}