{"host":"7h05nr6qm89lgkco","time":1612872920,"event":{"mods":["BaseMod","Bestiary","Block Reminder","ChefMod","Colored Powertips","DeckTracker","Dota2Spire","Downfall","Friendly Minions","Minty Spire (QoL Compilation)","Quick Restart","Rare Cards Sparkle","Relic Stats","StSLib","The Cursed","The Poker Player","Unceasing Turn Reminder"],"gold_per_floor":[99,99,99,199,199,227,227,238,238,271,282,317,317,334,351,351,351,351],"floor_reached":16,"language":"ZHS","playtime":664,"items_purged":[],"score":150,"play_id":"2495ed43-04b3-45df-8cfb-5556dbdd29b6","local_time":"20210209201520","is_ascension_mode":true,"campfire_choices":[{"data":"bronze:Replicate","floor":1.0,"key":"SMITH"},{"data":"bronze:CleanCode","floor":13.0,"key":"SMITH"}],"circlet_count":0,"master_deck":["bronze:Strike","bronze:Strike","bronze:Strike","bronze:Strike","bronze:Defend","bronze:Defend","bronze:Defend","bronze:Replicate+1","bronze:Goto+1","bronze:Iterate+1","bronze:ForceShield","bronze:CleanCode+1","bronze:BronzeOrb","bronze:Repulsor","bronze:MaxOutput","bronze:Philosophize","bronze:Boost","bronze:ClassDefault"],"relics":["bronze:BronzeCore","downfall:HeartsMalice","Art of War","Torii","Mummified Hand","Pen Nib"],"acts_visited":["Exordium"],"potions_floor_usage":[14,15,16],"damage_taken":[{"damage":0.0,"enemies":"2 Louse","floor":2.0,"turns":1.0},{"damage":0.0,"enemies":"Small Slimes","floor":3.0,"turns":1.0},{"damage":0.0,"enemies":"Gremlin Nob","floor":6.0,"turns":1.0},{"damage":1.0,"enemies":"Cultist","floor":8.0,"turns":3.0},{"damage":27.0,"enemies":"3 Sentries","floor":10.0,"turns":9.0},{"damage":1.0,"enemies":"3 Louse","floor":11.0,"turns":4.0},{"damage":14.0,"enemies":"Gremlin Nob","floor":12.0,"turns":3.0},{"damage":19,"enemies":"Exordium Thugs","floor":14,"turns":4},{"damage":2,"enemies":"2 Fungi Beasts","floor":15,"turns":5},{"damage":33,"enemies":"IC_STATUS_ARCHETYPE","floor":16,"turns":8}],"seed_played":"286343805904558807","potions_obtained":[{"floor":10.0,"key":"Swift Potion"},{"floor":11.0,"key":"Energy Potion"},{"floor":14,"key":"Dota2Spire:HealingSalve"},{"floor":15,"key":"Regen Potion"}],"is_trial":false,"path_per_floor":["R","M","M","?","?","E","T","M","?","E","M","E","R","M","M","B"],"character_chosen":"THE_AUTOMATON","items_purchased":[],"campfire_rested":0,"item_purchase_floors":[],"current_hp_per_floor":[70,70,70,70,70,70,70,69,69,42,41,27,27,8,18,0,0,0],"gold":351,"neow_bonus":"THREE_ENEMY_KILL","is_daily":false,"chose_seed":false,"campfire_upgraded":2,"win_rate":0.0,"timestamp":1612872920,"path_taken":["R","M","M","?","?","E","T","?","?","E","M","E","R","M","M","BOSS"],"items_purchased_type":[],"build_version":"2020-12-22","purchased_purges":0,"victory":false,"max_hp_per_floor":[70,70,70,70,70,70,70,70,70,70,70,70,70,70,70,70,70,70],"relic_stats":{"Torii":20,"counters":[10,36],"Mummified Hand":[23],"Pen Nib":[2],"Art of War":[2],"obtain_stats":[{"bronze:BronzeCore":0,"Torii":7,"Mummified Hand":10,"downfall:HeartsMalice":0,"Pen Nib":12,"Art of War":6},{"bronze:BronzeCore":0,"Torii":3,"Mummified Hand":5,"downfall:HeartsMalice":0,"Pen Nib":7,"Art of War":3},{"bronze:BronzeCore":0,"Torii":0,"Mummified Hand":12,"downfall:HeartsMalice":0,"Pen Nib":19,"Art of War":0}]},"card_choices":[{"not_picked":["bronze:BuggyMess","bronze:ForLoop"],"picked":"bronze:Iterate","floor":2.0},{"not_picked":["bronze:Optimize","bronze:Iterate"],"picked":"bronze:ForceShield","floor":3.0},{"not_picked":["bronze:DarkDash","bronze:Branch"],"picked":"bronze:CleanCode","floor":6.0},{"not_picked":["bronze:BugBarrage","bronze:BronzeArmor"],"picked":"bronze:BronzeOrb","floor":8.0},{"not_picked":["bronze:DigitalCarnage","bronze:ItsAFeature"],"picked":"bronze:Repulsor","floor":10.0},{"not_picked":["bronze:Overheat","bronze:ChosenStrike"],"picked":"bronze:MaxOutput","floor":11.0},{"not_picked":["bronze:BronzeOrb","bronze:Iterate"],"picked":"bronze:Philosophize","floor":12.0},{"not_picked":["bronze:Overload","bronze:Constructor"],"picked":"bronze:Boost","floor":14},{"not_picked":["bronze:WhirlingStrike","bronze:BitShift"],"picked":"bronze:ClassDefault","floor":15}],"player_experience":902344,"relics_obtained":[{"floor":6.0,"key":"Art of War"},{"floor":7.0,"key":"Torii"},{"floor":10.0,"key":"Mummified Hand"},{"floor":12.0,"key":"Pen Nib"}],"event_choices":[{"cards_removed":["bronze:Defend"],"damage_healed":0.0,"max_hp_gain":0.0,"max_hp_loss":0.0,"gold_gain":0.0,"event_name":"Bonfire Elementals","player_choice":"Offered Basic","floor":5.0,"gold_loss":0.0,"damage_taken":0.0}],"is_beta":false,"boss_relics":[],"items_purged_floors":[],"is_endless":false,"potions_floor_spawned":[10,11,14,15],"killed_by":"IC_STATUS_ARCHETYPE","ascension_level":1}}