{"host":"kh6fvhxn285ncg0o","time":1612886978,"event":{"mods":["Act Like it!","BaseMod","Colored Map","Friendly Minions","Keyboard Shortcuts","Minty Spire (QoL Compilation)","Quick Restart","Relic Stats","StSLib","SuperFastMode","UnlockEverythingMod"],"gold_per_floor":[113,113,113,38,53,78,78,110,110,121,140,34,15,46,46,121,121,136,136,136,136,155,188,188,203,226,226,226,240,240,252,252,326,326,343,363,383,54,99,126,126,151,151,176,76,0,0,0,0,0,0,0,0,0,29,29],"floor_reached":57,"language":"KOR","playtime":2106,"items_purged":["Strike_R","Heavy Blade"],"score":3127,"play_id":"019c4c8f-481e-4138-b015-d0b54eae9eff","local_time":"20210210010938","is_ascension_mode":true,"campfire_choices":[{"data":"Uppercut","floor":15,"key":"SMITH"},{"data":"Evolve","floor":24,"key":"SMITH"},{"data":"Body Slam","floor":27,"key":"SMITH"},{"data":"Entrench","floor":32,"key":"SMITH"},{"data":"Offering","floor":41,"key":"SMITH"},{"data":"Corruption","floor":47,"key":"SMITH"},{"floor":49,"key":"RECALL"},{"data":"Juggernaut","floor":53,"key":"SMITH"}],"circlet_count":0,"master_deck":["AscendersBane","Bash","Uppercut+1","Inflame","Corruption+1","Shrug It Off","Entrench+1","Shrug It Off","Juggernaut+1","Evolve+1","Impervious","Flame Barrier+1","Body Slam+1","Ghostly Armor","Sentinel","Offering+1","Fiend Fire","Cleave","Iron Wave","Iron Wave","Uppercut","Warcry+1","Shrug It Off","Armaments+1","Ghostly Armor+1"],"relics":["Burning Blood","NeowsBlessing","Self Forming Clay","Boot","Pantograph","White Beast Statue","Mark of Pain","Nilry\u0027s Codex","Kunai","PreservedInsect","Singing Bowl","Pandora\u0027s Box","Dead Branch","Calipers","Incense Burner","Pear","Champion Belt","Red Mask","Paper Frog"],"acts_visited":["Exordium","TheCity","TheBeyond","TheEnding"],"potions_floor_usage":[16,18,23,23,29,35,36,42,56,56],"damage_taken":[{"damage":0.0,"enemies":"2 Louse","floor":1.0,"turns":1.0},{"damage":0.0,"enemies":"Jaw Worm","floor":5.0,"turns":1.0},{"damage":0.0,"enemies":"Lagavulin","floor":6.0,"turns":1.0},{"damage":41.0,"enemies":"3 Sentries","floor":8.0,"turns":13.0},{"damage":0.0,"enemies":"Cultist","floor":10.0,"turns":3.0},{"damage":13.0,"enemies":"Red Slaver","floor":11.0,"turns":5.0},{"damage":7.0,"enemies":"Exordium Thugs","floor":13.0,"turns":5.0},{"damage":5,"enemies":"Lagavulin","floor":14,"turns":6},{"damage":38,"enemies":"Slime Boss","floor":16,"turns":9},{"damage":6,"enemies":"3 Byrds","floor":18,"turns":4},{"damage":0,"enemies":"Chosen","floor":22,"turns":5},{"damage":13,"enemies":"Gremlin Leader","floor":23,"turns":9},{"damage":30,"enemies":"Shelled Parasite and Fungi","floor":25,"turns":7},{"damage":2,"enemies":"Cultist and Chosen","floor":29,"turns":5},{"damage":1,"enemies":"Snake Plant","floor":31,"turns":4},{"damage":0,"enemies":"Champ","floor":33,"turns":10},{"damage":6,"enemies":"3 Shapes","floor":35,"turns":5},{"damage":18,"enemies":"Orb Walker","floor":36,"turns":3},{"damage":48,"enemies":"Writhing Mass","floor":37,"turns":7},{"damage":6,"enemies":"2 Orb Walkers","floor":39,"turns":3},{"damage":0,"enemies":"Giant Head","floor":40,"turns":4},{"damage":36,"enemies":"Reptomancer","floor":42,"turns":6},{"damage":0,"enemies":"Giant Head","floor":44,"turns":5},{"damage":16,"enemies":"Donu and Deca","floor":50,"turns":5},{"damage":4,"enemies":"Time Eater","floor":51,"turns":6},{"damage":0,"enemies":"Shield and Spear","floor":55,"turns":6},{"damage":19,"enemies":"The Heart","floor":56,"turns":9}],"seed_played":"-8712359857319304559","potions_obtained":[{"floor":5.0,"key":"LiquidBronze"},{"floor":6.0,"key":"ColorlessPotion"},{"floor":13.0,"key":"ElixirPotion"},{"floor":16,"key":"SteroidPotion"},{"floor":18,"key":"BlessingOfTheForge"},{"floor":23,"key":"Explosive Potion"},{"floor":25,"key":"SkillPotion"},{"floor":29,"key":"SmokeBomb"},{"floor":31,"key":"FearPotion"},{"floor":33,"key":"Regen Potion"},{"floor":35,"key":"FearPotion"},{"floor":36,"key":"Ancient Potion"},{"floor":37,"key":"Block Potion"},{"floor":40,"key":"Dexterity Potion"},{"floor":42,"key":"EssenceOfSteel"},{"floor":55,"key":"ColorlessPotion"}],"is_trial":false,"path_per_floor":["M","?","?","$","M","E","$","E","T","M","M","$","M","E","R","B",null,"M","?","?","?","M","E","R","M","T","R","?","M","T","M","R","B",null,"M","M","M","$","?","E","R","E","T","E","$","?","R","?","R","B","B",null,"R","$","E","B",null],"character_chosen":"IRONCLAD","items_purchased":["ColorlessPotion","Shrug It Off","Dead Branch"],"campfire_rested":0,"item_purchase_floors":[12,12,38],"current_hp_per_floor":[74,51,51,51,57,63,63,28,28,34,27,27,26,27,27,20,61,61,40,40,40,46,39,39,15,15,15,15,19,19,26,26,57,72,79,69,27,27,29,37,37,17,17,23,23,23,23,23,23,38,65,84,84,84,90,77],"gold":29,"neow_bonus":"THREE_ENEMY_KILL","is_daily":false,"chose_seed":false,"campfire_upgraded":7,"win_rate":0.0,"timestamp":1612886978,"path_taken":["M","?","?","$","?","E","?","E","T","M","M","?","M","E","R","BOSS","M","?","?","?","?","E","R","?","T","R","?","M","?","M","R","BOSS","M","M","M","$","?","E","R","E","T","E","$","?","R","?","R","BOSS","BOSS","R","$","E","BOSS"],"items_purchased_type":["Potion","Card","Relic"],"build_version":"2020-12-22","purchased_purges":2,"victory":true,"max_hp_per_floor":[75,75,75,75,75,75,75,75,75,75,75,75,75,75,75,75,75,75,75,75,75,75,75,75,75,75,75,75,75,75,77,77,77,77,79,81,81,81,83,85,85,95,95,95,95,95,95,90,90,90,90,90,90,90,90,90],"relic_stats":{"Singing Bowl":10,"counters":[27,147],"Self Forming Clay":[159],"Pantograph":100,"Dead Branch":[251],"Pandora\u0027s Box":["Fiend Fire","Cleave","Heavy Blade","Iron Wave","Iron Wave","Uppercut"],"PreservedInsect":399,"Kunai":[17],"Champion Belt":[11],"Boot":[15],"obtain_stats":[{"Calipers":39,"Pear":42,"NeowsBlessing":0,"Singing Bowl":30,"Self Forming Clay":6,"Nilry\u0027s Codex":19,"Dead Branch":38,"PreservedInsect":26,"Incense Burner":40,"Boot":8,"Burning Blood":0,"White Beast Statue":14,"Pantograph":9,"Pandora\u0027s Box":34,"Mark of Pain":17,"Red Mask":46,"Kunai":23,"Champion Belt":44,"Paper Frog":55},{"Calipers":20,"Pear":22,"NeowsBlessing":0,"Singing Bowl":14,"Self Forming Clay":3,"Nilry\u0027s Codex":10,"Dead Branch":19,"PreservedInsect":13,"Incense Burner":21,"Boot":4,"Burning Blood":0,"White Beast Statue":8,"Pantograph":4,"Pandora\u0027s Box":16,"Mark of Pain":9,"Red Mask":23,"Kunai":12,"Champion Belt":23,"Paper Frog":26},{"Calipers":106,"Pear":116,"NeowsBlessing":0,"Singing Bowl":74,"Self Forming Clay":3,"Nilry\u0027s Codex":48,"Dead Branch":103,"PreservedInsect":69,"Incense Burner":110,"Boot":16,"Burning Blood":0,"White Beast Statue":35,"Pantograph":16,"Pandora\u0027s Box":88,"Mark of Pain":44,"Red Mask":121,"Kunai":62,"Champion Belt":121,"Paper Frog":138}],"Burning Blood":158},"card_choices":[{"not_picked":["Flex","Anger","Sword Boomerang"],"picked":"SKIP","floor":1.0},{"not_picked":["Combust","Headbutt"],"picked":"Uppercut","floor":5.0},{"not_picked":["Cleave","Pommel Strike"],"picked":"Inflame","floor":6.0},{"not_picked":["Heavy Blade","Cleave"],"picked":"Corruption","floor":8.0},{"not_picked":["Body Slam","True Grit"],"picked":"Shrug It Off","floor":10.0},{"not_picked":["Pommel Strike","Armaments"],"picked":"Entrench","floor":11.0},{"not_picked":["Cleave","Heavy Blade"],"picked":"Juggernaut","floor":13.0},{"not_picked":["Pommel Strike","Corruption"],"picked":"Evolve","floor":14},{"not_picked":["Bludgeon","Limit Break"],"picked":"Impervious","floor":16},{"not_picked":["Cleave+1","Anger"],"picked":"Flame Barrier+1","floor":18},{"not_picked":["Cleave","Warcry"],"picked":"Body Slam","floor":22},{"not_picked":["Pommel Strike","True Grit"],"picked":"Ghostly Armor","floor":23},{"not_picked":["Rage","Whirlwind"],"picked":"Sentinel","floor":25},{"not_picked":["Thunderclap","Wild Strike","Uppercut+1"],"picked":"SKIP","floor":29},{"not_picked":["Wild Strike","Flex","Bloodletting"],"picked":"Singing Bowl","floor":31},{"not_picked":["Reaper","Fiend Fire"],"picked":"Offering","floor":33},{"not_picked":["Pommel Strike","Pummel","Intimidate"],"picked":"Singing Bowl","floor":35},{"not_picked":["Perfected Strike","Cleave","Bloodletting"],"picked":"Singing Bowl","floor":36},{"not_picked":["Seeing Red","True Grit"],"picked":"Warcry+1","floor":37},{"not_picked":["Clothesline","Headbutt","Offering"],"picked":"Singing Bowl","floor":39},{"not_picked":["Infernal Blade","Iron Wave","Warcry"],"picked":"Singing Bowl","floor":40},{"not_picked":["Armaments","Blood for Blood"],"picked":"Shrug It Off","floor":42},{"not_picked":["Ghostly Armor","Havoc+1"],"picked":"Armaments+1","floor":44},{"not_picked":["Pommel Strike","Fiend Fire"],"picked":"Ghostly Armor+1","floor":55}],"player_experience":1350747,"relics_obtained":[{"floor":6.0,"key":"Self Forming Clay"},{"floor":8.0,"key":"Boot"},{"floor":9.0,"key":"Pantograph"},{"floor":14,"key":"White Beast Statue"},{"floor":19,"key":"Nilry\u0027s Codex"},{"floor":23,"key":"Kunai"},{"floor":26,"key":"PreservedInsect"},{"floor":30,"key":"Singing Bowl"},{"floor":39,"key":"Calipers"},{"floor":40,"key":"Incense Burner"},{"floor":42,"key":"Pear"},{"floor":44,"key":"Champion Belt"},{"floor":55,"key":"Paper Frog"}],"event_choices":[{"damage_healed":0.0,"max_hp_gain":0.0,"max_hp_loss":0.0,"gold_gain":0.0,"event_name":"Shining Light","player_choice":"Entered Light","floor":2.0,"gold_loss":0.0,"damage_taken":23.0,"cards_upgraded":["Defend_R","Strike_R"]},{"cards_removed":["Strike_R"],"damage_healed":0.0,"max_hp_gain":0.0,"max_hp_loss":0.0,"gold_gain":0.0,"event_name":"Bonfire Elementals","player_choice":"Offered Basic","floor":3.0,"gold_loss":0.0,"damage_taken":0.0},{"damage_healed":0,"gold_gain":0,"player_choice":"Obtained Book","damage_taken":21,"max_hp_gain":0,"max_hp_loss":0,"event_name":"Cursed Tome","floor":19,"gold_loss":0},{"damage_healed":0,"gold_gain":0,"player_choice":"Ignored","damage_taken":0,"max_hp_gain":0,"max_hp_loss":0,"event_name":"Ghosts","floor":20,"gold_loss":0},{"damage_healed":0,"gold_gain":0,"player_choice":"Ignored","damage_taken":0,"max_hp_gain":0,"max_hp_loss":0,"event_name":"Vampires","floor":21,"gold_loss":0},{"cards_removed":["Strike_R"],"damage_healed":0,"gold_gain":0,"player_choice":"Elegance","damage_taken":0,"max_hp_gain":0,"max_hp_loss":0,"event_name":"Back to Basics","floor":28,"gold_loss":0},{"damage_healed":0,"gold_gain":0,"player_choice":"Fight","damage_taken":0,"max_hp_gain":0,"max_hp_loss":0,"event_name":"Mysterious Sphere","floor":39,"gold_loss":0},{"damage_healed":0,"gold_gain":0,"player_choice":"Paid","damage_taken":0,"relics_obtained":["Red Mask"],"max_hp_gain":0,"max_hp_loss":0,"event_name":"Tomb of Lord Red Mask","floor":46,"gold_loss":76},{"damage_healed":0,"gold_gain":0,"player_choice":"Max HP","damage_taken":0,"max_hp_gain":0,"max_hp_loss":5,"event_name":"Winding Halls","floor":48,"gold_loss":0}],"is_beta":false,"boss_relics":[{"not_picked":["Runic Pyramid","Empty Cage"],"picked":"Mark of Pain"},{"not_picked":["Busted Crown","Velvet Choker"],"picked":"Pandora\u0027s Box"}],"items_purged_floors":[4,45],"is_endless":false,"potions_floor_spawned":[5,6,13,14,16,18,22,23,25,29,31,33,35,36,37,39,40,42,44,55],"ascension_level":20}}