{"host":"ibgtsljv18d2rnte","time":1612850575,"event":{"mods":["AchievementEnabler","BaseMod","Better Match","Hermit","Koishi","Marisa????????","Minty Spire (QoL Compilation)","Prisma Mod","Reliquary","StSLib","The Alterego","The Fake Hero","The Marked","The Servant 0.9.4","Waifu the Spire","Yakumo Yukari mod","everything is the same but u backflip on backflip","slay the spire mod where everything is the same but ironclad has a cowboy hat"],"gold_per_floor":[362,60,72,83,99,99,117,117,117,147,163,173,187,222,222,318,318,300,315,495,509,147,147,167,167,221,249,249,249],"floor_reached":28,"language":"ENG","playtime":1276,"items_purged":["Strike_R"],"score":279,"play_id":"d70ecbcc-0c0e-4b01-afe1-0a8c92242542","local_time":"20210208230255","is_ascension_mode":false,"campfire_choices":[{"floor":6,"key":"REST"},{"data":"Heavy Blade","floor":8,"key":"SMITH"},{"data":"Flex","floor":15,"key":"SMITH"},{"data":"Dual Wield","floor":23,"key":"SMITH"},{"floor":25,"key":"REST"}],"circlet_count":0,"master_deck":["Strike_R","Strike_R","Strike_R","Strike_R","Defend_R","Defend_R","Defend_R","Defend_R","Bash+1","Shame","Dual Wield+1","Feel No Pain","Shrug It Off","Heavy Blade+1","Iron Wave+1","Flex+1","Shockwave","Sword Boomerang","Pommel Strike","Burning Pact","Shrug It Off"],"relics":["Black Blood","Vajra","Strange Spoon","Self Forming Clay","HornCleat","reliquary:Sideboard","Regal Pillow","Whetstone"],"acts_visited":["Exordium","TheCity"],"potions_floor_usage":[10,14,14,16,21,28],"damage_taken":[{"damage":20,"enemies":"Jaw Worm","floor":1,"turns":5},{"damage":7,"enemies":"Cultist","floor":3,"turns":4},{"damage":15,"enemies":"Small Slimes","floor":4,"turns":4},{"damage":12,"enemies":"Looter","floor":5,"turns":3},{"damage":11,"enemies":"2 Fungi Beasts","floor":7,"turns":3},{"damage":22,"enemies":"3 Sentries","floor":10,"turns":7},{"damage":2,"enemies":"Blue Slaver","floor":11,"turns":3},{"damage":9,"enemies":"Red Slaver","floor":12,"turns":3},{"damage":5,"enemies":"Looter","floor":13,"turns":3},{"damage":0,"enemies":"Gremlin Nob","floor":14,"turns":3},{"damage":51,"enemies":"The Guardian","floor":16,"turns":15},{"damage":15,"enemies":"2 Thieves","floor":18,"turns":4},{"damage":9,"enemies":"3 Byrds","floor":19,"turns":6},{"damage":10,"enemies":"Snecko","floor":21,"turns":5},{"damage":35,"enemies":"Cultist and Chosen","floor":24,"turns":10},{"damage":73,"enemies":"Slavers","floor":27,"turns":9},{"damage":21,"enemies":"Snake Plant","floor":28,"turns":3}],"seed_played":"2638121465074906337","potions_obtained":[{"floor":1,"key":"PowerPotion"},{"floor":4,"key":"PanachePotion"},{"floor":5,"key":"LiquidMemories"},{"floor":11,"key":"Regen Potion"},{"floor":12,"key":"ElixirPotion"},{"floor":14,"key":"ElixirPotion"},{"floor":18,"key":"SpeedPotion"},{"floor":24,"key":"Dexterity Potion"},{"floor":27,"key":"DuplicationPotion"}],"is_trial":false,"path_per_floor":["M","$","M","M","M","R","M","R","T","E","M","M","M","E","R","B",null,"M","M","?","M","$","R","M","R","T","E","M"],"character_chosen":"IRONCLAD","items_purchased":["Vajra","Strange Spoon","Regal Pillow","Burning Pact","Shrug It Off"],"campfire_rested":2,"item_purchase_floors":[2,2,22,22,22],"current_hp_per_floor":[66,66,65,56,50,74,69,69,69,53,57,54,55,70,70,25,80,77,80,61,63,63,63,40,79,79,18,0,0],"gold":249,"neow_bonus":"TWO_FIFTY_GOLD","is_daily":false,"chose_seed":false,"campfire_upgraded":3,"win_rate":0.0,"timestamp":1612850575,"path_taken":["M","$","M","M","M","R","M","R","T","E","M","M","M","E","R","BOSS","M","M","?","?","$","R","?","R","T","E","M"],"items_purchased_type":["Relic","Relic","Relic","Card","Card"],"build_version":"2020-12-22","purchased_purges":1,"victory":false,"max_hp_per_floor":[80,80,80,80,80,80,80,80,80,80,80,80,80,80,80,80,80,80,80,80,80,80,80,80,80,80,80,80,80],"card_choices":[{"not_picked":["Hemokinesis","Clash"],"picked":"Dual Wield","floor":1},{"not_picked":["Entrench","Disarm"],"picked":"Feel No Pain","floor":3},{"not_picked":["Body Slam","Cleave"],"picked":"Shrug It Off","floor":4},{"not_picked":["Dropkick","Shrug It Off"],"picked":"Heavy Blade","floor":5},{"not_picked":["Body Slam","Brutality"],"picked":"Iron Wave","floor":7},{"not_picked":["Intimidate","Cleave"],"picked":"Flex","floor":10},{"not_picked":["True Grit","Shrug It Off"],"picked":"Shockwave","floor":11},{"not_picked":["Warcry","Clothesline"],"picked":"Sword Boomerang","floor":12},{"not_picked":["Iron Wave","Sword Boomerang"],"picked":"Pommel Strike","floor":13},{"not_picked":["Brutality","Pommel Strike"],"picked":"Iron Wave","floor":14},{"not_picked":["Berserk","Feed"],"picked":"Bludgeon","floor":16},{"not_picked":["Body Slam","Sever Soul"],"picked":"Intimidate","floor":18},{"not_picked":["Headbutt","Anger"],"picked":"Infernal Blade","floor":19},{"not_picked":["Shrug It Off","Clash"],"picked":"Twin Strike","floor":21},{"not_picked":["Pommel Strike","Anger"],"picked":"Dark Embrace+1","floor":24},{"not_picked":["Body Slam","Anger"],"picked":"True Grit","floor":27}],"player_experience":108503,"relics_obtained":[{"floor":9,"key":"Self Forming Clay"},{"floor":10,"key":"HornCleat"},{"floor":14,"key":"reliquary:Sideboard"},{"floor":27,"key":"Whetstone"}],"event_choices":[{"damage_healed":0,"gold_gain":180,"player_choice":"GOLD GOLD ","damage_taken":19,"max_hp_gain":0,"max_hp_loss":0,"event_name":"Knowing Skull","floor":20,"potions_obtained":[],"gold_loss":0,"cards_obtained":[]}],"is_beta":false,"boss_relics":[{"not_picked":["Philosopher\u0027s Stone","Black Star"],"picked":"Black Blood"}],"items_purged_floors":[22],"is_endless":false,"potions_floor_spawned":[1,4,5,11,12,14,18,24,27],"killed_by":"Snake Plant","ascension_level":0}}