{"host":"ibckqdmmf9y74ymf","time":1612889302,"event":{"mods":["2.2 Compatiblity","BaseMod","Colored Map","Curses Come First","Highlight Path","Minty Spire (QoL Compilation)","Quick Restart","Rare Cards Sparkle","Relic Stats","StSLib"],"gold_per_floor":[109,127,181,201,33,59,24,51,74,74,92,122,122,147,147,222,222,240,260,277,277,202,230,249,279,579,629,19,19,44,63,63,140,140,151,170,170,94,109,141,141,173,173,189,189,189,189,222,222,222,222],"floor_reached":52,"language":"ENG","playtime":2719,"items_purged":["Strike_R"],"score":2152,"play_id":"5c8ccdfb-98ea-4042-876d-06e4f99f2117","local_time":"20210209174822","is_ascension_mode":true,"campfire_choices":[{"floor":10.0,"key":"REST"},{"data":"Fiend Fire","floor":15.0,"key":"SMITH"},{"data":"Apotheosis","floor":29.0,"key":"SMITH"},{"data":"Inflame","floor":32.0,"key":"SMITH"},{"data":"Armaments","floor":41,"key":"SMITH"},{"data":"Dual Wield","floor":47,"key":"SMITH"},{"data":"Disarm","floor":49,"key":"SMITH"}],"circlet_count":0,"master_deck":["AscendersBane","Strike_R+1","Strike_R","Strike_R+1","Defend_R","Defend_R","Defend_R+1","Defend_R","Bash","Inflame+1","Armaments+1","Shrug It Off+1","Clothesline","Uppercut","Fiend Fire+1","Barricade+1","Reaper","Disarm+1","Uppercut+1","Impervious","Shrug It Off+1","Apotheosis+1","Dark Embrace+1","Demon Form+1","Mayhem+1","Flash of Steel","Flash of Steel","Combust+1","True Grit","Second Wind+1","Dual Wield+1"],"relics":["Black Star","Ancient Tea Set","Sling","Regal Pillow","Bag of Marbles","Anchor","Centennial Puzzle","War Paint","Bag of Preparation","Bronze Scales","Frozen Egg 2","Oddly Smooth Stone","Velvet Choker","MealTicket","Whetstone","PreservedInsect","Eternal Feather","Old Coin","ClockworkSouvenir","Lantern","Juzu Bracelet","InkBottle","Runic Pyramid","TungstenRod","Blue Candle","Mango","Bottled Tornado","Kunai","Blood Vial"],"acts_visited":["Exordium","TheCity","TheBeyond"],"potions_floor_usage":[51],"damage_taken":[{"damage":6.0,"enemies":"Cultist","floor":1.0,"turns":4.0},{"damage":4.0,"enemies":"Small Slimes","floor":2.0,"turns":4.0},{"damage":7.0,"enemies":"Jaw Worm","floor":4.0,"turns":4.0},{"damage":20.0,"enemies":"Gremlin Nob","floor":6.0,"turns":4.0},{"damage":36.0,"enemies":"3 Sentries","floor":8.0,"turns":10.0},{"damage":2.0,"enemies":"Blue Slaver","floor":11.0,"turns":5.0},{"damage":0.0,"enemies":"Gremlin Nob","floor":12.0,"turns":3.0},{"damage":17.0,"enemies":"3 Sentries","floor":14.0,"turns":6.0},{"damage":1.0,"enemies":"Slime Boss","floor":16.0,"turns":6.0},{"damage":16.0,"enemies":"2 Thieves","floor":18.0,"turns":4.0},{"damage":5.0,"enemies":"Spheric Guardian","floor":19.0,"turns":3.0},{"damage":4.0,"enemies":"Centurion and Healer","floor":20.0,"turns":5.0},{"damage":8.0,"enemies":"Book of Stabbing","floor":23.0,"turns":4.0},{"damage":15.0,"enemies":"Shelled Parasite and Fungi","floor":24.0,"turns":8.0},{"damage":22.0,"enemies":"Slavers","floor":25.0,"turns":7.0},{"damage":3.0,"enemies":"Gremlin Leader","floor":30.0,"turns":6.0},{"damage":0.0,"enemies":"Snake Plant","floor":31.0,"turns":1.0},{"damage":40.0,"enemies":"Collector","floor":33.0,"turns":16.0},{"damage":47,"enemies":"3 Darklings","floor":35,"turns":9},{"damage":0,"enemies":"3 Shapes","floor":36,"turns":5},{"damage":6,"enemies":"Writhing Mass","floor":39,"turns":6},{"damage":46,"enemies":"Reptomancer","floor":40,"turns":7},{"damage":0,"enemies":"Nemesis","floor":42,"turns":3},{"damage":3,"enemies":"Maw","floor":44,"turns":4},{"damage":6,"enemies":"Reptomancer","floor":48,"turns":5},{"damage":60,"enemies":"Donu and Deca","floor":50,"turns":10},{"damage":105,"enemies":"Awakened One","floor":51,"turns":15}],"seed_played":"-2533833298061120462","potions_obtained":[{"floor":1.0,"key":"Block Potion"},{"floor":2.0,"key":"DistilledChaos"},{"floor":6.0,"key":"Swift Potion"},{"floor":8.0,"key":"SteroidPotion"},{"floor":18.0,"key":"EssenceOfSteel"},{"floor":23.0,"key":"FearPotion"},{"floor":24.0,"key":"SteroidPotion"},{"floor":30.0,"key":"SpeedPotion"},{"floor":40,"key":"SpeedPotion"},{"floor":42,"key":"Block Potion"}],"is_trial":false,"path_per_floor":["M","M","T","M","$","E","?","E","T","R","M","E","?","E","R","B",null,"M","M","M","?","?","E","M","E","T","?","$","R","E","M","R","B",null,"M","M","?","$","M","E","R","E","T","M","?","?","R","E","R","B","B",null],"character_chosen":"IRONCLAD","items_purchased":["Sling","ClockworkSouvenir","Apotheosis","Lantern","Combust+1"],"campfire_rested":1,"item_purchase_floors":[5,28,28,28,38],"current_hp_per_floor":[62,58,58,51,51,31,49,13,13,50,48,48,53,36,36,35,69,53,48,51,51,51,55,40,56,56,56,71,80,77,77,80,52,73,80,80,70,80,80,80,80,94,94,91,91,91,94,94,94,83,94],"gold":222,"neow_bonus":"BOSS_RELIC","is_daily":false,"chose_seed":false,"campfire_upgraded":6,"win_rate":0.0,"timestamp":1612889302,"path_taken":["M","?","?","M","$","E","?","E","T","R","M","E","?","E","R","BOSS","M","M","M","?","?","E","M","E","T","?","$","R","E","M","R","BOSS","M","M","?","$","M","E","R","E","T","M","?","?","R","E","R","BOSS","BOSS"],"items_purchased_type":["Relic","Relic","Card","Relic","Card"],"build_version":"2020-12-22","purchased_purges":1,"victory":true,"max_hp_per_floor":[75,75,75,75,75,75,75,75,75,75,75,75,80,80,80,80,80,80,80,80,80,80,80,80,80,80,80,80,80,80,80,80,80,80,80,80,80,80,80,80,80,94,94,94,94,94,94,94,94,94,94],"relic_stats":{"Regal Pillow":15,"counters":[27,164],"Blue Candle":[0],"Eternal Feather":15,"PreservedInsect":218,"Bag of Preparation":[40],"Juzu Bracelet":0,"Whetstone":["Strike_R","Strike_R"],"War Paint":["Defend_R","Shrug It Off"],"Blood Vial":2,"Centennial Puzzle":[54],"Bronze Scales":[437],"MealTicket":25,"Black Star":10,"Kunai":[7],"obtain_stats":[{"Regal Pillow":6,"Lantern":28,"Mango":42,"Bag of Preparation":12,"Juzu Bracelet":30,"Whetstone":23,"Bottled Tornado":42,"Ancient Tea Set":3,"Sling":5,"Burning Blood":0,"Old Coin":26,"ClockworkSouvenir":28,"Blood Vial":48,"Centennial Puzzle":8,"MealTicket":23,"Kunai":48,"InkBottle":30,"Runic Pyramid":34,"Blue Candle":40,"Oddly Smooth Stone":14,"Velvet Choker":17,"Eternal Feather":25,"PreservedInsect":25,"War Paint":9,"Frozen Egg 2":14,"Anchor":8,"Bronze Scales":12,"Black Star":0,"Bag of Marbles":6,"TungstenRod":40},{"Regal Pillow":4,"Lantern":15,"Mango":23,"Bag of Preparation":7,"Juzu Bracelet":16,"Whetstone":13,"Bottled Tornado":23,"Ancient Tea Set":2,"Sling":3,"Burning Blood":0,"Old Coin":15,"ClockworkSouvenir":15,"Blood Vial":25,"Centennial Puzzle":5,"MealTicket":13,"Kunai":25,"InkBottle":16,"Runic Pyramid":18,"Blue Candle":22,"Oddly Smooth Stone":8,"Velvet Choker":9,"Eternal Feather":15,"PreservedInsect":15,"War Paint":5,"Frozen Egg 2":8,"Anchor":5,"Bronze Scales":7,"Black Star":0,"Bag of Marbles":4,"TungstenRod":22},{"Regal Pillow":16,"Lantern":77,"Mango":130,"Bag of Preparation":34,"Juzu Bracelet":83,"Whetstone":62,"Bottled Tornado":130,"Ancient Tea Set":8,"Sling":12,"Burning Blood":0,"Old Coin":77,"ClockworkSouvenir":77,"Blood Vial":139,"Centennial Puzzle":26,"MealTicket":62,"Kunai":139,"InkBottle":83,"Runic Pyramid":100,"Blue Candle":127,"Oddly Smooth Stone":40,"Velvet Choker":46,"Eternal Feather":77,"PreservedInsect":77,"War Paint":26,"Frozen Egg 2":40,"Anchor":26,"Bronze Scales":34,"Black Star":0,"Bag of Marbles":16,"TungstenRod":127}],"InkBottle":[23],"TungstenRod":36},"card_choices":[{"not_picked":["Cleave","Rampage"],"picked":"Inflame","floor":1.0},{"not_picked":["Searing Blow","Second Wind"],"picked":"Armaments","floor":2.0},{"not_picked":["Clash","Flex"],"picked":"Shrug It Off","floor":4.0},{"not_picked":["Rage","Heavy Blade"],"picked":"Clothesline","floor":6.0},{"not_picked":["Body Slam","Shrug It Off"],"picked":"Uppercut","floor":8.0},{"not_picked":["Blood for Blood","Wild Strike","Inflame"],"picked":"SKIP","floor":11.0},{"not_picked":["Intimidate","Entrench"],"picked":"Fiend Fire","floor":12.0},{"not_picked":["Dual Wield","Havoc"],"picked":"Barricade+1","floor":14.0},{"not_picked":["Bludgeon","Double Tap"],"picked":"Reaper","floor":16.0},{"not_picked":["Havoc","Anger"],"picked":"Disarm","floor":18.0},{"not_picked":["Anger+1","Twin Strike"],"picked":"Uppercut+1","floor":19.0},{"not_picked":["Perfected Strike","Sever Soul+1","Heavy Blade"],"picked":"SKIP","floor":20.0},{"not_picked":["Body Slam","Clash"],"picked":"Impervious","floor":23.0},{"not_picked":["Wild Strike+1","Sever Soul"],"picked":"Shrug It Off+1","floor":24.0},{"not_picked":["Heavy Blade","Flex","Anger+1"],"picked":"SKIP","floor":25.0},{"not_picked":["Heavy Blade","Twin Strike","Sentinel"],"picked":"SKIP","floor":30.0},{"not_picked":["Bloodletting","Infernal Blade+1"],"picked":"Dark Embrace+1","floor":31.0},{"not_picked":["Fiend Fire","Brutality+1"],"picked":"Demon Form+1","floor":33.0},{"not_picked":["Heavy Blade","Second Wind","Flex"],"picked":"SKIP","floor":35},{"not_picked":["Whirlwind","Twin Strike+1","Pommel Strike"],"picked":"SKIP","floor":36},{"not_picked":["Purity","Good Instincts"],"picked":"Mayhem+1","floor":37},{"not_picked":["Swift Strike","Apotheosis"],"picked":"Flash of Steel","floor":37},{"not_picked":["Panache+1","Deep Breath"],"picked":"Flash of Steel","floor":37},{"not_picked":["Battle Trance","Anger","Fire Breathing+1"],"picked":"SKIP","floor":39},{"not_picked":["Sword Boomerang+1","Dark Embrace+1"],"picked":"True Grit","floor":40},{"not_picked":["Body Slam","Armaments"],"picked":"Second Wind+1","floor":42},{"not_picked":["Rupture+1","Corruption+1"],"picked":"Dual Wield","floor":44},{"not_picked":["Shrug It Off","Pommel Strike","Iron Wave"],"picked":"SKIP","floor":48}],"player_experience":694091,"relics_obtained":[{"floor":3.0,"key":"Ancient Tea Set"},{"floor":6.0,"key":"Regal Pillow"},{"floor":6.0,"key":"Bag of Marbles"},{"floor":8.0,"key":"Anchor"},{"floor":8.0,"key":"Centennial Puzzle"},{"floor":9.0,"key":"War Paint"},{"floor":12.0,"key":"Bag of Preparation"},{"floor":12.0,"key":"Bronze Scales"},{"floor":14.0,"key":"Frozen Egg 2"},{"floor":14.0,"key":"Oddly Smooth Stone"},{"floor":23.0,"key":"MealTicket"},{"floor":23.0,"key":"Whetstone"},{"floor":25.0,"key":"PreservedInsect"},{"floor":25.0,"key":"Eternal Feather"},{"floor":26.0,"key":"Old Coin"},{"floor":30.0,"key":"Juzu Bracelet"},{"floor":30.0,"key":"InkBottle"},{"floor":40,"key":"TungstenRod"},{"floor":40,"key":"Blue Candle"},{"floor":42,"key":"Mango"},{"floor":42,"key":"Bottled Tornado"},{"floor":48,"key":"Kunai"},{"floor":48,"key":"Blood Vial"}],"event_choices":[{"damage_healed":18.0,"max_hp_gain":0.0,"max_hp_loss":0.0,"gold_gain":0.0,"event_name":"The Cleric","player_choice":"Healed","floor":7.0,"gold_loss":35.0,"damage_taken":0.0},{"damage_healed":0.0,"max_hp_gain":5.0,"max_hp_loss":0.0,"gold_gain":0.0,"event_name":"Big Fish","player_choice":"Donut","floor":13.0,"gold_loss":0.0,"damage_taken":0.0},{"damage_healed":0.0,"max_hp_gain":0.0,"max_hp_loss":0.0,"gold_gain":0.0,"event_name":"The Mausoleum","player_choice":"Ignored","floor":21.0,"gold_loss":0.0,"damage_taken":0.0},{"cards_removed":["Strike_R"],"damage_healed":0.0,"max_hp_gain":0.0,"max_hp_loss":0.0,"gold_gain":0.0,"event_name":"Beggar","player_choice":"Gave Gold","floor":22.0,"gold_loss":75.0,"damage_taken":0.0},{"damage_healed":0.0,"max_hp_gain":0.0,"max_hp_loss":0.0,"gold_gain":50.0,"event_name":"Nest","player_choice":"Stole From Cult","floor":27.0,"gold_loss":0.0,"damage_taken":0.0},{"damage_healed":0,"gold_gain":0,"player_choice":"Memory 3","damage_taken":10,"max_hp_gain":0,"max_hp_loss":0,"event_name":"SensoryStone","floor":37,"gold_loss":0},{"damage_healed":0,"gold_gain":0,"player_choice":"Ignored","damage_taken":0,"max_hp_gain":0,"max_hp_loss":0,"event_name":"Tomb of Lord Red Mask","floor":45,"gold_loss":0},{"damage_healed":0,"gold_gain":0,"player_choice":"0 cards matched","damage_taken":0,"max_hp_gain":0,"max_hp_loss":0,"event_name":"Match and Keep!","floor":46,"gold_loss":0,"cards_obtained":[]}],"is_beta":false,"boss_relics":[{"not_picked":["Pandora\u0027s Box","Ectoplasm"],"picked":"Velvet Choker"},{"not_picked":["Runic Cube","Busted Crown"],"picked":"Runic Pyramid"}],"items_purged_floors":[28],"is_endless":false,"potions_floor_spawned":[1,2,6,8,18,23,24,30,40,42],"ascension_level":20}}