{"host":"smu9wvm056kwtog1","time":1612863835,"event":{"mods":["BaseMod","Downfall","Minty Spire (QoL Compilation)","Robot Space Explorer","StSLib"],"gold_per_floor":[115,29,29,47,65,65,93,93,120,130,130,149,206,224,224,319,319,333,344,344,363,117,148,164,179,204,204,204,129,129,143,143,243,243,254,271,287,337,350,350,350],"floor_reached":40,"language":"ENG","playtime":1644,"items_purged":["RobotSpaceExplorer:Strike"],"score":462,"play_id":"a8c842c5-3b68-423f-b16a-25ca043b9826","local_time":"20210209014355","is_ascension_mode":false,"campfire_choices":[{"data":"RobotSpaceExplorer:Pulsar","floor":6,"key":"SMITH"},{"data":"RobotSpaceExplorer:PlasmaMissile","floor":8,"key":"SMITH"},{"data":"RobotSpaceExplorer:SurgingShield","floor":11,"key":"SMITH"},{"data":"RobotSpaceExplorer:Ammunition","floor":15,"key":"SMITH"},{"data":"RobotSpaceExplorer:Comet","floor":28,"key":"SMITH"},{"data":"RobotSpaceExplorer:Ammunition","floor":32,"key":"SMITH"}],"circlet_count":0,"master_deck":["RobotSpaceExplorer:Defend","RobotSpaceExplorer:Defend","RobotSpaceExplorer:Defend","RobotSpaceExplorer:Defend","RobotSpaceExplorer:Scan","RobotSpaceExplorer:MiniLasers","RobotSpaceExplorer:SlimeMissile","RobotSpaceExplorer:StunGrenade","RobotSpaceExplorer:DualCore","RobotSpaceExplorer:SurgingStrike","RobotSpaceExplorer:Pulsar+1","RobotSpaceExplorer:PlasmaMissile+1","RobotSpaceExplorer:SurgingShield+1","RobotSpaceExplorer:Blaster","RobotSpaceExplorer:Ammunition+1","RobotSpaceExplorer:Comet+1","RobotSpaceExplorer:Fix","RobotSpaceExplorer:Ammunition+1","RobotSpaceExplorer:Ammunition+1","RobotSpaceExplorer:Smokescreen","RobotSpaceExplorer:Electropulse","Decay","RobotSpaceExplorer:ShockMissile","RobotSpaceExplorer:IronShell+1"],"relics":["RobotSpaceExplorer:TurboCore","NeowsBlessing","FaceOfCleric","Centennial Puzzle","Bag of Preparation","Busted Crown","RobotSpaceExplorer:SlideRule","Bag of Marbles","Ancient Tea Set","Mango"],"acts_visited":["Exordium","TheCity","TheBeyond"],"potions_floor_usage":[12,19,23,24,33,33,38],"damage_taken":[{"damage":0,"enemies":"Small Slimes","floor":1,"turns":1},{"damage":0,"enemies":"Cultist","floor":4,"turns":1},{"damage":0,"enemies":"Jaw Worm","floor":5,"turns":1},{"damage":27,"enemies":"Gremlin Nob","floor":7,"turns":4},{"damage":0,"enemies":"2 Fungi Beasts","floor":10,"turns":2},{"damage":0,"enemies":"3 Louse","floor":12,"turns":2},{"damage":10,"enemies":"Exordium Thugs","floor":14,"turns":4},{"damage":26,"enemies":"The Guardian","floor":16,"turns":13},{"damage":0,"enemies":"Chosen","floor":18,"turns":3},{"damage":1,"enemies":"2 Thieves","floor":19,"turns":2},{"damage":20,"enemies":"Snake Plant","floor":21,"turns":5},{"damage":19,"enemies":"Slavers","floor":23,"turns":5},{"damage":8,"enemies":"Shelled Parasite and Fungi","floor":24,"turns":6},{"damage":13,"enemies":"Centurion and Healer","floor":25,"turns":5},{"damage":5,"enemies":"Cultist and Chosen","floor":31,"turns":5},{"damage":41,"enemies":"Collector","floor":33,"turns":6},{"damage":15,"enemies":"Orb Walker","floor":35,"turns":3},{"damage":19,"enemies":"3 Darklings","floor":36,"turns":4},{"damage":17,"enemies":"Jaw Worm Horde","floor":37,"turns":4},{"damage":0,"enemies":"Mind Bloom Boss Battle","floor":38,"turns":5},{"damage":35,"enemies":"Spire Growth","floor":39,"turns":5},{"damage":37,"enemies":"Giant Head","floor":40,"turns":5}],"seed_played":"1194605142498713210","potions_obtained":[{"floor":1,"key":"sneckomod:MuddlingPotion"},{"floor":7,"key":"Fire Potion"},{"floor":10,"key":"Block Potion"},{"floor":12,"key":"hexamod:SoulburnPotion"},{"floor":19,"key":"DistilledChaos"},{"floor":24,"key":"Fruit Juice"},{"floor":31,"key":"Swift Potion"},{"floor":33,"key":"FearPotion"},{"floor":36,"key":"Strength Potion"},{"floor":38,"key":"champ:CounterPotion"}],"is_trial":false,"path_per_floor":["M","$","?","M","M","R","E","R","T","M","R","M","?","M","R","B",null,"M","M","?","M","$","E","M","M","T","?","R","?","?","M","R","B",null,"M","M","M","?","M","E"],"character_chosen":"RobotSpaceExplorer","items_purchased":["RobotSpaceExplorer:StunGrenade","RobotSpaceExplorer:DualCore","RobotSpaceExplorer:SlideRule","RobotSpaceExplorer:Ammunition"],"campfire_rested":0,"item_purchase_floors":[2,2,22,22],"current_hp_per_floor":[75,75,75,76,77,77,51,51,51,52,52,53,53,44,44,19,82,83,83,83,64,64,50,52,44,44,44,44,44,44,44,44,8,95,81,67,51,66,32,0,0],"gold":350,"neow_bonus":"THREE_ENEMY_KILL","is_daily":false,"chose_seed":false,"campfire_upgraded":6,"win_rate":0.0,"timestamp":1612863835,"path_taken":["M","$","?","?","M","R","E","R","T","?","R","M","?","M","R","BOSS","M","M","?","M","$","E","M","M","T","?","R","?","?","M","R","BOSS","M","M","M","?","M","E"],"items_purchased_type":["Card","Card","Relic","Card"],"build_version":"2020-12-22","purchased_purges":1,"victory":false,"max_hp_per_floor":[75,75,75,76,77,77,78,78,78,79,79,80,80,81,81,82,82,83,84,84,85,85,86,92,93,93,93,93,93,93,94,94,95,95,96,97,98,113,114,114,114],"card_choices":[{"not_picked":["RobotSpaceExplorer:Reload","RobotSpaceExplorer:SwiftStep"],"picked":"RobotSpaceExplorer:SlimeMissile","floor":1},{"not_picked":["RobotSpaceExplorer:GlueShot","RobotSpaceExplorer:SurgingShield"],"picked":"RobotSpaceExplorer:SurgingStrike","floor":4},{"not_picked":["RobotSpaceExplorer:Ammunition","RobotSpaceExplorer:MiniBoosters"],"picked":"RobotSpaceExplorer:Pulsar","floor":5},{"not_picked":["RobotSpaceExplorer:FranticSearch","RobotSpaceExplorer:MetalStrike"],"picked":"RobotSpaceExplorer:PlasmaMissile","floor":7},{"not_picked":["RobotSpaceExplorer:MetalStrike","RobotSpaceExplorer:GlueShot"],"picked":"RobotSpaceExplorer:SurgingShield","floor":10},{"not_picked":["RobotSpaceExplorer:Counterblock","RobotSpaceExplorer:Reload"],"picked":"RobotSpaceExplorer:Blaster","floor":12},{"not_picked":["RobotSpaceExplorer:Ammunition","RobotSpaceExplorer:ImprovisedAttack","RobotSpaceExplorer:GearShield"],"picked":"SKIP","floor":14},{"not_picked":["RobotSpaceExplorer:ImprovisedAttack","RobotSpaceExplorer:GearShield"],"picked":"RobotSpaceExplorer:Ammunition","floor":14},{"not_picked":["RobotSpaceExplorer:BlastShield","RobotSpaceExplorer:HighVoltage"],"picked":"RobotSpaceExplorer:Comet","floor":16},{"not_picked":["RobotSpaceExplorer:MiniDrones+1"],"picked":"SKIP","floor":18},{"not_picked":["RobotSpaceExplorer:MiniDrones"],"picked":"SKIP","floor":19},{"not_picked":[],"picked":"RobotSpaceExplorer:Fix","floor":21},{"not_picked":["RobotSpaceExplorer:FranticSearch"],"picked":"SKIP","floor":23},{"not_picked":["RobotSpaceExplorer:SwiftStep"],"picked":"SKIP","floor":24},{"not_picked":[],"picked":"RobotSpaceExplorer:Ammunition+1","floor":25},{"not_picked":["RobotSpaceExplorer:Ammunition"],"picked":"SKIP","floor":31},{"not_picked":[],"picked":"RobotSpaceExplorer:ShockMissile","floor":33},{"not_picked":[],"picked":"RobotSpaceExplorer:IronShell+1","floor":35},{"not_picked":["RobotSpaceExplorer:JunkDive+1"],"picked":"SKIP","floor":36},{"not_picked":["RobotSpaceExplorer:SlimeMissile+1"],"picked":"SKIP","floor":37},{"not_picked":["RobotSpaceExplorer:ShovelStrike+1"],"picked":"SKIP","floor":39}],"player_experience":1114282,"relics_obtained":[{"floor":7,"key":"Centennial Puzzle"},{"floor":9,"key":"Bag of Preparation"},{"floor":23,"key":"Bag of Marbles"},{"floor":26,"key":"Ancient Tea Set"},{"floor":38,"key":"Mango"}],"event_choices":[{"damage_healed":0,"gold_gain":0,"player_choice":"Trade","damage_taken":0,"relics_obtained":["FaceOfCleric"],"max_hp_gain":0,"max_hp_loss":0,"event_name":"FaceTrader","floor":3,"gold_loss":0},{"damage_healed":0,"gold_gain":57,"player_choice":"Gained Gold","damage_taken":0,"max_hp_gain":0,"max_hp_loss":0,"event_name":"Golden Wing","floor":13,"gold_loss":0},{"damage_healed":0,"gold_gain":0,"cards_transformed":["RobotSpaceExplorer:Strike","RobotSpaceExplorer:Strike"],"player_choice":"Became Test Subject","damage_taken":0,"max_hp_gain":0,"max_hp_loss":0,"event_name":"Drug Dealer","floor":27,"gold_loss":0,"cards_obtained":["RobotSpaceExplorer:Smokescreen","RobotSpaceExplorer:Electropulse"]},{"cards_removed":["RobotSpaceExplorer:Strike"],"damage_healed":0,"gold_gain":0,"player_choice":"Gave Gold","damage_taken":0,"max_hp_gain":0,"max_hp_loss":0,"event_name":"Beggar","floor":29,"gold_loss":75},{"damage_healed":0,"gold_gain":0,"player_choice":"Cursed","damage_taken":0,"max_hp_gain":0,"max_hp_loss":0,"event_name":"Wheel of Change","floor":30,"gold_loss":0,"cards_obtained":["Decay"]},{"damage_healed":0,"gold_gain":0,"player_choice":"Fight","damage_taken":0,"max_hp_gain":0,"max_hp_loss":0,"event_name":"MindBloom","floor":38,"gold_loss":0}],"is_beta":false,"boss_relics":[{"not_picked":["Sozu","Snecko Eye"],"picked":"Busted Crown"},{"not_picked":["SlaversCollar","RobotSpaceExplorer:Reprocessor"],"picked":"RobotSpaceExplorer:TurboCore"}],"items_purged_floors":[22],"is_endless":false,"potions_floor_spawned":[1,7,10,12,16,19,24,31,33,36,38],"killed_by":"Giant Head","ascension_level":0}}