{"host":"1gxyv4nzk9y6vrq3","time":1612890004,"event":{"mods":["Bartender","BaseMod","Downfall","Duelist Mod","Jorbs\u0027s Wanderer Trilogy","Marisa????????","Minty Spire (QoL Compilation)","Relic Stats","StSLib","The Disciple","The Mystic","The Servant 0.9.4"],"gold_per_floor":[114,126,137,137,137,165,165,196,243,243,260,260,271,282,282,383,383,393,393,393],"floor_reached":19,"language":"ENG","playtime":1499,"items_purged":[],"score":179,"play_id":"7f25445c-cc01-49d5-bb94-14a8fd18ec8a","local_time":"20210209090004","is_ascension_mode":false,"campfire_choices":[{"floor":7,"key":"REST"},{"floor":10,"key":"REST"},{"data":"mysticmod:LightningBolt","floor":15,"key":"SMITH"}],"circlet_count":0,"master_deck":["mysticmod:Strike_Mystic","mysticmod:Strike_Mystic","mysticmod:Strike_Mystic","mysticmod:Strike_Mystic","mysticmod:Defend_Mystic","mysticmod:Defend_Mystic","mysticmod:Defend_Mystic","mysticmod:Defend_Mystic","mysticmod:ArcaneDodge","mysticmod:ShockingGrasp","mysticmod:LightningBolt+1","mysticmod:KeenEdge","mysticmod:Alacrity","mysticmod:ComboCaster","mysticmod:EnchantedMoulinet","mysticmod:CorrosiveTouch","mysticmod:Grease","mysticmod:ComponentsPouch","mysticmod:HeavyStrike","mysticmod:SpontaneousCaster","mysticmod:PowerAttack"],"relics":["mysticmod:BlessedBook","Sundial","Oddly Smooth Stone","Dream Catcher"],"acts_visited":["Exordium","TheCity"],"potions_floor_usage":[6,8,13,14,16,16,19],"damage_taken":[{"damage":0,"enemies":"Small Slimes","floor":1,"turns":3},{"damage":0,"enemies":"2 Louse","floor":2,"turns":2},{"damage":1,"enemies":"Cultist","floor":3,"turns":3},{"damage":21,"enemies":"3 Sentries","floor":6,"turns":8},{"damage":28,"enemies":"Gremlin Nob","floor":8,"turns":4},{"damage":3,"enemies":"Blue Slaver","floor":11,"turns":6},{"damage":11,"enemies":"Exordium Thugs","floor":13,"turns":3},{"damage":6,"enemies":"3 Louse","floor":14,"turns":4},{"damage":33,"enemies":"Hexaghost","floor":16,"turns":13},{"damage":58,"enemies":"Spheric Guardian","floor":18,"turns":11},{"damage":35,"enemies":"Shell Parasite","floor":19,"turns":6}],"seed_played":"4125039032853689728","potions_obtained":[{"floor":3,"key":"champ:CounterPotion"},{"floor":6,"key":"SteroidPotion"},{"floor":11,"key":"Regen Potion"},{"floor":12,"key":"SteroidPotion"},{"floor":12,"key":"DuplicationPotion"},{"floor":12,"key":"champ:CounterPotion"},{"floor":13,"key":"ColorlessPotion"},{"floor":18,"key":"mysticmod:EssenceOfMagic"}],"is_trial":false,"path_per_floor":["M","M","M","?","$","E","R","E","T","R","M","?","M","M","R","B",null,"M","M"],"character_chosen":"MYSTIC_CLASS","items_purchased":[],"campfire_rested":2,"item_purchase_floors":[],"current_hp_per_floor":[84,84,83,83,83,62,84,56,56,81,78,78,67,61,61,43,84,26,0,0],"gold":393,"neow_bonus":"TEN_PERCENT_HP_BONUS","is_daily":false,"chose_seed":false,"campfire_upgraded":1,"win_rate":0.0,"timestamp":1612890004,"path_taken":["M","M","M","?","$","E","R","E","T","R","M","?","?","M","R","BOSS","M","M"],"items_purchased_type":[],"build_version":"2020-12-22","purchased_purges":0,"victory":false,"max_hp_per_floor":[84,84,84,84,84,84,84,84,84,84,84,84,84,84,84,84,84,84,84,84],"relic_stats":{"Dream Catcher":1,"counters":[11,63],"Sundial":[6],"obtain_stats":[{"Dream Catcher":9,"Sundial":6,"Oddly Smooth Stone":8,"mysticmod:SpellBook":0,"mysticmod:BlessedBook":17},{"Dream Catcher":5,"Sundial":4,"Oddly Smooth Stone":5,"mysticmod:SpellBook":0,"mysticmod:BlessedBook":9},{"Dream Catcher":20,"Sundial":16,"Oddly Smooth Stone":20,"mysticmod:SpellBook":0,"mysticmod:BlessedBook":46}]},"card_choices":[{"not_picked":["mysticmod:PowerSlash","mysticmod:Sideswipe"],"picked":"mysticmod:LightningBolt","floor":1},{"not_picked":["mysticmod:Disengage","mysticmod:PowerSlash"],"picked":"mysticmod:KeenEdge","floor":2},{"not_picked":["mysticmod:Disengage","mysticmod:BulkUp"],"picked":"mysticmod:Alacrity","floor":3},{"not_picked":["mysticmod:ChargedParry","mysticmod:VorpalThrust"],"picked":"mysticmod:ComboCaster","floor":6},{"not_picked":["mysticmod:BulkUp","mysticmod:EarthenWall"],"picked":"mysticmod:EnchantedMoulinet","floor":8},{"not_picked":["mysticmod:EarthenWall","mysticmod:TomeOfSpells"],"picked":"mysticmod:CorrosiveTouch","floor":10},{"not_picked":["mysticmod:PowerSlash","mysticmod:Probe"],"picked":"mysticmod:Grease","floor":11},{"not_picked":["mysticmod:SuddenClarity","mysticmod:KeenEdge"],"picked":"mysticmod:ComponentsPouch","floor":13},{"not_picked":["mysticmod:SuddenClarity","mysticmod:PreparedCaster"],"picked":"mysticmod:HeavyStrike","floor":14},{"not_picked":["mysticmod:Momentum","mysticmod:Doublecast"],"picked":"mysticmod:SpontaneousCaster","floor":16},{"not_picked":["mysticmod:BladeMaster","mysticmod:Grapple"],"picked":"mysticmod:PowerAttack","floor":18}],"player_experience":65600,"relics_obtained":[{"floor":6,"key":"Sundial"},{"floor":8,"key":"Oddly Smooth Stone"},{"floor":9,"key":"Dream Catcher"}],"event_choices":[{"damage_healed":0,"gold_gain":0,"player_choice":"Ignored","damage_taken":0,"max_hp_gain":0,"max_hp_loss":0,"event_name":"Liars Game","floor":4,"gold_loss":0},{"damage_healed":0,"gold_gain":0,"player_choice":"Got Potions","damage_taken":0,"max_hp_gain":0,"max_hp_loss":0,"event_name":"Lab","floor":12,"gold_loss":0}],"is_beta":false,"boss_relics":[{"not_picked":["Calling Bell","Cursed Key"],"picked":"mysticmod:BlessedBook"}],"items_purged_floors":[],"is_endless":false,"potions_floor_spawned":[3,6,11,13,18],"killed_by":"Shell Parasite","ascension_level":0}}