{"host":"72j3if4hls1tefkc","time":1612850255,"event":{"mods":["AchievementEnabler","Always Whale","Aspiration","BaseMod","Beaked The Cultist","Colored Map","Conspire","FetchMod","Halation","Hermit","Hubris","Infinite Spire","Minty Spire (QoL Compilation)","Reliquary","Replay The Spire","Shop Mod","StSLib","The Construct","The Cursed","The Jungle","The Marked","The Necromancer","The Poker Player"],"gold_per_floor":[118,132,132,148,167,194,214,191,217,249,268,287,287,318,318,414,414,429,447,464,464,464,489,489,500,547,578,598,617,617,634,634,738,738,755,755,775,503,518,518,553,328,328,357,357,407,427,457,457,457],"floor_reached":51,"language":"ENG","playtime":2392,"items_purged":["Languid"],"score":1151,"play_id":"72434a82-1a86-46c3-9658-13ccb908e18a","local_time":"20210208225735","is_ascension_mode":true,"campfire_choices":[{"data":"TheCursedMod:CircleOfWindfury","floor":13,"key":"SMITH"},{"data":"TheCursedMod:StingEye","floor":15,"key":"SMITH"},{"data":"hubris:InfiniteBlow+35","floor":24,"key":"SMITH"},{"data":"hubris:InfiniteBlow+36","floor":30,"key":"SMITH"},{"data":"hubris:InfiniteBlow+37","floor":32,"key":"SMITH"},{"data":"TheCursedMod:CircleOfAbyss","floor":40,"key":"SMITH"},{"data":"TheCursedMod:SpitefulPlan","floor":45,"key":"SMITH"},{"data":"TheCursedMod:CursedSpellbook","floor":49,"key":"SMITH"}],"circlet_count":0,"master_deck":["TheCursedMod:Strike_TheCursed","TheCursedMod:CleanUpWorkshop","TheCursedMod:SpitefulStrike","TheCursedMod:TacticalStrike","TheCursedMod:VitalStrike","TheCursedMod:FuryStrike","TheCursedMod:FuryStrike","TheCursedMod:CircleOfWindfury+1","TheCursedMod:CursedSpellbook+1","TheCursedMod:StunningStrike","TheCursedMod:StingEye+1","TheCursedMod:WearCloak","TheCursedMod:VitalStrike","TheCursedMod:CursedShiv","TheCursedMod:CursedSpellbook","TheCursedMod:TacticalStrike","TheCursedMod:CircleOfBlood","TheCursedMod:Stigma","ReplayTheSpireMod:IOU","TheCursedMod:SpitefulStrike","TheCursedMod:AshesToAshes","TheCursedMod:NeowsMight","TheCursedMod:CursedShiv","TheCursedMod:CursedAmulet+1","TheCursedMod:StingEye+1","hubris:InfiniteBlow+38","Madness","Madness","TheCursedMod:CursedAmulet+1","hubris:InfiniteBlow+38","TheCursedMod:SpitefulPlan+1","TheCursedMod:CircleOfAbyss+1","TheCursedMod:DemonSword","Spreading Infection","TheCursedMod:Stigma+1","TheCursedMod:WearCloak+1","TheCursedMod:Hemoplague"],"relics":["TheCursedMod:FourLeafCloverCharm","Burning Blood","Replay:Wax Seal","aspiration:TomeofQuesting","Cursed Key","aspiration:DSix","reliquary:Boomerang","reliquary:BoilingFlask","construct:ClawGrip","MerchantsRug","DollysMirror","Potion Belt","Ornamental Fan","Ancient Tea Set","infinitespire:PuzzleCube","Incense Burner","reliquary:WeakTea"],"acts_visited":["Exordium","theJungle:Jungle","TheBeyond"],"potions_floor_usage":[5,16,16,39,50,50,50],"damage_taken":[{"damage":0,"enemies":"2 Louse","floor":1,"turns":1},{"damage":0,"enemies":"infinitespire:Voidling","floor":2,"turns":1},{"damage":0,"enemies":"Cultist","floor":4,"turns":2},{"damage":0,"enemies":"Large Slime","floor":5,"turns":1},{"damage":7,"enemies":"3 Sentries","floor":6,"turns":3},{"damage":2,"enemies":"Lots of Slimes","floor":7,"turns":2},{"damage":0,"enemies":"Lagavulin","floor":10,"turns":2},{"damage":0,"enemies":"Looter","floor":11,"turns":1},{"damage":0,"enemies":"3 Louse","floor":12,"turns":1},{"damage":0,"enemies":"Replay:BlueRogue","floor":14,"turns":1},{"damage":0,"enemies":"Hexaghost","floor":16,"turns":3},{"damage":1,"enemies":"theJungle:Flameango_and_Byrd","floor":18,"turns":2},{"damage":12,"enemies":"theJungle:GiantWrat","floor":19,"turns":3},{"damage":0,"enemies":"theJungle:2_Snecko_Cultists","floor":20,"turns":2},{"damage":5,"enemies":"theJungle:2_Phrogs","floor":23,"turns":3},{"damage":0,"enemies":"theJungle:Lyon","floor":25,"turns":2},{"damage":0,"enemies":"theJungle:Cassacara","floor":27,"turns":2},{"damage":0,"enemies":"theJungle:JungleHuntersEncounter","floor":28,"turns":3},{"damage":15,"enemies":"theJungle:2_Flameangoes","floor":29,"turns":3},{"damage":0,"enemies":"theJungle:Snecko_Cultist_And_Trap","floor":31,"turns":1},{"damage":0,"enemies":"theJungle:FunGuy","floor":33,"turns":1},{"damage":0,"enemies":"Orb Walker","floor":35,"turns":1},{"damage":18,"enemies":"3 Shapes","floor":37,"turns":2},{"damage":9,"enemies":"Sphere and 2 Shapes","floor":39,"turns":4},{"damage":9,"enemies":"Giant Head","floor":41,"turns":2},{"damage":0,"enemies":"Reptomancer","floor":44,"turns":2},{"damage":0,"enemies":"Mind Bloom Boss Battle","floor":46,"turns":2},{"damage":8,"enemies":"Spire Growth","floor":47,"turns":2},{"damage":0,"enemies":"Giant Head","floor":48,"turns":2},{"damage":17,"enemies":"Awakened One","floor":50,"turns":3}],"seed_played":"348372184678046454","potions_obtained":[{"floor":1,"key":"LiquidMemories"},{"floor":2,"key":"GamblersBrew"},{"floor":3,"key":"Energy Potion"},{"floor":5,"key":"LifebloodPotion"},{"floor":10,"key":"Strength Potion"},{"floor":11,"key":"Strength Potion"},{"floor":19,"key":"Regen Potion"},{"floor":27,"key":"Block Potion"},{"floor":39,"key":"FearPotion"},{"floor":44,"key":"PowerPotion"}],"is_trial":false,"path_per_floor":["M","M","?","M","M","E","M","$","T","E","M","M","R","E","R","B",null,"M","M","M","AVR","?","E","R","M","T","E","M","M","R","M","R","B",null,"M","?","M","$","M","R","E","$","T","E","R","?","M","E","R","B",null],"character_chosen":"THE_CURSED","items_purchased":["TheCursedMod:CircleOfBlood","TheCursedMod:Stigma","MerchantsRug","DollysMirror","TheCursedMod:SpitefulPlan","Ornamental Fan"],"campfire_rested":0,"item_purchase_floors":[8,8,38,38,38,42],"current_hp_per_floor":[75,75,75,75,75,74,75,75,75,75,75,75,75,75,75,75,75,75,69,75,75,75,75,75,75,75,75,75,66,66,72,72,75,75,75,66,56,56,61,61,64,64,64,70,70,75,73,75,75,75],"gold":457,"neow_bonus":"NOSTALGIA","is_daily":false,"chose_seed":false,"campfire_upgraded":8,"win_rate":0.0,"timestamp":1612850255,"path_taken":["M","M","?","M","M","E","M","$","T","E","?","M","R","E","R","BOSS","M","M","?","AVR","?","E","R","M","T","E","M","M","R","?","R","BOSS","M","?","M","$","M","R","E","$","T","E","R","?","M","E","R","BOSS"],"items_purchased_type":["Card","Card","Relic","Relic","Card","Relic"],"build_version":"2020-12-22","purchased_purges":1,"victory":true,"max_hp_per_floor":[75,75,75,75,75,75,75,75,75,75,75,75,75,75,75,75,75,75,75,75,75,75,75,75,75,75,75,75,75,75,75,75,75,75,75,75,75,75,75,75,75,75,75,75,75,75,75,75,75,75],"card_choices":[{"not_picked":["TheCursedMod:AbyssShockwave","TheCursedMod:ReleasedKnowledge"],"picked":"TheCursedMod:StingEye","floor":1},{"not_picked":["TheCursedMod:CursedMace","TheCursedMod:RavingStaff"],"picked":"TheCursedMod:WearCloak","floor":2},{"not_picked":["TheCursedMod:SpitefulStrike","TheCursedMod:RapidMovement"],"picked":"TheCursedMod:VitalStrike","floor":4},{"not_picked":["TheCursedMod:ShockAndAwe","TheCursedMod:Stretching"],"picked":"TheCursedMod:CursedShiv","floor":5},{"not_picked":["TheCursedMod:CircleOfCorruption","TheCursedMod:CursedMace"],"picked":"TheCursedMod:CursedSpellbook","floor":6},{"not_picked":["TheCursedMod:CursedBlade","TheCursedMod:Obscuration"],"picked":"TheCursedMod:TacticalStrike","floor":7},{"not_picked":["TheCursedMod:RapidMovement","TheCursedMod:CircleOfAmplification"],"picked":"TheCursedMod:SpitefulStrike","floor":10},{"not_picked":["TheCursedMod:CursedBlade","TheCursedMod:CursedAmulet","TheCursedMod:CircleOfCorruption"],"picked":"SKIP","floor":11},{"not_picked":["TheCursedMod:RapidMovement","TheCursedMod:Obscuration"],"picked":"TheCursedMod:AshesToAshes","floor":12},{"not_picked":["TheCursedMod:CursedBlade","TheCursedMod:CollectTribute","TheCursedMod:Wield"],"picked":"SKIP","floor":14},{"not_picked":["TheCursedMod:ParallelWorld","TheCursedMod:DemonicPact"],"picked":"TheCursedMod:NeowsMight","floor":16},{"not_picked":["TheCursedMod:TroublousMinions","TheCursedMod:CircleOfFlame"],"picked":"TheCursedMod:CursedShiv","floor":18},{"not_picked":["TheCursedMod:Wield","TheCursedMod:Evocation"],"picked":"TheCursedMod:CursedAmulet+1","floor":19},{"not_picked":["TheCursedMod:AbyssShockwave","TheCursedMod:RavingStaff+1"],"picked":"TheCursedMod:StingEye+1","floor":20},{"not_picked":["TheCursedMod:TacticalStrike","TheCursedMod:FleshFromBone","TheCursedMod:SurpriseAttack"],"picked":"SKIP","floor":23},{"not_picked":["TheCursedMod:DarkBarrier","TheCursedMod:SoulCrush","TheCursedMod:CircleOfBlood+1"],"picked":"SKIP","floor":25},{"not_picked":["TheCursedMod:CursedMace","TheCursedMod:VitalStrike","TheCursedMod:RavingStaff"],"picked":"SKIP","floor":27},{"not_picked":["TheCursedMod:CursedAmulet+1","TheCursedMod:CircleOfBlood","TheCursedMod:DoubleShield"],"picked":"SKIP","floor":28},{"not_picked":["TheCursedMod:Wield","TheCursedMod:TacticalStrike","TheCursedMod:Obscuration"],"picked":"SKIP","floor":29},{"not_picked":["TheCursedMod:Torture","TheCursedMod:RavingStaff","TheCursedMod:CircleOfWindfury"],"picked":"SKIP","floor":31},{"not_picked":["TheCursedMod:CursedShiv","TheCursedMod:SaltUponWound+1","TheCursedMod:SmokeScreen"],"picked":"SKIP","floor":35},{"not_picked":["TheCursedMod:Torture","TheCursedMod:RapidMovement"],"picked":"TheCursedMod:CursedAmulet+1","floor":37},{"not_picked":["TheCursedMod:VitalStrike","TheCursedMod:Obscuration"],"picked":"TheCursedMod:CircleOfAbyss","floor":39},{"not_picked":["TheCursedMod:ReleasedStrength","TheCursedMod:DoubleShield"],"picked":"TheCursedMod:DemonSword","floor":41},{"not_picked":["TheCursedMod:Stretching","TheCursedMod:FleshFromBone+1"],"picked":"TheCursedMod:Stigma+1","floor":44},{"not_picked":["TheCursedMod:RavingStaff","TheCursedMod:Grudge"],"picked":"TheCursedMod:WearCloak+1","floor":46},{"not_picked":["TheCursedMod:RavingStaff+1","TheCursedMod:CursedAmulet+1"],"picked":"TheCursedMod:Hemoplague","floor":47},{"not_picked":["TheCursedMod:SpitefulPlan+1","TheCursedMod:Evocation+1","TheCursedMod:VitalStrike+1"],"picked":"SKIP","floor":48}],"player_experience":405864,"relics_obtained":[{"floor":6,"key":"Replay:Wax Seal"},{"floor":9,"key":"reliquary:FerryPass"},{"floor":10,"key":"aspiration:TomeofQuesting"},{"floor":14,"key":"halation:TwoAmDonut"},{"floor":23,"key":"aspiration:DSix"},{"floor":26,"key":"reliquary:Boomerang"},{"floor":27,"key":"reliquary:BoilingFlask"},{"floor":41,"key":"Potion Belt"},{"floor":43,"key":"Ancient Tea Set"},{"floor":44,"key":"infinitespire:PuzzleCube"},{"floor":46,"key":"Incense Burner"},{"floor":48,"key":"reliquary:WeakTea"}],"event_choices":[{"damage_healed":0,"gold_gain":0,"player_choice":"Got Potions","damage_taken":0,"max_hp_gain":0,"max_hp_loss":0,"event_name":"Lab","floor":3,"gold_loss":0},{"damage_healed":0,"gold_gain":0,"player_choice":"Bought 0 Potions","damage_taken":0,"max_hp_gain":0,"max_hp_loss":0,"event_name":"The Woman in Blue","floor":22,"gold_loss":0},{"damage_healed":0,"gold_gain":0,"player_choice":"Embrace Madness","damage_taken":9,"max_hp_gain":0,"max_hp_loss":0,"event_name":"Winding Halls","floor":36,"gold_loss":0,"cards_obtained":["Madness","Madness"]},{"damage_healed":0,"gold_gain":0,"player_choice":"Fight","damage_taken":0,"max_hp_gain":0,"max_hp_loss":0,"event_name":"MindBloom","floor":46,"gold_loss":0}],"is_beta":false,"boss_relics":[{"not_picked":["Coffee Dripper","hubris:VirtuousBlindfold"],"picked":"Cursed Key"},{"not_picked":["halation:Yufonium","hubris:GrandSneckoEye"],"picked":"construct:ClawGrip"}],"items_purged_floors":[38],"is_endless":false,"potions_floor_spawned":[1,2,5,10,11,12,14,19,27,31,33,35,37,39,44],"ascension_level":1}}