{"host":"ozna616cf3t085g7","time":1612899717,"event":{"mods":["100% Spire Juice","Act Like it!","Arknights","BaseMod","Hermit","Koishi","Menagerie","Minty Spire (QoL Compilation)","Prisma Mod","Replay The Spire","Shop Mod","Spicy Shops","StSLib","The Cursed","The Dragon Tamer","The Hierophant","The Jungle","The Runesmith"],"gold_per_floor":[117,177,252,268,268,307,307,302,375,375,384,384,52,30,30,30,30,138,138,70,70],"floor_reached":20,"language":"KOR","playtime":1392,"items_purged":["Injury"],"score":220,"play_id":"f601b7a0-f0f7-44e9-a267-4c8bec577e75","local_time":"20210210044157","is_ascension_mode":false,"campfire_choices":[{"data":"hierophant:EyeForCoin","floor":7,"key":"SMITH"},{"floor":12,"key":"REST"}],"circlet_count":0,"master_deck":["hierophant:Strike_Hierophant","hierophant:Punish","hierophant:Defend_Hierophant","hierophant:Defend_Hierophant","hierophant:Defend_Hierophant","hierophant:Defend_Hierophant","hierophant:ChurchCoffers","hierophant:Zeal","hierophant:EyeForCoin+1","hierophant:Doubloon","hierophant:ArchangelShield","hierophant:Doubloon","hierophant:ThreeLashes","hierophant:RepressedViolence","hierophant:Doubloon+1","hierophant:Bribe","hierophant:Invocation+1","hierophant:Doubloon+1","hierophant:LocustPlague","hierophant:Doubloon+1"],"relics":["hierophant:PropheticMaskRelic","NeowsBlessing","Golden Idol","Replay:Rubber Ducky","Ornamental Fan","Toxic Egg 2","Empty Cage"],"acts_visited":["Exordium","Exordium"],"potions_floor_usage":[2,18,18,18],"damage_taken":[{"damage":0,"enemies":"ats:Genji","floor":1,"turns":1},{"damage":0,"enemies":"2 Louse","floor":4,"turns":2},{"damage":0,"enemies":"Lagavulin","floor":6,"turns":2},{"damage":0,"enemies":"Cultist","floor":8,"turns":4},{"damage":7,"enemies":"2 Fungi Beasts","floor":11,"turns":4},{"damage":9,"enemies":"3 Louse","floor":14,"turns":3},{"damage":57,"enemies":"The Guardian","floor":18,"turns":26},{"damage":53,"enemies":"theJungle:Flameango_and_Byrd","floor":20,"turns":13}],"seed_played":"-6584511872589845694","potions_obtained":[{"floor":1,"key":"LifebloodPotion"},{"floor":2,"key":"Reflective Coating"},{"floor":2,"key":"SpeedPotion"},{"floor":2,"key":"Fruit Juice"},{"floor":6,"key":"Block Potion"}],"is_trial":false,"path_per_floor":["M","?","?","M","?","E","R","M","T","?","M","R","$","M","PTL","PTL","R","B",null,"M"],"character_chosen":"HIEROPHANT","items_purchased":["Toxic Egg 2"],"campfire_rested":1,"item_purchase_floors":[13],"current_hp_per_floor":[75,62,54,54,54,54,54,54,54,54,47,71,71,62,62,62,62,5,80,27,27],"gold":70,"neow_bonus":"THREE_ENEMY_KILL","is_daily":false,"chose_seed":false,"campfire_upgraded":1,"win_rate":0.0,"timestamp":1612899717,"path_taken":["M","?","?","?","?","E","R","M","T","?","M","R","?","M","PTL","PTL","R","BOSS","M"],"items_purchased_type":["Relic"],"build_version":"2020-12-22","purchased_purges":1,"victory":false,"max_hp_per_floor":[75,80,80,80,80,80,80,80,80,80,80,80,80,80,80,80,80,80,80,80,80],"card_choices":[{"not_picked":["hierophant:Exaltation","hierophant:AuricBeam"],"picked":"hierophant:Zeal","floor":1},{"not_picked":["hierophant:DisplayOfPower","hierophant:AuricBeam"],"picked":"hierophant:EyeForCoin","floor":2},{"not_picked":["hierophant:Patience","hierophant:Purify"],"picked":"hierophant:ArchangelShield","floor":4},{"not_picked":["hierophant:Shelter","hierophant:HammerAndAnvil"],"picked":"hierophant:ThreeLashes","floor":6},{"not_picked":["hierophant:Racketeering","hierophant:Doomsaying"],"picked":"hierophant:RepressedViolence","floor":8},{"not_picked":["hierophant:Smite","hierophant:MorningPrayer"],"picked":"hierophant:Bribe","floor":11},{"not_picked":["hierophant:AuricBeam","hierophant:Endure+1"],"picked":"hierophant:Invocation+1","floor":14},{"not_picked":["hierophant:Generosity","hierophant:Levitation+1"],"picked":"hierophant:LocustPlague","floor":18}],"player_experience":589,"relics_obtained":[{"floor":6,"key":"Replay:Rubber Ducky"},{"floor":9,"key":"Ornamental Fan"}],"event_choices":[{"damage_healed":0,"gold_gain":75,"player_choice":"Touch","damage_taken":8,"max_hp_gain":0,"max_hp_loss":0,"event_name":"FaceTrader","floor":3,"gold_loss":0},{"damage_healed":0,"gold_gain":0,"player_choice":"Take Wound","damage_taken":0,"relics_obtained":["Golden Idol"],"max_hp_gain":0,"max_hp_loss":0,"event_name":"Golden Idol","floor":5,"gold_loss":0,"cards_obtained":["Injury"]},{"damage_healed":0,"gold_gain":0,"player_choice":"Ignored","damage_taken":0,"max_hp_gain":0,"max_hp_loss":0,"event_name":"Liars Game","floor":10,"gold_loss":0},{"cards_removed":["hierophant:Strike_Hierophant"],"damage_healed":0,"gold_gain":0,"player_choice":"Forget","damage_taken":0,"max_hp_gain":0,"max_hp_loss":0,"event_name":"Living Wall","floor":17,"gold_loss":0}],"is_beta":false,"boss_relics":[{"not_picked":["Replay:Fungal Core","Tiny House"],"picked":"Empty Cage"}],"items_purged_floors":[13],"is_endless":false,"potions_floor_spawned":[1,6,11,14],"killed_by":"theJungle:Flameango_and_Byrd","ascension_level":0}}