{"host":"tner83jrcdd0m6a5","time":1612857134,"event":{"mods":["AchievementEnabler","BaseMod","Bestiary","Colored Map","Colored Powertips","DeckTracker","Highlight Path","Keyboard Shortcuts","Minty Spire (QoL Compilation)","Quick Restart","Rare Cards Sparkle","Relic Stats","Slay-I","SuperFastMode"],"gold_per_floor":[118,118,118,130,144,144,169,180,228,228,228,259,259,278,278,379,429,441,453,453,453,472,472,489,489,489,500,500,518,549,549,549,646,646,660,675,492,543,543,578,578,578,578],"floor_reached":42,"language":"ENG","playtime":2174,"items_purged":["Masterful Stab"],"score":553,"play_id":"68bc2093-1a6e-416b-bf87-41247cd70da1","local_time":"20210209075214","is_ascension_mode":true,"campfire_choices":[{"data":"Envenom","floor":6,"key":"SMITH"},{"data":"Neutralize","floor":11,"key":"SMITH"},{"data":"Noxious Fumes","floor":13,"key":"SMITH"},{"floor":15,"key":"REST"},{"data":"After Image","floor":23,"key":"SMITH"},{"data":"Envenom","floor":25,"key":"SMITH"},{"data":"Survivor","floor":28,"key":"SMITH"},{"floor":32,"key":"REST"},{"data":"Masterful Stab","floor":41,"key":"SMITH"}],"circlet_count":0,"master_deck":["Strike_G+1","Defend_G+1","Defend_G","Defend_G","Survivor+1","Neutralize+1","Envenom+1","PiercingWail+1","Noxious Fumes+1","Footwork+1","After Image+1","Prepared+1","Infinite Blades","Dodge and Roll+1","Masterful Stab+1","Envenom+1","Backstab+1","Venomology+1","Deflect+1","Escape Plan+1","Blur+1","Adrenaline+1","Terror+1"],"relics":["Ring of the Snake","Toxic Egg 2","Snake Skull","Vajra","Tiny House","The Courier","Frozen Egg 2","Empty Cage","Oddly Smooth Stone","Pocketwatch","Orichalcum"],"acts_visited":["Exordium","TheCity","TheBeyond"],"potions_floor_usage":[7,8,12,16,18,24,27,27,29,30,33,36,38,38,42,42],"damage_taken":[{"damage":0,"enemies":"2 Louse","floor":1,"turns":4},{"damage":0,"enemies":"Jaw Worm","floor":4,"turns":5},{"damage":0,"enemies":"Small Slimes","floor":5,"turns":3},{"damage":22,"enemies":"Lagavulin","floor":7,"turns":6},{"damage":12,"enemies":"Exordium Thugs","floor":8,"turns":4},{"damage":0,"enemies":"3 Sentries","floor":12,"turns":6},{"damage":5,"enemies":"Large Slime","floor":14,"turns":4},{"damage":3,"enemies":"Slime Boss","floor":16,"turns":8},{"damage":0,"enemies":"2 Thieves","floor":18,"turns":4},{"damage":0,"enemies":"3 Byrds","floor":19,"turns":5},{"damage":23,"enemies":"Centurion and Healer","floor":22,"turns":10},{"damage":0,"enemies":"3 Cultists","floor":24,"turns":5},{"damage":9,"enemies":"Cultist and Chosen","floor":27,"turns":7},{"damage":2,"enemies":"Snecko","floor":29,"turns":6},{"damage":10,"enemies":"Book of Stabbing","floor":30,"turns":6},{"damage":2,"enemies":"Automaton","floor":33,"turns":9},{"damage":4,"enemies":"3 Darklings","floor":35,"turns":7},{"damage":0,"enemies":"3 Shapes","floor":36,"turns":6},{"damage":28,"enemies":"2 Orb Walkers","floor":38,"turns":6},{"damage":8,"enemies":"Nemesis","floor":40,"turns":11},{"damage":49,"enemies":"Reptomancer","floor":42,"turns":2}],"seed_played":"-1656522996167276609","potions_obtained":[{"floor":1,"key":"ColorlessPotion"},{"floor":5,"key":"DuplicationPotion"},{"floor":8,"key":"AttackPotion"},{"floor":14,"key":"CultistPotion"},{"floor":17,"key":"DistilledChaos"},{"floor":19,"key":"AttackPotion"},{"floor":24,"key":"Weak Potion"},{"floor":27,"key":"SteroidPotion"},{"floor":30,"key":"PowerPotion"},{"floor":35,"key":"AttackPotion"}],"is_trial":false,"path_per_floor":["M","?","?","M","M","R","E","M","T","?","R","E","R","M","R","B",null,"M","M","?","?","M","R","M","R","T","M","R","M","E","?","R","B",null,"M","M","$","?","?","E","R","E"],"character_chosen":"THE_SILENT","items_purchased":["Oddly Smooth Stone"],"campfire_rested":2,"item_purchase_floors":[37],"current_hp_per_floor":[70,75,60,60,60,60,38,26,26,26,26,26,26,21,43,40,80,80,80,80,80,57,57,57,57,57,48,48,46,36,21,46,44,85,81,81,81,53,53,45,45,0,0],"gold":578,"neow_bonus":"TRANSFORM_CARD","is_daily":false,"chose_seed":false,"campfire_upgraded":7,"win_rate":0.0,"timestamp":1612857134,"path_taken":["M","?","?","M","M","R","E","M","T","?","R","E","R","M","R","BOSS","M","M","?","?","M","R","M","R","T","M","R","M","E","?","R","BOSS","M","M","$","?","?","E","R","E"],"items_purchased_type":["Relic"],"build_version":"2020-12-22","purchased_purges":1,"victory":false,"max_hp_per_floor":[70,75,75,75,75,75,75,75,75,75,75,75,75,75,75,75,80,80,80,80,80,80,80,80,80,80,80,80,80,80,85,85,85,85,85,85,85,85,81,81,81,81,81],"relic_stats":{"counters":[21,124],"Snake Skull":[222],"Orichalcum":[0],"obtain_stats":[{"Tiny House":17,"Vajra":12,"Oddly Smooth Stone":37,"Snake Skull":9,"The Courier":26,"Toxic Egg 2":7,"Frozen Egg 2":30,"Orichalcum":40,"Empty Cage":34,"Ring of the Snake":0,"Pocketwatch":38},{"Tiny House":8,"Vajra":6,"Oddly Smooth Stone":18,"Snake Skull":5,"The Courier":12,"Toxic Egg 2":4,"Frozen Egg 2":15,"Orichalcum":20,"Empty Cage":16,"Ring of the Snake":0,"Pocketwatch":19},{"Tiny House":40,"Vajra":28,"Oddly Smooth Stone":105,"Snake Skull":22,"The Courier":64,"Toxic Egg 2":18,"Frozen Egg 2":83,"Orichalcum":122,"Empty Cage":92,"Ring of the Snake":0,"Pocketwatch":111}],"Ring of the Snake":[42],"Pocketwatch":[6]},"card_choices":[{"not_picked":["Escape Plan","Deflect","Predator"],"picked":"SKIP","floor":1},{"not_picked":["Bouncing Flask","PiercingWail"],"picked":"Masterful Stab","floor":4},{"not_picked":["Blade Dance","Outmaneuver","Distraction"],"picked":"SKIP","floor":5},{"not_picked":["Underhanded Strike","Reflex+1","Tactician+1"],"picked":"SKIP","floor":7},{"not_picked":["Reflex+1","Dagger Throw","Bane"],"picked":"SKIP","floor":8},{"not_picked":["Infinite Blades","Deadly Poison+1"],"picked":"Noxious Fumes","floor":12},{"not_picked":["Escape Plan+1","Dagger Spray"],"picked":"Footwork","floor":14},{"not_picked":["Envenom","Grand Finale"],"picked":"After Image","floor":16},{"not_picked":["Skewer","Well Laid Plans"],"picked":"Prepared+1","floor":17},{"not_picked":["Backflip+1","Dagger Spray"],"picked":"Infinite Blades","floor":18},{"not_picked":["Outmaneuver+1","Blade Dance+1"],"picked":"Dodge and Roll+1","floor":19},{"not_picked":["Bane","Sucker Punch"],"picked":"Backstab+1","floor":22},{"not_picked":["Flechettes","Dodge and Roll+1"],"picked":"Venomology+1","floor":24},{"not_picked":["Deadly Poison+1","Heel Hook"],"picked":"Deflect+1","floor":27},{"not_picked":["Accuracy","Deadly Poison+1"],"picked":"Escape Plan+1","floor":29},{"not_picked":["Bane","Underhanded Strike"],"picked":"Blur+1","floor":30},{"not_picked":["Corpse Explosion+1","Unload"],"picked":"Adrenaline+1","floor":33},{"not_picked":["Slice","Bane","Blade Dance+1"],"picked":"SKIP","floor":35},{"not_picked":["Poisoned Stab","Choke+1","Bane"],"picked":"SKIP","floor":36},{"not_picked":["Grand Finale","Prepared+1"],"picked":"Terror+1","floor":38},{"not_picked":["Glass Knife","Tools of the Trade+1","Acrobatics+1"],"picked":"SKIP","floor":40}],"player_experience":367168,"relics_obtained":[{"floor":7,"key":"Toxic Egg 2"},{"floor":9,"key":"Snake Skull"},{"floor":12,"key":"Vajra"},{"floor":26,"key":"The Courier"},{"floor":30,"key":"Frozen Egg 2"},{"floor":38,"key":"Pocketwatch"},{"floor":40,"key":"Orichalcum"}],"event_choices":[{"damage_healed":0,"gold_gain":0,"player_choice":"Donut","damage_taken":0,"max_hp_gain":5,"max_hp_loss":0,"event_name":"Big Fish","floor":2,"gold_loss":0},{"damage_healed":0,"gold_gain":0,"player_choice":"Entered Light","damage_taken":15,"max_hp_gain":0,"max_hp_loss":0,"event_name":"Shining Light","floor":3,"gold_loss":0,"cards_upgraded":["Strike_G","Defend_G"]},{"damage_healed":0,"gold_gain":0,"cards_transformed":["Strike_G"],"player_choice":"Change","damage_taken":0,"max_hp_gain":0,"max_hp_loss":0,"event_name":"Living Wall","floor":10,"gold_loss":0,"cards_obtained":["PiercingWail"]},{"damage_healed":0,"gold_gain":0,"cards_transformed":["Strike_G","Strike_G"],"player_choice":"Became Test Subject","damage_taken":0,"max_hp_gain":0,"max_hp_loss":0,"event_name":"Drug Dealer","floor":20,"gold_loss":0,"cards_obtained":["Masterful Stab","Envenom"]},{"damage_healed":0,"gold_gain":0,"player_choice":"Ignored","damage_taken":0,"max_hp_gain":0,"max_hp_loss":0,"event_name":"Vampires","floor":21,"gold_loss":0},{"damage_healed":0,"gold_gain":0,"player_choice":"Shed Blood","damage_taken":20,"max_hp_gain":5,"max_hp_loss":0,"event_name":"Forgotten Altar","floor":31,"gold_loss":0},{"damage_healed":0,"gold_gain":0,"player_choice":"Fight","damage_taken":0,"max_hp_gain":0,"max_hp_loss":0,"event_name":"Mysterious Sphere","floor":38,"gold_loss":0},{"damage_healed":0,"gold_gain":0,"player_choice":"Max HP","damage_taken":0,"max_hp_gain":0,"max_hp_loss":4,"event_name":"Winding Halls","floor":39,"gold_loss":0}],"is_beta":false,"boss_relics":[{"not_picked":["Pandora\u0027s Box","Runic Dome"],"picked":"Tiny House"},{"not_picked":["Cursed Key","Fusion Hammer"],"picked":"Empty Cage"}],"items_purged_floors":[37],"is_endless":false,"potions_floor_spawned":[1,5,8,14,19,24,27,30,35,36,40],"killed_by":"Reptomancer","ascension_level":3}}