{"host":"1bzbl1adcbkdzqlf","time":1612912359,"event":{"mods":["BaseMod","Minty Spire (QoL Compilation)","Slay the Relics Exporter"],"gold_per_floor":[110,110,110,125,26,55,70,99,99,116,144,154,154,182,182,278,278,294,294,294,294,294,328,328,359,359,378,394,406,435,44,44,148,148,161,171,171,171,134,134,154,187,187,204,204,59,76,109,109,109],"floor_reached":51,"language":"ENG","playtime":5259,"items_purged":["Regret"],"score":1102,"play_id":"dbc1ccc1-332e-416d-b34f-b186a51800e9","local_time":"20210209171239","is_ascension_mode":true,"campfire_choices":[{"data":"Offering","floor":13,"key":"SMITH"},{"data":"Flame Barrier","floor":15,"key":"SMITH"},{"data":"Demon Form","floor":24,"key":"SMITH"},{"data":"Shockwave","floor":32,"key":"SMITH"},{"data":"Fiend Fire","floor":40,"key":"SMITH"},{"data":"Dark Embrace","floor":45,"key":"SMITH"},{"data":"Intimidate","floor":49,"key":"SMITH"}],"circlet_count":0,"master_deck":["Defend_R","Defend_R","Bash","Armaments+1","Cleave","Thunderclap","Shrug It Off","Intimidate+1","Offering+1","Iron Wave","Flame Barrier+1","Demon Form+1","True Grit+1","Bite","Bite","Bite","Bite","Bite","True Grit+1","Shockwave+1","Flex+1","Metallicize+1","Iron Wave+1","Fiend Fire+1","Heavy Blade+1","True Grit+1","Dark Embrace+1","Feel No Pain+1","Intimidate+1","Flame Barrier+1","Clothesline+1","Bloodletting+1"],"relics":["Burning Blood","Boot","Charon\u0027s Ashes","Toy Ornithopter","Meat on the Bone","Red Skull","Omamori","Sozu","HornCleat","Art of War","Dead Branch","Happy Flower","Bag of Preparation","Mercury Hourglass","Coffee Dripper","Orichalcum","Molten Egg 2","Bag of Marbles","Unceasing Top"],"acts_visited":["Exordium","TheCity","TheBeyond"],"potions_floor_usage":[6,8,11,12,33],"damage_taken":[{"damage":15,"enemies":"Small Slimes","floor":1,"turns":4},{"damage":3,"enemies":"Jaw Worm","floor":4,"turns":4},{"damage":15,"enemies":"3 Sentries","floor":6,"turns":5},{"damage":1,"enemies":"Cultist","floor":7,"turns":3},{"damage":27,"enemies":"Lagavulin","floor":8,"turns":7},{"damage":11,"enemies":"Exordium Wildlife","floor":10,"turns":5},{"damage":31,"enemies":"Gremlin Nob","floor":11,"turns":5},{"damage":18,"enemies":"Large Slime","floor":12,"turns":6},{"damage":23,"enemies":"Lagavulin","floor":14,"turns":4},{"damage":33,"enemies":"Hexaghost","floor":16,"turns":8},{"damage":6,"enemies":"Chosen","floor":18,"turns":3},{"damage":41,"enemies":"Gremlin Leader","floor":23,"turns":7},{"damage":22,"enemies":"Book of Stabbing","floor":25,"turns":5},{"damage":4,"enemies":"Shell Parasite","floor":27,"turns":3},{"damage":7,"enemies":"Shelled Parasite and Fungi","floor":28,"turns":6},{"damage":19,"enemies":"Chosen and Byrds","floor":29,"turns":5},{"damage":41,"enemies":"Gremlin Leader","floor":30,"turns":6},{"damage":50,"enemies":"Collector","floor":33,"turns":8},{"damage":6,"enemies":"3 Darklings","floor":35,"turns":3},{"damage":6,"enemies":"3 Shapes","floor":36,"turns":4},{"damage":14,"enemies":"Writhing Mass","floor":41,"turns":3},{"damage":27,"enemies":"Giant Head","floor":42,"turns":6},{"damage":14,"enemies":"Jaw Worm Horde","floor":44,"turns":2},{"damage":2,"enemies":"Sphere and 2 Shapes","floor":47,"turns":4},{"damage":11,"enemies":"Reptomancer","floor":48,"turns":4},{"damage":20,"enemies":"Donu and Deca","floor":50,"turns":4}],"seed_played":"1766998778486978130","potions_obtained":[{"floor":1,"key":"LiquidMemories"},{"floor":7,"key":"DuplicationPotion"},{"floor":8,"key":"Regen Potion"},{"floor":10,"key":"EssenceOfSteel"},{"floor":16,"key":"SteroidPotion"}],"is_trial":false,"path_per_floor":["M","?","?","M","$","E","M","E","T","M","E","M","R","E","R","B",null,"M","?","$","?","?","E","R","E","T","M","M","M","E","$","R","B",null,"M","M","?","?","$","R","M","E","T","M","R","$","M","E","R","B",null],"character_chosen":"IRONCLAD","items_purchased":["Thunderclap","Bag of Preparation","Mercury Hourglass","Dark Embrace","Bag of Marbles"],"campfire_rested":0,"item_purchase_floors":[5,31,31,39,46],"current_hp_per_floor":[71,71,71,74,74,65,70,49,49,56,48,56,56,51,51,36,75,75,61,61,61,61,39,39,46,46,54,61,57,40,40,40,35,55,57,57,57,57,57,57,49,42,42,46,46,46,56,56,56,42],"gold":109,"neow_bonus":"TEN_PERCENT_HP_BONUS","is_daily":false,"chose_seed":false,"campfire_upgraded":7,"win_rate":0.0,"timestamp":1612912359,"path_taken":["M","?","?","M","$","E","M","E","T","?","E","M","R","E","R","BOSS","M","?","$","?","?","E","R","E","T","M","M","M","E","$","R","BOSS","M","?","?","?","$","R","M","E","T","M","R","$","M","E","R","BOSS"],"items_purchased_type":["Card","Relic","Relic","Card","Relic"],"build_version":"2020-12-22","purchased_purges":1,"victory":true,"max_hp_per_floor":[88,88,88,88,88,88,88,88,88,88,88,88,88,88,88,88,88,88,61,61,61,61,61,61,61,61,61,61,61,61,61,61,61,61,61,61,61,61,61,61,61,61,61,61,61,61,61,61,61,61],"card_choices":[{"not_picked":["Infernal Blade","Sword Boomerang"],"picked":"Armaments","floor":1},{"not_picked":["Burning Pact","Metallicize"],"picked":"Cleave","floor":4},{"not_picked":["Rage","Thunderclap"],"picked":"Headbutt","floor":6},{"not_picked":["Wild Strike","Heavy Blade","Sentinel"],"picked":"SKIP","floor":7},{"not_picked":["Warcry","Iron Wave"],"picked":"Shrug It Off","floor":8},{"not_picked":["Body Slam","Armaments"],"picked":"Intimidate","floor":10},{"not_picked":["Juggernaut","Feel No Pain"],"picked":"Offering","floor":11},{"not_picked":["Cleave","Seeing Red"],"picked":"Iron Wave","floor":12},{"not_picked":["Sword Boomerang","Hemokinesis"],"picked":"Flame Barrier","floor":14},{"not_picked":["Brutality","Double Tap"],"picked":"Demon Form","floor":16},{"not_picked":["Sentinel","Sever Soul+1"],"picked":"True Grit+1","floor":18},{"not_picked":["Entrench","Clash+1"],"picked":"True Grit+1","floor":23},{"not_picked":["Offering","True Grit"],"picked":"Shockwave","floor":25},{"not_picked":["Dual Wield","Evolve+1","Searing Blow"],"picked":"SKIP","floor":27},{"not_picked":["Ghostly Armor","Shrug It Off"],"picked":"Flex+1","floor":28},{"not_picked":["Power Through","Immolate"],"picked":"Metallicize+1","floor":29},{"not_picked":["Thunderclap","Wild Strike"],"picked":"Iron Wave+1","floor":30},{"not_picked":["Impervious","Limit Break"],"picked":"Fiend Fire","floor":33},{"not_picked":["Clothesline+1","Body Slam+1"],"picked":"Heavy Blade+1","floor":35},{"not_picked":["Evolve","Power Through"],"picked":"True Grit+1","floor":36},{"not_picked":["Headbutt+1","Heavy Blade"],"picked":"Feel No Pain+1","floor":41},{"not_picked":["Shrug It Off+1","Rage"],"picked":"Intimidate+1","floor":42},{"not_picked":["Armaments+1","Twin Strike+1"],"picked":"Flame Barrier+1","floor":44},{"not_picked":["Shockwave","Shrug It Off"],"picked":"Clothesline+1","floor":47},{"not_picked":["Clash+1","Rage"],"picked":"Bloodletting+1","floor":48}],"player_experience":395217,"relics_obtained":[{"floor":6,"key":"Charon\u0027s Ashes"},{"floor":8,"key":"Toy Ornithopter"},{"floor":9,"key":"Meat on the Bone"},{"floor":11,"key":"Red Skull"},{"floor":14,"key":"Omamori"},{"floor":23,"key":"HornCleat"},{"floor":25,"key":"Art of War"},{"floor":26,"key":"Dead Branch"},{"floor":30,"key":"Happy Flower"},{"floor":42,"key":"Orichalcum"},{"floor":43,"key":"Molten Egg 2"},{"floor":48,"key":"Unceasing Top"}],"event_choices":[{"damage_healed":0,"gold_gain":0,"player_choice":"Box","damage_taken":0,"relics_obtained":["Boot"],"max_hp_gain":0,"max_hp_loss":0,"event_name":"Big Fish","floor":2,"gold_loss":0,"cards_obtained":["Regret"]},{"damage_healed":0,"gold_gain":0,"player_choice":"Forge","damage_taken":0,"max_hp_gain":0,"max_hp_loss":0,"event_name":"Accursed Blacksmith","floor":3,"gold_loss":0,"cards_upgraded":["Armaments"]},{"damage_healed":0,"gold_gain":0,"player_choice":"Became a vampire","damage_taken":0,"max_hp_gain":0,"max_hp_loss":27,"event_name":"Vampires","floor":19,"gold_loss":0,"cards_obtained":["Bite","Bite","Bite","Bite","Bite"]},{"cards_removed":["Defend_R"],"damage_healed":0,"gold_gain":0,"player_choice":"Elegance","damage_taken":0,"max_hp_gain":0,"max_hp_loss":0,"event_name":"Back to Basics","floor":21,"gold_loss":0},{"cards_removed":["Defend_R"],"damage_healed":0,"gold_gain":0,"player_choice":"Offered Basic","damage_taken":0,"max_hp_gain":0,"max_hp_loss":0,"event_name":"Bonfire Elementals","floor":22,"gold_loss":0},{"cards_removed":["Headbutt"],"damage_healed":0,"gold_gain":0,"player_choice":"Removed Attack","damage_taken":0,"max_hp_gain":0,"max_hp_loss":0,"event_name":"Falling","floor":37,"gold_loss":0},{"damage_healed":0,"gold_gain":0,"player_choice":"Bought 0 Potions","damage_taken":0,"max_hp_gain":0,"max_hp_loss":0,"event_name":"The Woman in Blue","floor":38,"gold_loss":0}],"is_beta":false,"boss_relics":[{"not_picked":["SacredBark","Snecko Eye"],"picked":"Sozu"},{"not_picked":["SlaversCollar","Black Star"],"picked":"Coffee Dripper"}],"items_purged_floors":[5],"is_endless":false,"potions_floor_spawned":[1,7,8,10,16,28,30,33,42,44,47],"ascension_level":9}}