{"host":"cgwysqtmt736mr58","time":1612855209,"event":{"mods":["2.2 Compatiblity","Aspiration","BaseMod","Beaked The Cultist","BetterRewards","Colored Map","Colored Powertips","Downfall","Duelist Mod","GifTheSpireLib","Googly Eyes","Halation","Hermit","Hubris","Infinite Spire","Lobotomy","LobotomyExtend","Minty Spire (QoL Compilation)","Relic Stats","Replay The Spire","Shade Mod","Shop Mod","StSLib","The Construct","The Cursed","The Disciple","The Exalted","The Necromancer","The Runesmith","Waifu the Spire","Yuri Mod"],"gold_per_floor":[199,214,214,214,214,81,108,108,122,135,135,120,120,150,165,165,165,165],"floor_reached":16,"language":"ENG","playtime":438,"items_purged":[],"score":137,"play_id":"ea5820b4-22d5-4073-b736-3a4bc521847c","local_time":"20210209182009","is_ascension_mode":true,"campfire_choices":[{"data":"bronze:Replicate","floor":1,"key":"SMITH"},{"data":"bronze:DelayedSlice","floor":8,"key":"SMITH"},{"floor":11,"key":"REST"},{"floor":13,"key":"RECALL"}],"circlet_count":0,"master_deck":["bronze:Strike","bronze:Strike","bronze:Strike","bronze:Strike","bronze:Defend","bronze:Defend","bronze:Defend","bronze:Defend","bronze:Replicate+1","bronze:Goto","bronze:DelayedSlice+1","Injury","bronze:Branch+1","bronze:Flail+1","bronze:Separator+1","bronze:Separator+1","bronze:WhirlingStrike+1","bronze:Optimize","bronze:ItsAFeature","bronze:WildBeam+1","bronze:Deprecate"],"relics":["bronze:BronzeCore","LetterFromLob","Blue Candle","Molten Egg 2","infinitespire:Lucky Rock","bronze:BronzeIdol"],"acts_visited":["Exordium"],"potions_floor_usage":[16],"damage_taken":[{"damage":2,"enemies":"Jaw Worm","floor":2,"turns":3},{"damage":0,"enemies":"downfall:FleeingMerchant","floor":6,"turns":4},{"damage":9,"enemies":"Small Slimes","floor":9,"turns":2},{"damage":0,"enemies":"Cultist","floor":10,"turns":3},{"damage":10,"enemies":"downfall:FleeingMerchant","floor":12,"turns":4},{"damage":30,"enemies":"Lagavulin","floor":14,"turns":4},{"damage":0,"enemies":"3 Louse","floor":15,"turns":2},{"damage":39,"enemies":"DF_ARCHETYPE_STREAMLINE","floor":16,"turns":6}],"seed_played":"-75999971052547273","potions_obtained":[{"floor":15,"key":"Energy Potion"}],"is_trial":false,"path_per_floor":["R","M","?","?","?","$","T","R","M","M","R","$","R","E","M","B"],"character_chosen":"THE_AUTOMATON","items_purchased":["bronze:Flail+1","bronze:Separator+1"],"campfire_rested":1,"item_purchase_floors":[6,6],"current_hp_per_floor":[63,61,61,61,61,61,61,61,52,52,70,60,60,30,30,0,0,0],"gold":165,"neow_bonus":"HUNDRED_GOLD","is_daily":false,"chose_seed":false,"campfire_upgraded":2,"win_rate":0.0,"timestamp":1612855209,"path_taken":["R","M","?","?","?","$","T","R","M","M","R","$","R","E","M","BOSS"],"items_purchased_type":["Card","Card"],"build_version":"2020-12-22","purchased_purges":0,"victory":false,"max_hp_per_floor":[70,70,70,70,70,70,70,70,70,70,70,70,70,70,70,70,70,70],"relic_stats":{"counters":[8,28],"Blue Candle":[0],"obtain_stats":[{"bronze:BronzeCore":0,"Blue Candle":4,"Molten Egg 2":5,"LetterFromLob":2,"infinitespire:Lucky Rock":7,"bronze:BronzeIdol":14},{"bronze:BronzeCore":0,"Blue Candle":1,"Molten Egg 2":1,"LetterFromLob":1,"infinitespire:Lucky Rock":2,"bronze:BronzeIdol":6},{"bronze:BronzeCore":0,"Blue Candle":3,"Molten Egg 2":3,"LetterFromLob":3,"infinitespire:Lucky Rock":7,"bronze:BronzeIdol":20}]},"card_choices":[{"not_picked":["bronze:ItsAFeature","bronze:Constructor"],"picked":"bronze:DelayedSlice","floor":2},{"not_picked":["bronze:Assembly","bronze:Boost"],"picked":"bronze:Branch+1","floor":6},{"not_picked":["bronze:Flail+1","bronze:BuggyMess"],"picked":"bronze:WhirlingStrike+1","floor":9},{"not_picked":["bronze:GetLatest","bronze:Philosophize"],"picked":"bronze:Optimize","floor":10},{"not_picked":["bronze:Constructor","bronze:Turbo"],"picked":"bronze:ItsAFeature","floor":12},{"not_picked":["bronze:OilSpill+1","bronze:Assembly"],"picked":"bronze:WildBeam+1","floor":14},{"not_picked":["bronze:Separator+1","bronze:Overheat+1"],"picked":"bronze:Deprecate","floor":15}],"player_experience":1088974,"relics_obtained":[{"floor":2,"key":"LetterFromLob"},{"floor":4,"key":"Blue Candle"},{"floor":7,"key":"infinitespire:Lucky Rock"},{"floor":14,"key":"bronze:BronzeIdol"}],"event_choices":[],"is_beta":false,"boss_relics":[],"items_purged_floors":[],"is_endless":false,"potions_floor_spawned":[15],"killed_by":"DF_ARCHETYPE_STREAMLINE","ascension_level":8}}