{"host":"fc5kl670efuhtomy","time":1612860796,"event":{"mods":["AchievementEnabler","BaseMod","Colored Powertips","Downfall","Marisa（F雨　魔理沙）","Minty Spire (QoL Compilation)","Quick Restart","Rare Cards Sparkle","Relic Stats","Replay The Spire","StSLib","The Bug Knight","The Construct","The Cursed","The Necromancer","The Servant 0.9.4","WarShipGirlsR/战舰少女R mod"],"gold_per_floor":[179,197,217,217,237,237,237,69,96,96,114,14,14,28,47,144,144,44,55,55,40,56,56,56,141,141,173,173,173,173,173,185,284,284,284,298,398,418,436,451,475,494,404,429,449,449,449,333,343,343],"floor_reached":51,"language":"ZHS","playtime":2453,"items_purged":["Guardian:Strike_Guardian","Guardian:TemporalStrike"],"score":774,"play_id":"b8333c4b-7f05-4c34-890d-5fc90983fe8f","local_time":"20210209165316","is_ascension_mode":false,"campfire_choices":[{"data":"Guardian:GuardianWhirl","floor":6,"key":"SMITH"},{"floor":10,"key":"REST"},{"floor":12,"key":"RECALL"},{"floor":26,"key":"REST"},{"floor":28,"key":"REST"},{"data":"Guardian:TwinSlam","floor":30,"key":"SMITH"},{"data":"Replay:Hysterical Blindness","floor":35,"key":"PURGE"},{"floor":47,"key":"REST"}],"circlet_count":0,"master_deck":["Guardian:Strike_Guardian","Guardian:Defend_Guardian+1","Guardian:CurlUp","Guardian:TwinSlam+1","Guardian:Orbwalk","Guardian:GuardianWhirl+1","Guardian:Incinerate","Guardian:BaubleBeam+1","Guardian:PrimingBeam+1","Guardian:GatlingBeam+1","Guardian:PolyBeam","Guardian:BronzeArmor+1","Guardian:StasisStrike+1","Guardian:BronzeOrb+1","Guardian:Recover+1","Guardian:GatlingBeam+1","Guardian:CrystalBeam+1","Guardian:Gem_Crimson"],"relics":["Kintsugi","Golden Egg","Dream Catcher","downfall:HeartBlessingGreen","Calipers","construct:WeddingRing","downfall:HeartBlessingRed","downfall:RedIOU","Meat on the Bone","Replay:Mystery Machine","Fusion Hammer","Toy Ornithopter","Happy Flower","construct:BoolHorns","CaptainsWheel"],"acts_visited":["Exordium","TheCity","TheBeyond"],"potions_floor_usage":[16,16,23,33,33,37,39,39,40,40],"damage_taken":[{"damage":5,"enemies":"Cultist","floor":2,"turns":4},{"damage":6,"enemies":"2 Louse","floor":3,"turns":4},{"damage":0,"enemies":"Small Slimes","floor":5,"turns":4},{"damage":0,"enemies":"downfall:FleeingMerchant","floor":8,"turns":4},{"damage":25,"enemies":"Replay:BlueRogue","floor":9,"turns":5},{"damage":6,"enemies":"2 Fungi Beasts","floor":11,"turns":4},{"damage":1,"enemies":"3 Louse","floor":14,"turns":3},{"damage":0,"enemies":"Large Slime","floor":15,"turns":5},{"damage":59,"enemies":"DF_ARCHETYPE_STREAMLINE","floor":16,"turns":12},{"damage":8,"enemies":"Shell Parasite","floor":19,"turns":3},{"damage":2,"enemies":"downfall:FleeingMerchant","floor":21,"turns":4},{"damage":21,"enemies":"Snake Plant","floor":22,"turns":4},{"damage":0,"enemies":"Chosen and Byrds","floor":23,"turns":1},{"damage":18,"enemies":"Gremlin Leader","floor":27,"turns":8},{"damage":18,"enemies":"Shelled Parasite and Fungi","floor":32,"turns":5},{"damage":41,"enemies":"WA_ARCHETYPE_CALM","floor":33,"turns":7},{"damage":43,"enemies":"3 Shapes","floor":36,"turns":4},{"damage":34,"enemies":"downfall:LadyInBlue","floor":37,"turns":9},{"damage":18,"enemies":"3 Darklings","floor":38,"turns":5},{"damage":22,"enemies":"Writhing Mass","floor":39,"turns":5},{"damage":12,"enemies":"Sphere and 2 Shapes","floor":40,"turns":3},{"damage":8,"enemies":"Transient","floor":42,"turns":5},{"damage":0,"enemies":"downfall:FleeingMerchant","floor":43,"turns":4},{"damage":31,"enemies":"Reptomancer","floor":44,"turns":6},{"damage":9,"enemies":"Maw","floor":45,"turns":7},{"damage":0,"enemies":"downfall:FleeingMerchant","floor":48,"turns":1},{"damage":8,"enemies":"Spire Growth","floor":49,"turns":4},{"damage":7,"enemies":"SI_POISON_ARCHETYPE","floor":50,"turns":9}],"seed_played":"3393182065877292205","potions_obtained":[{"floor":3,"key":"SmokeBomb"},{"floor":9,"key":"FearPotion"},{"floor":11,"key":"SpeedPotion"},{"floor":27,"key":"BlessingOfTheForge"},{"floor":32,"key":"SteroidPotion"},{"floor":36,"key":"ColorlessPotion"},{"floor":37,"key":"ColorlessPotion"},{"floor":37,"key":"champ:CounterPotion"},{"floor":37,"key":"ColorlessPotion"},{"floor":39,"key":"PowerPotion"},{"floor":44,"key":"EssenceOfSteel"},{"floor":45,"key":"Fire Potion"}],"is_trial":false,"path_per_floor":["R","M","M","?","M","R","T","$","E","R","M","R","?","M","M","B",null,"R","M","?","$","M","M","T","?","R","E","R","?","R","?","M","B",null,"R","M","?","M","M","M","T","M","$","E","M","?","R","$","M","B",null],"character_chosen":"GUARDIAN","items_purchased":["Omamori","Guardian:Gem_Crimson","CaptainsWheel"],"campfire_rested":4,"item_purchase_floors":[8,48,48],"current_hp_per_floor":[80,75,69,69,69,69,69,69,44,68,62,62,62,61,61,2,80,65,57,57,55,34,34,34,18,43,37,62,62,62,62,44,15,85,85,54,32,26,26,36,36,40,52,33,36,28,53,53,45,50],"gold":343,"neow_bonus":"BOSS_RELIC","is_daily":false,"chose_seed":false,"campfire_upgraded":2,"win_rate":0.0,"timestamp":1612860796,"path_taken":["R","M","?","?","M","R","T","$","E","R","M","R","?","M","M","BOSS","R","M","?","$","M","M","T","?","R","E","R","?","R","?","M","BOSS","R","M","?","M","M","?","T","M","$","E","M","?","R","$","M","BOSS"],"items_purchased_type":["Relic","Card","Relic"],"build_version":"2020-12-22","purchased_purges":2,"victory":true,"max_hp_per_floor":[80,80,80,80,80,80,80,80,80,80,80,80,80,80,80,80,80,85,85,85,85,85,85,85,85,85,85,85,85,85,85,85,85,85,85,85,85,85,85,85,85,85,85,85,85,85,85,85,85,85],"relic_stats":{"Dream Catcher":4,"Happy Flower":[12],"counters":[28,139],"obtain_stats":[{"construct:BoolHorns":44,"Golden Egg":7,"Calipers":13,"construct:WeddingRing":17,"downfall:HeartBlessingRed":18,"Happy Flower":41,"Guardian:ModeShifter":0,"downfall:HeartBlessingGreen":12,"Omamori":8,"Replay:Mystery Machine":27,"Dream Catcher":9,"CaptainsWheel":48,"downfall:RedIOU":20,"Fusion Hammer":34,"Kintsugi":0,"Toy Ornithopter":37,"Meat on the Bone":24},{"construct:BoolHorns":24,"Golden Egg":3,"Calipers":6,"construct:WeddingRing":9,"downfall:HeartBlessingRed":9,"Happy Flower":21,"Guardian:ModeShifter":0,"downfall:HeartBlessingGreen":6,"Omamori":4,"Replay:Mystery Machine":14,"Dream Catcher":5,"CaptainsWheel":26,"downfall:RedIOU":10,"Fusion Hammer":16,"Kintsugi":0,"Toy Ornithopter":18,"Meat on the Bone":13},{"construct:BoolHorns":118,"Golden Egg":12,"Calipers":25,"construct:WeddingRing":45,"downfall:HeartBlessingRed":45,"Happy Flower":103,"Guardian:ModeShifter":0,"downfall:HeartBlessingGreen":25,"Omamori":16,"Replay:Mystery Machine":65,"Dream Catcher":21,"CaptainsWheel":126,"downfall:RedIOU":48,"Fusion Hammer":77,"Kintsugi":0,"Toy Ornithopter":90,"Meat on the Bone":57}],"Toy Ornithopter":20,"Meat on the Bone":144},"card_choices":[{"not_picked":["Guardian:SentryBeam","Guardian:CrystalBeam"],"picked":"Guardian:Gem_Cyan","floor":2},{"not_picked":["Guardian:Planning","Guardian:TimeCapacitor"],"picked":"Guardian:Orbwalk","floor":3},{"not_picked":["Guardian:ChargeCore","Guardian:Planning"],"picked":"Guardian:GuardianWhirl","floor":5},{"not_picked":["Guardian:HyperBeam_Guardian","Guardian:Gem_Red"],"picked":"Guardian:Gem_Yellow","floor":8},{"not_picked":["Guardian:Gem_Red","Guardian:DecasProtection"],"picked":"Guardian:Gem_Fragmented","floor":9},{"not_picked":["Guardian:TemporalStrike","Guardian:Planning"],"picked":"Guardian:Gem_Purple","floor":10},{"not_picked":["Guardian:ArmoredProtocol","Guardian:PolyBeam"],"picked":"Guardian:Incinerate","floor":11},{"not_picked":["Guardian:Planning","Guardian:RollAttack"],"picked":"Guardian:BaubleBeam","floor":14},{"not_picked":["Guardian:SpikerProtocol","Guardian:RollAttack"],"picked":"Guardian:PrimingBeam","floor":15},{"not_picked":["Guardian:HyperBeam_Guardian","Guardian:AncientConstruct"],"picked":"Guardian:GatlingBeam","floor":16},{"not_picked":["Guardian:Gem_Lightblue","Guardian:Incinerate"],"picked":"Guardian:PolyBeam","floor":19},{"not_picked":["Guardian:SpikerProtocol","Guardian:Gem_Red","Guardian:Reroute"],"picked":"SKIP","floor":21},{"not_picked":["Guardian:PrimingBeam","Guardian:BodySlam","Guardian:Suspension"],"picked":"SKIP","floor":22},{"not_picked":["Guardian:Gem_Red","Guardian:BronzeOrb"],"picked":"Guardian:BronzeArmor","floor":26},{"not_picked":["Guardian:PrimingBeam","Guardian:Recover","Guardian:Orbwalk"],"picked":"SKIP","floor":27},{"not_picked":["Guardian:Planning+1","Guardian:TemporalShield"],"picked":"Guardian:StasisStrike","floor":28},{"not_picked":["Guardian:Repulse","Guardian:TemporalStrike+1","Guardian:RollAttack"],"picked":"SKIP","floor":32},{"not_picked":["Guardian:FastForward","Guardian:GatlingBeam"],"picked":"Guardian:Gem_Synthetic","floor":33},{"not_picked":["Guardian:Gem_Cyan","Guardian:VentSteam"],"picked":"Guardian:TemporalStrike","floor":36},{"not_picked":["Guardian:Planning","Guardian:EvasiveProtocol","Guardian:Emergency+1"],"picked":"SKIP","floor":38},{"not_picked":["Guardian:Incinerate","Guardian:Reroute+1","Guardian:Planning+1"],"picked":"SKIP","floor":39},{"not_picked":["Guardian:Reroute+1","Guardian:PrimingBeam+1"],"picked":"Guardian:BronzeOrb+1","floor":40},{"not_picked":["Guardian:Harden+1","Guardian:Planning+1","Guardian:Reroute"],"picked":"SKIP","floor":42},{"not_picked":["Guardian:RefractedBeam","Guardian:TemporalStrike"],"picked":"Guardian:Recover+1","floor":43},{"not_picked":["Guardian:TemporalShield+1","Guardian:PrimingBeam+1"],"picked":"Guardian:GatlingBeam","floor":44},{"not_picked":["Guardian:Emergency","Guardian:VentSteam"],"picked":"Guardian:CrystalBeam+1","floor":45},{"not_picked":["Guardian:Suspension","Guardian:DonusPower","Guardian:ShieldCharger+1"],"picked":"SKIP","floor":48},{"not_picked":["Guardian:DonusPower","Guardian:CrystalBeam+1","Guardian:RefractedBeam"],"picked":"SKIP","floor":49}],"player_experience":185894,"relics_obtained":[{"floor":7,"key":"Golden Egg"},{"floor":9,"key":"Dream Catcher"},{"floor":24,"key":"Meat on the Bone"},{"floor":27,"key":"Replay:Mystery Machine"},{"floor":37,"key":"Toy Ornithopter"},{"floor":41,"key":"Happy Flower"},{"floor":44,"key":"construct:BoolHorns"}],"event_choices":[{"damage_healed":0,"gold_gain":0,"player_choice":"Box","damage_taken":0,"relics_obtained":["Calipers"],"max_hp_gain":0,"max_hp_loss":0,"event_name":"Big Fish","floor":13,"gold_loss":0,"cards_obtained":["Regret"]}],"is_beta":false,"boss_relics":[{"not_picked":["ReplayTheSpireMod:DimensionalGlitch","ChewingGum"],"picked":"construct:WeddingRing"},{"not_picked":["Cursed Key","Pandora\u0027s Box"],"picked":"Fusion Hammer"}],"items_purged_floors":[43,48],"is_endless":false,"potions_floor_spawned":[3,9,11,15,23,27,32,36,39,44,45],"ascension_level":0}}