{"host":"dd2mx3pm3ovi0t1n","time":1612849818,"event":{"mods":["2.2 Compatiblity","AchievementEnabler","AlwaysNeverKeys","Aspiration","BaseMod","Beaked The Cultist","Better Altar","Better Match","Better Note","Better Sensory Stone","Better Skull","Better Third Choice","BetterRewards","Colored Map","Colored Powertips","Conspire","Defuse TimeMaze Blight","Displayed Cursed Tome","Downfall","Energized Spire","Friendly Minions","GifTheSpireLib","Gold Saver","Halation","Hermit","Highlight Path","Hubris","Infinite Spire","Jedi Mod","Marked Mod","Minty Spire (QoL Compilation)","Permanent Neow","Poor People Problems","Quick Restart","Reliquary","Replay The Spire","Shop Mod","Spicy Shops","Spikes Relics","StSLib","Stuff the Spire","TestMod","The Construct","TheFirefly","Uncapped","Wandering Minibosses","????"],"gold_per_floor":[365,385,385,385,7,7,40,215,215,215,231,75,85,102,102,197,247,257,257,257,257,274,274,290,290,290,309,309,309,344,106,106,209,209,228,262,276,176,176,176,188,216,239,239,268,268,268,288,288,288],"floor_reached":51,"language":"ENG","playtime":2587,"items_purged":["Doubt","construct:DefenseMode"],"score":910,"play_id":"bafe4292-0d4c-40a8-a0a8-dc65dde88d93","local_time":"20210208215018","is_ascension_mode":true,"campfire_choices":[{"data":"construct:LaserCore","floor":6,"key":"SMITH"},{"data":"construct:LaserCore+1","floor":10,"key":"SMITH"},{"data":"construct:Synchronize","floor":15,"key":"SMITH"},{"data":"construct:Isolate","floor":23,"key":"SMITH"},{"data":"construct:Isolate+1","floor":25,"key":"SMITH"},{"data":"construct:ForceCore","floor":28,"key":"SMITH"},{"floor":32,"key":"REST"},{"data":"construct:SiegeForm","floor":40,"key":"SMITH"},{"floor":44,"key":"REST"},{"data":"construct:Reserves","floor":49,"key":"SMITH"},{"data":"construct:Reserves+1","floor":49,"key":"SMITH"}],"circlet_count":0,"master_deck":["construct:Strike_Gold","construct:Strike_Gold","construct:Strike_Gold","construct:Strike_Gold+2","construct:Strike_Gold","construct:Defend_Gold","construct:Defend_Gold","construct:Defend_Gold","construct:Defend_Gold","construct:Defend_Gold","construct:AttackMode+1","construct:GuardCore","construct:Isolate+2","construct:Synchronize+1","construct:ForceCore+2","construct:SiegeForm+1","construct:ForceCore+2","beaked:AwakenedForm+1","construct:ForceCore","construct:ShiftStrike","beaked:AwakenedForm+1","Ball Lightning","construct:Reserves+2"],"relics":["construct:ClockworkPhoenix","testmod-TestBox","testmod-RainbowHikingShoes","hubris:OldNail","construct:MegaBattery","Lee\u0027s Waffle","MerchantsRug","Bottled Lightning","reliquary:RoseTintedGlasses","aspiration:HiddenCompartment","halation:EternalFortune","Blue Candle","DollysMirror","hubris:AstralHammer","aspiration:DefectSkillbook","Chameleon Ring","wanderingMiniBosses:ThiefScarf","conspire:GiftBox","Nunchaku","jedi:HeartOfTheCards","reliquary:Sideboard","hubris:Backtick","Replay:Arrowhead"],"acts_visited":["Exordium","TheCity","TheBeyond"],"potions_floor_usage":[14,22],"damage_taken":[{"damage":0,"enemies":"2 Louse","floor":1,"turns":4},{"damage":5,"enemies":"Jaw Worm","floor":2,"turns":3},{"damage":34,"enemies":"Lagavulin","floor":7,"turns":4},{"damage":2,"enemies":"conspire:RoseBush","floor":11,"turns":1},{"damage":0,"enemies":"Large Slime","floor":13,"turns":3},{"damage":8,"enemies":"Exordium Thugs","floor":14,"turns":2},{"damage":0,"enemies":"Fading Forest","floor":16,"turns":10},{"damage":8,"enemies":"conspire:FuzzyDice","floor":18,"turns":3},{"damage":0,"enemies":"Spheric Guardian","floor":22,"turns":2},{"damage":16,"enemies":"Shelled Parasite and Fungi","floor":24,"turns":2},{"damage":8,"enemies":"Sentry and Sphere","floor":27,"turns":3},{"damage":35,"enemies":"conspire:SneckoGhost","floor":30,"turns":3},{"damage":12,"enemies":"Automaton","floor":33,"turns":4},{"damage":15,"enemies":"3 Darklings","floor":35,"turns":2},{"damage":26,"enemies":"conspire:MimicChest","floor":36,"turns":3},{"damage":12,"enemies":"Orb Walker","floor":37,"turns":2},{"damage":4,"enemies":"3 Darklings","floor":41,"turns":2},{"damage":13,"enemies":"Nemesis","floor":42,"turns":3},{"damage":0,"enemies":"Giant Head","floor":45,"turns":1},{"damage":8,"enemies":"4 Shapes","floor":48,"turns":2},{"damage":42,"enemies":"conspire:OrnateMirror","floor":50,"turns":2}],"seed_played":"-1910033367134227677","potions_obtained":[{"floor":2,"key":"bronze:BurnAndBuffPotion"},{"floor":7,"key":"Swift Potion"},{"floor":13,"key":"Languid Potion"},{"floor":16,"key":"Dexterity Potion"},{"floor":17,"key":"DistilledChaos"},{"floor":24,"key":"jedi:hoardpotion"}],"is_trial":false,"path_per_floor":["M","M","?","T","$","R","E","?","T","R","M","$","M","M","R","B",null,"M","?","AVR","?","M","R","M","R","T","M","R","?","E","$","R","B",null,"M","?","M","NS","?","R","M","E","T","R","E","?","AVR","M","R","B",null],"character_chosen":"THE_CONSTRUCT_MOD","items_purchased":["construct:LaserCore","Lee\u0027s Waffle","MerchantsRug","construct:ForceCore","DollysMirror","hubris:AstralHammer"],"campfire_rested":2,"item_purchase_floors":[5,5,5,12,31,31],"current_hp_per_floor":[85,80,62,62,92,92,58,58,58,58,56,56,56,48,48,58,97,89,89,89,89,89,89,73,73,73,65,65,68,33,33,63,51,100,85,59,47,47,47,47,43,30,30,60,60,60,60,52,52,23],"gold":288,"neow_bonus":"UPGRADE_CARD","is_daily":false,"chose_seed":false,"campfire_upgraded":9,"win_rate":0.0,"timestamp":1612849818,"path_taken":["M","M","?","?","?","R","E","?","T","R","?","$","M","?","R","BOSS","M","?","AVR","?","?","R","M","R","T","?","R","?","E","$","R","BOSS","M","?","M","NS","?","R","M","E","T","R","E","?","AVR","M","R","BOSS"],"items_purchased_type":["Card","Relic","Relic","Card","Relic","Relic"],"build_version":"2020-12-22","purchased_purges":2,"victory":true,"max_hp_per_floor":[85,85,85,85,92,92,92,92,92,92,92,92,92,92,92,92,97,97,97,97,97,97,97,97,97,97,97,97,100,100,100,100,100,100,100,100,100,100,100,100,100,100,100,100,100,100,100,100,100,100],"card_choices":[{"not_picked":["construct:HardReboot","construct:CriticalHit"],"picked":"construct:GuardCore","floor":1},{"not_picked":["construct:Boost","construct:Backfire","construct:VentSteam"],"picked":"SKIP","floor":2},{"not_picked":["construct:ShiftStrike","construct:Boost"],"picked":"construct:Isolate","floor":7},{"not_picked":["construct:Missile","construct:FierceBash"],"picked":"construct:Synchronize","floor":11},{"not_picked":["construct:ShieldGenerator","construct:Failsafe"],"picked":"construct:CriticalHit","floor":13},{"not_picked":["construct:VentSteam","construct:Boost","construct:FocusedBeam"],"picked":"SKIP","floor":14},{"not_picked":["construct:MemoryTap","construct:ShieldGenerator"],"picked":"construct:SiegeForm","floor":16},{"not_picked":["construct:FocusedBeam","construct:HeavyBolt","construct:Backfire+1"],"picked":"SKIP","floor":18},{"not_picked":["construct:ShiftStrike","construct:MetalShell","construct:SuppressiveFire"],"picked":"SKIP","floor":22},{"not_picked":["construct:MassProduction","construct:ClusterMines","construct:SyphonStrike"],"picked":"SKIP","floor":24},{"not_picked":["construct:Enhance+1","construct:Backup+1"],"picked":"construct:ForceCore","floor":27},{"not_picked":["construct:FlakBarrage+1","construct:HastyRepair"],"picked":"construct:ShiftStrike","floor":30},{"not_picked":["Sweeping Beam","construct:Accumulate","construct:Impenetrable","construct:Zapper+1"],"picked":"SKIP","floor":35},{"not_picked":["Conserve Battery+1","jedi:BurstFrost","construct:Failsafe+1"],"picked":"Ball Lightning","floor":37},{"not_picked":["Mirror Shield","Ball Lightning","Time Bomb","construct:Analyze+1"],"picked":"SKIP","floor":41},{"not_picked":["jedi:bruteforce","construct:ClockworkEgg"],"picked":"construct:Reserves","floor":42},{"not_picked":["ReplayTheSpireMod:Dual Polarity+1","jedi:blockon","construct:FierceBash+1","construct:OneWayMirror"],"picked":"SKIP","floor":42},{"not_picked":["ReplaySolidLightProjector","FTL","jedi:BurstFrost","Heatsinks+1"],"picked":"SKIP","floor":45},{"not_picked":["Hologram","construct:VentSteam+1","construct:Stasis","construct:Accumulate+1"],"picked":"SKIP","floor":48}],"player_experience":470843,"relics_obtained":[{"floor":4,"key":"construct:MegaBattery"},{"floor":7,"key":"Bottled Lightning"},{"floor":9,"key":"halation:TwoAmDonut"},{"floor":26,"key":"aspiration:HiddenCompartment"},{"floor":30,"key":"Blue Candle"},{"floor":36,"key":"Chameleon Ring"},{"floor":36,"key":"wanderingMiniBosses:ThiefScarf"},{"floor":42,"key":"conspire:GiftBox"},{"floor":43,"key":"Nunchaku"},{"floor":45,"key":"jedi:HeartOfTheCards"}],"event_choices":[{"damage_healed":0,"gold_gain":0,"player_choice":"Relic ","damage_taken":18,"max_hp_gain":0,"max_hp_loss":0,"event_name":"betterThird:BetterScrap","floor":3,"gold_loss":0,"cards_obtained":["Reboot"]},{"damage_healed":0,"gold_gain":175,"player_choice":"AGREE","damage_taken":40,"max_hp_gain":0,"max_hp_loss":0,"event_name":"betterThird:BetterSerpent","floor":8,"gold_loss":0},{"cards_removed":["construct:ForceCore"],"damage_healed":0,"gold_gain":0,"player_choice":"Take \u0026 Give","damage_taken":0,"max_hp_gain":0,"max_hp_loss":0,"event_name":"betterNote:BetterNote","floor":19,"gold_loss":0,"cards_obtained":["construct:ForceCore"]},{"damage_healed":0,"gold_gain":0,"player_choice":"Forge","damage_taken":0,"max_hp_gain":0,"max_hp_loss":0,"event_name":"Accursed Blacksmith","floor":21,"gold_loss":0,"cards_upgraded":["beaked:AwakenedForm"]},{"damage_healed":0,"gold_gain":0,"player_choice":"Leave","damage_taken":0,"max_hp_gain":0,"max_hp_loss":0,"event_name":"conspire:Investor","floor":39,"gold_loss":0}],"is_beta":false,"boss_relics":[{"not_picked":["halation:PlatinumPhoenix","halation:Yufonium"],"picked":"Tiny House"},{"not_picked":["reliquary:Ember","StuffTheSpire:RunicHypercube"],"picked":"aspiration:DefectSkillbook"}],"items_purged_floors":[12,20],"is_endless":false,"potions_floor_spawned":[2,7,13,16,24,33,35,36,42,48],"ascension_level":1}}