{"host":"6pgtslebjnyv5xmi","time":1612835333,"event":{"mods":["AchievementEnabler","BaseMod","Colored Map","Minty Spire (QoL Compilation)","Rare Cards Sparkle","StSLib","SuperFastMode","The Cursed","everything is the same but u backflip on backflip"],"gold_per_floor":[112,262,262,262,262,262,303,328,328,351,372,403,203,203,203,203,203],"floor_reached":16,"language":"KOR","playtime":45479,"items_purged":["Strike_R"],"score":199,"play_id":"b935aca6-a5f5-4bc9-8f0c-8ab8e1b0c210","local_time":"20210209104853","is_ascension_mode":true,"campfire_choices":[{"data":"Fire Breathing","floor":6.0,"key":"SMITH"},{"floor":15,"key":"REST"}],"circlet_count":0,"master_deck":["AscendersBane","Strike_R","Strike_R","Strike_R","Strike_R","Defend_R","Defend_R","Defend_R","Defend_R","Bash","Fire Breathing+1","Corruption","Wild Strike","Double Tap","Dark Embrace","Power Through"],"relics":["Burning Blood","Oddly Smooth Stone","Golden Idol","Akabeko","Spirit Poop","Mummified Hand","HornCleat","Juzu Bracelet"],"acts_visited":["Exordium"],"potions_floor_usage":[16],"damage_taken":[{"damage":14.0,"enemies":"Small Slimes","floor":1.0,"turns":5.0},{"damage":12.0,"enemies":"3 Sentries","floor":7.0,"turns":5.0},{"damage":6.0,"enemies":"Jaw Worm","floor":8.0,"turns":4.0},{"damage":1.0,"enemies":"2 Louse","floor":10.0,"turns":3.0},{"damage":11.0,"enemies":"Exordium Thugs","floor":11.0,"turns":3.0},{"damage":40.0,"enemies":"Lagavulin","floor":12.0,"turns":7.0},{"damage":32,"enemies":"The Guardian","floor":16,"turns":7}],"seed_played":"-8652584645837351657","potions_obtained":[{"floor":8.0,"key":"FearPotion"},{"floor":12.0,"key":"Swift Potion"}],"is_trial":false,"path_per_floor":["M","?","?","?","?","R","E","M","T","M","M","E","$","?","R","B"],"character_chosen":"IRONCLAD","items_purchased":["Dark Embrace","Power Through"],"campfire_rested":1,"item_purchase_floors":[13,13],"current_hp_per_floor":[60,60,60,49,49,49,43,43,43,48,43,9,9,9,29,0,0],"gold":203,"neow_bonus":"RANDOM_COMMON_RELIC","is_daily":false,"chose_seed":false,"campfire_upgraded":1,"win_rate":0.0,"timestamp":1612835333,"path_taken":["M","?","?","?","?","R","E","?","T","M","M","E","$","?","R","BOSS"],"items_purchased_type":["Card","Card"],"build_version":"2020-12-22","purchased_purges":1,"victory":false,"max_hp_per_floor":[75,75,68,68,68,68,68,68,68,68,68,68,68,68,68,68,68],"card_choices":[{"not_picked":["Pommel Strike","Shrug It Off"],"picked":"Fire Breathing","floor":1.0},{"not_picked":["Flex","Dropkick"],"picked":"Corruption","floor":7.0},{"not_picked":["Pommel Strike","Twin Strike"],"picked":"Wild Strike","floor":8.0},{"not_picked":["Anger","Twin Strike","Clothesline"],"picked":"SKIP","floor":10.0},{"not_picked":["Shrug It Off","Sever Soul","Havoc"],"picked":"SKIP","floor":11.0},{"not_picked":["Armaments","Rupture"],"picked":"Double Tap","floor":12.0}],"player_experience":1002932,"relics_obtained":[{"floor":7.0,"key":"Mummified Hand"},{"floor":9.0,"key":"HornCleat"},{"floor":12.0,"key":"Juzu Bracelet"}],"event_choices":[{"damage_healed":0.0,"max_hp_gain":0.0,"max_hp_loss":0.0,"gold_gain":150.0,"event_name":"Liars Game","player_choice":"AGREE","floor":2.0,"gold_loss":0.0,"damage_taken":0.0,"cards_obtained":["Doubt"]},{"damage_healed":0.0,"max_hp_gain":0.0,"max_hp_loss":7.0,"gold_gain":0.0,"event_name":"Golden Idol","player_choice":"Lose Max HP","floor":3.0,"gold_loss":0.0,"damage_taken":0.0,"relics_obtained":["Golden Idol"]},{"damage_healed":0.0,"max_hp_gain":0.0,"max_hp_loss":0.0,"gold_gain":0.0,"event_name":"Scrap Ooze","player_choice":"Success","floor":4.0,"gold_loss":0.0,"damage_taken":11.0,"relics_obtained":["Akabeko"]},{"cards_removed":["Doubt"],"damage_healed":0.0,"max_hp_gain":0.0,"max_hp_loss":0.0,"gold_gain":0.0,"event_name":"Bonfire Elementals","player_choice":"Offered Curse","floor":5.0,"gold_loss":0.0,"damage_taken":0.0,"relics_obtained":["Spirit Poop"]},{"damage_healed":0,"gold_gain":0,"player_choice":"Searched \u00270\u0027 times","damage_taken":0,"max_hp_gain":0,"max_hp_loss":0,"event_name":"Dead Adventurer","floor":14,"gold_loss":0}],"is_beta":false,"boss_relics":[],"items_purged_floors":[13],"is_endless":false,"potions_floor_spawned":[8,12],"killed_by":"The Guardian","ascension_level":17}}