{"host":"q8mjpf3krl0t4p3x","time":1612862600,"event":{"mods":["BaseMod","Colored Map","Colored Powertips","Googly Eyes","Minty Spire (QoL Compilation)","Quick Restart","StSLib","everything is the same but u backflip on backflip","slay the spire mod where everything is the same but ironclad has a cowboy hat"],"gold_per_floor":[109,16,29,29,29,56,56,81,81,98,98,110,128,154,154,226,226,240,258,268,268,282,282,315,315,315,328,345,379,379,392,392,467,467,484,509,554,578,12,12,0,18,18,36,36,50,50,66,66,66],"floor_reached":51,"language":"ENG","playtime":1879,"items_purged":["Strike_R"],"score":1187,"play_id":"e7d11b27-e9ff-47a5-bd14-8c4602d2b5dc","local_time":"20210209012320","is_ascension_mode":true,"campfire_choices":[{"floor":7,"key":"REST"},{"floor":15,"key":"REST"},{"data":"Whirlwind","floor":23,"key":"SMITH"},{"data":"Whirlwind","floor":25,"key":"SMITH"},{"data":"Seeing Red","floor":30,"key":"SMITH"},{"data":"Demon Form","floor":32,"key":"SMITH"},{"data":"Inflame","floor":40,"key":"SMITH"},{"data":"Flex","floor":45,"key":"SMITH"},{"floor":49,"key":"REST"}],"circlet_count":0,"master_deck":["AscendersBane","Strike_R","Strike_R","Strike_R","Strike_R","Defend_R","Defend_R","Defend_R","Defend_R","Bash","Whirlwind+1","Whirlwind+1","Spot Weakness","Inflame+1","Thunderclap","Seeing Red+1","Offering","Demon Form+1","Whirlwind+1","Shockwave","Flex+1","Flex+1","Flex+1"],"relics":["Burning Blood","Pocketwatch","Mango","Ancient Tea Set","Meat on the Bone","Gambling Chip","Lantern","Mark of Pain","Bottled Lightning","HornCleat","Red Skull","Runic Dome","Prayer Wheel","Thread and Needle","Toy Ornithopter","PreservedInsect","Pear","Red Mask","Toxic Egg 2"],"acts_visited":["Exordium","TheCity","TheBeyond"],"potions_floor_usage":[14,22,24,29,31,50],"damage_taken":[{"damage":10,"enemies":"2 Louse","floor":1,"turns":3},{"damage":6,"enemies":"Cultist","floor":3,"turns":4},{"damage":48,"enemies":"Gremlin Nob","floor":6,"turns":5},{"damage":40,"enemies":"Lagavulin","floor":8,"turns":6},{"damage":2,"enemies":"Jaw Worm","floor":10,"turns":3},{"damage":0,"enemies":"3 Louse","floor":12,"turns":1},{"damage":10,"enemies":"Gremlin Gang","floor":13,"turns":2},{"damage":25,"enemies":"3 Sentries","floor":14,"turns":3},{"damage":76,"enemies":"Hexaghost","floor":16,"turns":7},{"damage":46,"enemies":"Shell Parasite","floor":18,"turns":5},{"damage":0,"enemies":"3 Byrds","floor":19,"turns":2},{"damage":28,"enemies":"Snecko","floor":20,"turns":4},{"damage":30,"enemies":"Snake Plant","floor":22,"turns":3},{"damage":7,"enemies":"Slavers","floor":24,"turns":2},{"damage":0,"enemies":"Sentry and Sphere","floor":27,"turns":1},{"damage":3,"enemies":"Snecko","floor":28,"turns":4},{"damage":35,"enemies":"Book of Stabbing","floor":29,"turns":4},{"damage":6,"enemies":"Chosen and Byrds","floor":31,"turns":1},{"damage":32,"enemies":"Collector","floor":33,"turns":6},{"damage":6,"enemies":"3 Darklings","floor":35,"turns":1},{"damage":6,"enemies":"Mind Bloom Boss Battle","floor":36,"turns":3},{"damage":27,"enemies":"2 Orb Walkers","floor":37,"turns":2},{"damage":0,"enemies":"Orb Walker","floor":42,"turns":1},{"damage":25,"enemies":"Spire Growth","floor":44,"turns":4},{"damage":2,"enemies":"Maw","floor":46,"turns":4},{"damage":16,"enemies":"Sphere and 2 Shapes","floor":48,"turns":1},{"damage":94,"enemies":"Time Eater","floor":50,"turns":8}],"seed_played":"-1282283033213450151","potions_obtained":[{"floor":3,"key":"Dexterity Potion"},{"floor":6,"key":"FairyPotion"},{"floor":11,"key":"DistilledChaos"},{"floor":22,"key":"Swift Potion"},{"floor":24,"key":"Swift Potion"},{"floor":31,"key":"BloodPotion"},{"floor":36,"key":"Dexterity Potion"}],"is_trial":false,"path_per_floor":["M","?","M","?","$","E","R","E","T","M","?","M","M","E","R","B",null,"M","M","M","?","M","R","E","R","T","M","M","E","R","M","R","B",null,"M","?","?","T","$","R","?","M","T","M","R","M","$","M","R","B",null],"character_chosen":"IRONCLAD","items_purchased":["DuplicationPotion","PreservedInsect","Pear"],"campfire_rested":3,"item_purchase_floors":[39,39,39],"current_hp_per_floor":[76,76,76,87,87,45,75,41,41,57,57,63,59,52,82,24,83,55,61,51,32,29,29,40,40,40,58,61,44,44,76,76,62,92,92,92,71,71,81,81,81,87,87,68,68,72,72,74,107,36],"gold":66,"neow_bonus":"TEN_PERCENT_HP_BONUS","is_daily":false,"chose_seed":false,"campfire_upgraded":6,"win_rate":0.0,"timestamp":1612862600,"path_taken":["M","?","?","?","$","E","R","E","T","M","?","M","M","E","R","BOSS","M","?","M","?","M","R","E","R","T","?","M","E","R","M","R","BOSS","M","?","?","?","$","R","?","M","T","M","R","M","?","M","R","BOSS"],"items_purchased_type":["Potion","Relic","Relic"],"build_version":"2020-12-22","purchased_purges":1,"victory":true,"max_hp_per_floor":[88,88,88,102,102,102,102,102,102,102,102,102,102,102,102,102,102,102,102,102,102,102,102,102,102,102,102,102,102,102,102,102,102,102,102,102,102,102,112,112,112,112,112,112,112,112,112,112,112,112],"card_choices":[{"not_picked":["Sword Boomerang","Armaments"],"picked":"Whirlwind","floor":1},{"not_picked":["Metallicize","Searing Blow"],"picked":"Whirlwind","floor":3},{"not_picked":["Sever Soul","Carnage"],"picked":"Spot Weakness","floor":6},{"not_picked":["Metallicize","Shrug It Off"],"picked":"Inflame","floor":8},{"not_picked":["Thunderclap","Anger","Perfected Strike"],"picked":"SKIP","floor":10},{"not_picked":["Evolve","Pommel Strike"],"picked":"Thunderclap","floor":12},{"not_picked":["Rage","Warcry"],"picked":"Seeing Red","floor":13},{"not_picked":["True Grit","Sword Boomerang"],"picked":"Offering","floor":14},{"not_picked":["Feed","Bludgeon"],"picked":"Demon Form","floor":16},{"not_picked":["Dropkick","Pommel Strike"],"picked":"Whirlwind+1","floor":18},{"not_picked":["True Grit","Havoc","Iron Wave"],"picked":"SKIP","floor":19},{"not_picked":["Disarm+1","Thunderclap","Wild Strike"],"picked":"SKIP","floor":20},{"not_picked":["True Grit","Entrench","Searing Blow"],"picked":"SKIP","floor":22},{"not_picked":["Reckless Charge","Heavy Blade"],"picked":"Shockwave","floor":24},{"not_picked":["Whirlwind","Entrench+1","Heavy Blade"],"picked":"SKIP","floor":27},{"not_picked":["Clothesline","Shockwave"],"picked":"Flex","floor":28},{"not_picked":["Clash","Heavy Blade","Second Wind+1"],"picked":"SKIP","floor":29},{"not_picked":["Sentinel","Cleave","Clash"],"picked":"SKIP","floor":31},{"not_picked":["Heavy Blade","Body Slam","Armaments"],"picked":"SKIP","floor":35},{"not_picked":["Sever Soul","Flame Barrier","Wild Strike"],"picked":"SKIP","floor":42},{"not_picked":["Uppercut","Body Slam","Thunderclap"],"picked":"SKIP","floor":42},{"not_picked":["Infernal Blade+1","Pommel Strike"],"picked":"Flex+1","floor":44},{"not_picked":["Thunderclap","Feel No Pain"],"picked":"Flex+1","floor":44},{"not_picked":["Brutality","Dropkick+1","Headbutt+1"],"picked":"SKIP","floor":46},{"not_picked":["Wild Strike","Blood for Blood","Warcry+1"],"picked":"SKIP","floor":46},{"not_picked":["Ghostly Armor+1","Blood for Blood","Perfected Strike"],"picked":"SKIP","floor":48},{"not_picked":["Perfected Strike","Fire Breathing+1","Dropkick"],"picked":"SKIP","floor":48}],"player_experience":342688,"relics_obtained":[{"floor":6,"key":"Ancient Tea Set"},{"floor":8,"key":"Meat on the Bone"},{"floor":9,"key":"Gambling Chip"},{"floor":14,"key":"Lantern"},{"floor":24,"key":"Bottled Lightning"},{"floor":26,"key":"HornCleat"},{"floor":29,"key":"Red Skull"},{"floor":36,"key":"Prayer Wheel"},{"floor":37,"key":"Thread and Needle"},{"floor":38,"key":"Toy Ornithopter"},{"floor":43,"key":"Toxic Egg 2"}],"event_choices":[{"damage_healed":0,"gold_gain":0,"player_choice":"Paid Gold","damage_taken":0,"relics_obtained":["Pocketwatch"],"max_hp_gain":0,"max_hp_loss":0,"event_name":"WeMeetAgain","floor":2,"gold_loss":93},{"damage_healed":0,"gold_gain":0,"player_choice":"Success","damage_taken":3,"relics_obtained":["Mango"],"max_hp_gain":0,"max_hp_loss":0,"event_name":"Scrap Ooze","floor":4,"gold_loss":0},{"damage_healed":0,"gold_gain":0,"player_choice":"Got Potions","damage_taken":0,"max_hp_gain":0,"max_hp_loss":0,"event_name":"Lab","floor":11,"gold_loss":0},{"damage_healed":0,"gold_gain":0,"player_choice":"POTION POTION ","damage_taken":19,"max_hp_gain":0,"max_hp_loss":0,"event_name":"Knowing Skull","floor":21,"potions_obtained":["GamblersBrew","Regen Potion"],"gold_loss":0,"cards_obtained":[]},{"damage_healed":0,"gold_gain":0,"player_choice":"Fight","damage_taken":0,"max_hp_gain":0,"max_hp_loss":0,"event_name":"MindBloom","floor":36,"gold_loss":0},{"damage_healed":0,"gold_gain":0,"player_choice":"Fight","damage_taken":0,"max_hp_gain":0,"max_hp_loss":0,"event_name":"Mysterious Sphere","floor":37,"gold_loss":0},{"damage_healed":0,"gold_gain":0,"player_choice":"Paid","damage_taken":0,"relics_obtained":["Red Mask"],"max_hp_gain":0,"max_hp_loss":0,"event_name":"Tomb of Lord Red Mask","floor":41,"gold_loss":12}],"is_beta":false,"boss_relics":[{"not_picked":["Coffee Dripper","SacredBark"],"picked":"Mark of Pain"},{"not_picked":["Runic Pyramid","Runic Cube"],"picked":"Runic Dome"}],"items_purged_floors":[39],"is_endless":false,"potions_floor_spawned":[3,6,8,10,13,22,24,28,31,36,37,42,48],"ascension_level":13}}