{"host":"x5w9zppki4gdwvc7","time":1612911733,"event":{"mods":["AchievementEnabler","BaseMod","Colored Powertips","DeckTracker","Minty Spire (QoL Compilation)","SuperFastMode"],"gold_per_floor":[113,132,145,158,173,202,202,219,246,263,263,112,112,146,146,281,281,295,304,323,323,323],"floor_reached":21,"language":"ENG","playtime":924,"items_purged":["Strike_P"],"score":212,"play_id":"bfdb4347-177d-42a3-b60f-5dc53170405f","local_time":"20210210000213","is_ascension_mode":true,"campfire_choices":[{"data":"Blind","floor":7,"key":"SMITH"},{"floor":11,"key":"REST"},{"floor":15,"key":"REST"}],"circlet_count":0,"master_deck":["Strike_P","Strike_P","Strike_P","Defend_P","Defend_P","Defend_P","Defend_P","Eruption+1","Vigilance","Blind+1","PathToVictory","PathToVictory","SignatureMove","ThirdEye","InnerPeace","LessonLearned","Sanctity"],"relics":["PureWater","Ornamental Fan","PreservedInsect","Golden Idol","CeramicFish","Black Star"],"acts_visited":["Exordium","TheCity"],"potions_floor_usage":[6,6,16,20],"damage_taken":[{"damage":7,"enemies":"Small Slimes","floor":1,"turns":5},{"damage":0,"enemies":"2 Louse","floor":2,"turns":2},{"damage":2,"enemies":"Jaw Worm","floor":3,"turns":3},{"damage":4,"enemies":"2 Fungi Beasts","floor":4,"turns":4},{"damage":5,"enemies":"Large Slime","floor":5,"turns":4},{"damage":26,"enemies":"Lagavulin","floor":6,"turns":6},{"damage":5,"enemies":"Red Slaver","floor":8,"turns":2},{"damage":1,"enemies":"2 Fungi Beasts","floor":10,"turns":3},{"damage":15,"enemies":"Gremlin Nob","floor":14,"turns":3},{"damage":28,"enemies":"Slime Boss","floor":16,"turns":7},{"damage":40,"enemies":"3 Byrds","floor":18,"turns":7},{"damage":24,"enemies":"Spheric Guardian","floor":20,"turns":5},{"damage":3,"enemies":"Centurion and Healer","floor":21,"turns":1}],"seed_played":"2721983962495607979","potions_obtained":[{"floor":1,"key":"Block Potion"},{"floor":2,"key":"SneckoOil"},{"floor":6,"key":"BottledMiracle"},{"floor":20,"key":"Swift Potion"}],"is_trial":false,"path_per_floor":["M","M","M","M","M","E","R","M","T","M","R","$","?","E","R","B",null,"M","?","M","M"],"character_chosen":"WATCHER","items_purchased":["DistilledChaos"],"campfire_rested":2,"item_purchase_floors":[12],"current_hp_per_floor":[65,65,63,59,54,28,28,23,23,22,43,43,43,28,48,20,67,27,27,3,0,0],"gold":323,"neow_bonus":"RANDOM_COLORLESS","is_daily":false,"chose_seed":false,"campfire_upgraded":1,"win_rate":0.0,"timestamp":1612911733,"path_taken":["M","M","M","M","M","E","R","M","T","M","R","$","?","E","R","BOSS","M","?","M","M"],"items_purchased_type":["Potion"],"build_version":"2020-12-22","purchased_purges":1,"victory":false,"max_hp_per_floor":[72,72,72,72,72,72,72,72,72,72,72,72,67,67,67,67,67,67,67,67,67,67],"card_choices":[{"not_picked":["Purity","Mind Blast"],"picked":"Blind","floor":0},{"not_picked":["Protect","Consecrate"],"picked":"PathToVictory","floor":1},{"not_picked":["Pray","ThirdEye"],"picked":"PathToVictory","floor":2},{"not_picked":["FlurryOfBlows","MentalFortress"],"picked":"SignatureMove","floor":3},{"not_picked":["SandsOfTime","CutThroughFate"],"picked":"ThirdEye","floor":4},{"not_picked":["CarveReality","Prostrate","Fasting2"],"picked":"SKIP","floor":5},{"not_picked":["Vengeance","FlurryOfBlows"],"picked":"InnerPeace","floor":6},{"not_picked":["FollowUp","Fasting2","Vengeance"],"picked":"SKIP","floor":8},{"not_picked":["BattleHymn","PathToVictory","Indignation"],"picked":"SKIP","floor":10},{"not_picked":["FlyingSleeves","Omniscience","Conclude"],"picked":"SKIP","floor":14},{"not_picked":["Blasphemy","Devotion"],"picked":"LessonLearned","floor":16},{"not_picked":["MentalFortress","Consecrate","Pray+1"],"picked":"SKIP","floor":18},{"not_picked":["BattleHymn","SashWhip+1","Adaptation"],"picked":"SKIP","floor":20}],"player_experience":581469,"relics_obtained":[{"floor":6,"key":"Ornamental Fan"},{"floor":9,"key":"PreservedInsect"},{"floor":14,"key":"CeramicFish"}],"event_choices":[{"damage_healed":0,"gold_gain":0,"player_choice":"Lose Max HP","damage_taken":0,"relics_obtained":["Golden Idol"],"max_hp_gain":0,"max_hp_loss":5,"event_name":"Golden Idol","floor":13,"gold_loss":0},{"damage_healed":0,"gold_gain":0,"player_choice":"Read","damage_taken":0,"max_hp_gain":0,"max_hp_loss":0,"event_name":"The Library","floor":19,"gold_loss":0,"cards_obtained":["Sanctity"]}],"is_beta":false,"boss_relics":[{"not_picked":["VioletLotus","SlaversCollar"],"picked":"Black Star"}],"items_purged_floors":[12],"is_endless":false,"potions_floor_spawned":[1,2,6,20],"killed_by":"Centurion and Healer","ascension_level":2}}