{"host":"ul3z8ex5o8l5j7mh","time":1612896115,"event":{"mods":["AchievementEnabler","BaseMod","Bestiary","Colored Map","Colored Powertips","DeckTracker","Keyboard Shortcuts","Minty Spire (QoL Compilation)","Relic Sorter","Relic Stats","SuperFastMode"],"gold_per_floor":[113,128,128,196,246,246,265,265,292,305,403,423,23,53,53,150,150,160,210,228,68,86,86,86,86],"floor_reached":24,"language":"ENG","playtime":1425,"items_purged":["Strike_B","Strike_B+1"],"score":208,"play_id":"8722740e-8bad-43b0-ae32-97a8b91524f7","local_time":"20210209194155","is_ascension_mode":true,"campfire_choices":[{"data":"Turbo","floor":6.0,"key":"SMITH"},{"data":"Zap","floor":8.0,"key":"SMITH"},{"data":"Hello World","floor":15,"key":"SMITH"},{"data":"Creative AI","floor":23,"key":"SMITH"}],"circlet_count":0,"master_deck":["Strike_B+1","Strike_B+1","Defend_B+1","Defend_B+1","Defend_B+1","Defend_B+1","Zap+1","Dualcast","Conserve Battery+1","Turbo+1","Beam Cell+1","Go for the Eyes","Sunder","Auto Shields","Fusion","Hello World+1","Good Instincts+1","Thunder Strike","Creative AI+1","Aggregate","Loop"],"relics":["Coffee Dripper","SsserpentHead","Omamori","Membership Card","Centennial Puzzle","War Paint","Philosopher\u0027s Stone","CeramicFish"],"acts_visited":["Exordium","TheCity"],"potions_floor_usage":[14,16,24],"damage_taken":[{"damage":1.0,"enemies":"Cultist","floor":1.0,"turns":3.0},{"damage":0.0,"enemies":"Small Slimes","floor":2.0,"turns":3.0},{"damage":1.0,"enemies":"Jaw Worm","floor":4.0,"turns":2.0},{"damage":0.0,"enemies":"Red Slaver","floor":7.0,"turns":3.0},{"damage":7.0,"enemies":"Blue Slaver","floor":10.0,"turns":4.0},{"damage":0.0,"enemies":"2 Fungi Beasts","floor":12.0,"turns":2.0},{"damage":20,"enemies":"Gremlin Nob","floor":14,"turns":5},{"damage":22,"enemies":"The Guardian","floor":16,"turns":13},{"damage":15,"enemies":"Spheric Guardian","floor":18,"turns":4},{"damage":10,"enemies":"3 Byrds","floor":20,"turns":5},{"damage":3,"enemies":"Shelled Parasite and Fungi","floor":22,"turns":9},{"damage":55,"enemies":"Slavers","floor":24,"turns":3}],"seed_played":"7569123229244023964","potions_obtained":[{"floor":7.0,"key":"Fire Potion"},{"floor":10.0,"key":"LiquidBronze"},{"floor":20,"key":"PowerPotion"}],"is_trial":false,"path_per_floor":["M","M","?","M","?","R","M","R","T","M","T","M","$","E","R","B",null,"M","?","M","$","M","R","E"],"character_chosen":"DEFECT","items_purchased":["Membership Card","Fusion","Hello World","Centennial Puzzle","Ancient Potion","Good Instincts","Loop","CeramicFish"],"campfire_rested":0,"item_purchase_floors":[13,13,13,13,13,13,21,21],"current_hp_per_floor":[74,74,74,73,58,58,58,58,58,51,51,51,51,31,31,9,75,60,60,50,50,47,47,0,0],"gold":86,"neow_bonus":"BOSS_RELIC","is_daily":false,"chose_seed":false,"campfire_upgraded":4,"win_rate":0.0,"timestamp":1612896115,"path_taken":["M","M","?","?","?","R","M","R","T","M","?","M","$","E","R","BOSS","M","?","M","$","M","R","E"],"items_purchased_type":["Relic","Card","Card","Relic","Potion","Card","Card","Relic"],"build_version":"2020-12-22","purchased_purges":2,"victory":false,"max_hp_per_floor":[75,75,75,75,75,75,75,75,75,75,75,75,75,75,75,75,75,75,75,75,75,75,75,75,75],"relic_stats":{"SsserpentHead":200,"Centennial Puzzle":[18],"counters":[12,56],"CeramicFish":0,"War Paint":["Defend_B","Good Instincts"],"obtain_stats":[{"SsserpentHead":3,"Centennial Puzzle":13,"CeramicFish":21,"Philosopher\u0027s Stone":17,"Coffee Dripper":0,"Omamori":11,"Membership Card":13,"War Paint":14,"Cracked Core":0},{"SsserpentHead":2,"Centennial Puzzle":6,"CeramicFish":10,"Philosopher\u0027s Stone":8,"Coffee Dripper":0,"Omamori":5,"Membership Card":6,"War Paint":7,"Cracked Core":0},{"SsserpentHead":6,"Centennial Puzzle":17,"CeramicFish":44,"Philosopher\u0027s Stone":35,"Coffee Dripper":0,"Omamori":15,"Membership Card":17,"War Paint":22,"Cracked Core":0}]},"card_choices":[{"not_picked":["Rebound","Steam"],"picked":"Conserve Battery","floor":1.0},{"not_picked":["Blizzard","Compile Driver"],"picked":"Turbo","floor":2.0},{"not_picked":["Barrage","Leap"],"picked":"Beam Cell","floor":4.0},{"not_picked":["Stack","Coolheaded"],"picked":"Go for the Eyes","floor":7.0},{"not_picked":["Compile Driver","Coolheaded"],"picked":"Sunder","floor":10.0},{"not_picked":["Double Energy","Sweeping Beam"],"picked":"Auto Shields","floor":12.0},{"not_picked":["Steam","Storm"],"picked":"Thunder Strike","floor":14},{"not_picked":["Reboot","Amplify"],"picked":"Creative AI","floor":16},{"not_picked":["Beam Cell+1","Consume","Streamline"],"picked":"SKIP","floor":18},{"not_picked":["Redo","Leap"],"picked":"Aggregate","floor":20},{"not_picked":["Aggregate","Coolheaded+1","Beam Cell"],"picked":"SKIP","floor":22}],"player_experience":339145,"relics_obtained":[{"floor":11.0,"key":"Omamori"},{"floor":14,"key":"War Paint"}],"event_choices":[{"damage_healed":0.0,"max_hp_gain":0.0,"max_hp_loss":0.0,"gold_gain":0.0,"event_name":"FaceTrader","player_choice":"Trade","floor":3.0,"gold_loss":0.0,"damage_taken":0.0,"relics_obtained":["SsserpentHead"]},{"damage_healed":0.0,"max_hp_gain":0.0,"max_hp_loss":0.0,"gold_gain":0.0,"event_name":"Shining Light","player_choice":"Entered Light","floor":5.0,"gold_loss":0.0,"damage_taken":15.0,"cards_upgraded":["Beam Cell","Conserve Battery"]},{"damage_healed":0,"gold_gain":0,"player_choice":"Simplicity","damage_taken":0,"max_hp_gain":0,"max_hp_loss":0,"event_name":"Back to Basics","floor":19,"gold_loss":0,"cards_upgraded":["Strike_B","Strike_B","Strike_B","Defend_B","Defend_B","Defend_B"]}],"is_beta":false,"boss_relics":[{"not_picked":["Ectoplasm","Inserter"],"picked":"Philosopher\u0027s Stone"}],"items_purged_floors":[13,21],"is_endless":false,"potions_floor_spawned":[7,10,20],"killed_by":"Slavers","ascension_level":1}}