{"host":"dqv8oo4v229c1o2l","time":1612834971,"event":{"mods":["AchievementEnabler","BaseMod","Colored Map","Colored Powertips","Minty Spire (QoL Compilation)","Quick Restart","Rare Cards Sparkle","StSLib","Synergy Search"],"gold_per_floor":[114,132,151,171,188,222,222,254,254,254,254,272,289,308,308,412,412,425,51,126,145,145,145,161,490,490,501,501,501,551,563,563,659,659,679,130,130,130,130,160,160,170,170,185,35,53,73,93,93,93,93,93,21,55,55],"floor_reached":56,"language":"ENG","playtime":2993,"items_purged":["Strike_B"],"score":1583,"play_id":"9fedbd65-d2e3-4d1d-bb51-5a31f27f5040","local_time":"20210208174251","is_ascension_mode":true,"campfire_choices":[{"floor":7.0,"key":"REST"},{"floor":11.0,"key":"REST"},{"data":"Seek","floor":15.0,"key":"SMITH"},{"data":"Defragment","floor":23.0,"key":"SMITH"},{"floor":28.0,"key":"RECALL"},{"data":"Defragment","floor":32.0,"key":"SMITH"},{"data":"Hologram","floor":41.0,"key":"SMITH"},{"data":"Biased Cognition","floor":49.0,"key":"SMITH"},{"data":"Master of Strategy","floor":52.0,"key":"SMITH"}],"circlet_count":0,"master_deck":["Strike_B","Strike_B","Strike_B","Defend_B","Defend_B","Defend_B","Defend_B","Zap","Dualcast+1","Genetic Algorithm","Sweeping Beam","Ball Lightning","Gash","Glacier","Biased Cognition+1","BootSequence","Seek+1","Gash","Gash","Conserve Battery","Core Surge","Defragment+1","Defragment+1","Hologram+1","Lockon","Electrodynamics","Ghostly","Ghostly","Ghostly","Ghostly+1","Ghostly","Conserve Battery+1","Seek+1","Reinforced Body","Master of Strategy+1","Tempest+1","Self Repair+1","Echo Form"],"relics":["Cracked Core","Happy Flower","PreservedInsect","FossilizedHelix","Velvet Choker","Oddly Smooth Stone","Runic Capacitor","Old Coin","Nuclear Battery","Turnip","MealTicket","CaptainsWheel","War Paint","Chemical X","Bronze Scales"],"acts_visited":["Exordium","TheCity","TheBeyond","TheEnding"],"potions_floor_usage":[55],"damage_taken":[{"damage":6.0,"enemies":"Jaw Worm","floor":1.0,"turns":3.0},{"damage":1.0,"enemies":"Cultist","floor":2.0,"turns":4.0},{"damage":16.0,"enemies":"Small Slimes","floor":3.0,"turns":4.0},{"damage":9.0,"enemies":"Red Slaver","floor":4.0,"turns":3.0},{"damage":5.0,"enemies":"Blue Slaver","floor":5.0,"turns":3.0},{"damage":23.0,"enemies":"Gremlin Nob","floor":6.0,"turns":4.0},{"damage":25.0,"enemies":"3 Sentries","floor":8.0,"turns":6.0},{"damage":5.0,"enemies":"3 Louse","floor":12.0,"turns":3.0},{"damage":0.0,"enemies":"2 Fungi Beasts","floor":13.0,"turns":3.0},{"damage":0.0,"enemies":"Lots of Slimes","floor":14.0,"turns":3.0},{"damage":3.0,"enemies":"Hexaghost","floor":16.0,"turns":10.0},{"damage":16.0,"enemies":"3 Byrds","floor":18.0,"turns":5.0},{"damage":0.0,"enemies":"Chosen","floor":21.0,"turns":3.0},{"damage":0.0,"enemies":"Snecko","floor":24.0,"turns":5.0},{"damage":20.0,"enemies":"Gremlin Leader","floor":25.0,"turns":3.0},{"damage":0.0,"enemies":"Cultist and Chosen","floor":27.0,"turns":4.0},{"damage":0.0,"enemies":"Centurion and Healer","floor":31.0,"turns":6.0},{"damage":5.0,"enemies":"Champ","floor":33.0,"turns":9.0},{"damage":11.0,"enemies":"3 Darklings","floor":35.0,"turns":2.0},{"damage":0.0,"enemies":"Reptomancer","floor":40.0,"turns":4.0},{"damage":0.0,"enemies":"3 Shapes","floor":42.0,"turns":5.0},{"damage":0.0,"enemies":"Maw","floor":44.0,"turns":7.0},{"damage":0.0,"enemies":"3 Darklings","floor":46.0,"turns":3.0},{"damage":0.0,"enemies":"Spire Growth","floor":47.0,"turns":6.0},{"damage":0.0,"enemies":"Writhing Mass","floor":48.0,"turns":6.0},{"damage":4.0,"enemies":"Time Eater","floor":50.0,"turns":9.0},{"damage":2.0,"enemies":"Shield and Spear","floor":54.0,"turns":5.0},{"damage":26,"enemies":"The Heart","floor":55,"turns":10}],"seed_played":"-8594078763541476778","potions_obtained":[{"floor":2.0,"key":"Weak Potion"},{"floor":4.0,"key":"Weak Potion"},{"floor":5.0,"key":"Swift Potion"},{"floor":6.0,"key":"GamblersBrew"},{"floor":12.0,"key":"PowerPotion"},{"floor":21.0,"key":"Explosive Potion"},{"floor":25.0,"key":"ColorlessPotion"},{"floor":27.0,"key":"Dexterity Potion"},{"floor":42.0,"key":"LiquidMemories"},{"floor":44.0,"key":"Fire Potion"}],"is_trial":false,"path_per_floor":["M","M","M","M","M","E","R","E","T","?","R","M","M","M","R","B",null,"M","$","?","M","?","R","M","E","T","M","R","?","?","M","R","B",null,"M","$","T","?","?","E","R","M","T","M","$","M","M","M","R","B",null,"R","$","E","B",null],"character_chosen":"DEFECT","items_purchased":["Oddly Smooth Stone","Runic Capacitor","Defragment","Hologram","Turnip","Master of Strategy","Chemical X","DuplicationPotion"],"campfire_rested":2,"item_purchase_floors":[19,19,19,19,36,36,45,53],"current_hp_per_floor":[62,61,45,36,31,8,30,5,5,5,27,22,22,22,22,19,61,45,45,38,38,63,63,63,43,43,43,43,37,37,37,37,32,36,25,25,25,25,25,25,25,25,25,25,37,37,37,37,37,37,37,37,37,37,11],"gold":55,"neow_bonus":"THREE_CARDS","is_daily":false,"chose_seed":false,"campfire_upgraded":6,"win_rate":0.0,"timestamp":1612834971,"path_taken":["M","M","M","M","M","E","R","E","T","?","R","M","M","?","R","BOSS","M","$","?","?","?","R","M","E","T","M","R","?","?","M","R","BOSS","M","$","?","?","?","E","R","M","T","M","$","M","?","M","R","BOSS","R","$","E","BOSS"],"items_purchased_type":["Relic","Relic","Card","Card","Relic","Card","Relic","Potion"],"build_version":"2020-12-22","purchased_purges":1,"victory":true,"max_hp_per_floor":[75,75,75,75,75,75,75,75,75,75,75,75,75,75,75,75,75,75,75,75,75,75,75,75,75,75,75,75,37,37,37,37,37,37,37,37,37,37,37,37,37,37,37,37,37,37,37,37,37,37,37,37,37,37,37],"card_choices":[{"not_picked":["Leap","Streamline"],"picked":"Genetic Algorithm","floor":0.0},{"not_picked":["Stack","Undo"],"picked":"Sweeping Beam","floor":1.0},{"not_picked":["Steam Power","Recycle"],"picked":"Ball Lightning","floor":2.0},{"not_picked":["Chaos","Stack"],"picked":"Gash","floor":3.0},{"not_picked":["Cold Snap","Ball Lightning"],"picked":"Glacier","floor":4.0},{"not_picked":["Auto Shields","Darkness","Redo"],"picked":"SKIP","floor":5.0},{"not_picked":["Undo","Static Discharge"],"picked":"Biased Cognition","floor":6.0},{"not_picked":["Consume","Aggregate"],"picked":"BootSequence","floor":8.0},{"not_picked":["Beam Cell","Hologram"],"picked":"Gash","floor":12.0},{"not_picked":["Aggregate","Go for the Eyes"],"picked":"Gash","floor":13.0},{"not_picked":["Chill","Steam"],"picked":"Conserve Battery","floor":14.0},{"not_picked":["Reboot","Creative AI"],"picked":"Core Surge","floor":16.0},{"not_picked":["Conserve Battery+1","Compile Driver"],"picked":"Defragment","floor":18.0},{"not_picked":["Steam","Hello World"],"picked":"Lockon","floor":21.0},{"not_picked":["Hologram","Leap+1"],"picked":"Electrodynamics","floor":24.0},{"not_picked":["Turbo","Tempest","Redo+1"],"picked":"SKIP","floor":25.0},{"not_picked":["Fusion+1","Beam Cell","Cold Snap"],"picked":"SKIP","floor":27.0},{"not_picked":["Ball Lightning","Aggregate"],"picked":"Conserve Battery+1","floor":31.0},{"not_picked":["Hyperbeam","Fission"],"picked":"Seek","floor":33.0},{"not_picked":["Cold Snap","Steam+1"],"picked":"Reinforced Body","floor":35.0},{"not_picked":["Stack+1","Rebound","Steam Power"],"picked":"SKIP","floor":40.0},{"not_picked":["Sunder","Cold Snap"],"picked":"Tempest+1","floor":42.0},{"not_picked":["Conserve Battery","Gash+1"],"picked":"Self Repair+1","floor":44.0},{"not_picked":["Barrage","Beam Cell+1"],"picked":"Echo Form","floor":46.0},{"not_picked":["Streamline+1","White Noise+1","Double Energy+1"],"picked":"SKIP","floor":47.0},{"not_picked":["Rebound+1","Go for the Eyes","Force Field"],"picked":"SKIP","floor":48.0},{"not_picked":["Compile Driver","Scrape+1","Stack"],"picked":"SKIP","floor":54.0}],"player_experience":306349,"relics_obtained":[{"floor":6.0,"key":"Happy Flower"},{"floor":8.0,"key":"PreservedInsect"},{"floor":9.0,"key":"FossilizedHelix"},{"floor":25.0,"key":"Old Coin"},{"floor":37.0,"key":"MealTicket"},{"floor":40.0,"key":"CaptainsWheel"},{"floor":43.0,"key":"War Paint"},{"floor":54.0,"key":"Bronze Scales"}],"event_choices":[{"damage_healed":0.0,"max_hp_gain":0.0,"max_hp_loss":0.0,"gold_gain":0.0,"event_name":"Match and Keep!","player_choice":"1 cards matched","floor":10.0,"gold_loss":0.0,"damage_taken":0.0,"cards_obtained":["Seek"]},{"damage_healed":0.0,"max_hp_gain":0.0,"max_hp_loss":0.0,"gold_gain":75.0,"event_name":"FaceTrader","player_choice":"Touch","floor":20.0,"gold_loss":0.0,"damage_taken":7.0},{"damage_healed":25.0,"max_hp_gain":0.0,"max_hp_loss":0.0,"gold_gain":0.0,"event_name":"The Library","player_choice":"Heal","floor":22.0,"gold_loss":0.0,"damage_taken":0.0},{"damage_healed":0.0,"max_hp_gain":0.0,"max_hp_loss":38.0,"gold_gain":0.0,"event_name":"Ghosts","player_choice":"Became a Ghost","floor":29.0,"gold_loss":0.0,"damage_taken":0.0,"cards_obtained":["Ghostly","Ghostly","Ghostly","Ghostly","Ghostly"]},{"damage_healed":0.0,"max_hp_gain":0.0,"max_hp_loss":0.0,"gold_gain":100.0,"event_name":"The Joust","player_choice":"Bet on Murderer","floor":30.0,"gold_loss":50.0,"damage_taken":0.0},{"damage_healed":0.0,"max_hp_gain":0.0,"max_hp_loss":0.0,"gold_gain":0.0,"event_name":"Mysterious Sphere","player_choice":"Ignored","floor":38.0,"gold_loss":0.0,"damage_taken":0.0},{"damage_healed":0.0,"max_hp_gain":0.0,"max_hp_loss":0.0,"gold_gain":0.0,"event_name":"Upgrade Shrine","player_choice":"Upgraded","floor":39.0,"gold_loss":0.0,"damage_taken":0.0,"cards_upgraded":["Seek"]}],"is_beta":false,"boss_relics":[{"not_picked":["Pandora\u0027s Box","Tiny House"],"picked":"Velvet Choker"},{"not_picked":["Runic Pyramid","Fusion Hammer"],"picked":"Nuclear Battery"}],"items_purged_floors":[36],"is_endless":false,"potions_floor_spawned":[2,4,5,6,12,13,21,25,27,42,44,47],"ascension_level":7}}