{"host":"e8rlfedn69rz2s07","time":1612834710,"event":{"mods":["AchievementEnabler","BaseMod","Minty Spire (QoL Compilation)","Permanent Neow","Relic Stats","Unceasing Turn Reminder"],"gold_per_floor":[113,126,139,151,171,197,197,231,322,361,373,412,440,462,474,486,486],"floor_reached":16,"language":"ENG","playtime":897,"items_purged":[],"score":268,"play_id":"b8a7525f-b972-466a-a314-fe427cc68434","local_time":"20210209033830","is_ascension_mode":true,"campfire_choices":[{"data":"Buffer","floor":7,"key":"SMITH"},{"data":"Coolheaded","floor":15,"key":"SMITH"}],"circlet_count":0,"master_deck":["AscendersBane","Strike_B","Strike_B","Strike_B","Strike_B","Defend_B","Defend_B","Defend_B","Defend_B","Zap","Dualcast","Self Repair","Streamline","Beam Cell","Conserve Battery","Buffer+1","Self Repair","Meteor Strike","Force Field","Compile Driver","Coolheaded+1"],"relics":["Velvet Choker","Mango","MawBank","Calipers","Pen Nib"],"acts_visited":["Exordium"],"potions_floor_usage":[6,10,12,16],"damage_taken":[{"damage":7,"enemies":"Cultist","floor":1,"turns":4},{"damage":0,"enemies":"2 Louse","floor":2,"turns":4},{"damage":4,"enemies":"Jaw Worm","floor":3,"turns":3},{"damage":9,"enemies":"Red Slaver","floor":4,"turns":4},{"damage":8,"enemies":"Blue Slaver","floor":5,"turns":3},{"damage":23,"enemies":"3 Sentries","floor":6,"turns":9},{"damage":9,"enemies":"Lagavulin","floor":8,"turns":8},{"damage":15,"enemies":"3 Sentries","floor":10,"turns":9},{"damage":27,"enemies":"Lagavulin","floor":12,"turns":9},{"damage":17,"enemies":"3 Louse","floor":13,"turns":5},{"damage":2,"enemies":"Exordium Wildlife","floor":14,"turns":6},{"damage":49,"enemies":"Hexaghost","floor":16,"turns":10}],"seed_played":"8230605146511710800","potions_obtained":[{"floor":2,"key":"Weak Potion"},{"floor":4,"key":"DuplicationPotion"},{"floor":8,"key":"DuplicationPotion"},{"floor":10,"key":"Dexterity Potion"},{"floor":13,"key":"Regen Potion"}],"is_trial":false,"path_per_floor":["M","M","M","M","M","E","R","E","T","E","$","E","M","M","R","B"],"character_chosen":"DEFECT","items_purchased":[],"campfire_rested":0,"item_purchase_floors":[],"current_hp_per_floor":[57,57,60,58,57,55,55,53,53,52,52,39,36,48,48,0,0],"gold":486,"neow_bonus":"BOSS_RELIC","is_daily":false,"chose_seed":false,"campfire_upgraded":2,"win_rate":0.0,"timestamp":1612834710,"path_taken":["M","M","M","?","M","E","R","E","T","E","$","E","M","M","R","BOSS"],"items_purchased_type":[],"build_version":"2020-12-22","purchased_purges":0,"victory":false,"max_hp_per_floor":[71,71,71,71,71,85,85,85,85,85,85,85,85,85,85,85,85],"relic_stats":{"counters":[12,74],"Pen Nib":[3],"MawBank":96,"obtain_stats":[{"Calipers":10,"Velvet Choker":0,"Mango":6,"Pen Nib":12,"Cracked Core":0,"MawBank":8},{"Calipers":8,"Velvet Choker":0,"Mango":6,"Pen Nib":9,"Cracked Core":0,"MawBank":7},{"Calipers":44,"Velvet Choker":0,"Mango":27,"Pen Nib":53,"Cracked Core":0,"MawBank":35}]},"card_choices":[{"not_picked":["Turbo","Redo","Steam"],"picked":"SKIP","floor":1},{"not_picked":["Rebound","Coolheaded"],"picked":"Self Repair","floor":2},{"not_picked":["Consume","FTL"],"picked":"Streamline","floor":3},{"not_picked":["Go for the Eyes","Gash"],"picked":"Beam Cell","floor":4},{"not_picked":["Coolheaded","Compile Driver"],"picked":"Conserve Battery","floor":5},{"not_picked":["Go for the Eyes","Streamline"],"picked":"Buffer","floor":6},{"not_picked":["Stack","Sweeping Beam"],"picked":"Self Repair","floor":8},{"not_picked":["Leap","Coolheaded"],"picked":"Meteor Strike","floor":10},{"not_picked":["Rip and Tear","Compile Driver"],"picked":"Force Field","floor":12},{"not_picked":["Redo","Go for the Eyes"],"picked":"Compile Driver","floor":13},{"not_picked":["Steam","Rip and Tear"],"picked":"Coolheaded","floor":14}],"player_experience":1047017,"relics_obtained":[{"floor":6,"key":"Mango"},{"floor":8,"key":"MawBank"},{"floor":10,"key":"Calipers"},{"floor":12,"key":"Pen Nib"}],"event_choices":[],"is_beta":false,"boss_relics":[],"items_purged_floors":[],"is_endless":false,"potions_floor_spawned":[2,4,5,8,10,13],"killed_by":"Hexaghost","ascension_level":20}}