{"host":"5jyeqch4fosnsiz2","time":1612904786,"event":{"mods":["BaseMod","Bestiary","Colored Map","Colored Powertips","Filter the Spire","Minty Spire (QoL Compilation)","Relic Stats","StSLib","The Bug Knight","Waifu the Spire","ojb\u0027s Better Paths Mod","ojb\u0027s Info Mod"],"gold_per_floor":[16,26,45,55,66,95,95,95,95,109,120,150,24,44,44,44,44],"floor_reached":16,"language":"ENG","playtime":937,"items_purged":["HollowMod:NailStrikeStart"],"score":116,"play_id":"4dfb06e9-5b28-40b3-91c5-34f294fe9225","local_time":"20210209160626","is_ascension_mode":false,"campfire_choices":[{"floor":15,"key":"REST"}],"circlet_count":0,"master_deck":["HollowMod:NailStrikeStart","HollowMod:NailStrikeStart","HollowMod:NailStrikeStart","HollowMod:QuickDashStart","HollowMod:QuickDashStart","HollowMod:QuickDashStart","HollowMod:QuickDashStart","HollowMod:FocusHealStart","HollowMod:PogoStrike","HollowMod:SlysStrikes","HollowMod:GreatSlash","HollowMod:InfectedAttack","HollowMod:NewJinnsSoul","HollowMod:LifebloodCocoon","HollowMod:CloakDash","HollowMod:RecoilStrike","HollowMod:NewGlowingWomb","HollowMod:CloakDash","HollowMod:SoulStrike"],"relics":["HollowMod:VesselMask","Sundial","Ornamental Fan","NlothsMask","HollowMod:StagPassRelic"],"acts_visited":["Exordium"],"potions_floor_usage":[2,6,10,12,16],"damage_taken":[{"damage":1,"enemies":"Cultist","floor":1,"turns":4},{"damage":0,"enemies":"2 Louse","floor":2,"turns":3},{"damage":12,"enemies":"Jaw Worm","floor":3,"turns":4},{"damage":16,"enemies":"Looter","floor":4,"turns":4},{"damage":6,"enemies":"Large Slime","floor":5,"turns":5},{"damage":19,"enemies":"Lagavulin","floor":6,"turns":7},{"damage":0,"enemies":"3 Louse","floor":10,"turns":1},{"damage":13,"enemies":"Exordium Thugs","floor":11,"turns":5},{"damage":18,"enemies":"3 Sentries","floor":12,"turns":4},{"damage":1,"enemies":"Blue Slaver","floor":14,"turns":4},{"damage":53,"enemies":"HollowMod:FalseKnight","floor":16,"turns":6}],"seed_played":"806666363517481694","potions_obtained":[{"floor":1,"key":"AttackPotion"},{"floor":2,"key":"Fruit Juice"},{"floor":5,"key":"PowerPotion"},{"floor":6,"key":"SteroidPotion"},{"floor":14,"key":"AttackPotion"}],"is_trial":false,"path_per_floor":["M","M","M","M","M","E","T","?","T","M","M","E","$","M","R","B"],"character_chosen":"THE_BUGKNIGHT","items_purchased":["HollowMod:CloakDash"],"campfire_rested":1,"item_purchase_floors":[13],"current_hp_per_floor":[74,79,73,57,51,32,32,32,32,32,25,7,7,12,36,0,0],"gold":44,"neow_bonus":"THREE_RARE_CARDS","is_daily":false,"chose_seed":false,"campfire_upgraded":0,"win_rate":0.0,"timestamp":1612904786,"path_taken":["M","?","M","M","M","E","?","?","T","M","?","E","?","?","R","BOSS"],"items_purchased_type":["Card"],"build_version":"2020-12-22","purchased_purges":1,"victory":false,"max_hp_per_floor":[75,80,80,80,80,80,80,80,80,80,80,80,80,80,80,80,80],"relic_stats":{"counters":[11,47],"Sundial":[4],"Ornamental Fan":[32],"obtain_stats":[{"Sundial":6,"Ornamental Fan":7,"HollowMod:VesselMask":0,"HollowMod:StagPassRelic":12,"NlothsMask":8},{"Sundial":6,"Ornamental Fan":6,"HollowMod:VesselMask":0,"HollowMod:StagPassRelic":9,"NlothsMask":6},{"Sundial":27,"Ornamental Fan":27,"HollowMod:VesselMask":0,"HollowMod:StagPassRelic":37,"NlothsMask":27}]},"card_choices":[{"not_picked":["HollowMod:Hiveblood","HollowMod:AwokenDreamNail"],"picked":"HollowMod:SlysStrikes","floor":0},{"not_picked":["HollowMod:WraithStrike","HollowMod:CornifersMapStart"],"picked":"HollowMod:GreatSlash","floor":1},{"not_picked":["HollowMod:AbyssShriek","HollowMod:TaintedHusks"],"picked":"HollowMod:InfectedAttack","floor":2},{"not_picked":["HollowMod:ShadowDash","HollowMod:PureNailStrike","HollowMod:DescendingDark"],"picked":"SKIP","floor":3},{"not_picked":["HollowMod:MantisMark","HollowMod:CoiledNail"],"picked":"HollowMod:NewJinnsSoul","floor":4},{"not_picked":["HollowMod:WraithStrike","HollowMod:DoubleDash","HollowMod:GoodIntentions"],"picked":"SKIP","floor":5},{"not_picked":["HollowMod:NewInfectedGuardian","HollowMod:WraithStrike"],"picked":"HollowMod:LifebloodCocoon","floor":6},{"not_picked":["HollowMod:InfectedCysts","HollowMod:ShadowDash"],"picked":"HollowMod:CloakDash","floor":10},{"not_picked":["HollowMod:WraithStrike","HollowMod:CycloneSlash"],"picked":"HollowMod:RecoilStrike","floor":11},{"not_picked":["HollowMod:DreamGate","HollowMod:MantisMark"],"picked":"HollowMod:NewGlowingWomb","floor":12},{"not_picked":["HollowMod:DescendingDark","HollowMod:CornifersMapStart"],"picked":"HollowMod:SoulStrike","floor":14}],"player_experience":396572,"relics_obtained":[{"floor":6,"key":"Sundial"},{"floor":7,"key":"Ornamental Fan"},{"floor":12,"key":"HollowMod:StagPassRelic"}],"event_choices":[{"damage_healed":0,"gold_gain":0,"player_choice":"Trade","damage_taken":0,"relics_obtained":["NlothsMask"],"max_hp_gain":0,"max_hp_loss":0,"event_name":"FaceTrader","floor":8,"gold_loss":0}],"is_beta":false,"boss_relics":[],"items_purged_floors":[13],"is_endless":false,"potions_floor_spawned":[1,2,5,6,14],"killed_by":"HollowMod:FalseKnight","ascension_level":0}}