{"host":"kpyoctgc7jne3jiy","time":1612866960,"event":{"mods":["AchievementEnabler","BaseMod","Minty Spire (QoL Compilation)","Relic Stats"],"gold_per_floor":[114,125,125,139,139,139,104,129,129,140,156,156,156,186,186,291,291,307,65,65,81,81,81,96,125,149,166,182,182,210,223,223,324,324,341,355,355,365,415,415,441,454,481,64,98,98,114,144,144,144,144,144,18,18,18],"floor_reached":54,"language":"ENG","playtime":3351,"items_purged":["Prepared"],"score":1078,"play_id":"0924ec64-80aa-44c0-83e8-42fbea5e20ec","local_time":"20210209113600","is_ascension_mode":true,"campfire_choices":[{"data":"Quick Slash","floor":6.0,"key":"SMITH"},{"floor":13.0,"key":"REST"},{"data":"Footwork","floor":15.0,"key":"SMITH"},{"data":"Neutralize","floor":23.0,"key":"SMITH"},{"data":"Backflip","floor":29.0,"key":"SMITH"},{"floor":32.0,"key":"REST"},{"floor":40.0,"key":"RECALL"},{"data":"Crippling Poison","floor":46.0,"key":"SMITH"},{"data":"Dodge and Roll","floor":49.0,"key":"SMITH"},{"data":"Caltrops","floor":52.0,"key":"SMITH"}],"circlet_count":0,"master_deck":["Strike_G+1","Strike_G+1","Strike_G+1","Defend_G+1","Defend_G+1","Defend_G+1","Defend_G+1","Defend_G+1","Survivor","Neutralize+1","Flying Knee","Footwork+1","Quick Slash+1","Die Die Die+1","Quick Slash+1","Cloak And Dagger","Backstab+1","Die Die Die+1","CurseOfTheBell","Dagger Spray+1","Blade Dance","Backflip+1","Crippling Poison+1","Deadly Poison+1","Well Laid Plans+1","Dash+1","Wraith Form v2+1","Dagger Throw+1","Calculated Gamble+1","Dodge and Roll+1","Infinite Blades+1","Footwork+1","Sucker Punch+1","Caltrops+1","PiercingWail+1","Acrobatics+1","Expertise","Deflect","Sucker Punch+1"],"relics":["Philosopher\u0027s Stone","Molten Egg 2","Blue Candle","Meat on the Bone","Calling Bell","Boot","Darkstone Periapt","Turnip","Shuriken","Oddly Smooth Stone","Ice Cream","Black Star","Prayer Wheel","Regal Pillow","Letter Opener","MealTicket","Eternal Feather","Centennial Puzzle","Smiling Mask","Vajra","Blood Vial"],"acts_visited":["Exordium","TheCity","TheBeyond","TheEnding"],"potions_floor_usage":[],"damage_taken":[{"damage":0.0,"enemies":"Small Slimes","floor":1.0,"turns":4.0},{"damage":3.0,"enemies":"Jaw Worm","floor":2.0,"turns":4.0},{"damage":9.0,"enemies":"2 Louse","floor":4.0,"turns":3.0},{"damage":41.0,"enemies":"3 Sentries","floor":8.0,"turns":16.0},{"damage":0.0,"enemies":"Blue Slaver","floor":10.0,"turns":3.0},{"damage":0.0,"enemies":"Exordium Thugs","floor":11.0,"turns":3.0},{"damage":2.0,"enemies":"Lagavulin","floor":14.0,"turns":7.0},{"damage":15.0,"enemies":"The Guardian","floor":16.0,"turns":15.0},{"damage":16.0,"enemies":"Shell Parasite","floor":18.0,"turns":6.0},{"damage":6.0,"enemies":"Chosen","floor":21.0,"turns":4.0},{"damage":0.0,"enemies":"Sentry and Sphere","floor":24.0,"turns":4.0},{"damage":19.0,"enemies":"Book of Stabbing","floor":25.0,"turns":6.0},{"damage":0.0,"enemies":"Snecko","floor":27.0,"turns":4.0},{"damage":11.0,"enemies":"Snake Plant","floor":28.0,"turns":3.0},{"damage":23.0,"enemies":"Slavers","floor":30.0,"turns":5.0},{"damage":13.0,"enemies":"Centurion and Healer","floor":31.0,"turns":5.0},{"damage":21.0,"enemies":"Automaton","floor":33.0,"turns":10.0},{"damage":1.0,"enemies":"Orb Walker","floor":35.0,"turns":5.0},{"damage":4.0,"enemies":"3 Shapes","floor":36.0,"turns":3.0},{"damage":13.0,"enemies":"Sphere and 2 Shapes","floor":38.0,"turns":6.0},{"damage":0.0,"enemies":"Mind Bloom Boss Battle","floor":39.0,"turns":7.0},{"damage":21.0,"enemies":"Reptomancer","floor":41.0,"turns":7.0},{"damage":15.0,"enemies":"4 Shapes","floor":42.0,"turns":5.0},{"damage":25.0,"enemies":"Giant Head","floor":45.0,"turns":10.0},{"damage":33.0,"enemies":"Writhing Mass","floor":47.0,"turns":7.0},{"damage":1.0,"enemies":"Reptomancer","floor":48.0,"turns":6.0},{"damage":74.0,"enemies":"Awakened One","floor":50.0,"turns":22.0},{"damage":85,"enemies":"Shield and Spear","floor":54,"turns":8}],"seed_played":"5737347197438289070","potions_obtained":[{"floor":1.0,"key":"ColorlessPotion"},{"floor":11.0,"key":"LiquidMemories"},{"floor":24.0,"key":"Energy Potion"},{"floor":25.0,"key":"LiquidBronze"},{"floor":28.0,"key":"EssenceOfSteel"},{"floor":31.0,"key":"SteroidPotion"},{"floor":42.0,"key":"Regen Potion"},{"floor":47.0,"key":"DistilledChaos"},{"floor":48.0,"key":"LiquidBronze"}],"is_trial":false,"path_per_floor":["M","M","?","M","?","R","?","E","T","M","M","?","R","E","R","B",null,"M","$","?","M","?","R","M","E","T","M","M","R","E","M","R","B",null,"M","M","?","M","?","R","E","M","T","$","E","R","M","E","R","B",null,"R","$","E"],"character_chosen":"THE_SILENT","items_purchased":["Shuriken","Caltrops","Eternal Feather","EssenceOfSteel","Sucker Punch+1"],"campfire_rested":2,"item_purchase_floors":[19,44,44,53,53],"current_hp_per_floor":[63,60,60,51,44,44,61,20,20,20,20,25,47,45,45,42,67,51,51,51,45,75,75,75,56,56,56,45,45,34,33,55,46,68,67,63,63,50,50,50,41,38,38,53,40,61,40,54,75,13,60,75,75,0,0],"gold":18,"neow_bonus":"BOSS_RELIC","is_daily":false,"chose_seed":false,"campfire_upgraded":7,"win_rate":0.0,"timestamp":1612866960,"path_taken":["M","M","?","M","?","R","?","E","T","M","M","?","R","E","R","BOSS","M","$","?","M","?","R","M","E","T","?","M","R","E","M","R","BOSS","M","M","?","?","?","R","E","M","T","$","E","R","M","E","R","BOSS","R","$","E"],"items_purchased_type":["Relic","Card","Relic","Potion","Card"],"build_version":"2020-12-22","purchased_purges":1,"victory":false,"max_hp_per_floor":[70,70,70,70,70,70,70,70,70,70,70,75,75,75,75,75,75,75,75,75,75,75,75,75,75,75,75,75,75,75,75,75,75,75,75,75,75,75,75,75,75,75,75,75,75,75,75,75,75,75,75,75,75,75,75],"relic_stats":{"Darkstone Periapt":0,"Regal Pillow":0,"counters":[28,188],"Blue Candle":[0],"Eternal Feather":57,"Letter Opener":[122],"Boot":[55],"Smiling Mask":0,"Blood Vial":0,"Centennial Puzzle":[12],"Shuriken":[71],"Prayer Wheel":2,"MealTicket":15,"Turnip":[18],"Black Star":3,"obtain_stats":[{"Darkstone Periapt":17,"Ice Cream":30,"Regal Pillow":41,"Blue Candle":9,"Oddly Smooth Stone":25,"Vajra":48,"Eternal Feather":44,"Letter Opener":41,"Boot":17,"Smiling Mask":45,"Calling Bell":17,"Blood Vial":48,"Centennial Puzzle":45,"Shuriken":19,"Philosopher\u0027s Stone":0,"Molten Egg 2":8,"Prayer Wheel":39,"MealTicket":43,"Turnip":17,"Black Star":34,"Ring of the Snake":0,"Meat on the Bone":14},{"Darkstone Periapt":8,"Ice Cream":15,"Regal Pillow":22,"Blue Candle":4,"Oddly Smooth Stone":12,"Vajra":26,"Eternal Feather":23,"Letter Opener":22,"Boot":8,"Smiling Mask":24,"Calling Bell":8,"Blood Vial":26,"Centennial Puzzle":24,"Shuriken":9,"Philosopher\u0027s Stone":0,"Molten Egg 2":4,"Prayer Wheel":21,"MealTicket":23,"Turnip":8,"Black Star":17,"Ring of the Snake":0,"Meat on the Bone":7},{"Darkstone Periapt":55,"Ice Cream":87,"Regal Pillow":130,"Blue Candle":27,"Oddly Smooth Stone":75,"Vajra":158,"Eternal Feather":135,"Letter Opener":130,"Boot":55,"Smiling Mask":145,"Calling Bell":55,"Blood Vial":158,"Centennial Puzzle":145,"Shuriken":61,"Philosopher\u0027s Stone":0,"Molten Egg 2":27,"Prayer Wheel":123,"MealTicket":135,"Turnip":55,"Black Star":102,"Ring of the Snake":0,"Meat on the Bone":40}],"Meat on the Bone":108},"card_choices":[{"not_picked":["Calculated Gamble","Prepared"],"picked":"Flying Knee","floor":1.0},{"not_picked":["Quick Slash","Expertise"],"picked":"Footwork","floor":2.0},{"not_picked":["Finisher","Sucker Punch"],"picked":"Quick Slash","floor":4.0},{"not_picked":["Deadly Poison","Outmaneuver"],"picked":"Die Die Die+1","floor":8.0},{"not_picked":["Heel Hook+1","Prepared"],"picked":"Quick Slash+1","floor":10.0},{"not_picked":["Bane+1","Deadly Poison"],"picked":"Cloak And Dagger","floor":11.0},{"not_picked":["Dodge and Roll","Grand Finale+1"],"picked":"Backstab+1","floor":14.0},{"not_picked":["Glass Knife+1","Phantasmal Killer"],"picked":"Die Die Die+1","floor":16.0},{"not_picked":["Flying Knee+1","Blade Dance"],"picked":"Dagger Spray+1","floor":18.0},{"not_picked":["Outmaneuver","Deadly Poison"],"picked":"Blade Dance","floor":21.0},{"not_picked":["Poisoned Stab+1","Flying Knee+1"],"picked":"Backflip","floor":24.0},{"not_picked":["Dash+1","Tools of the Trade"],"picked":"Crippling Poison","floor":25.0},{"not_picked":["Quick Slash+1","Bane+1"],"picked":"Deadly Poison+1","floor":27.0},{"not_picked":["Deflect","Caltrops"],"picked":"Well Laid Plans+1","floor":28.0},{"not_picked":["Outmaneuver","Quick Slash+1"],"picked":"Dash+1","floor":30.0},{"not_picked":["Backflip","A Thousand Cuts","Dagger Spray+1"],"picked":"SKIP","floor":31.0},{"not_picked":["Unload+1","After Image"],"picked":"Wraith Form v2","floor":33.0},{"not_picked":["Backflip","Blade Dance"],"picked":"Dagger Throw+1","floor":35.0},{"not_picked":["Underhanded Strike+1","Infinite Blades+1"],"picked":"Calculated Gamble+1","floor":36.0},{"not_picked":["Quick Slash+1","Dagger Throw+1"],"picked":"Dodge and Roll","floor":38.0},{"not_picked":["Dodge and Roll+1","Slice+1"],"picked":"Infinite Blades+1","floor":39.0},{"not_picked":["Riddle With Holes+1","Doppelganger"],"picked":"Footwork+1","floor":41.0},{"not_picked":["Poisoned Stab+1","Quick Slash+1"],"picked":"Sucker Punch+1","floor":42.0},{"not_picked":["Sucker Punch+1","Dagger Spray+1","Prepared"],"picked":"SKIP","floor":42.0},{"not_picked":["Burst","Slice+1"],"picked":"PiercingWail+1","floor":45.0},{"not_picked":["Flying Knee+1","Dagger Throw+1"],"picked":"Acrobatics+1","floor":47.0},{"not_picked":["Deadly Poison+1","Underhanded Strike+1"],"picked":"Expertise","floor":47.0},{"not_picked":["Envenom","Reflex+1"],"picked":"Deflect","floor":48.0}],"player_experience":342599,"relics_obtained":[{"floor":8.0,"key":"Molten Egg 2"},{"floor":9.0,"key":"Blue Candle"},{"floor":14.0,"key":"Meat on the Bone"},{"floor":17.0,"key":"Boot"},{"floor":17.0,"key":"Darkstone Periapt"},{"floor":17.0,"key":"Turnip"},{"floor":25.0,"key":"Oddly Smooth Stone"},{"floor":30.0,"key":"Ice Cream"},{"floor":39.0,"key":"Prayer Wheel"},{"floor":41.0,"key":"Regal Pillow"},{"floor":41.0,"key":"Letter Opener"},{"floor":43.0,"key":"MealTicket"},{"floor":45.0,"key":"Centennial Puzzle"},{"floor":45.0,"key":"Smiling Mask"},{"floor":48.0,"key":"Vajra"},{"floor":48.0,"key":"Blood Vial"}],"event_choices":[{"damage_healed":0.0,"max_hp_gain":0.0,"max_hp_loss":0.0,"gold_gain":0.0,"cards_transformed":["Strike_G"],"event_name":"Living Wall","player_choice":"Change","floor":3.0,"gold_loss":0.0,"damage_taken":0.0,"cards_obtained":["Prepared"]},{"cards_removed":["Strike_G"],"damage_healed":0.0,"max_hp_gain":0.0,"max_hp_loss":0.0,"gold_gain":0.0,"event_name":"Golden Wing","player_choice":"Card Removal","floor":5.0,"gold_loss":0.0,"damage_taken":7.0},{"damage_healed":17.0,"max_hp_gain":0.0,"max_hp_loss":0.0,"gold_gain":0.0,"event_name":"The Cleric","player_choice":"Healed","floor":7.0,"gold_loss":35.0,"damage_taken":0.0},{"damage_healed":0.0,"max_hp_gain":5.0,"max_hp_loss":0.0,"gold_gain":0.0,"event_name":"Big Fish","player_choice":"Donut","floor":12.0,"gold_loss":0.0,"damage_taken":0.0},{"damage_healed":0.0,"max_hp_gain":0.0,"max_hp_loss":0.0,"gold_gain":0.0,"event_name":"Back to Basics","player_choice":"Simplicity","floor":20.0,"gold_loss":0.0,"damage_taken":0.0,"cards_upgraded":["Strike_G","Strike_G","Strike_G","Defend_G","Defend_G","Defend_G","Defend_G","Defend_G"]},{"damage_healed":30.0,"max_hp_gain":0.0,"max_hp_loss":0.0,"gold_gain":0.0,"event_name":"Wheel of Change","player_choice":"Full Heal","floor":22.0,"gold_loss":0.0,"damage_taken":0.0},{"damage_healed":0.0,"max_hp_gain":0.0,"max_hp_loss":0.0,"gold_gain":0.0,"event_name":"Upgrade Shrine","player_choice":"Upgraded","floor":37.0,"gold_loss":0.0,"damage_taken":0.0,"cards_upgraded":["Wraith Form v2"]},{"damage_healed":0.0,"max_hp_gain":0.0,"max_hp_loss":0.0,"gold_gain":0.0,"event_name":"MindBloom","player_choice":"Fight","floor":39.0,"gold_loss":0.0,"damage_taken":0.0}],"is_beta":false,"boss_relics":[{"not_picked":["Runic Dome","Runic Pyramid"],"picked":"Calling Bell"},{"not_picked":["Coffee Dripper","SlaversCollar"],"picked":"Black Star"}],"items_purged_floors":[44],"is_endless":false,"potions_floor_spawned":[1,11,24,25,28,31,35,42,47,48],"killed_by":"Shield and Spear","ascension_level":8}}