{"host":"u7bb6mvzuirwfcqo","time":1612848140,"event":{"mods":["2.2 Compatiblity","AchievementEnabler","BaseMod","Card Forge","Downfall","Hermit","Minty Spire (QoL Compilation)","Relic Stats","Replay The Spire","StSLib"],"gold_per_floor":[117,137,150,103,122,151,170,170,170,170,183,183,283,298,298,402,452,469,485,495,495,455,490,501,519,542,542,552,552,46,57,57,152,152,162,92,92,0,10,10,66,82,82,100,100,116,41,41,41,41],"floor_reached":51,"language":"ENG","playtime":4368,"items_purged":["Hallucinations"],"score":673,"play_id":"3cd01da1-f71c-4835-a8ae-b8699c43dcbc","local_time":"20210209002220","is_ascension_mode":false,"campfire_choices":[{"data":"Slimebound:Prepare","floor":8.0,"key":"SMITH"},{"data":"Slimebound:LivingWall","floor":10.0,"key":"SMITH"},{"data":"Slimebound:Split","floor":12.0,"key":"SMITH"},{"floor":15.0,"key":"REST"},{"data":"Slimebound:LivingWall","floor":27.0,"key":"SMITH"},{"data":"Slimebound:RallyTheTroops","floor":29.0,"key":"SMITH"},{"data":"Slimebound:LeadByExample","floor":32.0,"key":"SMITH"},{"floor":45,"key":"REST"},{"floor":49,"key":"REST"}],"circlet_count":0,"master_deck":["Slimebound:Strike_Slimebound","Slimebound:Strike_Slimebound","Slimebound:Strike_Slimebound","Slimebound:Tackle","Slimebound:Defend_Slimebound","Slimebound:Defend_Slimebound","Slimebound:Defend_Slimebound","Slimebound:Defend_Slimebound+1","Slimebound:Split+1","Slimebound:CorrosiveSpit","Slimebound:ComboTackle","Slimebound:PressTheAttack","Slimebound:LivingWall+1","Slimebound:SplitAcid","Slimebound:FormOfPuddle","Slimebound:PrepareCrush","Slimebound:Prepare+1","Slimebound:Prepare","Slimebound:RallyTheTroops+1","Slimebound:Gluttony+1","Slimebound:SplitLeeching+1","Slimebound:HauntingLick","Slimebound:PrepareCrush","Slimebound:Equalize+1","Slimebound:LivingWall+1","Slimebound:LeadByExample+1","Slimebound:SlimeBrawl","Slimebound:DuplicatedForm","Slimebound:LevelUp","Slimebound:AcidTongue+1","Slimebound:ProtectTheBoss"],"relics":["Hammer of Thor","Seething Fire","Anvil of the Gods","Snecko Eye","Potion Belt","Pondfish Scales","Tiny House","Replay:Bottled Flurry","Bronze Scales","BargainBundle","Replay:Towering Pillar of Hats","Fusion Hammer","ReplayTheSpireMod:Ring of Exchange","ReplayTheSpireMod:Ring of Addiction","SacredBark","Chameleon Ring","Red Mask","ReplayTheSpireMod:TigerMarble","Replay:Bottled Steam","Incense Burner"],"acts_visited":["Exordium","TheCity","TheBeyond"],"potions_floor_usage":[46,50,50,50],"damage_taken":[{"damage":0.0,"enemies":"2 Louse","floor":1.0,"turns":3.0},{"damage":5.0,"enemies":"Cultist","floor":2.0,"turns":3.0},{"damage":11.0,"enemies":"Small Slimes","floor":3.0,"turns":2.0},{"damage":5.0,"enemies":"2 Fungi Beasts","floor":5.0,"turns":4.0},{"damage":14.0,"enemies":"Lagavulin","floor":6.0,"turns":6.0},{"damage":3.0,"enemies":"Exordium Thugs","floor":7.0,"turns":3.0},{"damage":0.0,"enemies":"Lots of Slimes","floor":11.0,"turns":3.0},{"damage":8.0,"enemies":"Exordium Wildlife","floor":14.0,"turns":4.0},{"damage":0.0,"enemies":"Fading Forest","floor":16.0,"turns":11.0},{"damage":0.0,"enemies":"Spheric Guardian","floor":18.0,"turns":3.0},{"damage":13.0,"enemies":"2 Thieves","floor":19.0,"turns":4.0},{"damage":0.0,"enemies":"Snecko","floor":20.0,"turns":5.0},{"damage":36.0,"enemies":"Gremlin Leader","floor":23.0,"turns":4.0},{"damage":0.0,"enemies":"Snake Plant","floor":24.0,"turns":4.0},{"damage":14.0,"enemies":"3 Cultists","floor":25.0,"turns":4.0},{"damage":0.0,"enemies":"Shelled Parasite and Fungi","floor":28.0,"turns":3.0},{"damage":4.0,"enemies":"Centurion and Healer","floor":31.0,"turns":4.0},{"damage":15.0,"enemies":"Champ","floor":33.0,"turns":9.0},{"damage":1.0,"enemies":"3 Shapes","floor":35.0,"turns":3.0},{"damage":15.0,"enemies":"Orb Walker","floor":39.0,"turns":2.0},{"damage":15,"enemies":"Spire Growth","floor":42,"turns":2},{"damage":32,"enemies":"3 Darklings","floor":44,"turns":5},{"damage":15,"enemies":"Transient","floor":46,"turns":5},{"damage":43,"enemies":"Time Eater","floor":50,"turns":7}],"seed_played":"-6651719026004656403","potions_obtained":[{"floor":2.0,"key":"hexamod:SoulburnPotion"},{"floor":6.0,"key":"Block Potion"},{"floor":11.0,"key":"sneckomod:MuddlingPotion"},{"floor":17.0,"key":"Flashbang"},{"floor":18.0,"key":"bronze:BurnAndBuffPotion"}],"is_trial":false,"path_per_floor":["M","M","M","$","M","E","M","R","T","R","M","R","?","M","R","B",null,"M","M","M","?","?","E","M","M","T","R","M","R","$","M","R","B",null,"M","$","?","?","M","R","?","M","T","M","R","M","$","T","R","B",null],"character_chosen":"SLIMEBOUND","items_purchased":["Slimebound:SplitAcid","BargainBundle","Replay:Towering Pillar of Hats","Slimebound:LeadByExample","Slimebound:LevelUp"],"campfire_rested":3,"item_purchase_floors":[4,30,30,30,36],"current_hp_per_floor":[65,60,49,49,44,30,27,27,27,27,27,27,27,19,38,48,70,70,57,57,57,57,21,21,19,19,19,31,31,31,39,39,36,70,70,70,70,70,70,70,53,53,53,36,55,66,66,66,66,36],"gold":41,"neow_bonus":"BOSS_RELIC","is_daily":false,"chose_seed":false,"campfire_upgraded":6,"win_rate":0.0,"timestamp":1612848140,"path_taken":["M","M","M","$","M","E","M","R","T","R","M","R","?","?","R","BOSS","M","M","M","?","?","E","M","?","T","R","M","R","$","M","R","BOSS","M","$","?","?","M","R","?","M","T","M","R","?","$","?","R","BOSS"],"items_purchased_type":["Card","Relic","Relic","Card","Card"],"build_version":"2020-12-22","purchased_purges":1,"victory":true,"max_hp_per_floor":[65,65,65,65,65,65,65,65,65,65,65,65,65,65,65,65,70,70,70,70,70,70,70,70,70,70,70,70,70,70,70,70,70,70,70,70,70,70,70,70,70,68,68,68,66,66,66,66,66,64],"relic_stats":{"counters":[24,100],"Bronze Scales":[103],"Snecko Eye":[207,182,205,187],"obtain_stats":[{"Potion Belt":6,"ReplayTheSpireMod:Ring of Exchange":37,"BargainBundle":30,"Tiny House":17,"Replay:Towering Pillar of Hats":30,"ReplayTheSpireMod:Ring of Addiction":37,"SacredBark":37,"Hammer of Thor":0,"Incense Burner":48,"Seething Fire":0,"Pondfish Scales":9,"Chameleon Ring":37,"Anvil of the Gods":0,"Bronze Scales":26,"Snecko Eye":0,"Fusion Hammer":34,"Slimebound:AbsorbEndCombat":0,"Replay:Bottled Flurry":23,"Red Mask":38,"ReplayTheSpireMod:TigerMarble":41,"Replay:Bottled Steam":43},{"Potion Belt":5,"ReplayTheSpireMod:Ring of Exchange":19,"BargainBundle":16,"Tiny House":9,"Replay:Towering Pillar of Hats":16,"ReplayTheSpireMod:Ring of Addiction":19,"SacredBark":19,"Hammer of Thor":0,"Incense Burner":23,"Seething Fire":0,"Pondfish Scales":6,"Chameleon Ring":19,"Anvil of the Gods":0,"Bronze Scales":15,"Snecko Eye":0,"Fusion Hammer":18,"Slimebound:AbsorbEndCombat":0,"Replay:Bottled Flurry":13,"Red Mask":19,"ReplayTheSpireMod:TigerMarble":20,"Replay:Bottled Steam":21},{"Potion Belt":17,"ReplayTheSpireMod:Ring of Exchange":79,"BargainBundle":63,"Tiny House":36,"Replay:Towering Pillar of Hats":63,"ReplayTheSpireMod:Ring of Addiction":79,"SacredBark":79,"Hammer of Thor":0,"Incense Burner":93,"Seething Fire":0,"Pondfish Scales":20,"Chameleon Ring":79,"Anvil of the Gods":0,"Bronze Scales":60,"Snecko Eye":0,"Fusion Hammer":76,"Slimebound:AbsorbEndCombat":0,"Replay:Bottled Flurry":52,"Red Mask":79,"ReplayTheSpireMod:TigerMarble":81,"Replay:Bottled Steam":83}]},"card_choices":[{"not_picked":["Slimebound:MegaLick","Slimebound:ItLooksTasty"],"picked":"Slimebound:ComboTackle","floor":1.0},{"not_picked":["Slimebound:ComboTackle","Slimebound:SamplingLick"],"picked":"Slimebound:PressTheAttack","floor":2.0},{"not_picked":["Slimebound:FinishingTackle","Slimebound:SlimeBrawl"],"picked":"Slimebound:LivingWall","floor":3.0},{"not_picked":["Slimebound:Overexert","Slimebound:FinishingTackle"],"picked":"Slimebound:FormOfPuddle","floor":5.0},{"not_picked":["Slimebound:RallyTheTroops","Slimebound:SlimeTap"],"picked":"Slimebound:PrepareCrush","floor":6.0},{"not_picked":["Slimebound:LivingWall","Slimebound:MegaLick"],"picked":"Slimebound:Prepare","floor":7.0},{"not_picked":["Slimebound:RainOfGoop","Slimebound:FinishingTackle","Slimebound:SplitAcid"],"picked":"SKIP","floor":11.0},{"not_picked":["Slimebound:SplitSpecialist","Slimebound:SlimeTap"],"picked":"Slimebound:Prepare","floor":14.0},{"not_picked":["Slimebound:OozeBath","Slimebound:FirmFortitude"],"picked":"Slimebound:RallyTheTroops","floor":16.0},{"not_picked":["Slimebound:SplitMire","Slimebound:FinishingTackle"],"picked":"Slimebound:Gluttony","floor":17.0},{"not_picked":["Slimebound:SlimeSpikes","Slimebound:SplitSpecialist"],"picked":"Slimebound:SplitLeeching+1","floor":18.0},{"not_picked":["Slimebound:LivingWall+1","Slimebound:SplitLeeching"],"picked":"Slimebound:HauntingLick","floor":19.0},{"not_picked":["Slimebound:GoopTackle","Slimebound:HauntingLick"],"picked":"Slimebound:PrepareCrush","floor":20.0},{"not_picked":["Slimebound:Grow","Slimebound:LeadByExample"],"picked":"Slimebound:Equalize+1","floor":23.0},{"not_picked":["Slimebound:DisruptingSlam","Slimebound:SamplingLick"],"picked":"Slimebound:LivingWall","floor":24.0},{"not_picked":["Slimebound:SplitMire","Slimebound:MegaLick","Slimebound:RejuvenatingLick"],"picked":"SKIP","floor":25.0},{"not_picked":["Slimebound:RainOfGoop","Slimebound:ServeAndProtect","Slimebound:LeechEnergy"],"picked":"SKIP","floor":28.0},{"not_picked":["Slimebound:BestDefense","Slimebound:Dissolve"],"picked":"Slimebound:SlimeBrawl","floor":31.0},{"not_picked":["Slimebound:Overexert","Slimebound:DouseInSlime"],"picked":"Slimebound:DuplicatedForm","floor":33.0},{"not_picked":["Slimebound:SplitLeeching","Slimebound:RainOfGoop","Slimebound:SplitAcid"],"picked":"SKIP","floor":35.0},{"not_picked":["Slimebound:ForwardTackle+1","Slimebound:GrowthPunch+1","Slimebound:ItLooksTasty+1"],"picked":"SKIP","floor":39.0},{"not_picked":["Slimebound:PressTheAttack+1","Slimebound:FormOfPuddle+1"],"picked":"Slimebound:AcidTongue+1","floor":41},{"not_picked":["Slimebound:SplitBruiser","Slimebound:SplitLeeching","Slimebound:ServeAndProtect"],"picked":"SKIP","floor":42},{"not_picked":["Slimebound:RejuvenatingLick+1","Slimebound:HauntingLick"],"picked":"Slimebound:ProtectTheBoss","floor":44},{"not_picked":["Slimebound:RollThrough+1","Slimebound:DisruptingSlam","Slimebound:SplitBruiser+1"],"picked":"SKIP","floor":46}],"player_experience":34806,"relics_obtained":[{"floor":6.0,"key":"Potion Belt"},{"floor":9.0,"key":"Pondfish Scales"},{"floor":23.0,"key":"Replay:Bottled Flurry"},{"floor":26.0,"key":"Bronze Scales"},{"floor":37.0,"key":"ReplayTheSpireMod:Ring of Exchange"},{"floor":37.0,"key":"ReplayTheSpireMod:Ring of Addiction"},{"floor":37.0,"key":"SacredBark"},{"floor":37.0,"key":"Chameleon Ring"},{"floor":41,"key":"ReplayTheSpireMod:TigerMarble"},{"floor":43,"key":"Replay:Bottled Steam"},{"floor":48,"key":"Incense Burner"}],"event_choices":[{"damage_healed":0.0,"max_hp_gain":0.0,"max_hp_loss":0.0,"gold_gain":100.0,"event_name":"Golden Shrine","player_choice":"Pray","floor":13.0,"gold_loss":0.0,"damage_taken":0.0},{"damage_healed":0.0,"max_hp_gain":0.0,"max_hp_loss":0.0,"gold_gain":0.0,"event_name":"Vampires","player_choice":"Ignored","floor":21.0,"gold_loss":0.0,"damage_taken":0.0},{"damage_healed":0.0,"max_hp_gain":0.0,"max_hp_loss":0.0,"gold_gain":0.0,"event_name":"Designer","player_choice":"Upgrade","floor":22.0,"gold_loss":40.0,"damage_taken":0.0,"cards_upgraded":["Slimebound:Gluttony"]},{"damage_healed":0.0,"max_hp_gain":0.0,"max_hp_loss":0.0,"gold_gain":0.0,"event_name":"Tomb of Lord Red Mask","player_choice":"Paid","floor":38.0,"gold_loss":92.0,"damage_taken":0.0,"relics_obtained":["Red Mask"]}],"is_beta":false,"boss_relics":[{"not_picked":["ChewingGum","bronze:MakeshiftBattery"],"picked":"Tiny House"},{"not_picked":["SacredBark","Replay:Bronze Core"],"picked":"Fusion Hammer"}],"items_purged_floors":[47],"is_endless":false,"potions_floor_spawned":[2,6,11,18,20,24,28,35,42],"ascension_level":0}}