{"host":"kk6i5v7sjcm8i50x","time":1612830830,"event":{"mods":["BaseMod","Bestiary","Colored Map","Downfall","Minty Spire (QoL Compilation)","StSLib","The Saiyan"],"gold_per_floor":[99,116,116,116,116,116,142,152,172,164,187,187,209,248,269,381,381,381,381,381,407,427,427,427,468,768,790,41,64,64,14,32,32,32,32],"floor_reached":33,"language":"ENG","playtime":3240,"items_purged":["hexamod:ParanormalForm"],"score":317,"play_id":"e564d19d-3aa4-478d-80dd-a12e16e88c82","local_time":"20210208193350","is_ascension_mode":false,"campfire_choices":[{"data":"hexamod:Float","floor":1,"key":"SMITH"},{"data":"hexamod:Sear","floor":6,"key":"SMITH"},{"data":"hexamod:RadiantFlame","floor":12,"key":"SMITH"},{"data":"hexamod:ParanormalForm","floor":18,"key":"SMITH"},{"data":"hexamod:AdvancingGuard","floor":23,"key":"SMITH"},{"floor":30,"key":"RECALL"}],"circlet_count":0,"master_deck":["hexamod:Sear+1","hexamod:Float+1","hexamod:BurningTouch+1","hexamod:RadiantFlame+1","hexamod:FourthSeal","hexamod:FirstSeal","hexamod:SecondSeal","hexamod:SpectersWail+1","hexamod:FastForward","hexamod:TimeWarp+1","hexamod:SixthSeal","hexamod:TimeWarp","hexamod:Hexaguard","hexamod:AdvancingGuard+1","hexamod:ParanormalForm+1","hexamod:GhostOfSpireFuture","hexamod:EtherealExpedition","hexamod:ThirdSeal","Bite","Bite+1","Bite","Bite","Bite+1","hexamod:SoulSteal","hexamod:Firestarter","hexamod:SoulSteal+1","hexamod:StepThrough+1","hexamod:FastForward+1","hexamod:HeatMetal+1","hexamod:NightmareGuise+1","hexamod:SearingWound","hexamod:RecurringNightmare+1","expansioncontent:Chronoboost","hexamod:TimeOfNeed","hexamod:SkipABeat","hexamod:BurningTouch"],"relics":["hexamod:SpiritBrand","FossilizedHelix","Art of War","Pandora\u0027s Box","Unceasing Top","Old Coin","Strange Spoon","Calipers"],"acts_visited":["Exordium","TheCity"],"potions_floor_usage":[14,16,16,16,22,22,25,27,28,28,32,32,32],"damage_taken":[{"damage":0,"enemies":"Cultist","floor":2,"turns":3},{"damage":2,"enemies":"Jaw Worm","floor":8,"turns":3},{"damage":7,"enemies":"Small Slimes","floor":9,"turns":4},{"damage":7,"enemies":"Blue Slaver","floor":11,"turns":3},{"damage":3,"enemies":"2 Fungi Beasts","floor":13,"turns":4},{"damage":21,"enemies":"3 Sentries","floor":14,"turns":8},{"damage":2,"enemies":"Blue Slaver","floor":15,"turns":4},{"damage":26,"enemies":"IC_STATUS_ARCHETYPE","floor":16,"turns":6},{"damage":14,"enemies":"Chosen","floor":21,"turns":5},{"damage":1,"enemies":"Shell Parasite","floor":22,"turns":6},{"damage":78,"enemies":"Slavers","floor":25,"turns":8},{"damage":9,"enemies":"Centurion and Healer","floor":27,"turns":6},{"damage":0,"enemies":"downfall:FleeingMerchant","floor":28,"turns":4},{"damage":36,"enemies":"Chosen and Byrds","floor":29,"turns":7},{"damage":36,"enemies":"Sentry and Sphere","floor":32,"turns":6},{"damage":19,"enemies":"DF_ARCHETYPE_CLAW","floor":33,"turns":3}],"seed_played":"-1002167658538045594","potions_obtained":[{"floor":8,"key":"SteroidPotion"},{"floor":11,"key":"hexamod:DoubleChargePotion"},{"floor":11,"key":"bronze:BurnAndBuffPotion"},{"floor":13,"key":"SmokeBomb"},{"floor":14,"key":"Ancient Potion"},{"floor":15,"key":"Dexterity Potion"},{"floor":16,"key":"GamblersBrew"},{"floor":21,"key":"sneckomod:MuddlingPotion"},{"floor":22,"key":"sneckomod:MuddlingPotion"},{"floor":22,"key":"Fire Potion"},{"floor":25,"key":"Ancient Potion"},{"floor":27,"key":"LiquidMemories"},{"floor":28,"key":"bronze:BurnAndBuffPotion"}],"is_trial":false,"path_per_floor":["R","M","?","?","?","R","T","M","M","?","M","R","M","E","M","B",null,"R","?","?","M","M","R","T","E","?","M","$","M","R","?","M","B"],"character_chosen":"THE_SPIRIT","items_purchased":["Strange Spoon","expansioncontent:Chronoboost","Calipers","Weak Potion","LiquidBronze"],"campfire_rested":0,"item_purchase_floors":[28,28,28,28,28],"current_hp_per_floor":[77,77,77,77,77,77,77,75,68,61,61,61,65,51,58,41,77,77,77,77,70,77,77,77,18,18,18,32,5,5,34,12,0,0,0],"gold":32,"neow_bonus":"TEN_PERCENT_HP_BONUS","is_daily":false,"chose_seed":false,"campfire_upgraded":5,"win_rate":0.0,"timestamp":1612830830,"path_taken":["R","M","?","?","?","R","T","M","M","?","M","R","M","E","M","BOSS","R","?","?","M","M","R","T","E","?","M","?","?","R","?","M","BOSS"],"items_purchased_type":["Relic","Card","Relic","Potion","Potion"],"build_version":"2020-12-22","purchased_purges":1,"victory":false,"max_hp_per_floor":[77,77,77,77,77,77,77,77,77,77,77,77,77,77,77,77,77,77,77,77,77,77,77,77,77,77,77,77,77,77,77,77,77,77,77],"card_choices":[{"not_picked":["hexamod:GhostLash","hexamod:ExtraCrispy"],"picked":"hexamod:BurningTouch","floor":2},{"not_picked":["hexamod:Haunt","hexamod:GhostflameBarrier","hexamod:GhostShield"],"picked":"SKIP","floor":8},{"not_picked":["hexamod:ThermalTransfer","hexamod:NightmareGuise"],"picked":"hexamod:RadiantFlame","floor":9},{"not_picked":["hexamod:NecessarySacrifice","hexamod:ThermalTransfer"],"picked":"hexamod:SpectersWail","floor":11},{"not_picked":["hexamod:Again","hexamod:SwordOfDarkness","hexamod:GhostShield"],"picked":"SKIP","floor":13},{"not_picked":["hexamod:SpectersWail","hexamod:FirstSeal"],"picked":"hexamod:FastForward","floor":14},{"not_picked":["hexamod:SwordOfDarkness","hexamod:BacktrackSmack"],"picked":"hexamod:TimeWarp","floor":15},{"not_picked":["hexamod:TurnItUp","hexamod:ParanormalForm"],"picked":"hexamod:SixthSeal","floor":16},{"not_picked":["hexamod:HeatMetal","hexamod:GhostShield"],"picked":"hexamod:SoulSteal","floor":21},{"not_picked":["hexamod:GhostOfSpireFuture+1","hexamod:Again+1"],"picked":"hexamod:Firestarter","floor":21},{"not_picked":["hexamod:FirstSeal","hexamod:EtherealExpedition"],"picked":"hexamod:SoulSteal+1","floor":22},{"not_picked":["hexamod:BurningTouch+1","hexamod:RadiantFlame+1"],"picked":"hexamod:StepThrough+1","floor":22},{"not_picked":["hexamod:SkipABeat","hexamod:HauntingEcho"],"picked":"hexamod:FastForward+1","floor":25},{"not_picked":["hexamod:AdvancingGuard+1","hexamod:SpectersWail+1"],"picked":"hexamod:HeatMetal+1","floor":25},{"not_picked":["hexamod:SwordOfDarkness","hexamod:SpectersWail+1"],"picked":"hexamod:NightmareGuise+1","floor":27},{"not_picked":["hexamod:NightmareGuise","hexamod:Haunt+1","hexamod:FourthSeal"],"picked":"SKIP","floor":27},{"not_picked":["hexamod:BurningTouch","hexamod:ThermalTransfer"],"picked":"hexamod:SearingWound","floor":28},{"not_picked":["hexamod:EtherealExpedition","hexamod:NightmareGuise"],"picked":"hexamod:RecurringNightmare+1","floor":28},{"not_picked":["hexamod:GhostShield+1","hexamod:GhostOfSpirePast"],"picked":"hexamod:TimeOfNeed","floor":29},{"not_picked":["hexamod:FirstSeal","hexamod:BacktrackSmack"],"picked":"hexamod:SkipABeat","floor":29},{"not_picked":["hexamod:InspiringFlames+1","hexamod:RecurringNightmare+1"],"picked":"hexamod:BurningTouch","floor":32},{"not_picked":["hexamod:GhostOfSpirePast","hexamod:BacktrackSmack","hexamod:Firestarter"],"picked":"SKIP","floor":32}],"player_experience":164505,"relics_obtained":[{"floor":7,"key":"Art of War"},{"floor":14,"key":"Blood Vial"},{"floor":25,"key":"Unceasing Top"}],"event_choices":[{"damage_healed":0,"gold_gain":0,"player_choice":"Grow","damage_taken":0,"max_hp_gain":0,"max_hp_loss":0,"event_name":"Living Wall","floor":5,"gold_loss":0,"cards_upgraded":["hexamod:BurningTouch"]},{"damage_healed":0,"gold_gain":0,"player_choice":"Read","damage_taken":0,"max_hp_gain":0,"max_hp_loss":0,"event_name":"The Library","floor":19,"gold_loss":0,"cards_obtained":["hexamod:ThirdSeal"]},{"damage_healed":0,"gold_gain":0,"player_choice":"Became a vampire (Vial)","damage_taken":0,"max_hp_gain":0,"max_hp_loss":0,"event_name":"Vampires","floor":20,"relics_lost":["Blood Vial"],"gold_loss":0,"cards_obtained":["Bite","Bite","Bite","Bite","Bite"]}],"is_beta":false,"boss_relics":[{"not_picked":["Snecko Eye","Philosopher\u0027s Stone"],"picked":"Pandora\u0027s Box"}],"items_purged_floors":[28],"is_endless":false,"potions_floor_spawned":[8,11,22],"killed_by":"DF_ARCHETYPE_CLAW","ascension_level":0}}