{"host":"qy1e0kd24tpj3i2m","time":1612886257,"event":{"mods":["Act Like it!","Alarm Clock","BaseMod","Better Skull","Better Vampires","Colored Map","Colored Powertips","Custom Start","Faster Ascension Climbing","Friendly Minions","GifTheSpireLib","Gremlin Skip","Highlight Path","Minty Spire (QoL Compilation)","Permanent Neow","Poor People Problems","Quick Restart","Red Circlet Mod","Relic Filter Mod","Relic Sorter","Reorder Act Four","SacredBarkPlus","Shop Mod","StSLib","SuperFastMode","Transform Curses","没有小屋子和绿帽子啦"],"gold_per_floor":[366,385,18,32,32,65,83,83,128,155,155,432,443,60,60,131,131,108,29,42,57,11,11,11,11],"floor_reached":24,"language":"ZHS","playtime":832,"items_purged":["Bash","Strike_R"],"score":392,"play_id":"6cfea544-fccd-4e04-8aea-1ed4e9387aa5","local_time":"20210210005737","is_ascension_mode":true,"campfire_choices":[{"data":"Uppercut","floor":8.0,"key":"SMITH"},{"data":"Exhume","floor":11.0,"key":"SMITH"},{"data":"Metallicize","floor":15.0,"key":"SMITH"},{"data":"Panacea","floor":23.0,"key":"SMITH"}],"circlet_count":0,"master_deck":["AscendersBane","Strike_R","Strike_R","Strike_R","Strike_R","Defend_R","Defend_R","Defend_R","Defend_R","Uppercut+1","Metallicize+1","Feel No Pain+1","Reckless Charge","Exhume+1","Iron Wave","Dark Embrace+1","Demon Form+1","Flame Barrier","Fire Breathing+1","Ghostly Armor","Panacea+1"],"relics":["Burning Blood","Membership Card","Frozen Egg 2","Singing Bowl","Bag of Marbles","Odd Mushroom","Omamori","Orichalcum","Medical Kit","MerchantsRug","Coffee Dripper","Bronze Scales"],"acts_visited":["Exordium","TheCity"],"potions_floor_usage":[],"damage_taken":[{"damage":1.0,"enemies":"Cultist","floor":1.0,"turns":3.0},{"damage":0.0,"enemies":"2 Louse","floor":2.0,"turns":4.0},{"damage":7.0,"enemies":"Jaw Worm","floor":4.0,"turns":5.0},{"damage":17.0,"enemies":"3 Sentries","floor":6.0,"turns":10.0},{"damage":18.0,"enemies":"3 Louse","floor":7.0,"turns":5.0},{"damage":11.0,"enemies":"The Mushroom Lair","floor":10.0,"turns":7.0},{"damage":5.0,"enemies":"Red Slaver","floor":13.0,"turns":3.0},{"damage":15.0,"enemies":"Hexaghost","floor":16.0,"turns":11.0},{"damage":19.0,"enemies":"2 Thieves","floor":18.0,"turns":4.0},{"damage":12.0,"enemies":"Spheric Guardian","floor":20.0,"turns":5.0},{"damage":17.0,"enemies":"Snake Plant","floor":21.0,"turns":4.0},{"damage":51,"enemies":"Gremlin Leader","floor":24,"turns":4}],"seed_played":"-603261384187482036","potions_obtained":[{"floor":4.0,"key":"LiquidMemories"},{"floor":10.0,"key":"SteroidPotion"},{"floor":13.0,"key":"FairyPotion"}],"is_trial":false,"path_per_floor":["M","M","$","M","$","E","M","R","T","?","R","?","M","$","R","B",null,"M","$","M","M","$","R","E"],"character_chosen":"IRONCLAD","items_purchased":["Membership Card","Frozen Egg 2","Feel No Pain+1","Omamori","Orichalcum","Medical Kit","MerchantsRug","Bronze Scales","Panacea"],"campfire_rested":0,"item_purchase_floors":[3,3,3,14,14,14,14,19,22],"current_hp_per_floor":[68,68,68,67,67,56,44,44,44,39,39,18,21,21,21,12,56,43,43,37,26,26,26,0,0],"gold":11,"neow_bonus":"TWO_FIFTY_GOLD","is_daily":false,"chose_seed":false,"campfire_upgraded":4,"win_rate":0.0,"timestamp":1612886257,"path_taken":["M","?","?","M","$","E","M","R","T","?","R","?","?","$","R","BOSS","M","?","?","?","$","R","E"],"items_purchased_type":["Relic","Relic","Card","Relic","Relic","Relic","Relic","Relic","Card"],"build_version":"2020-12-22","purchased_purges":2,"victory":false,"max_hp_per_floor":[68,68,68,68,68,68,68,68,68,68,68,68,70,70,70,70,70,70,70,70,70,70,70,70,70],"card_choices":[{"not_picked":["Sword Boomerang","Rupture"],"picked":"Uppercut","floor":1.0},{"not_picked":["Warcry","Pummel"],"picked":"Metallicize","floor":2.0},{"not_picked":["Thunderclap","Havoc"],"picked":"Reckless Charge","floor":4.0},{"not_picked":["Perfected Strike","Iron Wave"],"picked":"Exhume","floor":6.0},{"not_picked":["Hemokinesis","Bloodletting"],"picked":"Iron Wave","floor":7.0},{"not_picked":["Wild Strike","Fire Breathing+1"],"picked":"Dark Embrace+1","floor":10.0},{"not_picked":["Clash","Wild Strike","Second Wind"],"picked":"Singing Bowl","floor":13.0},{"not_picked":["Offering","Bludgeon"],"picked":"Demon Form+1","floor":16.0},{"not_picked":["Warcry","Clothesline"],"picked":"Flame Barrier","floor":18.0},{"not_picked":["Clash","Wild Strike"],"picked":"Fire Breathing+1","floor":20.0},{"not_picked":["Bloodletting","Headbutt"],"picked":"Ghostly Armor","floor":21.0}],"player_experience":992938,"relics_obtained":[{"floor":6.0,"key":"Singing Bowl"},{"floor":9.0,"key":"Bag of Marbles"},{"floor":10.0,"key":"Odd Mushroom"}],"event_choices":[{"damage_healed":0.0,"max_hp_gain":0.0,"max_hp_loss":0.0,"gold_gain":0.0,"event_name":"Mushrooms","player_choice":"Fought Mushrooms","floor":10.0,"gold_loss":0.0,"damage_taken":0.0},{"damage_healed":0.0,"max_hp_gain":0.0,"max_hp_loss":0.0,"gold_gain":277.0,"event_name":"betterSkull:BetterSkull","player_choice":"GO GO GO ","floor":12.0,"gold_loss":0.0,"damage_taken":24.0,"cards_upgraded":[],"relics_obtained":[]}],"is_beta":false,"boss_relics":[{"not_picked":["SlaversCollar","Runic Pyramid"],"picked":"Coffee Dripper"}],"items_purged_floors":[3,14],"is_endless":false,"potions_floor_spawned":[4,10,13],"killed_by":"Gremlin Leader","ascension_level":20}}