{"host":"tq99ucv8ezzqzioe","time":1612834306,"event":{"mods":["BaseMod","Colored Map","Downfall","Highlight Path","Minty Spire (QoL Compilation)","StSLib"],"gold_per_floor":[115,190,365,383,10,35,35,47,47,57,57,70,70,126,126,228,228,240,19,31,19,19,19,19,19],"floor_reached":24,"language":"ENG","playtime":795,"items_purged":["Doubt","Strike_B"],"score":307,"play_id":"8b0757d4-f341-44ca-a5b1-38b062018287","local_time":"20210208203146","is_ascension_mode":true,"campfire_choices":[{"data":"Zap","floor":7,"key":"SMITH"},{"floor":11,"key":"REST"},{"floor":15,"key":"RECALL"},{"data":"Defragment","floor":23,"key":"SMITH"}],"circlet_count":0,"master_deck":["Defend_B","Defend_B","Defend_B","Defend_B","Zap+1","Dualcast","Static Discharge","Ball Lightning","Capacitor","Chaos","FTL","Discovery","Reinforced Body","Loop","Loop","Ball Lightning+1","Thunder Strike+1","Chill","Defragment+1","Barrage+1","Leap","Slimebound:Tackle+1","Slimebound:Tackle+1","Slimebound:Tackle+1"],"relics":["Cracked Core","NeowsBlessing","Membership Card","Emotion Chip","Molten Egg 2","Ginger","Centennial Puzzle","Sozu","Dead Branch"],"acts_visited":["Exordium","TheCity"],"potions_floor_usage":[10,10,14,16,24],"damage_taken":[{"damage":0,"enemies":"Small Slimes","floor":1,"turns":1},{"damage":0,"enemies":"2 Louse","floor":4,"turns":1},{"damage":0,"enemies":"3 Sentries","floor":6,"turns":2},{"damage":0,"enemies":"Cultist","floor":8,"turns":3},{"damage":20,"enemies":"Lots of Slimes","floor":10,"turns":3},{"damage":8,"enemies":"Blue Slaver","floor":12,"turns":3},{"damage":30,"enemies":"3 Sentries","floor":14,"turns":4},{"damage":6,"enemies":"Hexaghost","floor":16,"turns":6},{"damage":12,"enemies":"Chosen","floor":18,"turns":4},{"damage":3,"enemies":"3 Byrds","floor":20,"turns":3},{"damage":44,"enemies":"Gremlin Leader","floor":24,"turns":4}],"seed_played":"2283907684357804217","potions_obtained":[{"floor":1,"key":"GamblersBrew"},{"floor":4,"key":"EntropicBrew"},{"floor":14,"key":"Guardian:BlockOnCardUsePotion"},{"floor":16,"key":"Strength Potion"}],"is_trial":false,"path_per_floor":["M","?","?","M","$","E","R","M","T","M","R","M","?","?","R","B",null,"M","$","M","$","?","R","E"],"character_chosen":"DEFECT","items_purchased":["Membership Card","Capacitor","Chaos","FTL","Discovery","Defragment","Dead Branch","Leap"],"campfire_rested":1,"item_purchase_floors":[5,5,5,5,5,19,19,21],"current_hp_per_floor":[68,57,57,57,57,57,57,57,57,37,59,51,48,18,18,12,59,47,47,44,44,44,44,0,0],"gold":19,"neow_bonus":"THREE_ENEMY_KILL","is_daily":false,"chose_seed":false,"campfire_upgraded":2,"win_rate":0.0,"timestamp":1612834306,"path_taken":["M","?","?","M","$","E","R","M","T","M","R","M","?","?","R","BOSS","M","$","M","$","?","R","E"],"items_purchased_type":["Relic","Card","Card","Card","Card","Card","Relic","Card"],"build_version":"2020-12-22","purchased_purges":2,"victory":false,"max_hp_per_floor":[75,75,75,75,75,75,75,75,75,75,75,75,75,75,75,75,75,75,75,75,75,75,75,75,75],"card_choices":[{"not_picked":["Reinforced Body","Lockon"],"picked":"Static Discharge","floor":1},{"not_picked":["Auto Shields","Aggregate"],"picked":"Ball Lightning","floor":4},{"not_picked":["Steam","Capacitor"],"picked":"Reinforced Body","floor":6},{"not_picked":["Compile Driver","Stack"],"picked":"Loop","floor":8},{"not_picked":["Beam Cell+1","Glacier"],"picked":"Loop","floor":10},{"not_picked":["Turbo","Steam","Coolheaded"],"picked":"SKIP","floor":12},{"not_picked":["Streamline+1","Go for the Eyes+1"],"picked":"Ball Lightning+1","floor":14},{"not_picked":["All For One+1","Rainbow"],"picked":"Thunder Strike+1","floor":16},{"not_picked":["Hologram","Sweeping Beam+1"],"picked":"Chill","floor":18},{"not_picked":["Scrape+1","Gash+1"],"picked":"Barrage+1","floor":20}],"player_experience":929983,"relics_obtained":[{"floor":6,"key":"Emotion Chip"},{"floor":9,"key":"Molten Egg 2"},{"floor":14,"key":"Centennial Puzzle"}],"event_choices":[{"damage_healed":0,"gold_gain":75,"player_choice":"Gather Gold","damage_taken":11,"max_hp_gain":0,"max_hp_loss":0,"event_name":"World of Goop","floor":2,"gold_loss":0},{"damage_healed":0,"gold_gain":175,"player_choice":"AGREE","damage_taken":0,"max_hp_gain":0,"max_hp_loss":0,"event_name":"Liars Game","floor":3,"gold_loss":0,"cards_obtained":["Doubt"]},{"damage_healed":0,"gold_gain":0,"player_choice":"Success","damage_taken":3,"relics_obtained":["Ginger"],"max_hp_gain":0,"max_hp_loss":0,"event_name":"Scrap Ooze","floor":13,"gold_loss":0},{"damage_healed":0,"gold_gain":0,"player_choice":"Searched \u00272\u0027 times","damage_taken":0,"max_hp_gain":0,"max_hp_loss":0,"event_name":"Dead Adventurer","floor":14,"gold_loss":0}],"is_beta":false,"boss_relics":[{"not_picked":["Runic Dome","Philosopher\u0027s Stone"],"picked":"Sozu"}],"items_purged_floors":[5,19],"is_endless":false,"potions_floor_spawned":[1,4,14,16,18,20],"killed_by":"Gremlin Leader","ascension_level":8}}