{"host":"jwbw4f4imxd0v0b0","time":1612837395,"event":{"mods":["BaseMod","Colored Map","Highlight Path","Minty Spire (QoL Compilation)","Relic Stats","StSLib"],"gold_per_floor":[209,35,35,55,130,130,165,165,165,165,196,196,196,212,212,316,316,332,30,0,0,0,28,28,43,125,141,172,183,211,239,251,362,374,402,195,195,195,211,211,239,239,239,239,249,260,260,293,293,293],"floor_reached":51,"language":"ENG","playtime":2758,"items_purged":["Strike_P"],"score":1238,"play_id":"2da97776-35f1-4c38-b8bb-97e92ad12a0f","local_time":"20210208202315","is_ascension_mode":true,"campfire_choices":[{"data":"Apotheosis","floor":6.0,"key":"SMITH"},{"data":"Ragnarok","floor":8.0,"key":"SMITH"},{"floor":10.0,"key":"REST"},{"data":"Eruption","floor":12.0,"key":"SMITH"},{"data":"WheelKick","floor":15.0,"key":"SMITH"},{"data":"Ghostly","floor":24.0,"key":"SMITH"},{"floor":32.0,"key":"REST"},{"data":"MentalFortress","floor":40,"key":"SMITH"},{"floor":42,"key":"REST"},{"floor":47,"key":"REST"},{"floor":49,"key":"REST"}],"circlet_count":0,"master_deck":["Defend_P","Defend_P","Eruption+1","Vigilance","EmptyFist","Apotheosis+1","BowlingBash","Ragnarok+1","SandsOfTime","WheelKick+1","EmptyFist+1","EmptyFist+1","CutThroughFate+1","JustLucky","Ghostly","Ghostly","Ghostly+1","Ghostly","Ghostly","FlurryOfBlows","ThirdEye","Scrawl","Omniscience","Wireheading","MentalFortress+1","MentalFortress+1","Crescendo+1","BowlingBash"],"relics":["PureWater","White Beast Statue","Smiling Mask","PreservedInsect","Ornamental Fan","Astrolabe","ClockworkSouvenir","Nunchaku","Juzu Bracelet","InkBottle","Bottled Lightning","MawBank","Runic Pyramid","CloakClasp","Mercury Hourglass","Dream Catcher"],"acts_visited":["Exordium","TheCity","TheBeyond"],"potions_floor_usage":[50,50],"damage_taken":[{"damage":0.0,"enemies":"Cultist","floor":1.0,"turns":2.0},{"damage":2.0,"enemies":"Jaw Worm","floor":4.0,"turns":4.0},{"damage":16.0,"enemies":"Gremlin Nob","floor":7.0,"turns":3.0},{"damage":0.0,"enemies":"Lagavulin","floor":11.0,"turns":2.0},{"damage":0.0,"enemies":"Small Slimes","floor":14.0,"turns":2.0},{"damage":33.0,"enemies":"The Guardian","floor":16.0,"turns":7.0},{"damage":0.0,"enemies":"Spheric Guardian","floor":18.0,"turns":3.0},{"damage":8.0,"enemies":"Gremlin Leader","floor":23.0,"turns":4.0},{"damage":0.0,"enemies":"3 Byrds","floor":25.0,"turns":4.0},{"damage":0.0,"enemies":"Snake Plant","floor":27.0,"turns":5.0},{"damage":4.0,"enemies":"Slavers","floor":28.0,"turns":5.0},{"damage":0.0,"enemies":"Centurion and Healer","floor":29.0,"turns":3.0},{"damage":2.0,"enemies":"Book of Stabbing","floor":30.0,"turns":4.0},{"damage":2.0,"enemies":"Chosen and Byrds","floor":31.0,"turns":5.0},{"damage":7.0,"enemies":"Champ","floor":33.0,"turns":8.0},{"damage":2.0,"enemies":"3 Darklings","floor":35.0,"turns":5.0},{"damage":1,"enemies":"Orb Walker","floor":39,"turns":3},{"damage":6,"enemies":"Reptomancer","floor":41,"turns":5},{"damage":4,"enemies":"4 Shapes","floor":45,"turns":7},{"damage":0,"enemies":"Maw","floor":46,"turns":4},{"damage":0,"enemies":"Giant Head","floor":48,"turns":9},{"damage":0,"enemies":"Donu and Deca","floor":50,"turns":7}],"seed_played":"7176163679922310511","potions_obtained":[{"floor":4.0,"key":"LiquidMemories"},{"floor":7.0,"key":"SpeedPotion"},{"floor":11.0,"key":"DistilledChaos"},{"floor":13.0,"key":"SpeedPotion"},{"floor":14.0,"key":"StancePotion"},{"floor":16.0,"key":"Strength Potion"},{"floor":25.0,"key":"DistilledChaos"},{"floor":29.0,"key":"PowerPotion"},{"floor":31.0,"key":"DuplicationPotion"}],"is_trial":false,"path_per_floor":["M","$","T","M","?","R","E","R","T","R","E","R","?","M","R","B",null,"M","$","?","$","?","E","R","M","T","M","E","M","E","M","R","B",null,"M","$","?","?","M","R","E","R","T","?","M","M","R","E","R","B",null],"character_chosen":"WATCHER","items_purchased":["Apotheosis","ClockworkSouvenir","Nunchaku","Ambrosia","MentalFortress"],"campfire_rested":5,"item_purchase_floors":[2,19,19,36,36],"current_hp_per_floor":[65,65,65,63,52,52,36,36,36,57,57,57,57,57,57,24,60,60,60,60,60,36,28,28,28,28,28,24,24,22,20,30,23,33,31,31,31,31,30,30,24,34,34,34,30,30,36,36,36,36],"gold":293,"neow_bonus":"HUNDRED_GOLD","is_daily":false,"chose_seed":false,"campfire_upgraded":6,"win_rate":0.0,"timestamp":1612837395,"path_taken":["M","$","?","?","?","R","E","R","T","R","E","R","?","?","R","BOSS","M","$","?","$","?","E","R","M","T","M","E","M","E","M","R","BOSS","M","$","?","?","M","R","E","R","T","?","M","M","R","E","R","BOSS"],"items_purchased_type":["Card","Relic","Relic","Potion","Card"],"build_version":"2020-12-22","purchased_purges":1,"victory":true,"max_hp_per_floor":[72,72,72,72,72,72,72,72,72,72,72,72,72,72,72,72,72,72,72,72,72,36,36,36,36,36,36,36,36,36,36,36,36,36,36,36,36,36,36,36,36,36,36,36,36,36,36,36,36,36],"relic_stats":{"counters":[22,101],"Astrolabe":["EmptyFist","EmptyFist","CutThroughFate"],"PreservedInsect":353,"Juzu Bracelet":1,"CloakClasp":[145],"Smiling Mask":25,"MawBank":72,"Mercury Hourglass":[114],"Nunchaku":[16],"Dream Catcher":1,"Ornamental Fan":[124],"obtain_stats":[{"Astrolabe":17,"PreservedInsect":9,"Juzu Bracelet":23,"CloakClasp":41,"Smiling Mask":7,"MawBank":30,"White Beast Statue":3,"ClockworkSouvenir":19,"Mercury Hourglass":43,"Nunchaku":19,"Dream Catcher":48,"Ornamental Fan":11,"Bottled Lightning":28,"PureWater":0,"InkBottle":26,"Runic Pyramid":34},{"Astrolabe":6,"PreservedInsect":3,"Juzu Bracelet":8,"CloakClasp":18,"Smiling Mask":3,"MawBank":13,"White Beast Statue":1,"ClockworkSouvenir":7,"Mercury Hourglass":18,"Nunchaku":7,"Dream Catcher":21,"Ornamental Fan":4,"Bottled Lightning":11,"PureWater":0,"InkBottle":9,"Runic Pyramid":15},{"Astrolabe":20,"PreservedInsect":9,"Juzu Bracelet":27,"CloakClasp":74,"Smiling Mask":9,"MawBank":48,"White Beast Statue":2,"ClockworkSouvenir":23,"Mercury Hourglass":74,"Nunchaku":23,"Dream Catcher":94,"Ornamental Fan":11,"Bottled Lightning":41,"PureWater":0,"InkBottle":31,"Runic Pyramid":61}],"InkBottle":[24]},"card_choices":[{"not_picked":["Prostrate","SignatureMove"],"picked":"EmptyFist","floor":1.0},{"not_picked":["Nirvana","SashWhip"],"picked":"BowlingBash","floor":4.0},{"not_picked":["SashWhip","Indignation"],"picked":"Ragnarok","floor":7.0},{"not_picked":["Crescendo","Indignation"],"picked":"SandsOfTime","floor":11.0},{"not_picked":["Halt","CarveReality"],"picked":"WheelKick","floor":14.0},{"not_picked":["EmptyFist","SandsOfTime+1"],"picked":"JustLucky","floor":18.0},{"not_picked":["Evaluate","SashWhip","EmptyBody"],"picked":"SKIP","floor":23.0},{"not_picked":["Consecrate","SashWhip"],"picked":"FlurryOfBlows","floor":25.0},{"not_picked":["FlyingSleeves+1","PathToVictory","JustLucky"],"picked":"SKIP","floor":27.0},{"not_picked":["MentalFortress","CrushJoints"],"picked":"ThirdEye","floor":28.0},{"not_picked":["Judgement","BowlingBash","ReachHeaven+1"],"picked":"SKIP","floor":29.0},{"not_picked":["WheelKick+1","Crescendo"],"picked":"Scrawl","floor":30.0},{"not_picked":["Consecrate+1","CrushJoints+1","FollowUp+1"],"picked":"SKIP","floor":31.0},{"not_picked":["Alpha","Establishment"],"picked":"Omniscience","floor":33.0},{"not_picked":["ThirdEye+1","Consecrate"],"picked":"Wireheading","floor":35},{"not_picked":["WaveOfTheHand","FollowUp+1","Protect+1"],"picked":"SKIP","floor":39},{"not_picked":["Sanctity","FlyingSleeves+1"],"picked":"MentalFortress+1","floor":41},{"not_picked":["FlurryOfBlows+1","Indignation+1","PathToVictory+1"],"picked":"SKIP","floor":45},{"not_picked":["WreathOfFlame","ForeignInfluence","ThirdEye"],"picked":"SKIP","floor":46},{"not_picked":["CutThroughFate+1","EmptyBody"],"picked":"Crescendo+1","floor":48},{"not_picked":["MentalFortress","WaveOfTheHand"],"picked":"BowlingBash","floor":49}],"player_experience":1254008,"relics_obtained":[{"floor":3.0,"key":"White Beast Statue"},{"floor":7.0,"key":"Smiling Mask"},{"floor":9.0,"key":"PreservedInsect"},{"floor":11.0,"key":"Ornamental Fan"},{"floor":23.0,"key":"Juzu Bracelet"},{"floor":26.0,"key":"InkBottle"},{"floor":28.0,"key":"Bottled Lightning"},{"floor":30.0,"key":"MawBank"},{"floor":41,"key":"CloakClasp"},{"floor":43,"key":"Mercury Hourglass"},{"floor":48,"key":"Dream Catcher"}],"event_choices":[{"damage_healed":0.0,"max_hp_gain":0.0,"max_hp_loss":0.0,"gold_gain":75.0,"event_name":"World of Goop","player_choice":"Gather Gold","floor":5.0,"gold_loss":0.0,"damage_taken":11.0},{"damage_healed":0.0,"max_hp_gain":0.0,"max_hp_loss":0.0,"gold_gain":0.0,"event_name":"Lab","player_choice":"Got Potions","floor":13.0,"gold_loss":0.0,"damage_taken":0.0},{"damage_healed":0.0,"max_hp_gain":0.0,"max_hp_loss":0.0,"gold_gain":0.0,"event_name":"Masked Bandits","player_choice":"Paid Fearfully","floor":20.0,"gold_loss":30.0,"damage_taken":0.0},{"damage_healed":0.0,"max_hp_gain":0.0,"max_hp_loss":36.0,"gold_gain":0.0,"event_name":"Ghosts","player_choice":"Became a Ghost","floor":22.0,"gold_loss":0.0,"damage_taken":0.0,"cards_obtained":["Ghostly","Ghostly","Ghostly","Ghostly","Ghostly"]},{"cards_removed":["Defend_P"],"damage_healed":0,"gold_gain":0,"player_choice":"Removed Skill","damage_taken":0,"max_hp_gain":0,"max_hp_loss":0,"event_name":"Falling","floor":37,"gold_loss":0},{"damage_healed":0,"gold_gain":0,"player_choice":"Bought 0 Potions","damage_taken":0,"max_hp_gain":0,"max_hp_loss":0,"event_name":"The Woman in Blue","floor":38,"gold_loss":0},{"cards_removed":["Defend_P"],"damage_healed":0,"gold_gain":0,"player_choice":"Purged","damage_taken":0,"max_hp_gain":0,"max_hp_loss":0,"event_name":"Purifier","floor":44,"gold_loss":0}],"is_beta":false,"boss_relics":[{"not_picked":["Busted Crown","SlaversCollar"],"picked":"Astrolabe"},{"not_picked":["HolyWater","Tiny House"],"picked":"Runic Pyramid"}],"items_purged_floors":[36],"is_endless":false,"potions_floor_spawned":[4,7,11,14,16,18,23,25,27,28,29,30,31,33,35,39,41,45,46,48],"ascension_level":9}}