{"host":"ibgtsljv18d2rnte","time":1612903018,"event":{"mods":["AchievementEnabler","BaseMod","Better Match","Hermit","Koishi","Marisa????????","Minty Spire (QoL Compilation)","Prisma Mod","Reliquary","StSLib","The Alterego","The Fake Hero","The Marked","The Servant 0.9.4","Waifu the Spire","Yakumo Yukari mod","everything is the same but u backflip on backflip","slay the spire mod where everything is the same but ironclad has a cowboy hat"],"gold_per_floor":[111,10,25,42,20,53,53,53,126,126,155,120,135,153,153,258,258,268,288,288,308,233,262,262,296,349,349,349],"floor_reached":27,"language":"ENG","playtime":1231,"items_purged":["Strike_S"],"score":313,"play_id":"75bb2f57-833f-40fd-ab02-ea6da415ade1","local_time":"20210209133658","is_ascension_mode":true,"campfire_choices":[{"floor":8,"key":"REST"},{"data":"Defy","floor":10,"key":"SMITH"},{"data":"Sunlight","floor":15,"key":"SMITH"},{"floor":24,"key":"REST"}],"circlet_count":0,"master_deck":["Strike_S","Defend_S","Defend_S","Defend_S","Defend_S","KidneyShot","Exchange","Spin","Defy+1","Potential","TimeWarp","FastForward","TheWorld","Sunlight+1","TimeWarp","SpecialFormula","Duplication","Starlight+1","Collapse","J.A.X.","Defy","Spin","Ricochet"],"relics":["Uniform","Regal Pillow","Vajra","reliquary:TridentHead","KneeBrace","Sozu","reliquary:IridiumChain","Nunchaku","Orichalcum"],"acts_visited":["Exordium","TheCity"],"potions_floor_usage":[6,11,21],"damage_taken":[{"damage":2,"enemies":"Cultist","floor":1,"turns":4},{"damage":0,"enemies":"2 Louse","floor":3,"turns":2},{"damage":0,"enemies":"Small Slimes","floor":4,"turns":2},{"damage":47,"enemies":"Gremlin Nob","floor":6,"turns":6},{"damage":15,"enemies":"3 Sentries","floor":11,"turns":5},{"damage":0,"enemies":"2 Fungi Beasts","floor":13,"turns":1},{"damage":6,"enemies":"Looter","floor":14,"turns":2},{"damage":8,"enemies":"Slime Boss","floor":16,"turns":5},{"damage":18,"enemies":"2 Thieves","floor":18,"turns":2},{"damage":0,"enemies":"Spheric Guardian","floor":19,"turns":3},{"damage":23,"enemies":"Snake Plant","floor":21,"turns":4},{"damage":16,"enemies":"Book of Stabbing","floor":23,"turns":5},{"damage":33,"enemies":"Gremlin Leader","floor":25,"turns":5},{"damage":40,"enemies":"Sentry and Sphere","floor":27,"turns":5}],"seed_played":"3188889031188837792","potions_obtained":[{"floor":4,"key":"Weak Potion"},{"floor":6,"key":"SkillPotion"},{"floor":16,"key":"LiquidBronze"}],"is_trial":false,"path_per_floor":["M","$","M","M","$","E","?","R","T","R","E","?","M","M","R","B",null,"M","M","?","M","?","E","R","E","T","M"],"character_chosen":"THE_SERVANT","items_purchased":["Defy","FastForward"],"campfire_rested":2,"item_purchase_floors":[2,5],"current_hp_per_floor":[63,63,63,63,63,16,16,50,50,50,35,51,51,45,45,42,65,47,52,52,29,29,18,52,29,29,0,0],"gold":349,"neow_bonus":"REMOVE_CARD","is_daily":false,"chose_seed":false,"campfire_upgraded":2,"win_rate":0.0,"timestamp":1612903018,"path_taken":["M","$","?","M","$","E","?","R","T","R","E","?","M","M","R","BOSS","M","M","?","M","?","E","R","E","T","M"],"items_purchased_type":["Card","Card"],"build_version":"2020-12-22","purchased_purges":1,"victory":false,"max_hp_per_floor":[65,65,65,65,65,65,65,65,65,65,65,65,65,65,65,65,65,65,65,65,65,65,65,65,65,65,65,65],"card_choices":[{"not_picked":["Revamp","Rewind"],"picked":"Spin","floor":1},{"not_picked":["GearUp","RealityMarble"],"picked":"Potential","floor":3},{"not_picked":["FanOfKnives","Replace"],"picked":"TimeWarp","floor":4},{"not_picked":["Revamp","WasteNot"],"picked":"TheWorld","floor":6},{"not_picked":["Shuttle","Orbit"],"picked":"Sunlight","floor":11},{"not_picked":["Spin","Replace"],"picked":"TimeWarp","floor":13},{"not_picked":["Read","InstantArmor"],"picked":"SpecialFormula","floor":14},{"not_picked":["PendulumOfEternity","Deny"],"picked":"Duplication","floor":16},{"not_picked":["Gouge+1","Revamp"],"picked":"Starlight+1","floor":18},{"not_picked":["Unruled","Moondial"],"picked":"Collapse","floor":19},{"not_picked":["Spin","ShiftingGears"],"picked":"Defy","floor":21},{"not_picked":["Rewind","WasteNot"],"picked":"Spin","floor":23},{"not_picked":["Desolation","DancingSilver+1"],"picked":"Ricochet","floor":25}],"player_experience":109779,"relics_obtained":[{"floor":6,"key":"Regal Pillow"},{"floor":9,"key":"reliquary:TridentHead"},{"floor":11,"key":"KneeBrace"},{"floor":23,"key":"reliquary:IridiumChain"},{"floor":25,"key":"Nunchaku"},{"floor":26,"key":"Orichalcum"}],"event_choices":[{"damage_healed":0,"gold_gain":0,"player_choice":"Searched \u00271\u0027 times","damage_taken":0,"relics_obtained":["Vajra"],"max_hp_gain":0,"max_hp_loss":0,"event_name":"Dead Adventurer","floor":7,"gold_loss":0},{"damage_healed":16,"gold_gain":0,"player_choice":"Healed","damage_taken":0,"max_hp_gain":0,"max_hp_loss":0,"event_name":"The Cleric","floor":12,"gold_loss":35},{"damage_healed":0,"gold_gain":0,"player_choice":"Obtain J.A.X.","damage_taken":0,"max_hp_gain":0,"max_hp_loss":0,"event_name":"Drug Dealer","floor":20,"gold_loss":0,"cards_obtained":["J.A.X."]},{"cards_removed":["Strike_S"],"damage_healed":0,"gold_gain":0,"player_choice":"Gave Gold","damage_taken":0,"max_hp_gain":0,"max_hp_loss":0,"event_name":"Beggar","floor":22,"gold_loss":75}],"is_beta":false,"boss_relics":[{"not_picked":["reliquary:RedCape","Cursed Key"],"picked":"Sozu"}],"items_purged_floors":[2],"is_endless":false,"potions_floor_spawned":[4,6,16,18,19,23,25],"killed_by":"Sentry and Sphere","ascension_level":4}}