{"host":"vit9b6u76k1y61sh","time":1612897193,"event":{"mods":["BaseMod","Block Reminder","Colored Powertips","Highlight Path","Minty Spire (QoL Compilation)","Quick Restart","Rare Cards Sparkle","Relic Sorter","Relic Stats","StSLib"],"gold_per_floor":[109,109,109,109,160,178,178,219,219,235,11,11,24,43,43,171,171,195,195,221,79,79,117,117,117,117],"floor_reached":25,"language":"ENG","playtime":898,"items_purged":["Defend_R"],"score":268,"play_id":"3d91a168-8bad-4c2a-be65-a52ad0cc1c0d","local_time":"20210209135953","is_ascension_mode":true,"campfire_choices":[{"data":"Perfected Strike","floor":12,"key":"SMITH"},{"data":"Flex","floor":15,"key":"SMITH"},{"data":"Feed","floor":24,"key":"SMITH"}],"circlet_count":0,"master_deck":["Strike_R","Strike_R","Strike_R","Strike_R","Defend_R+1","Defend_R+1","Defend_R","Rampage+1","Perfected Strike+1","Seeing Red","Flex+1","Feed+1","Wild Strike","Writhe","Inflame","Shame","Blade Dance"],"relics":["Burning Blood","NeowsBlessing","Golden Idol","Orichalcum","Self Forming Clay","War Paint","Vajra","Coffee Dripper","MawBank","PrismaticShard","Darkstone Periapt","PreservedInsect"],"acts_visited":["Exordium","TheCity"],"potions_floor_usage":[14,23,23],"damage_taken":[{"damage":0,"enemies":"Cultist","floor":1,"turns":1},{"damage":0,"enemies":"2 Louse","floor":6,"turns":1},{"damage":0,"enemies":"Gremlin Nob","floor":8,"turns":1},{"damage":10,"enemies":"Small Slimes","floor":10,"turns":3},{"damage":5,"enemies":"Looter","floor":13,"turns":3},{"damage":2,"enemies":"Large Slime","floor":14,"turns":4},{"damage":69,"enemies":"Hexaghost","floor":16,"turns":12},{"damage":16,"enemies":"Spheric Guardian","floor":18,"turns":4},{"damage":17,"enemies":"2 Thieves","floor":20,"turns":4},{"damage":32,"enemies":"Slavers","floor":23,"turns":5},{"damage":22,"enemies":"Book of Stabbing","floor":25,"turns":4}],"seed_played":"599270311846253799","potions_obtained":[{"floor":8,"key":"ColorlessPotion"},{"floor":14,"key":"Explosive Potion"},{"floor":20,"key":"AttackPotion"},{"floor":23,"key":"Dexterity Potion"}],"is_trial":false,"path_per_floor":["M","?","?","?","T","M","?","E","T","M","$","R","M","M","R","B",null,"M","?","M","$","?","E","R","E"],"character_chosen":"IRONCLAD","items_purchased":["Vajra","PrismaticShard"],"campfire_rested":0,"item_purchase_floors":[11,21],"current_hp_per_floor":[80,73,73,73,73,74,74,74,74,70,70,70,71,74,74,11,74,64,64,56,56,62,39,39,17,17],"gold":117,"neow_bonus":"THREE_ENEMY_KILL","is_daily":false,"chose_seed":false,"campfire_upgraded":3,"win_rate":0.0,"timestamp":1612897193,"path_taken":["M","?","?","?","?","M","?","E","T","?","$","R","M","M","R","BOSS","M","?","M","$","?","E","R","E"],"items_purchased_type":["Relic","Relic"],"build_version":"2020-12-22","purchased_purges":1,"victory":false,"max_hp_per_floor":[80,80,74,74,74,74,74,74,74,74,74,74,74,74,74,74,74,74,74,77,77,83,86,86,86,86],"relic_stats":{"Darkstone Periapt":6,"counters":[11,42],"Golden Idol":64,"Self Forming Clay":[93],"PreservedInsect":41,"Orichalcum":[30],"War Paint":["Defend_R","Defend_R"],"MawBank":24,"obtain_stats":[{"Darkstone Periapt":22,"NeowsBlessing":0,"Golden Idol":3,"Self Forming Clay":8,"Vajra":11,"PreservedInsect":23,"Coffee Dripper":17,"Orichalcum":5,"War Paint":9,"MawBank":19,"PrismaticShard":21,"Burning Blood":0},{"Darkstone Periapt":9,"NeowsBlessing":0,"Golden Idol":1,"Self Forming Clay":3,"Vajra":4,"PreservedInsect":10,"Coffee Dripper":7,"Orichalcum":1,"War Paint":3,"MawBank":8,"PrismaticShard":9,"Burning Blood":0},{"Darkstone Periapt":33,"NeowsBlessing":0,"Golden Idol":1,"Self Forming Clay":3,"Vajra":6,"PreservedInsect":38,"Coffee Dripper":25,"Orichalcum":1,"War Paint":3,"MawBank":29,"PrismaticShard":33,"Burning Blood":0}],"Burning Blood":42},"card_choices":[{"not_picked":["Wild Strike","Disarm"],"picked":"Rampage","floor":1},{"not_picked":["Thunderclap","Battle Trance"],"picked":"Perfected Strike","floor":6},{"not_picked":["Cleave","Metallicize","Spot Weakness"],"picked":"SKIP","floor":8},{"not_picked":["Anger","Heavy Blade"],"picked":"Seeing Red","floor":10},{"not_picked":["Spot Weakness","Headbutt","Clothesline"],"picked":"SKIP","floor":13},{"not_picked":["Offering","Headbutt"],"picked":"Flex","floor":14},{"not_picked":["Limit Break","Reaper"],"picked":"Feed","floor":16},{"not_picked":["Dark Embrace","Uppercut"],"picked":"Wild Strike","floor":18},{"not_picked":["Bloodletting","Ghostly Armor+1"],"picked":"Inflame","floor":20},{"not_picked":["Wallop","Evaluate+1"],"picked":"Blade Dance","floor":23}],"player_experience":165270,"relics_obtained":[{"floor":5,"key":"Orichalcum"},{"floor":8,"key":"Self Forming Clay"},{"floor":9,"key":"War Paint"},{"floor":23,"key":"PreservedInsect"}],"event_choices":[{"cards_removed":["Strike_R"],"damage_healed":0,"gold_gain":0,"player_choice":"Card Removal","damage_taken":7,"max_hp_gain":0,"max_hp_loss":0,"event_name":"Golden Wing","floor":2,"gold_loss":0},{"damage_healed":0,"gold_gain":0,"player_choice":"Lose Max HP","damage_taken":0,"relics_obtained":["Golden Idol"],"max_hp_gain":0,"max_hp_loss":6,"event_name":"Golden Idol","floor":3,"gold_loss":0},{"damage_healed":0,"gold_gain":0,"player_choice":"Grow","damage_taken":0,"max_hp_gain":0,"max_hp_loss":0,"event_name":"Living Wall","floor":4,"gold_loss":0,"cards_upgraded":["Rampage"]},{"cards_removed":["Bash"],"damage_healed":0,"gold_gain":0,"player_choice":"Card Removal","damage_taken":0,"max_hp_gain":0,"max_hp_loss":0,"event_name":"Wheel of Change","floor":7,"gold_loss":0},{"damage_healed":0,"gold_gain":0,"player_choice":"Opened","damage_taken":0,"relics_obtained":["MawBank"],"max_hp_gain":0,"max_hp_loss":0,"event_name":"The Mausoleum","floor":19,"gold_loss":0,"cards_obtained":["Writhe"]},{"damage_healed":0,"gold_gain":0,"player_choice":"Stole Relic","damage_taken":0,"relics_obtained":["Darkstone Periapt"],"max_hp_gain":0,"max_hp_loss":0,"event_name":"Addict","floor":22,"gold_loss":0,"cards_obtained":["Shame"]}],"is_beta":false,"boss_relics":[{"not_picked":["Ectoplasm","Cursed Key"],"picked":"Coffee Dripper"}],"items_purged_floors":[11],"is_endless":false,"potions_floor_spawned":[8,14,20,23],"killed_by":"Book of Stabbing","ascension_level":2}}