{"host":"rq7gz685gkaokql0","time":1612843100,"event":{"mods":["BaseMod","Hubris","Infinite Spire","Minty Spire (QoL Compilation)","Replay The Spire","StSLib"],"gold_per_floor":[115,115,115,133,58,93,93,93,171,197,197,216,34,145,145,224,224,239,251,251,251,274,617,299,299,299,299,322,322,356,356,389,404,404,477,477,487,503,603,603,630,630,236,264,264,264,277,58,68,88,88,88,88],"floor_reached":54,"language":"ENG","playtime":2064,"items_purged":[],"score":2587,"play_id":"14b0e905-c07c-4188-8f59-4b8d7f5e7cc5","local_time":"20210208175820","is_ascension_mode":true,"campfire_choices":[{"data":"infinitespire:SevenWalls","floor":8.0,"key":"SMITH"},{"floor":15.0,"key":"REST"},{"floor":31.0,"key":"REST"},{"floor":34.0,"key":"REST"},{"floor":42,"key":"REST"},{"floor":46,"key":"REST"},{"data":"Apotheosis","floor":51,"key":"SMITH"}],"circlet_count":0,"master_deck":["AscendersBane","Strike_P","Strike_P","Strike_P","Strike_P","Defend_P+1","Defend_P","Defend_P","Defend_P+1","Eruption+1","Vigilance","BattleHymn","Replay:Battleflow","LessonLearned+1","infinitespire:SevenWalls+1","PathToVictory+1","Replay:AtTheReady","Dramatic Entrance","Dramatic Entrance+1","LikeWater","WindmillStrike+1","Judgement+1","SpiritShield","EmptyFist","FollowUp+1","Ghostly+1","Ghostly","Ghostly+1","Replay:BluntJabs+1","ReplayUltimateDefense+1","PathToVictory","PathToVictory","Flash of Steel","infinitespire:Punishment","CurseOfTheBell","Establishment","Devotion+1","Protect","Brilliance","WaveOfTheHand","LikeWater","infinitespire:Oblivion","Apotheosis+1","Secret Technique","Good Instincts","PathToVictory","TalkToTheHand","BowlingBash+1","Parasite","SashWhip+1","Nirvana+1","ThirdEye+1","Halt"],"relics":["PureWater","Blue Doll","hubris:Icosahedron","WarpedTongs","Damaru","White Beast Statue","Kunai","War Paint","hubris:Backtick","Membership Card","MawBank","Old Coin","ReplayTheSpireMod:TigerMarble","Mummified Hand","Guide Book","Calling Bell","Nunchaku","hubris:GlazedTorus","hubris:SphereOfDissonance","Bag of Preparation","Replay:Rubber Ducky","PreservedInsect","Honey Jar","Prayer Wheel","Smiling Mask","Meat on the Bone","ReplayTheSpireMod:ShopPack","hubris:Reverence","Bronze Scales","StrikeDummy","Sling","Bottled Lightning"],"acts_visited":["Exordium","TheCity","TheBeyond"],"potions_floor_usage":[52,53],"damage_taken":[{"damage":8.0,"enemies":"Small Slimes","floor":1.0,"turns":3.0},{"damage":1.0,"enemies":"Cultist","floor":4.0,"turns":3.0},{"damage":16.0,"enemies":"Gremlin Nob","floor":6.0,"turns":3.0},{"damage":0.0,"enemies":"Lagavulin","floor":10.0,"turns":3.0},{"damage":8.0,"enemies":"2 Louse","floor":12.0,"turns":2.0},{"damage":9.0,"enemies":"2 Fungi Beasts","floor":14.0,"turns":2.0},{"damage":0.0,"enemies":"Hexaghost","floor":16.0,"turns":7.0},{"damage":0.0,"enemies":"Spheric Guardian","floor":18.0,"turns":3.0},{"damage":17.0,"enemies":"Shell Parasite","floor":19.0,"turns":4.0},{"damage":1.0,"enemies":"Chosen and Byrds","floor":22.0,"turns":3.0},{"damage":12.0,"enemies":"Gremlin Leader","floor":23.0,"turns":4.0},{"damage":0.0,"enemies":"Book of Stabbing","floor":30.0,"turns":1.0},{"damage":5.0,"enemies":"Slavers","floor":32.0,"turns":3.0},{"damage":0.0,"enemies":"Centurion and Healer","floor":33.0,"turns":2.0},{"damage":0.0,"enemies":"hubris:MusketHawk","floor":35.0,"turns":1.0},{"damage":0.0,"enemies":"Orb Walker","floor":37.0,"turns":1.0},{"damage":0.0,"enemies":"3 Shapes","floor":38.0,"turns":3.0},{"damage":0.0,"enemies":"infinitespire:Three Voidlings","floor":39.0,"turns":1.0},{"damage":22.0,"enemies":"Nightmare_Alpha","floor":39.0,"turns":8.0},{"damage":3,"enemies":"R_Hoarder","floor":44,"turns":4},{"damage":0,"enemies":"Jaw Worm Horde","floor":47,"turns":1},{"damage":16,"enemies":"Writhing Mass","floor":49,"turns":4},{"damage":0,"enemies":"Transient","floor":50,"turns":6},{"damage":0,"enemies":"Awakened One","floor":52,"turns":8},{"damage":0,"enemies":"Time Eater","floor":53,"turns":6}],"seed_played":"-7960061704859387006","potions_obtained":[{"floor":1.0,"key":"Block Potion"},{"floor":4.0,"key":"ColorlessPotion"},{"floor":10.0,"key":"BottledMiracle"},{"floor":12.0,"key":"Regen Potion"},{"floor":14.0,"key":"Dexterity Potion"},{"floor":19.0,"key":"BlessingOfTheForge"},{"floor":35.0,"key":"SkillPotion"},{"floor":37.0,"key":"Fire Potion"},{"floor":38.0,"key":"Ancient Potion"},{"floor":39,"key":"BlessingOfTheForge"},{"floor":44,"key":"Strength Potion"},{"floor":47,"key":"ColorlessPotion"},{"floor":49,"key":"BlessingOfTheForge"},{"floor":50,"key":"BottledMiracle"}],"is_trial":false,"path_per_floor":["M","?","?","M","?","E","?","R","T","E","?","M","$","M","R","B",null,"M","M","?","T","M","E","$","AVR","PTL","PTL","T","?","E","R","E","M","R","B",null,"M","M","?","?","T","R","$","E","T","R","M","$","M","M","R","B","B",null],"character_chosen":"WATCHER","items_purchased":["Dramatic Entrance","LikeWater","WindmillStrike+1","ReplayUltimateDefense+1","ReplayTheSpireMod:TigerMarble","Mummified Hand","PathToVictory","Flash of Steel","Meat on the Bone","ReplayTheSpireMod:ShopPack","hubris:Reverence","CultistPotion","Sling","Bottled Lightning"],"campfire_rested":5,"item_purchase_floors":[13,13,13,24,24,24,24,24,43,43,43,43,48,48],"current_hp_per_floor":[53,53,53,52,52,36,19,19,19,19,19,11,11,7,27,27,58,58,41,34,34,33,21,21,21,21,21,21,12,12,22,17,17,27,27,32,32,32,1,1,1,11,11,20,20,30,30,30,26,26,26,26,26],"gold":88,"neow_bonus":"RANDOM_COMMON_RELIC","is_daily":false,"chose_seed":false,"campfire_upgraded":2,"win_rate":0.0,"timestamp":1612843100,"path_taken":["M","?","?","?","?","E","?","R","T","E","?","M","$","?","R","BOSS","M","M","?","?","M","E","?","AVR","PTL","PTL","T","?","E","R","E","M","R","BOSS","M","M","?","?","?","R","$","E","T","R","M","?","?","?","R","BOSS","BOSS"],"items_purchased_type":["Card","Card","Card","Card","Relic","Relic","Card","Card","Relic","Relic","Relic","Potion","Relic","Relic"],"build_version":"2020-12-22","purchased_purges":0,"victory":true,"max_hp_per_floor":[68,68,68,68,68,68,68,68,68,68,68,68,68,68,68,68,68,68,68,34,34,34,34,34,34,34,34,34,34,34,34,34,34,34,34,34,34,34,34,34,34,34,34,34,34,34,34,34,34,34,34,34,34],"card_choices":[{"not_picked":["ThirdEye","FlurryOfBlows"],"picked":"BattleHymn","floor":1.0},{"not_picked":["Replay:Cycle","ThirdEye"],"picked":"Replay:Battleflow","floor":4.0},{"not_picked":["Replay:ManipulateFuture","Replay:AtTheReady"],"picked":"LessonLearned","floor":6.0},{"not_picked":["infinitespire:FutureSight","infinitespire:Gouge"],"picked":"infinitespire:SevenWalls","floor":7.0},{"not_picked":["Crescendo","Halt"],"picked":"PathToVictory","floor":10.0},{"not_picked":["ClearTheMind","Nirvana"],"picked":"Replay:AtTheReady","floor":12.0},{"not_picked":["Halt","Crescendo"],"picked":"Judgement","floor":14.0},{"not_picked":["LessonLearned","ConjureBlade"],"picked":"SpiritShield","floor":16.0},{"not_picked":["Crescendo","BowlingBash"],"picked":"EmptyFist","floor":18.0},{"not_picked":["Replay:AtTheReady","Replay:ManipulateFuture"],"picked":"FollowUp+1","floor":19.0},{"not_picked":["EmptyBody","FlurryOfBlows"],"picked":"Replay:BluntJabs+1","floor":22.0},{"not_picked":["BattleHymn","Pray"],"picked":"Conclude","floor":23.0},{"not_picked":["DeusExMachina","Evaluate"],"picked":"Establishment","floor":30.0},{"not_picked":["SashWhip+1","EmptyFist"],"picked":"Devotion","floor":32.0},{"not_picked":["Evaluate","EmptyMind"],"picked":"Protect","floor":33.0},{"not_picked":["Blasphemy","Omniscience"],"picked":"Brilliance","floor":35.0},{"not_picked":["ClearTheMind","Consecrate+1","ReachHeaven+1"],"picked":"WaveOfTheHand","floor":37.0},{"not_picked":["CrushJoints+1","Replay:AtTheReady","Protect"],"picked":"LikeWater","floor":38.0},{"not_picked":["infinitespire:Menacing","ReplayTheSpireMod:Echoes of Time"],"picked":"infinitespire:Oblivion","floor":39},{"not_picked":["Magnetism","HandOfGreed","Violence"],"picked":"Apotheosis","floor":43},{"not_picked":["Swift Strike","Thinking Ahead","Impatience"],"picked":"Secret Technique","floor":43},{"not_picked":["Jack Of All Trades","Blind","Purity"],"picked":"Good Instincts","floor":43},{"not_picked":["Protect","SashWhip","BattleHymn"],"picked":"PathToVictory","floor":44},{"not_picked":["EmptyBody+1","Replay:Anticipation","Prostrate"],"picked":"TalkToTheHand","floor":47},{"not_picked":["Adaptation+1","ReachHeaven","Perseverance"],"picked":"BowlingBash+1","floor":47},{"not_picked":["Replay:AllIn","CarveReality","Adaptation+1"],"picked":"SashWhip+1","floor":49},{"not_picked":["Evaluate","ThirdEye","Vengeance"],"picked":"Nirvana+1","floor":49},{"not_picked":["Halt","Replay:AtTheReady","SashWhip"],"picked":"ThirdEye+1","floor":50},{"not_picked":["CutThroughFate","BowlingBash","Replay:BluntJabs"],"picked":"Halt","floor":50}],"player_experience":1274394,"relics_obtained":[{"floor":6.0,"key":"Damaru"},{"floor":9.0,"key":"White Beast Statue"},{"floor":10.0,"key":"Kunai"},{"floor":21.0,"key":"MawBank"},{"floor":23.0,"key":"Old Coin"},{"floor":25.0,"key":"Nunchaku"},{"floor":25.0,"key":"hubris:GlazedTorus"},{"floor":25.0,"key":"hubris:SphereOfDissonance"},{"floor":28.0,"key":"Bag of Preparation"},{"floor":30.0,"key":"Replay:Rubber Ducky"},{"floor":32.0,"key":"PreservedInsect"},{"floor":39,"key":"Prayer Wheel"},{"floor":41,"key":"Smiling Mask"},{"floor":44,"key":"Bronze Scales"},{"floor":45,"key":"StrikeDummy"}],"event_choices":[{"damage_healed":0.0,"max_hp_gain":0.0,"max_hp_loss":0.0,"gold_gain":0.0,"event_name":"Accursed Blacksmith","player_choice":"Rummage","floor":3.0,"gold_loss":0.0,"damage_taken":0.0,"relics_obtained":["WarpedTongs"],"cards_obtained":["Pain"]},{"cards_removed":["Pain"],"damage_healed":0.0,"max_hp_gain":0.0,"max_hp_loss":0.0,"gold_gain":0.0,"event_name":"The Cleric","player_choice":"Card Removal","floor":5.0,"gold_loss":75.0,"damage_taken":0.0},{"damage_healed":0.0,"max_hp_gain":0.0,"max_hp_loss":0.0,"gold_gain":0.0,"event_name":"WeMeetAgain","player_choice":"Gave Potion","floor":11.0,"gold_loss":0.0,"damage_taken":0.0,"relics_obtained":["War Paint"]},{"damage_healed":0.0,"max_hp_gain":0.0,"max_hp_loss":34.0,"gold_gain":0.0,"event_name":"Ghosts","player_choice":"Became a Ghost","floor":20.0,"gold_loss":0.0,"damage_taken":0.0,"cards_obtained":["Ghostly","Ghostly","Ghostly"]},{"damage_healed":0.0,"max_hp_gain":0.0,"max_hp_loss":0.0,"gold_gain":0.0,"event_name":"Cursed Tome","player_choice":"Stopped","floor":29.0,"gold_loss":0.0,"damage_taken":9.0},{"damage_healed":0,"gold_gain":0,"player_choice":"Stopped","damage_taken":9,"max_hp_gain":0,"max_hp_loss":0,"event_name":"Cursed Tome","floor":39,"gold_loss":0},{"cards_removed":["Conclude"],"damage_healed":0,"gold_gain":0,"player_choice":"Removed Attack","damage_taken":0,"max_hp_gain":0,"max_hp_loss":0,"event_name":"Falling","floor":40,"gold_loss":0}],"is_beta":false,"boss_relics":[{"not_picked":["Pandora\u0027s Box","hubris:GrandSneckoEye"],"picked":"hubris:Backtick"},{"not_picked":["Replay:Drink Me","infinitespire:Cupcake"],"picked":"Honey Jar"}],"items_purged_floors":[],"is_endless":false,"potions_floor_spawned":[1,4,10,12,14,16,18,19,22,23,30,32,33,35,37,38,39,39,44,47,49,50],"ascension_level":20}}