{"host":"w4ub8crw9ou4a5am","time":1612904782,"event":{"mods":["2.2 Compatiblity","BaseMod","Challenge The Spire","Colored Powertips","Hermit","Hubris","Jorbs\u0027s Wanderer Trilogy","KinomotoSakuraMod(????)","Koishi","Marisa????????","Minty Spire (QoL Compilation)","Quick Restart","Rare Cards Sparkle","Remilia??????","StSLib","The Administrix","The Animator","The Bug Knight","The Cursed","The Disciple","The Hierophant","The Jungle","The Marked","The Necromancer","The Senshi","The Servant 0.9.4","WarShipGirlsR/????R mod"],"gold_per_floor":[116,116,135,145,145,171,171,171,171,185,212,212,239,254,254,254,254],"floor_reached":16,"language":"ENG","playtime":953,"items_purged":[],"score":120,"play_id":"2e676702-f845-496e-96e6-fda1dc7ffe6f","local_time":"20210209160622","is_ascension_mode":false,"campfire_choices":[{"floor":8,"key":"RECALL"},{"floor":12,"key":"REST"},{"floor":15,"key":"REST"}],"circlet_count":0,"master_deck":["TheCursedMod:Strike_TheCursed","TheCursedMod:Strike_TheCursed","TheCursedMod:Strike_TheCursed","TheCursedMod:Strike_TheCursed","TheCursedMod:Defend_TheCursed","TheCursedMod:Defend_TheCursed","TheCursedMod:Defend_TheCursed","TheCursedMod:Defend_TheCursed","TheCursedMod:CursedWand","TheCursedMod:CleanUpWorkshop","TheCursedMod:Dregs","TheCursedMod:StingEye","TheCursedMod:CircleOfCorruption","TheCursedMod:CircleOfCorruption","TheCursedMod:UltimatePain","TheCursedMod:SoulReap","TheCursedMod:RapidMovement","Decay","Negative_Energy_Javelin","TheCursedMod:CircleOfBlood","TheCursedMod:ParallelWorld","TheCursedMod:ReleasedStrength"],"relics":["TheCursedMod:BlackMagic101","Sundial","hubris:DisguiseKit","Bottled Flame","Boot"],"acts_visited":["Exordium"],"potions_floor_usage":[6,10,13,13],"damage_taken":[{"damage":0,"enemies":"Small Slimes","floor":1,"turns":3},{"damage":0,"enemies":"2 Louse","floor":3,"turns":3},{"damage":0,"enemies":"Cultist","floor":4,"turns":3},{"damage":30,"enemies":"Gremlin Nob","floor":6,"turns":5},{"damage":3,"enemies":"2 Fungi Beasts","floor":10,"turns":3},{"damage":46,"enemies":"3 Sentries","floor":11,"turns":11},{"damage":14,"enemies":"Gremlin Nob","floor":13,"turns":4},{"damage":7,"enemies":"Blue Slaver","floor":14,"turns":4},{"damage":75,"enemies":"The Guardian","floor":16,"turns":12}],"seed_played":"4176033702549293549","potions_obtained":[{"floor":1,"key":"Swift Potion"},{"floor":6,"key":"Swift Potion"},{"floor":10,"key":"GamblersBrew"},{"floor":11,"key":"AttackPotion"}],"is_trial":false,"path_per_floor":["M","?","M","M","?","E","?","R","T","M","E","R","E","M","R","B"],"character_chosen":"THE_CURSED","items_purchased":[],"campfire_rested":2,"item_purchase_floors":[],"current_hp_per_floor":[82,82,82,82,82,52,52,52,52,54,13,37,36,40,64,0,0],"gold":254,"neow_bonus":"TEN_PERCENT_HP_BONUS","is_daily":false,"chose_seed":false,"campfire_upgraded":0,"win_rate":0.0,"timestamp":1612904782,"path_taken":["M","?","M","M","?","E","?","R","T","?","E","R","E","M","R","BOSS"],"items_purchased_type":[],"build_version":"2020-12-22","purchased_purges":0,"victory":false,"max_hp_per_floor":[82,82,82,82,82,82,82,82,82,82,82,82,82,82,82,82,82],"card_choices":[{"not_picked":["TheCursedMod:Stigma","TheCursedMod:Obscuration"],"picked":"TheCursedMod:StingEye","floor":1},{"not_picked":["TheCursedMod:FleshFromBone","TheCursedMod:FuryStrike"],"picked":"TheCursedMod:CircleOfCorruption","floor":3},{"not_picked":["TheCursedMod:BlessingInDisguise","TheCursedMod:CursedMace"],"picked":"TheCursedMod:CircleOfCorruption","floor":4},{"not_picked":[],"picked":"TheCursedMod:UltimatePain","floor":5},{"not_picked":["TheCursedMod:SurpriseAttack","TheCursedMod:SoulCrush"],"picked":"TheCursedMod:SoulReap","floor":6},{"not_picked":["TheCursedMod:SaltUponWound","TheCursedMod:Hemoplague","TheCursedMod:SpitefulPlan"],"picked":"Negative_Energy_Javelin","floor":10},{"not_picked":["TheCursedMod:SpitefulPray","TheCursedMod:StingEye","Scare"],"picked":"TheCursedMod:CircleOfBlood","floor":11},{"not_picked":["TheCursedMod:Wield","TheCursedMod:WearCloak","Toxic_Smoke_Screen"],"picked":"TheCursedMod:ParallelWorld","floor":13},{"not_picked":["TheCursedMod:Stigma","TheCursedMod:CircleOfCorruption","Shade_Step"],"picked":"TheCursedMod:ReleasedStrength","floor":14}],"player_experience":1696017,"relics_obtained":[{"floor":6,"key":"Sundial"},{"floor":9,"key":"hubris:DisguiseKit"},{"floor":11,"key":"Bottled Flame"},{"floor":13,"key":"Boot"}],"event_choices":[{"damage_healed":0,"gold_gain":0,"player_choice":"Leave","damage_taken":0,"max_hp_gain":0,"max_hp_loss":0,"event_name":"The Cleric","floor":2,"gold_loss":0},{"damage_healed":0,"gold_gain":0,"player_choice":"2 cards matched","damage_taken":0,"max_hp_gain":0,"max_hp_loss":0,"event_name":"Match and Keep!","floor":7,"gold_loss":0,"cards_obtained":["TheCursedMod:RapidMovement","Decay"]}],"is_beta":false,"boss_relics":[],"items_purged_floors":[],"is_endless":false,"potions_floor_spawned":[1,6,10,11],"killed_by":"The Guardian","ascension_level":0}}