{"host":"zjc1tzo4ovig5lll","time":1612886730,"event":{"mods":["AchievementEnabler","Aspiration","BaseMod","Beaked The Cultist","Better Altar","Better Match","Better Note","Better Sensory Stone","Colored Map","Colored Powertips","Conspire","Energized Spire","Friendly Minions","GifTheSpireLib","Halation","Hermit","Hubris","Minty Spire (QoL Compilation)","Rare Cards Sparkle","Reliquary","Replay The Spire","StSLib","The Blue Laboratory","The Bug Knight","The Construct","The Jungle","everything is the same but u backflip on backflip"],"gold_per_floor":[116,126,126,143,35,35,63,63,63,28,38,38,68,78,78,177,177,197,88,88,108,127,127,156,156,156],"floor_reached":25,"language":"ENG","playtime":1208,"items_purged":["Grand Finale"],"score":277,"play_id":"e3419aff-97fa-4df2-a277-7b3595ba6139","local_time":"20210209180530","is_ascension_mode":true,"campfire_choices":[{"data":"hermit:FlashPowder","floor":6.0,"key":"SMITH"},{"data":"Underhanded Strike","floor":8.0,"key":"SMITH"},{"data":"Dash","floor":12.0,"key":"SMITH"},{"data":"hermit:Maintenance","floor":15.0,"key":"SMITH"},{"floor":23.0,"key":"REST"}],"circlet_count":0,"master_deck":["hermit:Strike_Hermit","hermit:Defend_Hermit","hermit:Defend_Hermit","hermit:Defend_Hermit","hermit:Defend_Hermit","hermit:Snapshot","hermit:Covet","hermit:FlashPowder+1","hermit:Determination","Underhanded Strike+1","Dash+1","hermit:HighCaliber+1","hermit:TakeCover","hermit:Maintenance+1","hermit:Magnum","hermit:HighCaliber+1","hermit:HighNoon+1","hermit:BodyArmor+1","hermit:TakeCover+1"],"relics":["hermit:Momento","reliquary:PartyBalloon","Quantum Egg","energizedSpire:DeadBattery","MutagenicStrength","Golden Egg"],"acts_visited":["Exordium","TheCity"],"potions_floor_usage":[24,24,25],"damage_taken":[{"damage":6.0,"enemies":"Small Slimes","floor":1.0,"turns":5.0},{"damage":0.0,"enemies":"Cultist","floor":2.0,"turns":3.0},{"damage":1.0,"enemies":"Jaw Worm","floor":4.0,"turns":3.0},{"damage":20.0,"enemies":"3 Sentries","floor":7.0,"turns":10.0},{"damage":0.0,"enemies":"3 Louse","floor":11.0,"turns":4.0},{"damage":18.0,"enemies":"Lagavulin","floor":13.0,"turns":6.0},{"damage":0.0,"enemies":"Blue Slaver","floor":14.0,"turns":5.0},{"damage":37.0,"enemies":"Fading Forest","floor":16.0,"turns":11.0},{"damage":16.0,"enemies":"Spheric Guardian","floor":18.0,"turns":4.0},{"damage":0.0,"enemies":"3 Byrds","floor":21.0,"turns":6.0},{"damage":28.0,"enemies":"Cultist and Chosen","floor":22.0,"turns":5.0},{"damage":50,"enemies":"Book of Stabbing","floor":24,"turns":7},{"damage":5,"enemies":"3 Cultists","floor":25,"turns":5}],"seed_played":"-3779454840066568847","potions_obtained":[{"floor":2.0,"key":"LiquidBronze"},{"floor":16.0,"key":"blueLaboratory:Moonshine"},{"floor":22.0,"key":"blueLaboratory:LouseDecoction"}],"is_trial":false,"path_per_floor":["M","M","?","M","$","R","E","R","T","?","M","R","E","M","R","B",null,"M","$","?","M","M","R","E","M"],"character_chosen":"HERMIT","items_purchased":["hermit:HighCaliber+1","hermit:HighNoon+1"],"campfire_rested":1,"item_purchase_floors":[5,19],"current_hp_per_floor":[69,69,69,68,68,68,48,48,48,66,66,66,48,48,48,31,75,59,59,59,59,31,53,3,0,0],"gold":156,"neow_bonus":"THREE_CARDS","is_daily":false,"chose_seed":false,"campfire_upgraded":4,"win_rate":0.0,"timestamp":1612886730,"path_taken":["M","M","?","?","$","R","E","R","T","?","M","R","E","M","R","BOSS","M","$","?","M","M","R","E","M"],"items_purchased_type":["Card","Card"],"build_version":"2020-12-22","purchased_purges":1,"victory":false,"max_hp_per_floor":[75,75,75,75,75,75,75,75,75,75,75,75,75,75,75,75,75,75,75,75,75,75,75,75,75,75],"card_choices":[{"not_picked":["hermit:Manifest","hermit:Desperado"],"picked":"hermit:FlashPowder","floor":0.0},{"not_picked":["hermit:Manifest","hermit:Coalescence","hermit:Combo"],"picked":"SKIP","floor":1.0},{"not_picked":["hermit:Desperado","hermit:BodyArmor"],"picked":"hermit:Determination","floor":2.0},{"not_picked":["hermit:Dive","hermit:Snipe","hermit:Roulette"],"picked":"SKIP","floor":4.0},{"not_picked":["hermit:LowProfile","hermit:Glare","hermit:Manifest"],"picked":"SKIP","floor":7.0},{"not_picked":["hermit:Manifest","hermit:Roulette","hermit:Vantage"],"picked":"SKIP","floor":11.0},{"not_picked":["hermit:Combo","hermit:HeroicBravado"],"picked":"hermit:TakeCover","floor":13.0},{"not_picked":["hermit:Dive","hermit:Misfire"],"picked":"hermit:Maintenance","floor":14.0},{"not_picked":["hermit:FinalCanter","hermit:Gambit"],"picked":"hermit:Magnum","floor":16.0},{"not_picked":["hermit:HoleUp","hermit:ItchyTrigger+1"],"picked":"hermit:HighCaliber+1","floor":18.0},{"not_picked":["hermit:Quickdraw","hermit:CalledShot"],"picked":"hermit:BodyArmor+1","floor":21.0},{"not_picked":["hermit:Dive","hermit:Coalescence"],"picked":"hermit:TakeCover+1","floor":22.0},{"not_picked":["hermit:Dive","hermit:Headshot","hermit:Virtue+1"],"picked":"SKIP","floor":24}],"player_experience":703743,"relics_obtained":[{"floor":7.0,"key":"reliquary:PartyBalloon"},{"floor":13.0,"key":"Quantum Egg"},{"floor":24,"key":"Golden Egg"}],"event_choices":[{"damage_healed":18.0,"max_hp_gain":0.0,"max_hp_loss":0.0,"gold_gain":0.0,"event_name":"The Cleric","player_choice":"Healed","floor":10.0,"gold_loss":35.0,"damage_taken":0.0},{"damage_healed":0.0,"max_hp_gain":0.0,"max_hp_loss":0.0,"gold_gain":0.0,"event_name":"Drug Dealer","player_choice":"Inject Mutagens","floor":20.0,"gold_loss":0.0,"damage_taken":0.0,"relics_obtained":["MutagenicStrength"]}],"is_beta":false,"boss_relics":[{"not_picked":["Cursed Key","energizedSpire:OgreHead"],"picked":"energizedSpire:DeadBattery"}],"items_purged_floors":[5],"is_endless":false,"potions_floor_spawned":[2,4,14,16,22,24],"killed_by":"3 Cultists","ascension_level":4}}