{"host":"zxkjcgzis4pm3za5","time":1612880563,"event":{"mods":["AchievementEnabler","BaseMod","Colored Map","Colored Powertips","Minty Spire (QoL Compilation)","Quick Restart","RNG Fix","Random Character Button","Relic Sorter","Relic Stats","StSLib"],"gold_per_floor":[118,89,89,89,89,89,118,118,118,118,149,172,213,226,226,324,324,337,355,355,355,33,74,88,126,126,169,182,41,77,11,11,11,11],"floor_reached":33,"language":"ENG","playtime":1343,"items_purged":[],"score":1004,"play_id":"6f1d8b3f-86ad-4d18-b7c2-4de576e9266d","local_time":"20210209195243","is_ascension_mode":true,"campfire_choices":[{"data":"ClearTheMind","floor":6.0,"key":"SMITH"},{"data":"Consecrate","floor":8.0,"key":"SMITH"},{"data":"CrushJoints","floor":15.0,"key":"SMITH"},{"floor":32.0,"key":"REST"}],"circlet_count":0,"master_deck":["AscendersBane","Defend_P+1","Defend_P","Defend_P","Defend_P+1","Eruption+1","Vigilance+1","CutThroughFate+1","ClearTheMind+1","Consecrate+1","SandsOfTime","DeceiveReality","InnerPeace","CrushJoints+1","Devotion","Vengeance+1","Pray","Bite","Bite","Bite","Bite","Bite","J.A.X.","Prostrate","SpiritShield","WheelKick","Dark Shackles","ThirdEye","Perseverance","Swivel","Weave+1","Protect","Scrawl","TalkToTheHand","Wallop"],"relics":["PureWater","NeowsBlessing","Mercury Hourglass","TeardropLocket","Golden Idol","The Courier","Pen Nib","Black Star","Centennial Puzzle","Orichalcum","InkBottle","War Paint","Omamori","Bottled Flame","Ornamental Fan","White Beast Statue"],"acts_visited":["Exordium","TheCity"],"potions_floor_usage":[33],"damage_taken":[{"damage":0.0,"enemies":"Cultist","floor":1.0,"turns":1.0},{"damage":0.0,"enemies":"Gremlin Nob","floor":7.0,"turns":1.0},{"damage":0.0,"enemies":"Lagavulin","floor":11.0,"turns":1.0},{"damage":0.0,"enemies":"2 Louse","floor":12.0,"turns":2.0},{"damage":0.0,"enemies":"Gremlin Nob","floor":13.0,"turns":3.0},{"damage":0.0,"enemies":"Jaw Worm","floor":14.0,"turns":3.0},{"damage":7.0,"enemies":"Hexaghost","floor":16.0,"turns":4.0},{"damage":0.0,"enemies":"Chosen","floor":18.0,"turns":2.0},{"damage":8.0,"enemies":"3 Byrds","floor":19.0,"turns":3.0},{"damage":3.0,"enemies":"Book of Stabbing","floor":23.0,"turns":3.0},{"damage":3.0,"enemies":"Snecko","floor":24.0,"turns":2.0},{"damage":3.0,"enemies":"Gremlin Leader","floor":25.0,"turns":4.0},{"damage":32.0,"enemies":"Slavers","floor":27.0,"turns":5.0},{"damage":16.0,"enemies":"Centurion and Healer","floor":28.0,"turns":5.0},{"damage":11.0,"enemies":"Book of Stabbing","floor":30.0,"turns":2.0},{"damage":52,"enemies":"Collector","floor":33,"turns":6}],"seed_played":"-5071327347850654389","potions_obtained":[{"floor":1.0,"key":"Strength Potion"},{"floor":7.0,"key":"LiquidBronze"},{"floor":23.0,"key":"SteroidPotion"},{"floor":28.0,"key":"BlessingOfTheForge"},{"floor":30.0,"key":"Weak Potion"}],"is_trial":false,"path_per_floor":["M","$","?","?","?","R","E","R","T","?","E","M","E","M","R","B",null,"M","M","?","?","$","E","M","E","T","E","M","$","E","$","R","B"],"character_chosen":"WATCHER","items_purchased":["ClearTheMind","Prostrate","SpiritShield","WheelKick","Dark Shackles","Protect","Scrawl","Wallop"],"campfire_rested":1,"item_purchase_floors":[2,22,22,22,22,29,29,31],"current_hp_per_floor":[61,61,41,46,46,46,46,46,46,21,21,21,21,21,21,14,58,58,50,50,50,50,49,50,47,47,21,15,15,12,12,27,0,0],"gold":11,"neow_bonus":"THREE_ENEMY_KILL","is_daily":false,"chose_seed":false,"campfire_upgraded":3,"win_rate":0.0,"timestamp":1612880563,"path_taken":["M","$","?","?","?","R","E","R","T","?","E","M","E","M","R","BOSS","M","M","?","?","$","E","M","E","T","E","?","$","E","?","R","BOSS"],"items_purchased_type":["Card","Card","Card","Card","Card","Card","Card","Card"],"build_version":"2020-12-22","purchased_purges":0,"victory":false,"max_hp_per_floor":[68,68,68,73,73,73,73,73,73,73,73,73,73,73,73,73,73,73,73,51,51,51,51,51,51,51,51,51,51,51,51,51,51,51],"relic_stats":{"Centennial Puzzle":[17],"counters":[16,46],"Golden Idol":87,"Ornamental Fan":[8],"Pen Nib":[8],"Black Star":4,"Orichalcum":[42],"War Paint":["Defend_P","Defend_P"],"obtain_stats":[{"NeowsBlessing":0,"Golden Idol":10,"The Courier":11,"Pen Nib":13,"Omamori":27,"TeardropLocket":9,"Orichalcum":23,"War Paint":25,"White Beast Statue":30,"Mercury Hourglass":7,"Centennial Puzzle":23,"Bottled Flame":27,"Ornamental Fan":30,"Black Star":17,"PureWater":0,"InkBottle":25},{"NeowsBlessing":0,"Golden Idol":2,"The Courier":3,"Pen Nib":5,"Omamori":13,"TeardropLocket":2,"Orichalcum":10,"War Paint":12,"White Beast Statue":15,"Mercury Hourglass":2,"Centennial Puzzle":10,"Bottled Flame":13,"Ornamental Fan":15,"Black Star":7,"PureWater":0,"InkBottle":12},{"NeowsBlessing":0,"Golden Idol":2,"The Courier":3,"Pen Nib":7,"Omamori":33,"TeardropLocket":2,"Orichalcum":22,"War Paint":28,"White Beast Statue":40,"Mercury Hourglass":2,"Centennial Puzzle":22,"Bottled Flame":33,"Ornamental Fan":40,"Black Star":14,"PureWater":0,"InkBottle":28}],"InkBottle":[6],"Mercury Hourglass":[208]},"card_choices":[{"not_picked":["FlurryOfBlows","EmptyMind"],"picked":"CutThroughFate","floor":1.0},{"not_picked":["Perseverance","Halt"],"picked":"Consecrate","floor":7.0},{"not_picked":["Swivel","CrushJoints"],"picked":"SandsOfTime","floor":11.0},{"not_picked":["ThirdEye","Swivel"],"picked":"DeceiveReality","floor":12.0},{"not_picked":["SignatureMove","EmptyBody"],"picked":"InnerPeace","floor":13.0},{"not_picked":["Worship","SignatureMove"],"picked":"CrushJoints","floor":14.0},{"not_picked":["DevaForm","MasterReality"],"picked":"Devotion","floor":16.0},{"not_picked":["ThirdEye","Meditate+1"],"picked":"Vengeance+1","floor":18.0},{"not_picked":["JustLucky","ClearTheMind"],"picked":"Pray","floor":19.0},{"not_picked":["Study","ClearTheMind"],"picked":"ThirdEye","floor":23.0},{"not_picked":["ThirdEye","Pray"],"picked":"Perseverance","floor":24.0},{"not_picked":["ClearTheMind+1","SashWhip"],"picked":"Swivel","floor":25.0},{"not_picked":["SignatureMove","FlyingSleeves"],"picked":"Weave+1","floor":27.0},{"not_picked":["WindmillStrike","CrushJoints","SashWhip"],"picked":"SKIP","floor":28.0},{"not_picked":["Sanctity+1","SandsOfTime"],"picked":"TalkToTheHand","floor":30.0}],"player_experience":341356,"relics_obtained":[{"floor":7.0,"key":"Mercury Hourglass"},{"floor":9.0,"key":"TeardropLocket"},{"floor":11.0,"key":"The Courier"},{"floor":13.0,"key":"Pen Nib"},{"floor":23.0,"key":"Centennial Puzzle"},{"floor":23.0,"key":"Orichalcum"},{"floor":25.0,"key":"InkBottle"},{"floor":25.0,"key":"War Paint"},{"floor":27.0,"key":"Omamori"},{"floor":27.0,"key":"Bottled Flame"},{"floor":30.0,"key":"Ornamental Fan"},{"floor":30.0,"key":"White Beast Statue"}],"event_choices":[{"damage_healed":0.0,"max_hp_gain":0.0,"max_hp_loss":0.0,"gold_gain":0.0,"event_name":"Shining Light","player_choice":"Entered Light","floor":3.0,"gold_loss":0.0,"damage_taken":20.0,"cards_upgraded":["CutThroughFate","Vigilance"]},{"damage_healed":0.0,"max_hp_gain":5.0,"max_hp_loss":0.0,"gold_gain":0.0,"event_name":"Big Fish","player_choice":"Donut","floor":4.0,"gold_loss":0.0,"damage_taken":0.0},{"damage_healed":0.0,"max_hp_gain":0.0,"max_hp_loss":0.0,"gold_gain":0.0,"event_name":"Living Wall","player_choice":"Grow","floor":5.0,"gold_loss":0.0,"damage_taken":0.0,"cards_upgraded":["Eruption"]},{"damage_healed":0.0,"max_hp_gain":0.0,"max_hp_loss":0.0,"gold_gain":0.0,"event_name":"Golden Idol","player_choice":"Take Damage","floor":10.0,"gold_loss":0.0,"damage_taken":25.0,"relics_obtained":["Golden Idol"]},{"damage_healed":0.0,"max_hp_gain":0.0,"max_hp_loss":22.0,"gold_gain":0.0,"event_name":"Vampires","player_choice":"Became a vampire","floor":20.0,"gold_loss":0.0,"damage_taken":0.0,"cards_obtained":["Bite","Bite","Bite","Bite","Bite"]},{"damage_healed":0.0,"max_hp_gain":0.0,"max_hp_loss":0.0,"gold_gain":0.0,"event_name":"Drug Dealer","player_choice":"Obtain J.A.X.","floor":21.0,"gold_loss":0.0,"damage_taken":0.0,"cards_obtained":["J.A.X."]}],"is_beta":false,"boss_relics":[{"not_picked":["Pandora\u0027s Box","Ectoplasm"],"picked":"Black Star"}],"items_purged_floors":[],"is_endless":false,"potions_floor_spawned":[1,7,23,28,30],"killed_by":"Collector","ascension_level":19}}