{"host":"p7cjtxxrilhp4dw7","time":1612838053,"event":{"mods":["BaseMod","Block Reminder","Colored Map","Curses Come First","Highlight Path","Minty Spire (QoL Compilation)","Replay The Spire","StSLib"],"gold_per_floor":[115,125,125,125,138,138,138,168,168,178,178,195,195,221,221,319,319,331,343,343,343,361,395,395,413,482,510,510,510,510,510,510,543,543,662,662,692,722,768,415,447,493,493,493,493,493,551,23,23,65,65,85],"floor_reached":53,"language":"ENG","playtime":4408,"items_purged":["Strike_P"],"score":1408,"play_id":"7e3cdbee-b940-4477-aeea-6c6bb4bbec54","local_time":"20210208193413","is_ascension_mode":true,"campfire_choices":[{"data":"Eruption","floor":6,"key":"SMITH"},{"floor":13,"key":"REST"},{"floor":24,"key":"REST"},{"floor":31,"key":"REST"},{"data":"ConjureBlade","floor":32,"key":"SMITH"},{"floor":34,"key":"DIG"},{"data":"Establishment","floor":43,"key":"SMITH"},{"data":"Scrawl","floor":44,"key":"SMITH"},{"data":"Perseverance","floor":49,"key":"SMITH"},{"data":"Replay:AtTheReady","floor":51,"key":"SMITH"}],"circlet_count":0,"master_deck":["Strike_P","Defend_P","Defend_P","Defend_P","Eruption+1","Vigilance","Consecrate","Crescendo+1","ConjureBlade+1","BowlingBash","Perseverance+1","FollowUp","Replay:AtTheReady+1","Judgement","Sanctity+1","Meditate","RitualDagger","Vengeance","ForeignInfluence+1","EmptyBody+1","SashWhip","WindmillStrike+1","Establishment+1","FlurryOfBlows+1","Conclude+1","CrushJoints+1","Replay:Sssssssssshield+1","TalkToTheHand+1","EmptyBody+1","EmptyFist","SashWhip+1"],"relics":["PureWater","Darkstone Periapt","Dream Catcher","Omamori","Honey Jar","MealTicket","Eternal Feather","Letter Opener","WingedGreaves","Replay:Bandana","Orichalcum","Empty Cage","Toxic Egg 2","Unceasing Top","Damaru","CloakClasp","Vajra","Mercury Hourglass"],"acts_visited":["Exordium","TheCity","TheBeyond"],"potions_floor_usage":[8,18,22,22,23,27,42,42,52,52,52],"damage_taken":[{"damage":0,"enemies":"2 Louse","floor":1,"turns":4},{"damage":6,"enemies":"Jaw Worm","floor":2,"turns":5},{"damage":0,"enemies":"Cultist","floor":5,"turns":3},{"damage":2,"enemies":"3 Sentries","floor":8,"turns":6},{"damage":14,"enemies":"Exordium Thugs","floor":10,"turns":4},{"damage":1,"enemies":"2 Fungi Beasts","floor":12,"turns":3},{"damage":13,"enemies":"Lagavulin","floor":14,"turns":5},{"damage":42,"enemies":"Hexaghost","floor":16,"turns":7},{"damage":14,"enemies":"3 Byrds","floor":18,"turns":3},{"damage":0,"enemies":"Shell Parasite","floor":19,"turns":6},{"damage":17,"enemies":"Snake Plant","floor":22,"turns":3},{"damage":22,"enemies":"Book of Stabbing","floor":23,"turns":5},{"damage":1,"enemies":"Sentry and Sphere","floor":25,"turns":3},{"damage":12,"enemies":"Slavers","floor":27,"turns":3},{"damage":3,"enemies":"Replay:Snechameleon","floor":33,"turns":5},{"damage":49,"enemies":"Pondfish","floor":35,"turns":9},{"damage":21,"enemies":"3 Darklings","floor":37,"turns":5},{"damage":2,"enemies":"Orb Walker","floor":38,"turns":3},{"damage":0,"enemies":"Transient","floor":41,"turns":5},{"damage":0,"enemies":"Giant Head","floor":42,"turns":5},{"damage":5,"enemies":"R_Hoarder","floor":47,"turns":7},{"damage":4,"enemies":"3 Darklings","floor":50,"turns":3},{"damage":22,"enemies":"Awakened One","floor":52,"turns":10}],"seed_played":"-7217851098369799581","potions_obtained":[{"floor":2,"key":"Explosive Potion"},{"floor":10,"key":"Fire Potion"},{"floor":16,"key":"ColorlessPotion"},{"floor":18,"key":"Block Potion"},{"floor":22,"key":"Reflective Coating"},{"floor":25,"key":"Death Potion"},{"floor":35,"key":"Strength Potion"},{"floor":37,"key":"Weak Potion"},{"floor":38,"key":"BlessingOfTheForge"},{"floor":39,"key":"Ambrosia"},{"floor":39,"key":"Ancient Potion"},{"floor":47,"key":"Strength Potion"}],"is_trial":false,"path_per_floor":["M","M","?","?","M","R","?","E","T","M","$","M","R","E","R_BF","B",null,"M","M","?","?","M","E","R","M","T","E","T","PTL","PTL","R","R","E","R_BF","B",null,"M","M","?","$","M","E","R","R","T","?","E","$","R","M","R","B",null],"character_chosen":"WATCHER","items_purchased":["Toxic Egg 2","Replay:Sssssssssshield+1","Vajra","AttackPotion","Mercury Hourglass"],"campfire_rested":3,"item_purchase_floors":[40,40,48,48,48],"current_hp_per_floor":[72,66,66,71,71,71,71,69,69,55,55,54,79,66,66,24,69,55,55,55,49,32,10,35,34,34,22,22,22,22,62,77,74,84,35,72,51,49,49,64,64,64,82,84,84,84,79,84,84,80,84,62],"gold":85,"neow_bonus":"TEN_PERCENT_HP_BONUS","is_daily":false,"chose_seed":false,"campfire_upgraded":6,"win_rate":0.0,"timestamp":1612838053,"path_taken":["M","M","?","?","M","R","?","E","T","?","?","M","R","E","R_BF","BOSS","M","M","?","?","M","E","R","M","T","E","?","PTL","PTL","R","R","E","R_BF","BOSS","M","M","?","$","M","E","R","R","T","?","E","$","R","M","R","BOSS"],"items_purchased_type":["Relic","Card","Relic","Potion","Relic"],"build_version":"2020-12-22","purchased_purges":1,"victory":true,"max_hp_per_floor":[79,79,79,84,84,84,84,84,84,84,84,84,84,84,84,84,84,84,84,84,84,84,84,84,84,84,84,84,84,84,84,84,84,84,84,84,84,84,84,84,84,84,84,84,84,84,84,84,84,84,84,84],"card_choices":[{"not_picked":["EmptyBody","PathToVictory"],"picked":"Consecrate","floor":1},{"not_picked":["WindmillStrike","InnerPeace","JustLucky"],"picked":"SKIP","floor":2},{"not_picked":["WindmillStrike","InnerPeace","JustLucky"],"picked":"SKIP","floor":2},{"not_picked":["Replay:AtTheReady","Nirvana"],"picked":"Crescendo","floor":5},{"not_picked":["Replay:AtTheReady","ReachHeaven"],"picked":"ConjureBlade","floor":8},{"not_picked":["Replay:Vibes","WindmillStrike"],"picked":"BowlingBash","floor":10},{"not_picked":["Prostrate","ThirdEye","Perseverance"],"picked":"SKIP","floor":12},{"not_picked":["Prostrate","ThirdEye"],"picked":"Perseverance","floor":12},{"not_picked":["EmptyBody","TalkToTheHand"],"picked":"FollowUp","floor":13},{"not_picked":["Replay:ManipulateFuture","Vault","WreathOfFlame"],"picked":"SKIP","floor":14},{"not_picked":["Devotion","SpiritShield"],"picked":"Judgement","floor":16},{"not_picked":["PathToVictory","Weave","ClearTheMind"],"picked":"Sanctity+1","floor":18},{"not_picked":["PathToVictory+1","CutThroughFate","Perseverance"],"picked":"Meditate","floor":19},{"not_picked":["Crescendo","Replay:AtTheReady+1","BowlingBash"],"picked":"Vengeance","floor":22},{"not_picked":["EmptyBody","Swivel","FollowUp"],"picked":"ForeignInfluence+1","floor":23},{"not_picked":["Nirvana","JustLucky+1","Consecrate+1"],"picked":"EmptyBody+1","floor":24},{"not_picked":["InnerPeace","WreathOfFlame","FlyingSleeves+1"],"picked":"SashWhip","floor":25},{"not_picked":["ForeignInfluence","Tantrum","Replay:BluntJabs+1"],"picked":"WindmillStrike+1","floor":27},{"not_picked":["PathToVictory","FlurryOfBlows+1","Ragnarok"],"picked":"Establishment","floor":33},{"not_picked":["MasterReality","Judgement","Establishment"],"picked":"Scrawl","floor":35},{"not_picked":["Halt","LikeWater+1","FlyingSleeves"],"picked":"FlurryOfBlows+1","floor":37},{"not_picked":["Crescendo+1","CrushJoints","Fasting2+1"],"picked":"Conclude+1","floor":38},{"not_picked":["FollowUp","Indignation","Replay:AtTheReady+1"],"picked":"CrushJoints+1","floor":39},{"not_picked":["Evaluate+1","Crescendo+1","Replay:AtTheReady+1"],"picked":"TalkToTheHand+1","floor":41},{"not_picked":["Conclude","Replay:ManipulateFuture+1","FlurryOfBlows"],"picked":"EmptyBody+1","floor":42},{"not_picked":["SpiritShield+1","Replay:BluntJabs+1","Consecrate"],"picked":"EmptyFist","floor":47},{"not_picked":["Replay:BluntJabs+1","BowlingBash","Conclude"],"picked":"SashWhip+1","floor":50}],"player_experience":581795,"relics_obtained":[{"floor":8,"key":"Darkstone Periapt"},{"floor":9,"key":"Dream Catcher"},{"floor":14,"key":"Omamori"},{"floor":23,"key":"MealTicket"},{"floor":26,"key":"Eternal Feather"},{"floor":27,"key":"Letter Opener"},{"floor":28,"key":"WingedGreaves"},{"floor":33,"key":"Replay:Bandana"},{"floor":34,"key":"Orichalcum"},{"floor":42,"key":"Unceasing Top"},{"floor":45,"key":"Damaru"},{"floor":47,"key":"CloakClasp"}],"event_choices":[{"damage_healed":0,"gold_gain":0,"player_choice":"Ignored","damage_taken":0,"max_hp_gain":0,"max_hp_loss":0,"event_name":"Golden Wing","floor":3,"gold_loss":0},{"damage_healed":0,"gold_gain":0,"player_choice":"Donut","damage_taken":0,"max_hp_gain":5,"max_hp_loss":0,"event_name":"Big Fish","floor":4,"gold_loss":0},{"damage_healed":0,"gold_gain":0,"player_choice":"Forge","damage_taken":0,"max_hp_gain":0,"max_hp_loss":0,"event_name":"Accursed Blacksmith","floor":7,"gold_loss":0,"cards_upgraded":["Crescendo"]},{"damage_healed":0,"gold_gain":0,"player_choice":"Ignored","damage_taken":0,"max_hp_gain":0,"max_hp_loss":0,"event_name":"Ghosts","floor":20,"gold_loss":0},{"damage_healed":0,"gold_gain":0,"player_choice":"Joined the Cult","damage_taken":6,"max_hp_gain":0,"max_hp_loss":0,"event_name":"Nest","floor":21,"gold_loss":0,"cards_obtained":["RitualDagger"]},{"cards_removed":["Scrawl"],"damage_healed":0,"gold_gain":0,"player_choice":"Removed Skill","damage_taken":0,"max_hp_gain":0,"max_hp_loss":0,"event_name":"Falling","floor":46,"gold_loss":0}],"is_beta":false,"boss_relics":[{"not_picked":["Coffee Dripper","Kintsugi"],"picked":"Honey Jar"},{"not_picked":["Tiny House","Snecko Eye"],"picked":"Empty Cage"}],"items_purged_floors":[48],"is_endless":false,"potions_floor_spawned":[2,10,16,18,22,25,35,37,38,47,50],"ascension_level":8}}