{"host":"pe2q1tocp309rrg9","time":1612859646,"event":{"mods":["2.2 Compatiblity","BaseMod","BetterRewards","Downfall","Ekko","Gremlin Mod","Hermit","Jorbs\u0027s Wanderer Trilogy","Minty Spire (QoL Compilation)","Quick Restart","Rare Cards Sparkle","Replay The Spire","StSLib","The Blue Laboratory","The Construct","The Hierophant","Uncapped"],"gold_per_floor":[109,126,126,142,92,92,122,133,208,226,226,239,239,258,258,353,353,366,32,47,62,76,76,109,109,133,133,144,158,176,194,194,298,298,317,336,336,74,84,84,84],"floor_reached":40,"language":"ENG","playtime":1576,"items_purged":["Delirium"],"score":719,"play_id":"e2497710-c888-4979-a3d9-5b15f88cba17","local_time":"20210209023406","is_ascension_mode":true,"campfire_choices":[{"data":"Echo Form","floor":6.0,"key":"SMITH"},{"floor":15.0,"key":"REST"},{"floor":23,"key":"REST"},{"floor":27,"key":"REST"},{"floor":32,"key":"REST"}],"circlet_count":0,"master_deck":["Strike_B","Strike_B","Strike_B","Strike_B","Defend_B","Defend_B","Defend_B","Defend_B","Zap","Dualcast","Gash","Gash","Gash","Ball Lightning","Echo Form+1","White Noise","Turbo","Gash","Ball Lightning","Streamline","Streamline","ReplayTheSpireMod:Calculation Training","Time Bomb","Consume","Leap","ReplaySolidLightProjector","Buffer","Leap","Streamline","Echo Form","Stack+1","Gash+1","Redo+1","Streamline","Undo+1","Stack+1","Streamline","Turbo","Hello World","Leap","Streamline+1","Stack","Time Bomb+1","BasicCrystalCard","Leap+1","Redo+1","ReplayTheSpireMod:Omega Cannon","Gash","Panic Button+1","BasicCrystalCard+1","Melter+1","Bandage Up","ReplayGash+1","Ball Lightning"],"relics":["FrozenCore","Emotion Chip","ReplayTheSpireMod:CursedCoin","Prayer Wheel","Replay:Bottled Steam","Anchor","Tiny Chest","Calipers","Art of War","Black Star","Bottled Tornado"],"acts_visited":["TheCity","TheBeyond"],"potions_floor_usage":[24,24,28,33,40],"damage_taken":[{"damage":6.0,"enemies":"Cultist","floor":1.0,"turns":3.0},{"damage":5.0,"enemies":"Small Slimes","floor":2.0,"turns":2.0},{"damage":3.0,"enemies":"Jaw Worm","floor":4.0,"turns":3.0},{"damage":27.0,"enemies":"Gremlin Nob","floor":7.0,"turns":4.0},{"damage":16.0,"enemies":"Large Slime","floor":8.0,"turns":4.0},{"damage":8.0,"enemies":"Red Slaver","floor":10.0,"turns":2.0},{"damage":2.0,"enemies":"Blue Slaver","floor":12.0,"turns":3.0},{"damage":0.0,"enemies":"2 Fungi Beasts","floor":14.0,"turns":2.0},{"damage":19.0,"enemies":"The Guardian","floor":16.0,"turns":12.0},{"damage":14.0,"enemies":"2 Thieves","floor":18.0,"turns":5.0},{"damage":0.0,"enemies":"Shell Parasite","floor":20.0,"turns":7.0},{"damage":0.0,"enemies":"Snecko","floor":21.0,"turns":6.0},{"damage":7,"enemies":"Sentry and Sphere","floor":22,"turns":6},{"damage":17,"enemies":"Slavers","floor":24,"turns":9},{"damage":25,"enemies":"3 Cultists","floor":28,"turns":7},{"damage":0,"enemies":"Chosen and Byrds","floor":29,"turns":8},{"damage":0,"enemies":"Sentry and Sphere","floor":30,"turns":8},{"damage":0,"enemies":"Snecko","floor":31,"turns":5},{"damage":19,"enemies":"Champ","floor":33,"turns":10},{"damage":4,"enemies":"Orb Walker","floor":35,"turns":6},{"damage":7,"enemies":"3 Shapes","floor":36,"turns":6},{"damage":55,"enemies":"Jaw Worm Horde","floor":39,"turns":7},{"damage":35,"enemies":"Giant Head","floor":40,"turns":5}],"seed_played":"6104077320341488416","potions_obtained":[{"floor":10.0,"key":"blueLaboratory:PolymorphPotion"},{"floor":12.0,"key":"PowerPotion"},{"floor":13.0,"key":"LifebloodPotion"},{"floor":13.0,"key":"blueLaboratory:ImpenetrablePotion"},{"floor":13.0,"key":"Explosive Potion"},{"floor":18.0,"key":"blueLaboratory:BottleOfRum"},{"floor":20.0,"key":"blueLaboratory:BiasPotion"},{"floor":28,"key":"Fruit Juice"},{"floor":31,"key":"blueLaboratory:FruitPunch"},{"floor":35,"key":"blueLaboratory:NullPotion"},{"floor":39,"key":"PowerPotion"}],"is_trial":false,"path_per_floor":["M","M","?","M","$","R","E","M","T","M","?","M","?","M","R","B",null,"M","$","M","M","M","R","E","$","T","R","M","M","M","M","R","B",null,"M","M","?","$","M","E"],"character_chosen":"DEFECT","items_purchased":["Gash","Emotion Chip","FIFO Queue","ReplayTheSpireMod:CursedCoin","White Noise","Turbo","Echo Form","Stack+1","Tiny Chest","Bottled Tornado"],"campfire_rested":4,"item_purchase_floors":[0,0,0,5,5,5,19,19,19,38],"current_hp_per_floor":[69,64,75,72,72,72,45,29,29,21,21,19,19,19,41,22,75,61,61,61,61,54,75,58,58,58,75,55,55,55,55,79,62,82,78,71,71,71,16,0,0],"gold":84,"neow_bonus":"","is_daily":false,"chose_seed":false,"campfire_upgraded":1,"win_rate":0.0,"timestamp":1612859646,"path_taken":["M","?","?","M","?","R","E","M","T","?","?","M","?","M","R","BOSS","M","$","M","M","M","R","E","?","T","R","M","M","M","M","R","BOSS","M","M","?","$","M","E"],"items_purchased_type":["Card","Relic","Card","Relic","Card","Card","Card","Card","Relic","Relic"],"build_version":"2020-12-22","purchased_purges":1,"victory":false,"max_hp_per_floor":[75,75,75,75,75,75,75,75,75,75,75,75,75,75,75,75,75,75,75,75,75,75,75,75,75,75,75,80,80,80,80,80,82,82,82,82,82,82,82,82,82],"card_choices":[{"not_picked":["Compile Driver","FTL"],"picked":"Gash","floor":1.0},{"not_picked":["Conserve Battery","BasicCrystalCard"],"picked":"Ball Lightning","floor":2.0},{"not_picked":["BasicCrystalCard","ReplaySort"],"picked":"Echo Form","floor":4.0},{"not_picked":["Conserve Battery","ReplaySolidLightProjector"],"picked":"Gash","floor":7.0},{"not_picked":["Panic Button","Beam Cell"],"picked":"Ball Lightning","floor":8.0},{"not_picked":["ReplayTheSpireMod:Fabricate Wheel","Time Bomb"],"picked":"Streamline","floor":8.0},{"not_picked":["Conserve Battery","Cold Snap"],"picked":"Streamline","floor":10.0},{"not_picked":["Cold Snap","Doom and Gloom"],"picked":"ReplayTheSpireMod:Calculation Training","floor":10.0},{"not_picked":["Sweeping Beam","Barrage"],"picked":"Time Bomb","floor":12.0},{"not_picked":["Tempest","Conserve Battery"],"picked":"Consume","floor":12.0},{"not_picked":["Compile Driver","Chill"],"picked":"Leap","floor":14.0},{"not_picked":["Crystallizer","Steam Power"],"picked":"ReplaySolidLightProjector","floor":14.0},{"not_picked":["Core Surge","ReplayRNGCard"],"picked":"Buffer","floor":16.0},{"not_picked":["Steam","Blizzard"],"picked":"Leap","floor":18.0},{"not_picked":["Darkness","Beam Cell"],"picked":"Streamline","floor":18.0},{"not_picked":["Aggregate+1","Cold Snap"],"picked":"Gash+1","floor":20.0},{"not_picked":["Barrage","Go for the Eyes"],"picked":"Redo+1","floor":20.0},{"not_picked":["Conserve Battery","Stack"],"picked":"Streamline","floor":21.0},{"not_picked":["Doom and Gloom+1","Compile Driver+1"],"picked":"Undo+1","floor":21.0},{"not_picked":["FIFO Queue","Storm"],"picked":"Stack+1","floor":22},{"not_picked":["Steam Power","Reinforced Body+1"],"picked":"Streamline","floor":22},{"not_picked":["Fusion","Leap+1"],"picked":"Turbo","floor":24},{"not_picked":["Hologram","Tempest"],"picked":"Hello World","floor":28},{"not_picked":["ReplayTheSpireMod:System Scan+1","Recycle"],"picked":"Leap","floor":28},{"not_picked":["Static Discharge","Capacitor"],"picked":"Streamline+1","floor":29},{"not_picked":["Mirror Shield","Redo+1"],"picked":"Stack","floor":29},{"not_picked":["Rebound+1","Stack"],"picked":"Time Bomb+1","floor":30},{"not_picked":["Melter","Sweeping Beam"],"picked":"BasicCrystalCard","floor":30},{"not_picked":["Stack","Crystallizer"],"picked":"Leap+1","floor":31},{"not_picked":["Beam Cell","Go for the Eyes"],"picked":"Redo+1","floor":31},{"not_picked":["Fission","Seek"],"picked":"ReplayTheSpireMod:Omega Cannon","floor":33},{"not_picked":["Reprogram+1","Capacitor"],"picked":"Gash","floor":35},{"not_picked":["Ball Lightning","Force Field"],"picked":"Panic Button+1","floor":35},{"not_picked":["Streamline","Hologram"],"picked":"BasicCrystalCard+1","floor":36},{"not_picked":["Panic Button","Redo+1"],"picked":"Melter+1","floor":36},{"not_picked":["Finesse","Forethought"],"picked":"Bandage Up","floor":37},{"not_picked":["Reinforced Body+1","Consume+1"],"picked":"ReplayGash+1","floor":39},{"not_picked":["FIFO Queue","Tempest"],"picked":"Ball Lightning","floor":39}],"player_experience":705422,"relics_obtained":[{"floor":7.0,"key":"Prayer Wheel"},{"floor":9.0,"key":"Replay:Bottled Steam"},{"floor":24,"key":"Calipers"},{"floor":26,"key":"Art of War"}],"event_choices":[{"cards_removed":["FIFO Queue"],"damage_healed":11.0,"max_hp_gain":0.0,"max_hp_loss":0.0,"gold_gain":0.0,"event_name":"Bonfire Elementals","player_choice":"Offered Uncommon","floor":3.0,"gold_loss":0.0,"damage_taken":0.0},{"damage_healed":0.0,"max_hp_gain":0.0,"max_hp_loss":0.0,"gold_gain":0.0,"event_name":"Dead Adventurer","player_choice":"Searched \u00271\u0027 times","floor":11.0,"gold_loss":0.0,"damage_taken":0.0,"relics_obtained":["Anchor"]},{"damage_healed":0.0,"max_hp_gain":0.0,"max_hp_loss":0.0,"gold_gain":0.0,"event_name":"Lab","player_choice":"Got Potions","floor":13.0,"gold_loss":0.0,"damage_taken":0.0},{"damage_healed":0,"gold_gain":0,"player_choice":"Memory 1","damage_taken":0,"max_hp_gain":0,"max_hp_loss":0,"event_name":"SensoryStone","floor":37,"gold_loss":0}],"is_beta":false,"boss_relics":[{"not_picked":["ReplayTheSpireMod:DimensionalGlitch","Empty Cage"],"picked":"FrozenCore"},{"not_picked":["Astrolabe","Painkiller Herb"],"picked":"Black Star"}],"items_purged_floors":[5],"is_endless":false,"potions_floor_spawned":[10,12,14,18,20,28,31,35,39],"killed_by":"Giant Head","ascension_level":1}}