{"host":"pc7bizyp7423q6r6","time":1612907574,"event":{"mods":["AchievementEnabler","Act Like it!","Aspiration","BaseMod","Better Match","Better Note","Better Third Choice","BetterRewards","Block Reminder","Conspire","Disable Question Mark Monsters","Emptier Cage","GifTheSpireLib","Hubris","Infinite Spire","Minty Spire (QoL Compilation)","Rare Cards Sparkle","Relic Stats","Replay The Spire","Robot Space Explorer","Spicy Shops","StSLib","Stuff the Spire","The Blue Laboratory","The Cursed","Wandering Minibosses","everything is the same but u backflip on backflip"],"gold_per_floor":[114,114,127,177,177,177,23,64,64,64,64,76,75,101,101,101,167,167,162,162],"floor_reached":19,"language":"ENG","playtime":601,"items_purged":["StuffTheSpire:CuriosityCurse"],"score":376,"play_id":"4c444bb8-c6a8-49b7-bd0a-85a837e57514","local_time":"20210209155254","is_ascension_mode":true,"campfire_choices":[{"data":"Spot Weakness","floor":6,"key":"SMITH"},{"data":"Heavy Blade","floor":11,"key":"SMITH"},{"data":"Inflame","floor":16,"key":"SMITH"},{"floor":18,"key":"REST"}],"circlet_count":0,"master_deck":["AscendersBane","Strike_R","Strike_R","Strike_R","Defend_R","Defend_R","Defend_R","Defend_R","Bash","Flame Barrier","Spot Weakness+1","Heavy Blade+1","Inflame+1","Seeing Red","Twin Strike","Power Through","Carnage","Hemogenesis"],"relics":["Burning Blood","NeowsBlessing","conspire:TopHat","infinitespire:Satchel","Replay:Towering Pillar of Hats","Onion Ring","Bottled Flame"],"acts_visited":["Exordium"],"potions_floor_usage":[19],"damage_taken":[{"damage":0.0,"enemies":"Small Slimes","floor":1.0,"turns":1.0},{"damage":0.0,"enemies":"Cultist","floor":3.0,"turns":1.0},{"damage":4,"enemies":"2 Louse","floor":12,"turns":1},{"damage":6,"enemies":"Exordium Thugs","floor":13,"turns":6},{"damage":11,"enemies":"Gremlin Nob","floor":14,"turns":3},{"damage":38,"enemies":"Fading Forest","floor":17,"turns":13},{"damage":54,"enemies":"Fading Forest","floor":19,"turns":9}],"seed_played":"3535504014619981341","potions_obtained":[{"floor":1.0,"key":"blueLaboratory:FrostheartPotion"},{"floor":8,"key":"Languid Potion"},{"floor":13,"key":"blueLaboratory:ConflagurationPotion"},{"floor":14,"key":"SteroidPotion"}],"is_trial":false,"path_per_floor":["M","?","M","?","?","R","$","?","T","T","R","M","M","E","?","R","B","R","B"],"character_chosen":"IRONCLAD","items_purchased":["Heavy Blade"],"campfire_rested":1,"item_purchase_floors":[7],"current_hp_per_floor":[74,67,73,66,66,66,66,42,42,42,42,44,44,39,39,39,15,37,0,0],"gold":162,"neow_bonus":"THREE_ENEMY_KILL","is_daily":false,"chose_seed":false,"campfire_upgraded":3,"win_rate":0.0,"timestamp":1612907574,"path_taken":["M","?","M","?","?","R","$","?","T","T","R","M","M","E","?","R","BOSS","R","BOSS"],"items_purchased_type":["Card"],"build_version":"2020-12-22","purchased_purges":1,"victory":false,"max_hp_per_floor":[75,75,75,75,75,75,75,75,75,75,75,75,75,75,75,75,75,75,75,75],"relic_stats":{"counters":[7,34],"obtain_stats":[{"Bottled Flame":14,"NeowsBlessing":0,"Replay:Towering Pillar of Hats":9,"infinitespire:Satchel":8,"Onion Ring":10,"Burning Blood":0,"conspire:TopHat":5},{"Bottled Flame":5,"NeowsBlessing":0,"Replay:Towering Pillar of Hats":2,"infinitespire:Satchel":2,"Onion Ring":2,"Burning Blood":0,"conspire:TopHat":2},{"Bottled Flame":12,"NeowsBlessing":0,"Replay:Towering Pillar of Hats":2,"infinitespire:Satchel":2,"Onion Ring":2,"Burning Blood":0,"conspire:TopHat":2}],"Burning Blood":36},"card_choices":[{"not_picked":["Armaments","Sever Soul"],"picked":"Flame Barrier","floor":1.0},{"not_picked":["Iron Wave","Flex"],"picked":"Spot Weakness","floor":3.0},{"not_picked":["ReplayReversal","Shrug It Off"],"picked":"Inflame","floor":8},{"not_picked":["Blood for Blood","Carnage"],"picked":"Seeing Red","floor":8},{"not_picked":["Thunderclap","StuffTheSpire:Slingshot"],"picked":"Twin Strike","floor":12},{"not_picked":["Iron Wave","Rupture","Clash"],"picked":"SKIP","floor":13},{"not_picked":["Entrench","hubris:ReadiedAction"],"picked":"Power Through","floor":14},{"not_picked":["Feed","Corruption"],"picked":"Hemogenesis","floor":17}],"player_experience":1731340,"relics_obtained":[{"floor":8,"key":"infinitespire:Satchel"},{"floor":9,"key":"Replay:Towering Pillar of Hats"},{"floor":10,"key":"Onion Ring"},{"floor":14,"key":"Bottled Flame"}],"event_choices":[{"cards_removed":["Strike_R"],"damage_healed":0.0,"max_hp_gain":0.0,"max_hp_loss":0.0,"gold_gain":0.0,"event_name":"Golden Wing","player_choice":"Card Removal","floor":2.0,"gold_loss":0.0,"damage_taken":7.0},{"damage_healed":0,"gold_gain":50,"player_choice":"Touch","damage_taken":7,"max_hp_gain":0,"max_hp_loss":0,"event_name":"FaceTrader","floor":4,"gold_loss":0},{"damage_healed":0,"gold_gain":0,"cards_transformed":["Strike_R"],"player_choice":"Transformed","damage_taken":0,"max_hp_gain":0,"max_hp_loss":0,"event_name":"Transmorgrifier","floor":15,"gold_loss":0,"cards_obtained":["Carnage"]}],"is_beta":false,"boss_relics":[],"items_purged_floors":[7],"is_endless":false,"potions_floor_spawned":[1,13,14],"killed_by":"Fading Forest","ascension_level":20}}