{"host":"gfruu7rghep1f5jz","time":1612861055,"event":{"mods":["BaseMod","Downfall","Googly Eyes","Hermit","Marisa????????","Minty Spire (QoL Compilation)","Replay The Spire","StSLib","The Animator","The Cursed"],"gold_per_floor":[199,212,231,231,23,23,50,65,65,5,5,35,35,48,59,164,164,64,81,81,181,10,24,24,52,71,71,84,84,114,130,144,241,241,141,158,203,221,232,257,257,257,269,294,108,108,211,261,293,299],"floor_reached":51,"language":"ENG","playtime":4624,"items_purged":["Slimebound:RollThrough"],"score":993,"play_id":"1e9753bb-1edc-4587-8cee-ee219a6d770b","local_time":"20210209005735","is_ascension_mode":true,"campfire_choices":[{"floor":13.0,"key":"RECALL"},{"data":"Slimebound:Split","floor":18,"key":"SMITH"},{"floor":27,"key":"REST"},{"data":"Slimebound:OneTwoCombo","floor":35,"key":"SMITH"},{"floor":42,"key":"REST"},{"data":"Slimebound:LeadByExample","floor":46,"key":"SMITH"}],"circlet_count":0,"master_deck":["Slimebound:Strike_Slimebound","Slimebound:Strike_Slimebound","Slimebound:Tackle","Slimebound:Defend_Slimebound","Slimebound:Defend_Slimebound","Slimebound:Defend_Slimebound","Slimebound:Split+1","Slimebound:CorrosiveSpit","Slimebound:ServeAndProtect","Slimebound:Prepare","Slimebound:SlimeSpikes","Slimebound:PressTheAttack","expansioncontent:DashGenerateEvil+1","Slimebound:PressTheAttack","Slimebound:SlimeSpikes","Slimebound:SplitLeeching","Slimebound:SlimeSpikes","Slimebound:SplitMire","Slimebound:GoopSpray","Slimebound:ForwardTackle","Slimebound:SplitLeeching","Slimebound:OneTwoCombo+1","Slimebound:GoopSpray+1","Slimebound:SplitAcid","J.A.X.","Slimebound:TongueLash","Slimebound:SlimeBarrage","Slimebound:Dissolve+1","Slimebound:SelfFormingGoo","Slimebound:HauntingLick+1","Slimebound:HauntingLick+1","Slimebound:ProtectTheBoss","Slimebound:Teamwork","Slimebound:MinionMaster","Slimebound:SlimeBarrage+1","Slimebound:SlimeSpikes","Slimebound:SplitBruiser+1","Slimebound:Repurpose","Slimebound:SplitMire+1","Slimebound:LevelUp+1","Slimebound:SlimeBarrage+1","Slimebound:LeadByExample+1","Slimebound:SlimeTap+1","Slimebound:Nibble+1","Pot Of Greed","Pot Of Greed","Pot Of Greed","Pot Of Greed"],"relics":["Slimebound:AbsorbEndCombat","Boot","Prayer Wheel","Black Star","downfall:HeartBlessingRed","MutagenicStrength","Lizard Tail","Divine Protection","Slimebound:AggressiveSlimeRelic","TungstenRod","Pet Ghost","Sozu","downfall:HeartBlessingGreen","Replay:Towering Pillar of Hats","Happy Flower","Gremlin Horn","Replay:Ringing Soul","StoneCalendar","Replay:Bandana","Lantern","Grinning Jar","Bag of Marbles"],"acts_visited":["Exordium","TheCity","TheBeyond"],"potions_floor_usage":[30,37,37,48],"damage_taken":[{"damage":5.0,"enemies":"Small Slimes","floor":2.0,"turns":4.0},{"damage":0.0,"enemies":"Cultist","floor":3.0,"turns":4.0},{"damage":3.0,"enemies":"downfall:FleeingMerchant","floor":5.0,"turns":4.0},{"damage":9.0,"enemies":"2 Louse","floor":8.0,"turns":4.0},{"damage":0.0,"enemies":"downfall:FleeingMerchant","floor":10.0,"turns":4.0},{"damage":3.0,"enemies":"Replay:BlueRogue","floor":12.0,"turns":7.0},{"damage":0.0,"enemies":"2 Fungi Beasts","floor":14.0,"turns":4.0},{"damage":0.0,"enemies":"Lots of Slimes","floor":15.0,"turns":5.0},{"damage":17.0,"enemies":"WA_ARCHETYPE_RETAIN","floor":16.0,"turns":14.0},{"damage":8,"enemies":"3 Byrds","floor":19,"turns":4},{"damage":13,"enemies":"downfall:Augmenter","floor":21,"turns":10},{"damage":3,"enemies":"downfall:FleeingMerchant","floor":22,"turns":4},{"damage":4,"enemies":"Snake Plant","floor":23,"turns":5},{"damage":20,"enemies":"Slavers","floor":25,"turns":4},{"damage":0,"enemies":"Snecko","floor":26,"turns":4},{"damage":0,"enemies":"3 Cultists","floor":28,"turns":5},{"damage":14,"enemies":"Book of Stabbing","floor":30,"turns":4},{"damage":6,"enemies":"Chosen and Byrds","floor":31,"turns":6},{"damage":0,"enemies":"Snecko","floor":32,"turns":4},{"damage":51,"enemies":"SI_MIRROR_ARCHETYPE","floor":33,"turns":13},{"damage":0,"enemies":"Orb Walker","floor":36,"turns":3},{"damage":26,"enemies":"2 Orb Walkers","floor":37,"turns":4},{"damage":0,"enemies":"3 Darklings","floor":38,"turns":5},{"damage":17,"enemies":"4 Shapes","floor":39,"turns":4},{"damage":31,"enemies":"Reptomancer","floor":40,"turns":6},{"damage":0,"enemies":"Jaw Worm Horde","floor":43,"turns":4},{"damage":0,"enemies":"Giant Head","floor":44,"turns":7},{"damage":0,"enemies":"downfall:FleeingMerchant","floor":45,"turns":4},{"damage":0,"enemies":"Reptomancer","floor":48,"turns":3},{"damage":0,"enemies":"Sphere and 2 Shapes","floor":49,"turns":3},{"damage":0,"enemies":"IC_BLOCK_ARCHETYPE","floor":50,"turns":9}],"seed_played":"2575882114511554013","potions_obtained":[{"floor":8.0,"key":"Doom Potion"},{"floor":12.0,"key":"PowerPotion"},{"floor":14.0,"key":"Slimebound:SpawnSlimePotion"},{"floor":28,"key":"Energy Potion"},{"floor":30,"key":"ColorlessPotion"}],"is_trial":false,"path_per_floor":["R","M","M","?","$","?","T","M","?","$","?","E","R","M","M","B",null,"R","M","?","?","$","M","T","E","M","R","M","?","E","M","M","B",null,"R","M","?","M","M","E","T","R","M","E","$","R","?","E","M","B",null],"character_chosen":"SLIMEBOUND","items_purchased":["expansioncontent:DashGenerateEvil","Slimebound:PressTheAttack","Slimebound:SlimeSpikes","Slimebound:SlimeBarrage","Lantern","Slimebound:LeadByExample"],"campfire_rested":2,"item_purchase_floors":[5,5,10,22,45,45],"current_hp_per_floor":[65,62,65,65,64,64,64,57,62,64,64,63,63,63,69,59,70,70,62,62,55,56,54,54,40,46,67,70,57,47,45,49,6,75,75,75,49,57,46,23,23,45,50,61,68,68,51,58,64,72],"gold":299,"neow_bonus":"HUNDRED_GOLD","is_daily":false,"chose_seed":false,"campfire_upgraded":3,"win_rate":0.0,"timestamp":1612861055,"path_taken":["R","M","M","?","$","?","T","?","?","$","?","E","R","?","M","BOSS","R","M","?","?","?","M","T","E","M","R","M","?","E","?","M","BOSS","R","M","?","M","M","E","T","R","M","E","$","R","?","E","M","BOSS"],"items_purchased_type":["Card","Card","Card","Card","Relic","Card"],"build_version":"2020-12-22","purchased_purges":1,"victory":true,"max_hp_per_floor":[65,65,65,65,65,65,65,65,70,70,70,70,70,70,70,70,70,70,70,70,70,70,70,70,70,70,70,70,75,75,75,75,75,75,75,75,75,75,75,75,75,75,78,81,84,84,87,90,90,90],"card_choices":[{"not_picked":["Slimebound:Gluttony","Slimebound:ComboTackle"],"picked":"Slimebound:Prepare","floor":2.0},{"not_picked":["Slimebound:Grow","Slimebound:PressTheAttack"],"picked":"Slimebound:SlimeSpikes","floor":3.0},{"not_picked":["Slimebound:LeechingTouch","Slimebound:ComboTackle"],"picked":"Slimebound:PressTheAttack","floor":5.0},{"not_picked":["Slimebound:DuplicatedForm","Slimebound:ItLooksTasty"],"picked":"Slimebound:SlimeSpikes","floor":8.0},{"not_picked":["Slimebound:SplitMire","Slimebound:AcidTongue"],"picked":"Slimebound:SplitLeeching","floor":10.0},{"not_picked":["Slimebound:BestDefense","Slimebound:LeechEnergy"],"picked":"Slimebound:SpikyOuterGoop","floor":12.0},{"not_picked":["Slimebound:ServeAndProtect","Slimebound:OozeBath"],"picked":"Slimebound:SplitMire","floor":14.0},{"not_picked":["Slimebound:MegaLick","Slimebound:SlimeSpikes"],"picked":"Slimebound:GoopSpray","floor":14.0},{"not_picked":["Slimebound:ComboTackle","Slimebound:Prepare"],"picked":"Slimebound:ForwardTackle","floor":15.0},{"not_picked":["Slimebound:SplitBruiser","Slimebound:FinishingTackle"],"picked":"Slimebound:SplitLeeching","floor":15.0},{"not_picked":["Slimebound:DuplicatedForm","Slimebound:SelfFormingGoo"],"picked":"Slimebound:OneTwoCombo","floor":16.0},{"not_picked":["Slimebound:Grow","Slimebound:Gluttony"],"picked":"Slimebound:GoopSpray+1","floor":19},{"not_picked":["Slimebound:Schlurp","Slimebound:Dissolve"],"picked":"Slimebound:SplitAcid","floor":19},{"not_picked":[],"picked":"J.A.X.","floor":21},{"not_picked":["Slimebound:SplitAcid","Slimebound:Prepare+1"],"picked":"Slimebound:TongueLash","floor":21},{"not_picked":["Slimebound:FormOfPuddle","Slimebound:MassFeed","Slimebound:ItLooksTasty"],"picked":"SKIP","floor":22},{"not_picked":["Slimebound:LeechingTouch","Slimebound:SamplingLick"],"picked":"Slimebound:Dissolve+1","floor":23},{"not_picked":["Slimebound:GoopTackle","Slimebound:RejuvenatingLick","Slimebound:ViciousTackle"],"picked":"SKIP","floor":23},{"not_picked":["Slimebound:RainOfGoop+1","Slimebound:ViciousTackle","Slimebound:Prepare"],"picked":"SKIP","floor":25},{"not_picked":["Slimebound:RollThrough+1","Slimebound:Schlurp+1"],"picked":"Slimebound:SelfFormingGoo","floor":26},{"not_picked":["Slimebound:GoopSpray","Slimebound:SplitAcid","Slimebound:ComboTackle"],"picked":"SKIP","floor":26},{"not_picked":["Slimebound:SplitAcid","Slimebound:OozeBath","Slimebound:AcidTongue+1"],"picked":"SKIP","floor":28},{"not_picked":["Slimebound:Schlurp","Slimebound:FinishingTackle","Slimebound:PressTheAttack"],"picked":"SKIP","floor":28},{"not_picked":["Slimebound:SplitLeeching","Slimebound:FlameTackle+1","Slimebound:SplitMire"],"picked":"SKIP","floor":30},{"not_picked":["Slimebound:GoopTackle","Slimebound:Prepare"],"picked":"Slimebound:HauntingLick+1","floor":31},{"not_picked":["Slimebound:ComboTackle+1","Slimebound:RollThrough"],"picked":"Slimebound:HauntingLick+1","floor":31},{"not_picked":["Slimebound:Dissolve","Slimebound:RainOfGoop"],"picked":"Slimebound:ProtectTheBoss","floor":32},{"not_picked":["Slimebound:Nibble","Slimebound:ForwardTackle"],"picked":"Slimebound:Teamwork","floor":32},{"not_picked":["Slimebound:MassRepurpose","Slimebound:LeechLife"],"picked":"Slimebound:MinionMaster","floor":33},{"not_picked":["Slimebound:SpikyOuterGoop","Slimebound:Prepare"],"picked":"Slimebound:SlimeBarrage+1","floor":36},{"not_picked":["Slimebound:AcidTongue","Slimebound:SpikyOuterGoop","Slimebound:Replication"],"picked":"SKIP","floor":36},{"not_picked":["Slimebound:PressTheAttack","Slimebound:BestDefense+1"],"picked":"Slimebound:SlimeSpikes","floor":37},{"not_picked":["Slimebound:LivingWall","Slimebound:HauntingLick"],"picked":"Slimebound:SplitBruiser+1","floor":38},{"not_picked":["Slimebound:LeechingTouch+1","Slimebound:LivingWall+1","Slimebound:BestDefense+1"],"picked":"SKIP","floor":38},{"not_picked":["Slimebound:MegaLick","Slimebound:AcidTongue+1"],"picked":"Slimebound:Repurpose","floor":39},{"not_picked":["Slimebound:AcidTongue","Slimebound:LeechingTouch","Slimebound:DouseInSlime"],"picked":"SKIP","floor":39},{"not_picked":["Slimebound:ForwardTackle","Slimebound:PressTheAttack+1"],"picked":"Slimebound:SplitMire+1","floor":40},{"not_picked":["Slimebound:SplitBruiser","Slimebound:Nibble"],"picked":"Slimebound:LevelUp+1","floor":43},{"not_picked":["Slimebound:ServeAndProtect+1","Slimebound:SplitLeeching","Slimebound:Prepare"],"picked":"SKIP","floor":43},{"not_picked":["Slimebound:GoopSpray","Slimebound:SlimeBrawl"],"picked":"Slimebound:SlimeBarrage+1","floor":44},{"not_picked":["Slimebound:GoopTackle","Slimebound:PressTheAttack+1","Slimebound:Prepare+1"],"picked":"SKIP","floor":45},{"not_picked":["Slimebound:HauntingLick","Slimebound:Replication"],"picked":"Slimebound:SlimeTap+1","floor":47},{"not_picked":["Slimebound:Equalize+1","Slimebound:ServeAndProtect+1"],"picked":"Slimebound:Nibble+1","floor":47},{"not_picked":["Slimebound:Teamwork","Slimebound:Gluttony","Slimebound:FlameTackle"],"picked":"SKIP","floor":48},{"not_picked":["Slimebound:RollThrough","Slimebound:SplitBruiser","Slimebound:GrowthPunch"],"picked":"SKIP","floor":49},{"not_picked":["Slimebound:Repurpose","Slimebound:PressTheAttack","Slimebound:SplitLeeching+1"],"picked":"SKIP","floor":49}],"player_experience":204973,"relics_obtained":[{"floor":7.0,"key":"Boot"},{"floor":12.0,"key":"Prayer Wheel"},{"floor":21,"key":"MutagenicStrength"},{"floor":24,"key":"Lizard Tail"},{"floor":25,"key":"Divine Protection"},{"floor":25,"key":"Slimebound:AggressiveSlimeRelic"},{"floor":30,"key":"TungstenRod"},{"floor":30,"key":"Pet Ghost"},{"floor":37,"key":"Replay:Towering Pillar of Hats"},{"floor":40,"key":"Happy Flower"},{"floor":40,"key":"Gremlin Horn"},{"floor":41,"key":"Replay:Ringing Soul"},{"floor":44,"key":"StoneCalendar"},{"floor":44,"key":"Replay:Bandana"},{"floor":48,"key":"Grinning Jar"},{"floor":48,"key":"Bag of Marbles"}],"event_choices":[{"damage_healed":0.0,"max_hp_gain":5.0,"max_hp_loss":0.0,"gold_gain":0.0,"event_name":"Big Fish","player_choice":"Donut","floor":9.0,"gold_loss":0.0,"damage_taken":0.0},{"damage_healed":0.0,"max_hp_gain":0.0,"max_hp_loss":0.0,"gold_gain":0.0,"event_name":"Accursed Blacksmith","player_choice":"Forge","floor":11.0,"gold_loss":0.0,"damage_taken":0.0,"cards_upgraded":["expansioncontent:DashGenerateEvil"]},{"damage_healed":0,"gold_gain":0,"player_choice":"Fight","damage_taken":0,"max_hp_gain":0,"max_hp_loss":0,"event_name":"Mysterious Sphere","floor":37,"gold_loss":0}],"is_beta":false,"boss_relics":[{"not_picked":["Astrolabe","Philosopher\u0027s Stone"],"picked":"Black Star"},{"not_picked":["Snecko Eye","Slimebound:TarBlob"],"picked":"Sozu"}],"items_purged_floors":[22],"is_endless":false,"potions_floor_spawned":[8,12,14,15,16,21,25,28,30,32,33,37,40,43,48],"ascension_level":1}}