{"host":"Bilverbakes","time":1612844065,"event":{"mods":["2.2 Compatiblity","AchievementEnabler","BaseMod","Bestiary","Colored Map","Minty Spire (QoL Compilation)","Relic Stats","StSLib","ojb\u0027s Info Mod"],"gold_per_floor":[109,109,120,130,194,194,220,239,239,239,250,302,327,51,51,123,123,135,168,168,168,183,183,183,183,257,257,257,257],"floor_reached":28,"language":"ENG","playtime":854,"items_purged":[],"score":498,"play_id":"b4c3eac8-565a-4f77-b72e-474e9e9bb706","local_time":"20210208221425","is_ascension_mode":true,"campfire_choices":[{"data":"Skewer","floor":6.0,"key":"SMITH"},{"data":"Sucker Punch","floor":10.0,"key":"SMITH"},{"data":"Neutralize","floor":15.0,"key":"SMITH"},{"floor":23,"key":"REST"},{"data":"Cloak And Dagger","floor":25,"key":"SMITH"},{"data":"Unload","floor":27,"key":"SMITH"}],"circlet_count":0,"master_deck":["AscendersBane","Strike_G","Strike_G","Strike_G","Strike_G","Defend_G","Defend_G","Defend_G","Defend_G","Survivor","Neutralize+1","Backstab","Underhanded Strike","Skewer+1","Sucker Punch+1","Tactician","Unload+1","Calculated Gamble+1","Tactician","Cloak And Dagger+1"],"relics":["Ring of the Snake","Calipers","Anchor","Boot","Gremlin Horn","StrikeDummy","HoveringKite","Red Mask","White Beast Statue"],"acts_visited":["Exordium","TheCity"],"potions_floor_usage":[16,16],"damage_taken":[{"damage":1.0,"enemies":"Small Slimes","floor":1.0,"turns":4.0},{"damage":0.0,"enemies":"2 Louse","floor":3.0,"turns":4.0},{"damage":4.0,"enemies":"Jaw Worm","floor":4.0,"turns":4.0},{"damage":0.0,"enemies":"Gremlin Nob","floor":7.0,"turns":3.0},{"damage":0.0,"enemies":"3 Louse","floor":8.0,"turns":3.0},{"damage":0.0,"enemies":"Blue Slaver","floor":11.0,"turns":2.0},{"damage":2.0,"enemies":"3 Sentries","floor":13.0,"turns":8.0},{"damage":41,"enemies":"Slime Boss","floor":16,"turns":8},{"damage":18,"enemies":"Chosen","floor":18,"turns":4},{"damage":28,"enemies":"Masked Bandits","floor":19,"turns":4},{"damage":0,"enemies":"2 Thieves","floor":22,"turns":3},{"damage":43,"enemies":"Book of Stabbing","floor":28,"turns":4}],"seed_played":"8038819087578999758","potions_obtained":[{"floor":4.0,"key":"Fire Potion"},{"floor":11.0,"key":"Poison Potion"},{"floor":13.0,"key":"Regen Potion"},{"floor":22,"key":"Energy Potion"}],"is_trial":false,"path_per_floor":["M","?","M","M","?","R","E","M","T","R","M","T","E","$","R","B",null,"M","?","?","?","M","R","?","R","T","R","E"],"character_chosen":"THE_SILENT","items_purchased":["StrikeDummy"],"campfire_rested":1,"item_purchase_floors":[14],"current_hp_per_floor":[58,63,63,59,59,59,59,59,59,59,59,59,57,57,57,29,56,38,10,23,23,23,42,42,42,42,42,0,0],"gold":257,"neow_bonus":"ONE_RARE_RELIC","is_daily":false,"chose_seed":false,"campfire_upgraded":5,"win_rate":0.0,"timestamp":1612844065,"path_taken":["M","?","M","M","?","R","E","M","T","R","M","?","E","$","R","BOSS","M","?","?","?","M","R","?","R","T","R","E"],"items_purchased_type":["Relic"],"build_version":"2020-12-18","purchased_purges":0,"victory":false,"max_hp_per_floor":[60,65,65,65,65,65,65,65,65,65,65,65,65,65,65,65,65,65,65,65,65,65,65,65,65,65,65,65,65],"relic_stats":{"Gremlin Horn":[5,5],"counters":[12,51],"HoveringKite":[7],"Boot":[14],"obtain_stats":[{"Anchor":7,"Calipers":0,"Gremlin Horn":13,"HoveringKite":17,"Red Mask":19,"Boot":12,"StrikeDummy":14,"White Beast Statue":26,"Ring of the Snake":0},{"Anchor":4,"Calipers":0,"Gremlin Horn":7,"HoveringKite":8,"Red Mask":10,"Boot":6,"StrikeDummy":7,"White Beast Statue":11,"Ring of the Snake":0},{"Anchor":15,"Calipers":0,"Gremlin Horn":28,"HoveringKite":36,"Red Mask":44,"Boot":20,"StrikeDummy":28,"White Beast Statue":47,"Ring of the Snake":0}],"Ring of the Snake":[24]},"card_choices":[{"not_picked":["Outmaneuver","Blur"],"picked":"Backstab","floor":1.0},{"not_picked":["Reflex","Outmaneuver"],"picked":"Underhanded Strike","floor":3.0},{"not_picked":["Dagger Throw","Deadly Poison"],"picked":"Skewer","floor":4.0},{"not_picked":["Deflect","PiercingWail"],"picked":"Sucker Punch","floor":7.0},{"not_picked":["Outmaneuver","Infinite Blades","Prepared"],"picked":"SKIP","floor":8.0},{"not_picked":["Skewer","Sucker Punch","Quick Slash"],"picked":"SKIP","floor":11.0},{"not_picked":["Sucker Punch","Acrobatics"],"picked":"Tactician","floor":13.0},{"not_picked":["Wraith Form v2","Venomology"],"picked":"Unload","floor":16},{"not_picked":["Outmaneuver","Slice"],"picked":"Calculated Gamble+1","floor":18},{"not_picked":["Quick Slash","Poisoned Stab","Acrobatics"],"picked":"SKIP","floor":22}],"player_experience":921414,"relics_obtained":[{"floor":7.0,"key":"Anchor"},{"floor":12.0,"key":"Boot"},{"floor":13.0,"key":"Gremlin Horn"},{"floor":19,"key":"Red Mask"},{"floor":26,"key":"White Beast Statue"}],"event_choices":[{"damage_healed":0.0,"max_hp_gain":5.0,"max_hp_loss":0.0,"gold_gain":0.0,"event_name":"Big Fish","player_choice":"Donut","floor":2.0,"gold_loss":0.0,"damage_taken":0.0},{"damage_healed":0.0,"max_hp_gain":0.0,"max_hp_loss":0.0,"gold_gain":64.0,"event_name":"Golden Wing","player_choice":"Gained Gold","floor":5.0,"gold_loss":0.0,"damage_taken":0.0},{"damage_healed":0,"gold_gain":0,"player_choice":"Fought Bandits","damage_taken":0,"max_hp_gain":0,"max_hp_loss":0,"event_name":"Masked Bandits","floor":19,"gold_loss":0},{"damage_healed":13,"gold_gain":0,"player_choice":"Heal","damage_taken":0,"max_hp_gain":0,"max_hp_loss":0,"event_name":"The Library","floor":20,"gold_loss":0},{"damage_healed":0,"gold_gain":0,"player_choice":"Ignored","damage_taken":0,"max_hp_gain":0,"max_hp_loss":0,"event_name":"Vampires","floor":21,"gold_loss":0},{"damage_healed":0,"gold_gain":0,"cards_transformed":["Strike_G","Defend_G"],"player_choice":"Became Test Subject","damage_taken":0,"max_hp_gain":0,"max_hp_loss":0,"event_name":"Drug Dealer","floor":24,"gold_loss":0,"cards_obtained":["Tactician","Cloak And Dagger"]}],"is_beta":true,"boss_relics":[{"not_picked":["Black Star","WristBlade"],"picked":"HoveringKite"}],"items_purged_floors":[],"is_endless":false,"potions_floor_spawned":[4,11,13,22],"killed_by":"Book of Stabbing","ascension_level":20}}