{"host":"zxo0hh95ci93qotr","time":1612857330,"event":{"mods":["AchievementEnabler","BaseMod","Googly Eyes","Minty Spire (QoL Compilation)","StSLib"],"gold_per_floor":[111,121,135,155,167,200,200,200,200],"floor_reached":8,"language":"ENG","playtime":293,"items_purged":[],"score":63,"play_id":"dad1ecdd-731b-4b81-b589-b3ef55cfd6ce","local_time":"20210209015530","is_ascension_mode":true,"campfire_choices":[{"data":"Armaments","floor":7,"key":"SMITH"}],"circlet_count":0,"master_deck":["Strike_R","Strike_R","Strike_R","Strike_R","Strike_R","Defend_R","Defend_R","Defend_R","Defend_R","Bash","Hemokinesis","Clothesline","Sword Boomerang","Feed","Armaments+1"],"relics":["Burning Blood","NeowsBlessing","Meat on the Bone"],"acts_visited":["Exordium"],"potions_floor_usage":[6],"damage_taken":[{"damage":0,"enemies":"Small Slimes","floor":1,"turns":1},{"damage":0,"enemies":"Cultist","floor":2,"turns":1},{"damage":0,"enemies":"2 Louse","floor":3,"turns":1},{"damage":4,"enemies":"Looter","floor":4,"turns":3},{"damage":11,"enemies":"3 Louse","floor":5,"turns":3},{"damage":50,"enemies":"3 Sentries","floor":6,"turns":10},{"damage":35,"enemies":"Lagavulin","floor":8,"turns":6}],"seed_played":"1492135811953250162","potions_obtained":[{"floor":4,"key":"SpeedPotion"},{"floor":6,"key":"Strength Potion"}],"is_trial":false,"path_per_floor":["M","M","M","M","M","E","R","E"],"character_chosen":"IRONCLAD","items_purchased":[],"campfire_rested":0,"item_purchase_floors":[],"current_hp_per_floor":[80,80,80,80,75,34,34,0,0],"gold":200,"neow_bonus":"THREE_ENEMY_KILL","is_daily":false,"chose_seed":false,"campfire_upgraded":1,"win_rate":0.0,"timestamp":1612857330,"path_taken":["M","M","M","M","M","E","R","E"],"items_purchased_type":[],"build_version":"2020-12-22","purchased_purges":0,"victory":false,"max_hp_per_floor":[80,80,80,80,80,83,83,83,83],"card_choices":[{"not_picked":["Havoc","Warcry"],"picked":"Hemokinesis","floor":1},{"not_picked":["Uppercut","Havoc"],"picked":"Clothesline","floor":2},{"not_picked":["Heavy Blade","Wild Strike"],"picked":"Sword Boomerang","floor":3},{"not_picked":["Thunderclap","Warcry"],"picked":"Feed","floor":4},{"not_picked":["Clothesline","Headbutt","Wild Strike"],"picked":"SKIP","floor":5},{"not_picked":["Exhume","Blood for Blood"],"picked":"Armaments","floor":6}],"player_experience":211366,"relics_obtained":[{"floor":6,"key":"Meat on the Bone"}],"event_choices":[],"is_beta":false,"boss_relics":[],"items_purged_floors":[],"is_endless":false,"potions_floor_spawned":[4,6],"killed_by":"Lagavulin","ascension_level":1}}