{"host":"guk5h31bsklpp7e4","time":1612899844,"event":{"mods":["AchievementEnabler","BaseMod","Colored Map","Colored Powertips","Highlight Path","Minty Spire (QoL Compilation)","Quick Restart"],"gold_per_floor":[14,14,14,14,29,29,45,45,45,62,62,75,109,121,121,223,223,211,136,61,61,81,109,161,161,161,186,186,214,214,237,246,246,246],"floor_reached":33,"language":"ENG","playtime":2060,"items_purged":["Defend_P"],"score":307,"play_id":"d80449c1-c816-48df-902e-a1afd79884d9","local_time":"20210209144404","is_ascension_mode":true,"campfire_choices":[{"data":"EmptyBody","floor":6,"key":"SMITH"},{"data":"FollowUp","floor":8,"key":"SMITH"},{"data":"Devotion","floor":11,"key":"SMITH"},{"data":"CrushJoints","floor":15,"key":"SMITH"},{"floor":25,"key":"REST"},{"floor":28,"key":"REST"},{"floor":32,"key":"REST"}],"circlet_count":0,"master_deck":["Strike_P","Strike_P","Strike_P","Strike_P","Defend_P","Defend_P","Eruption+1","Vigilance","Devotion+1","EmptyBody+1","Prostrate","FollowUp+1","ClearTheMind","Protect","CrushJoints+1","Perseverance","Brilliance","Swivel","RitualDagger","FollowUp+1","Prostrate","CutThroughFate","FlyingSleeves","Prostrate","ClearTheMind+1","Pray"],"relics":["HolyWater","Dream Catcher","Bottled Flame","CaptainsWheel","Boot","CeramicFish"],"acts_visited":["Exordium","TheCity"],"potions_floor_usage":[14,14,18,23,23,23,23,23,27],"damage_taken":[{"damage":0,"enemies":"2 Louse","floor":1,"turns":2},{"damage":0,"enemies":"Cultist","floor":5,"turns":4},{"damage":2,"enemies":"Jaw Worm","floor":7,"turns":5},{"damage":3,"enemies":"Large Slime","floor":10,"turns":6},{"damage":3,"enemies":"Looter","floor":12,"turns":4},{"damage":5,"enemies":"Lagavulin","floor":13,"turns":6},{"damage":0,"enemies":"Lots of Slimes","floor":14,"turns":1},{"damage":23,"enemies":"Hexaghost","floor":16,"turns":8},{"damage":0,"enemies":"2 Thieves","floor":18,"turns":4},{"damage":8,"enemies":"Spheric Guardian","floor":22,"turns":4},{"damage":35,"enemies":"Book of Stabbing","floor":23,"turns":6},{"damage":29,"enemies":"Shelled Parasite and Fungi","floor":27,"turns":5},{"damage":22,"enemies":"Centurion and Healer","floor":29,"turns":4},{"damage":16,"enemies":"Snake Plant","floor":31,"turns":2},{"damage":34,"enemies":"Champ","floor":33,"turns":8}],"seed_played":"4123478418275085573","potions_obtained":[{"floor":1,"key":"Explosive Potion"},{"floor":7,"key":"Explosive Potion"},{"floor":13,"key":"Weak Potion"},{"floor":16,"key":"AttackPotion"},{"floor":18,"key":"SteroidPotion"},{"floor":22,"key":"EntropicBrew"}],"is_trial":false,"path_per_floor":["M","$","?","$","M","R","M","R","T","M","R","M","E","M","R","B",null,"M","$","?","?","M","E","T","R","T","M","R","M","?","M","R","B"],"character_chosen":"WATCHER","items_purchased":[],"campfire_rested":3,"item_purchase_floors":[],"current_hp_per_floor":[72,72,72,72,72,72,70,70,70,67,67,64,59,59,59,36,72,72,72,72,66,58,23,23,44,44,29,50,28,28,12,33,0,0],"gold":246,"neow_bonus":"THREE_RARE_CARDS","is_daily":false,"chose_seed":false,"campfire_upgraded":4,"win_rate":0.0,"timestamp":1612899844,"path_taken":["M","$","?","?","M","R","M","R","T","M","R","M","E","M","R","BOSS","M","$","?","?","M","E","?","R","T","M","R","M","?","M","R","BOSS"],"items_purchased_type":[],"build_version":"2020-12-22","purchased_purges":1,"victory":false,"max_hp_per_floor":[72,72,72,72,72,72,72,72,72,72,72,72,72,72,72,72,72,72,72,72,72,72,72,72,72,72,72,72,72,72,72,72,72,72],"card_choices":[{"not_picked":["LessonLearned","Scrawl"],"picked":"Devotion","floor":0},{"not_picked":["Weave","CutThroughFate"],"picked":"EmptyBody","floor":1},{"not_picked":["ReachHeaven","CutThroughFate"],"picked":"Prostrate","floor":5},{"not_picked":["CrushJoints","Wallop"],"picked":"FollowUp","floor":7},{"not_picked":["PathToVictory","EmptyFist"],"picked":"ClearTheMind","floor":10},{"not_picked":["Alpha","SignatureMove"],"picked":"Protect","floor":12},{"not_picked":["BowlingBash","Weave"],"picked":"CrushJoints","floor":13},{"not_picked":["CutThroughFate","InnerPeace"],"picked":"Perseverance","floor":14},{"not_picked":["Vault","Omniscience"],"picked":"Brilliance","floor":16},{"not_picked":["ClearTheMind","Evaluate"],"picked":"Swivel","floor":18},{"not_picked":["Halt","CarveReality"],"picked":"FollowUp+1","floor":22},{"not_picked":["EmptyFist","FlurryOfBlows+1"],"picked":"Prostrate","floor":23},{"not_picked":["LessonLearned","JustLucky"],"picked":"CutThroughFate","floor":25},{"not_picked":["ReachHeaven","CrushJoints"],"picked":"FlyingSleeves","floor":27},{"not_picked":["TalkToTheHand","CrushJoints"],"picked":"Prostrate","floor":29},{"not_picked":["JustLucky","FlurryOfBlows"],"picked":"ClearTheMind+1","floor":31},{"not_picked":["SashWhip+1","Halt"],"picked":"Pray","floor":32}],"player_experience":322989,"relics_obtained":[{"floor":9,"key":"Dream Catcher"},{"floor":13,"key":"Bottled Flame"},{"floor":23,"key":"CaptainsWheel"},{"floor":24,"key":"Boot"},{"floor":26,"key":"CeramicFish"}],"event_choices":[{"damage_healed":0,"gold_gain":0,"player_choice":"Forge","damage_taken":0,"max_hp_gain":0,"max_hp_loss":0,"event_name":"Accursed Blacksmith","floor":3,"gold_loss":0,"cards_upgraded":["Eruption"]},{"cards_removed":["Defend_P"],"damage_healed":0,"gold_gain":0,"player_choice":"Gave Gold","damage_taken":0,"max_hp_gain":0,"max_hp_loss":0,"event_name":"Beggar","floor":20,"gold_loss":75},{"damage_healed":0,"gold_gain":0,"player_choice":"Joined the Cult","damage_taken":6,"max_hp_gain":0,"max_hp_loss":0,"event_name":"Nest","floor":21,"gold_loss":0,"cards_obtained":["RitualDagger"]},{"damage_healed":0,"gold_gain":0,"player_choice":"Ignored","damage_taken":0,"max_hp_gain":0,"max_hp_loss":0,"event_name":"The Mausoleum","floor":30,"gold_loss":0}],"is_beta":false,"boss_relics":[{"not_picked":["Tiny House","Black Star"],"picked":"HolyWater"}],"items_purged_floors":[19],"is_endless":false,"potions_floor_spawned":[1,7,13,16,18,22],"killed_by":"Champ","ascension_level":3}}