{"host":"d3b2x3wue20uj2ir","time":1612886259,"event":{"mods":["AchievementEnabler","BaseMod","Better Third Choice","BetterRewards","Exacting","FTL Soundtrack","Minty Spire (QoL Compilation)","Shop Mod","StSLib"],"gold_per_floor":[111,61,28,40,40,40,74,88,114,114,145,161,161,188,188,286,286,298,298,332,332,332,332,358,358,381,21,21,47,47,47,47,143,143,162,11,233,283,49,49,149,149,174,208,234,234,267,287,287,287,287,287,0,30,30],"floor_reached":56,"language":"ENG","playtime":2764,"items_purged":[],"score":1827,"play_id":"7325a545-3aab-4a5f-aa51-e6a8fef155d8","local_time":"20210210015739","is_ascension_mode":true,"campfire_choices":[{"floor":6.0,"key":"RECALL"},{"floor":10.0,"key":"REST"},{"floor":15.0,"key":"REST"},{"data":"LessonLearned","floor":23.0,"key":"SMITH"},{"floor":25.0,"key":"REST"},{"data":"Brilliance","floor":28.0,"key":"SMITH"},{"floor":32.0,"key":"REST"},{"data":"Alpha","floor":40.0,"key":"SMITH"},{"data":"Vault","floor":42.0,"key":"SMITH"},{"data":"Ragnarok","floor":46,"key":"SMITH"},{"floor":49,"key":"REST"},{"data":"MasterReality","floor":52,"key":"SMITH"}],"circlet_count":0,"master_deck":["Strike_P+1","Strike_P+1","Strike_P+1","Strike_P+1","Defend_P+1","Defend_P+1","Defend_P+1","Defend_P+1","Eruption+1","Vigilance","Prostrate+1","EmptyFist","Perseverance","Brilliance+1","Conclude","SashWhip","SandsOfTime","Prostrate+1","LessonLearned+1","CurseOfTheBell","EmptyBody","Prostrate","Wallop","Prostrate","BattleHymn+1","Vault+1","EmptyBody+1","MasterReality+1","Alpha+1","ReachHeaven","Evaluate+1","Ragnarok+1","ClearTheMind","FlurryOfBlows+1","CrushJoints+1"],"relics":["PureWater","White Beast Statue","Vajra","betterThird:SlimedRelic","Akabeko","Peace Pipe","Thread and Needle","War Paint","Pear","Incense Burner","Enchiridion","Red Mask","Nloth\u0027s Gift","Regal Pillow","OrangePellets","Damaru","Matryoshka","Strawberry","Blue Candle","VioletLotus","ClockworkSouvenir","WingedGreaves","Anchor","Bottled Flame","Art of War","Bronze Scales","Pen Nib","Bag of Marbles","Ornamental Fan","Bottled Lightning"],"acts_visited":["Exordium","TheCity","TheBeyond","TheEnding"],"potions_floor_usage":[44,44,47,50,55,55,55],"damage_taken":[{"damage":0.0,"enemies":"Small Slimes","floor":1.0,"turns":2.0},{"damage":0.0,"enemies":"Cultist","floor":4.0,"turns":2.0},{"damage":28.0,"enemies":"Gremlin Nob","floor":7.0,"turns":3.0},{"damage":0.0,"enemies":"Jaw Worm","floor":8.0,"turns":3.0},{"damage":5.0,"enemies":"3 Sentries","floor":11.0,"turns":5.0},{"damage":0.0,"enemies":"3 Louse","floor":12.0,"turns":2.0},{"damage":3.0,"enemies":"Lagavulin","floor":14.0,"turns":7.0},{"damage":0.0,"enemies":"Hexaghost","floor":16.0,"turns":11.0},{"damage":0.0,"enemies":"Chosen","floor":18.0,"turns":4.0},{"damage":30.0,"enemies":"Masked Bandits","floor":20.0,"turns":4.0},{"damage":16.0,"enemies":"2 Thieves","floor":24.0,"turns":4.0},{"damage":20.0,"enemies":"Slavers","floor":29.0,"turns":7.0},{"damage":2.0,"enemies":"Champ","floor":33.0,"turns":8.0},{"damage":1.0,"enemies":"3 Darklings","floor":35.0,"turns":3.0},{"damage":1.0,"enemies":"Mind Bloom Boss Battle","floor":38.0,"turns":5.0},{"damage":35,"enemies":"Reptomancer","floor":44,"turns":5},{"damage":0,"enemies":"Giant Head","floor":45,"turns":5},{"damage":0,"enemies":"Reptomancer","floor":47,"turns":6},{"damage":0,"enemies":"3 Shapes","floor":48,"turns":4},{"damage":42,"enemies":"Donu and Deca","floor":50,"turns":8},{"damage":20,"enemies":"Shield and Spear","floor":54,"turns":5},{"damage":78,"enemies":"The Heart","floor":55,"turns":10}],"seed_played":"8522619834657979396","potions_obtained":[{"floor":1.0,"key":"Dexterity Potion"},{"floor":4.0,"key":"AttackPotion"},{"floor":7.0,"key":"Fruit Juice"},{"floor":8.0,"key":"SpeedPotion"},{"floor":11.0,"key":"SkillPotion"},{"floor":12.0,"key":"Explosive Potion"},{"floor":14.0,"key":"Block Potion"},{"floor":16.0,"key":"DistilledChaos"},{"floor":18.0,"key":"AttackPotion"},{"floor":20.0,"key":"Swift Potion"},{"floor":24.0,"key":"EssenceOfSteel"},{"floor":29.0,"key":"SpeedPotion"},{"floor":33.0,"key":"Energy Potion"},{"floor":35.0,"key":"Weak Potion"},{"floor":38.0,"key":"Explosive Potion"},{"floor":44,"key":"SteroidPotion"},{"floor":45,"key":"ColorlessPotion"},{"floor":47,"key":"GamblersBrew"},{"floor":48,"key":"SteroidPotion"},{"floor":54,"key":"SkillPotion"}],"is_trial":false,"path_per_floor":["M","$","?","M","?","R","E","M","T","R","E","M","?","E","R","B",null,"M","?","?","?","?","R","M","R","T","$","R","E","T","?","R","B",null,"M","$","?","?","$","R","?","R","T","E","E","R","E","M","R","B",null,"R","$","E","B",null],"character_chosen":"WATCHER","items_purchased":["White Beast Statue","Vajra","EmptyFist","OrangePellets","Prostrate","Damaru","ClockworkSouvenir","Anchor","ReachHeaven","Ornamental Fan","Dexterity Potion"],"campfire_rested":5,"item_purchase_floors":[0,0,2,27,27,27,36,39,39,53,53],"current_hp_per_floor":[59,59,48,48,48,48,25,25,25,48,43,43,48,45,69,69,92,92,76,46,46,46,46,30,57,57,57,57,37,44,44,88,86,99,98,98,98,97,97,97,97,97,97,62,62,62,62,62,99,57,99,99,99,79,1],"gold":30,"neow_bonus":"","is_daily":false,"chose_seed":false,"campfire_upgraded":6,"win_rate":0.0,"timestamp":1612886259,"path_taken":["M","$","?","M","?","R","E","M","T","R","E","?","?","E","R","BOSS","M","?","?","?","?","R","?","R","T","$","R","E","?","?","R","BOSS","M","$","?","?","$","R","?","R","T","E","E","R","E","?","R","BOSS","R","$","E","BOSS"],"items_purchased_type":["Relic","Relic","Card","Relic","Card","Relic","Relic","Relic","Card","Relic","Potion"],"build_version":"2020-12-22","purchased_purges":0,"victory":true,"max_hp_per_floor":[72,72,72,72,72,72,77,77,77,77,77,77,82,82,82,82,92,92,92,92,92,92,92,92,92,92,92,92,92,99,99,99,99,99,99,99,99,99,99,99,99,99,99,99,99,99,99,99,99,99,99,99,99,99,99],"card_choices":[{"not_picked":["CrushJoints","FlurryOfBlows"],"picked":"Prostrate","floor":1.0},{"not_picked":["Consecrate","FlurryOfBlows"],"picked":"Perseverance","floor":4.0},{"not_picked":["PathToVictory","MentalFortress"],"picked":"Brilliance","floor":7.0},{"not_picked":["BowlingBash","Wireheading"],"picked":"Conclude","floor":8.0},{"not_picked":["Study","ConjureBlade"],"picked":"SashWhip","floor":11.0},{"not_picked":["CrushJoints","Weave"],"picked":"SandsOfTime","floor":12.0},{"not_picked":["SandsOfTime","Tantrum"],"picked":"Prostrate","floor":14.0},{"not_picked":["Blasphemy","Scrawl"],"picked":"LessonLearned","floor":16.0},{"not_picked":["Consecrate","FlyingSleeves+1"],"picked":"EmptyBody","floor":18.0},{"not_picked":["Halt","EmptyBody"],"picked":"Prostrate","floor":20.0},{"not_picked":["WreathOfFlame","Indignation"],"picked":"Wallop","floor":24.0},{"not_picked":["SignatureMove","Vengeance"],"picked":"BattleHymn+1","floor":29.0},{"not_picked":["Brilliance","SpiritShield"],"picked":"Vault","floor":33.0},{"not_picked":["FlurryOfBlows+1","Consecrate"],"picked":"EmptyBody+1","floor":35.0},{"not_picked":["Tantrum","BowlingBash+1"],"picked":"MasterReality","floor":38.0},{"not_picked":["Swivel","Wireheading+1"],"picked":"Alpha","floor":38.0},{"not_picked":["Tantrum+1","Consecrate+1"],"picked":"Evaluate+1","floor":44},{"not_picked":["Wallop","EmptyBody"],"picked":"Ragnarok","floor":45},{"not_picked":["WaveOfTheHand+1","EmptyMind+1"],"picked":"ClearTheMind","floor":47},{"not_picked":["FearNoEvil+1","PathToVictory"],"picked":"FlurryOfBlows+1","floor":48},{"not_picked":["WindmillStrike","BowlingBash"],"picked":"CrushJoints+1","floor":54}],"player_experience":700273,"relics_obtained":[{"floor":7.0,"key":"Akabeko"},{"floor":11.0,"key":"Peace Pipe"},{"floor":14.0,"key":"Thread and Needle"},{"floor":17.0,"key":"War Paint"},{"floor":17.0,"key":"Pear"},{"floor":17.0,"key":"Incense Burner"},{"floor":19.0,"key":"Enchiridion"},{"floor":20.0,"key":"Red Mask"},{"floor":26.0,"key":"Regal Pillow"},{"floor":29.0,"key":"Matryoshka"},{"floor":30.0,"key":"Strawberry"},{"floor":30.0,"key":"Blue Candle"},{"floor":38.0,"key":"WingedGreaves"},{"floor":43.0,"key":"Bottled Flame"},{"floor":43.0,"key":"Art of War"},{"floor":44,"key":"Bronze Scales"},{"floor":45,"key":"Pen Nib"},{"floor":47,"key":"Bag of Marbles"},{"floor":54,"key":"Bottled Lightning"}],"event_choices":[{"damage_healed":0.0,"max_hp_gain":0.0,"max_hp_loss":0.0,"gold_gain":0.0,"event_name":"betterThird:BetterGoop","player_choice":"Slimed","floor":3.0,"gold_loss":33.0,"damage_taken":11.0},{"damage_healed":0.0,"max_hp_gain":0.0,"max_hp_loss":0.0,"gold_gain":0.0,"event_name":"Upgrade Shrine","player_choice":"Upgraded","floor":5.0,"gold_loss":0.0,"damage_taken":0.0,"cards_upgraded":["Eruption"]},{"damage_healed":0.0,"max_hp_gain":5.0,"max_hp_loss":0.0,"gold_gain":0.0,"event_name":"Big Fish","player_choice":"Donut","floor":13.0,"gold_loss":0.0,"damage_taken":0.0},{"damage_healed":0.0,"max_hp_gain":0.0,"max_hp_loss":0.0,"gold_gain":0.0,"event_name":"Cursed Tome","player_choice":"Obtained Book","floor":19.0,"gold_loss":0.0,"damage_taken":16.0},{"damage_healed":0.0,"max_hp_gain":0.0,"max_hp_loss":0.0,"gold_gain":0.0,"event_name":"Masked Bandits","player_choice":"Fought Bandits","floor":20.0,"gold_loss":0.0,"damage_taken":0.0},{"damage_healed":0.0,"max_hp_gain":0.0,"max_hp_loss":0.0,"gold_gain":0.0,"event_name":"Ghosts","player_choice":"Ignored","floor":21.0,"gold_loss":0.0,"damage_taken":0.0},{"damage_healed":0.0,"max_hp_gain":0.0,"max_hp_loss":0.0,"gold_gain":0.0,"event_name":"N\u0027loth","player_choice":"Traded Relic","floor":22.0,"relics_lost":["Calling Bell"],"gold_loss":0.0,"damage_taken":0.0,"relics_obtained":["Nloth\u0027s Gift"]},{"damage_healed":0.0,"max_hp_gain":0.0,"max_hp_loss":5.0,"gold_gain":0.0,"event_name":"betterThird:BetterWriting","player_choice":"Simplicity","floor":31.0,"gold_loss":0.0,"damage_taken":0.0},{"damage_healed":0.0,"max_hp_gain":0.0,"max_hp_loss":0.0,"gold_gain":222.0,"event_name":"Tomb of Lord Red Mask","player_choice":"Wore Mask","floor":37.0,"gold_loss":0.0,"damage_taken":0.0},{"damage_healed":0.0,"max_hp_gain":0.0,"max_hp_loss":0.0,"gold_gain":0.0,"event_name":"MindBloom","player_choice":"Fight","floor":38.0,"gold_loss":0.0,"damage_taken":0.0},{"damage_healed":0.0,"max_hp_gain":0.0,"max_hp_loss":0.0,"gold_gain":100.0,"event_name":"Golden Shrine","player_choice":"Pray","floor":41.0,"gold_loss":0.0,"damage_taken":0.0}],"is_beta":false,"boss_relics":[{"not_picked":["Sozu","Velvet Choker"],"picked":"Calling Bell"},{"not_picked":["Pandora\u0027s Box","HolyWater"],"picked":"VioletLotus"}],"items_purged_floors":[],"is_endless":false,"potions_floor_spawned":[1,4,7,8,11,12,14,16,18,20,24,29,33,35,38,44,45,47,48,54],"ascension_level":1}}