{"host":"188x3om7sf6mgxv1","time":1612888761,"event":{"mods":["BaseMod","Block Reminder","Jorbs\u0027s Wanderer Trilogy","Minty Spire (QoL Compilation)","Relic Stats","StSLib"],"gold_per_floor":[99,12,12,12,12,12,12,12,12,12,12,12,12,12,12,12,12,12,12,12,12,12,12,12,12,12,12,12,12,12,12,12,12,12,12,12,12,12,12,12,12,12,12,12,12,12,12,12,12,12,12],"floor_reached":50,"language":"ENG","playtime":1526,"items_purged":[],"score":720,"play_id":"11fea964-33a6-41e4-a4b1-dbabb66a890f","local_time":"20210209113921","is_ascension_mode":true,"campfire_choices":[{"data":"Ball Lightning","floor":6.0,"key":"SMITH"},{"data":"Streamline","floor":11.0,"key":"SMITH"},{"data":"Rip and Tear","floor":13.0,"key":"SMITH"},{"data":"Glacier","floor":15.0,"key":"SMITH"},{"data":"Biased Cognition","floor":23.0,"key":"SMITH"},{"data":"Biased Cognition","floor":28,"key":"SMITH"},{"data":"Rainbow","floor":32,"key":"SMITH"},{"floor":42,"key":"REST"},{"floor":49,"key":"REST"}],"circlet_count":0,"master_deck":["Strike_B+1","Defend_B+1","Defend_B+1","Defend_B","Defend_B","Zap","Dualcast","Ball Lightning+1","FTL+1","Rip and Tear+1","Streamline+1","Cold Snap","Glacier+1","Biased Cognition+1","Loop+1","Tempest+1","Recycle+1","Coolheaded+1","Biased Cognition+1","Undo","Glacier","Reinforced Body","Heatsinks","Rainbow+1","Hologram+1","Electrodynamics","Coolheaded+1","Capacitor+1","Fusion+1","Skim+1"],"relics":["Ectoplasm","Strawberry","Oddly Smooth Stone","War Paint","Juzu Bracelet","Astrolabe","Orichalcum","Mango","Sozu","StoneCalendar","Nunchaku","Pen Nib","Ginger"],"acts_visited":["Exordium","TheCity","TheBeyond"],"potions_floor_usage":[27,29,46],"damage_taken":[{"damage":3.0,"enemies":"Small Slimes","floor":1.0,"turns":3.0},{"damage":0.0,"enemies":"Cultist","floor":3.0,"turns":3.0},{"damage":2.0,"enemies":"Jaw Worm","floor":4.0,"turns":2.0},{"damage":9.0,"enemies":"Red Slaver","floor":5.0,"turns":3.0},{"damage":3.0,"enemies":"Blue Slaver","floor":7.0,"turns":3.0},{"damage":8.0,"enemies":"3 Sentries","floor":8.0,"turns":5.0},{"damage":6.0,"enemies":"Gremlin Nob","floor":10.0,"turns":3.0},{"damage":0.0,"enemies":"Exordium Thugs","floor":14.0,"turns":3.0},{"damage":7.0,"enemies":"Hexaghost","floor":16.0,"turns":9.0},{"damage":0.0,"enemies":"Shell Parasite","floor":18.0,"turns":4.0},{"damage":0.0,"enemies":"Chosen","floor":20.0,"turns":3.0},{"damage":31.0,"enemies":"Slavers","floor":24.0,"turns":5.0},{"damage":0,"enemies":"Snake Plant","floor":27,"turns":5},{"damage":19,"enemies":"Gremlin Leader","floor":29,"turns":4},{"damage":3,"enemies":"Cultist and Chosen","floor":30,"turns":6},{"damage":0,"enemies":"Snecko","floor":31,"turns":4},{"damage":13,"enemies":"Champ","floor":33,"turns":8},{"damage":17,"enemies":"3 Darklings","floor":35,"turns":3},{"damage":0,"enemies":"3 Shapes","floor":39,"turns":3},{"damage":10,"enemies":"Giant Head","floor":40,"turns":10},{"damage":17,"enemies":"Transient","floor":41,"turns":5},{"damage":0,"enemies":"Nemesis","floor":44,"turns":7},{"damage":16,"enemies":"3 Darklings","floor":45,"turns":3},{"damage":53,"enemies":"Reptomancer","floor":46,"turns":6},{"damage":4,"enemies":"4 Shapes","floor":47,"turns":5},{"damage":1,"enemies":"Awakened One","floor":50,"turns":2}],"seed_played":"-5417487005352079079","potions_obtained":[{"floor":3.0,"key":"Energy Potion"},{"floor":4.0,"key":"Strength Potion"},{"floor":5.0,"key":"Fruit Juice"},{"floor":7.0,"key":"DuplicationPotion"},{"floor":16.0,"key":"Energy Potion"},{"floor":18.0,"key":"Fruit Juice"},{"floor":27,"key":"PowerPotion"},{"floor":29,"key":"Block Potion"}],"is_trial":false,"path_per_floor":["M","?","M","M","M","R","M","E","T","E","R","?","R","M","R","B",null,"M","?","M","?","?","R","E","$","T","M","R","E","M","M","R","B",null,"M","$","?","?","M","E","M","R","T","E","M","E","M","$","R","B"],"character_chosen":"DEFECT","items_purchased":[],"campfire_rested":2,"item_purchase_floors":[],"current_hp_per_floor":[72,79,79,77,68,68,70,62,62,56,56,39,39,39,39,32,87,87,87,87,87,87,87,56,56,56,61,61,56,53,53,53,40,106,89,89,89,89,89,79,62,92,92,92,76,23,19,19,49,48,48],"gold":12,"neow_bonus":"BOSS_RELIC","is_daily":false,"chose_seed":false,"campfire_upgraded":7,"win_rate":0.0,"timestamp":1612888761,"path_taken":["M","?","M","?","M","R","M","E","T","E","R","?","R","M","R","BOSS","M","?","M","?","?","R","E","?","T","M","R","E","M","M","R","BOSS","M","$","?","?","M","E","M","R","T","E","M","E","M","$","R","BOSS"],"items_purchased_type":[],"build_version":"2020-12-22","purchased_purges":0,"victory":false,"max_hp_per_floor":[75,82,82,82,82,82,87,87,87,87,87,87,87,87,87,87,87,87,87,87,87,87,87,87,87,87,92,92,106,106,106,106,106,106,106,106,101,101,101,101,101,101,101,101,101,101,101,101,101,101,101],"relic_stats":{"Sozu":3,"Nunchaku":[1],"counters":[26,117],"Astrolabe":["Loop","Tempest","Recycle"],"StoneCalendar":[31],"Ectoplasm":813,"Pen Nib":[0],"Juzu Bracelet":1,"Ginger":[0],"War Paint":["Defend_B","Defend_B"],"Orichalcum":[36],"obtain_stats":[{"Astrolabe":17,"Oddly Smooth Stone":8,"Mango":29,"StoneCalendar":40,"Pen Nib":44,"Juzu Bracelet":10,"Ginger":46,"War Paint":9,"Orichalcum":24,"Sozu":34,"Nunchaku":43,"Strawberry":2,"Ectoplasm":0,"Cracked Core":0},{"Astrolabe":9,"Oddly Smooth Stone":6,"Mango":14,"StoneCalendar":20,"Pen Nib":22,"Juzu Bracelet":7,"Ginger":24,"War Paint":6,"Orichalcum":12,"Sozu":17,"Nunchaku":21,"Strawberry":1,"Ectoplasm":0,"Cracked Core":0},{"Astrolabe":34,"Oddly Smooth Stone":19,"Mango":55,"StoneCalendar":89,"Pen Nib":101,"Juzu Bracelet":22,"Ginger":110,"War Paint":19,"Orichalcum":46,"Sozu":73,"Nunchaku":94,"Strawberry":3,"Ectoplasm":0,"Cracked Core":0}]},"card_choices":[{"not_picked":["Conserve Battery","FTL"],"picked":"Ball Lightning","floor":1.0},{"not_picked":["Conserve Battery","Compile Driver"],"picked":"FTL","floor":3.0},{"not_picked":["BootSequence","Storm","Go for the Eyes"],"picked":"SKIP","floor":4.0},{"not_picked":["Gash","Stack"],"picked":"Rip and Tear","floor":5.0},{"not_picked":["Steam Power","Redo"],"picked":"Streamline","floor":7.0},{"not_picked":["Reboot","Steam Power","Tempest"],"picked":"SKIP","floor":8.0},{"not_picked":["Turbo","FTL"],"picked":"Cold Snap","floor":10.0},{"not_picked":["Storm","Turbo"],"picked":"Glacier","floor":14.0},{"not_picked":["Core Surge","Buffer"],"picked":"Biased Cognition","floor":16.0},{"not_picked":["Sweeping Beam+1","Sunder"],"picked":"Coolheaded+1","floor":18.0},{"not_picked":["Turbo+1","Gash"],"picked":"Undo","floor":20.0},{"not_picked":["Lockon","Rip and Tear+1"],"picked":"Reinforced Body","floor":24.0},{"not_picked":["Sweeping Beam","Genetic Algorithm"],"picked":"Heatsinks","floor":27},{"not_picked":["Redo+1","Gash"],"picked":"Rainbow","floor":29},{"not_picked":["Leap","Turbo+1"],"picked":"Hologram+1","floor":30},{"not_picked":["Compile Driver","Turbo","Sweeping Beam"],"picked":"SKIP","floor":31},{"not_picked":["Hyperbeam","Fission"],"picked":"Electrodynamics","floor":33},{"not_picked":["Ball Lightning","Cold Snap"],"picked":"Coolheaded+1","floor":35},{"not_picked":["Scrape+1","Steam+1"],"picked":"Capacitor+1","floor":39},{"not_picked":["Streamline","Rebound","Go for the Eyes"],"picked":"SKIP","floor":40},{"not_picked":["Blizzard","Chaos+1"],"picked":"Fusion+1","floor":41},{"not_picked":["Leap+1","Blizzard","Redo"],"picked":"SKIP","floor":44},{"not_picked":["Aggregate+1","Conserve Battery+1","Scrape+1"],"picked":"SKIP","floor":45},{"not_picked":["BootSequence","Beam Cell+1"],"picked":"Skim+1","floor":46},{"not_picked":["Gash+1","Leap+1","Static Discharge"],"picked":"SKIP","floor":47}],"player_experience":42799,"relics_obtained":[{"floor":8.0,"key":"Oddly Smooth Stone"},{"floor":9.0,"key":"War Paint"},{"floor":10.0,"key":"Juzu Bracelet"},{"floor":24.0,"key":"Orichalcum"},{"floor":29,"key":"Mango"},{"floor":40,"key":"StoneCalendar"},{"floor":43,"key":"Nunchaku"},{"floor":44,"key":"Pen Nib"},{"floor":46,"key":"Ginger"}],"event_choices":[{"damage_healed":0.0,"max_hp_gain":0.0,"max_hp_loss":0.0,"gold_gain":0.0,"event_name":"WeMeetAgain","player_choice":"Paid Gold","floor":2.0,"gold_loss":87.0,"damage_taken":0.0,"relics_obtained":["Strawberry"]},{"damage_healed":0.0,"max_hp_gain":0.0,"max_hp_loss":0.0,"gold_gain":0.0,"event_name":"Shining Light","player_choice":"Entered Light","floor":12.0,"gold_loss":0.0,"damage_taken":17.0,"cards_upgraded":["FTL","Strike_B"]},{"damage_healed":0.0,"max_hp_gain":0.0,"max_hp_loss":0.0,"gold_gain":0.0,"event_name":"Duplicator","player_choice":"Copied","floor":19.0,"gold_loss":0.0,"damage_taken":0.0,"cards_obtained":["Biased Cognition"]},{"damage_healed":0.0,"max_hp_gain":0.0,"max_hp_loss":0.0,"gold_gain":0.0,"event_name":"Vampires","player_choice":"Ignored","floor":21.0,"gold_loss":0.0,"damage_taken":0.0},{"damage_healed":0.0,"max_hp_gain":0.0,"max_hp_loss":0.0,"gold_gain":0.0,"event_name":"The Library","player_choice":"Read","floor":22.0,"gold_loss":0.0,"damage_taken":0.0,"cards_obtained":["Glacier"]},{"damage_healed":0,"gold_gain":0,"player_choice":"Max HP","damage_taken":0,"max_hp_gain":0,"max_hp_loss":5,"event_name":"Winding Halls","floor":37,"gold_loss":0},{"damage_healed":0,"gold_gain":100,"player_choice":"Pray","damage_taken":0,"max_hp_gain":0,"max_hp_loss":0,"event_name":"Golden Shrine","floor":38,"gold_loss":0}],"is_beta":false,"boss_relics":[{"not_picked":["Coffee Dripper","Philosopher\u0027s Stone"],"picked":"Astrolabe"},{"not_picked":["SlaversCollar","Busted Crown"],"picked":"Sozu"}],"items_purged_floors":[],"is_endless":false,"potions_floor_spawned":[3,4,5,7,16,18,27,29,33,35,44,47],"killed_by":"Awakened One","ascension_level":2}}