{"host":"3498uni0c31c9bdm","time":1612861502,"event":{"mods":["BaseMod","Better Match","Better Note","Better Sensory Stone","Better Skull","Better Third Choice","Colored Map","Minty Spire (QoL Compilation)","Quick Restart","RNG Fix","Random Character Button","Replay The Spire","Shop Mod","Smile Girya","StSLib","Unceasing Turn Reminder"],"gold_per_floor":[127,139,168,190,202,214,241,253,265,292,320,44,57,83,83,162,162,172,65,85,85,187,187,187,187],"floor_reached":24,"language":"ENG","playtime":1058,"items_purged":[],"score":327,"play_id":"897f5e47-bc3e-4eee-aac5-088474a1dc60","local_time":"20210209200502","is_ascension_mode":true,"campfire_choices":[{"floor":6,"key":"RECALL"},{"floor":8,"key":"REST"},{"floor":15,"key":"REST"},{"floor":23,"key":"REST"}],"circlet_count":0,"master_deck":["AscendersBane","Strike_B","Strike_B","Strike_B","Strike_B","Defend_B","Defend_B","Defend_B","Defend_B","Zap","Leap","Bash","Go for the Eyes","Beam Cell","Gash","Fusion","Turbo","Go for the Eyes","Conserve Battery","Self Repair","White Noise","Compile Driver","Gash","ReplayTheSpireMod:Splinters","Conserve Battery","Sweeping Beam","Cold Snap"],"relics":["Iron Core","Solar Panel","Magic Flower","Blue Doll","SacredBark","Prayer Wheel","MerchantsRug"],"acts_visited":["Exordium","TheCity"],"potions_floor_usage":[14,16,18],"damage_taken":[{"damage":3,"enemies":"Cultist","floor":1,"turns":4},{"damage":19,"enemies":"Small Slimes","floor":3,"turns":4},{"damage":2,"enemies":"2 Louse","floor":4,"turns":3},{"damage":3,"enemies":"Looter","floor":7,"turns":3},{"damage":10,"enemies":"3 Louse","floor":10,"turns":4},{"damage":4,"enemies":"Blue Slaver","floor":11,"turns":2},{"damage":7,"enemies":"Exordium Wildlife","floor":13,"turns":4},{"damage":27,"enemies":"Lagavulin","floor":14,"turns":6},{"damage":23,"enemies":"The Guardian","floor":16,"turns":13},{"damage":20,"enemies":"3 Byrds","floor":18,"turns":6},{"damage":30,"enemies":"Shell Parasite","floor":20,"turns":8},{"damage":55,"enemies":"Book of Stabbing","floor":24,"turns":5}],"seed_played":"-1106569821527365792","potions_obtained":[{"floor":1,"key":"Doom Potion"},{"floor":7,"key":"ColorlessPotion"},{"floor":11,"key":"CultistPotion"},{"floor":16,"key":"Toxic Potion"}],"is_trial":false,"path_per_floor":["M","?","M","M","?","R","M","R","T","M","M","$","M","E","R","B",null,"M","$","M","?","?","R","E"],"character_chosen":"DEFECT","items_purchased":["Magic Flower","MerchantsRug"],"campfire_rested":3,"item_purchase_floors":[12,19],"current_hp_per_floor":[65,65,46,44,37,37,34,56,56,48,44,44,43,19,41,27,63,43,43,30,30,30,52,0,0],"gold":187,"neow_bonus":"RANDOM_EVENT","is_daily":false,"chose_seed":false,"campfire_upgraded":0,"win_rate":0.0,"timestamp":1612861502,"path_taken":["M","?","?","M","?","R","M","R","T","M","M","$","?","E","R","BOSS","M","$","M","?","?","R","E"],"items_purchased_type":["Relic","Relic"],"build_version":"2020-12-22","purchased_purges":0,"victory":false,"max_hp_per_floor":[75,75,75,75,75,75,75,75,75,75,75,75,75,75,75,75,75,75,75,75,75,75,75,75,75],"card_choices":[{"not_picked":["Rebound","BasicCrystalCard"],"picked":"Leap","floor":1},{"not_picked":["Headbutt","Warcry"],"picked":"Go for the Eyes","floor":3},{"not_picked":["ReplayReversal","Force Field"],"picked":"Beam Cell","floor":4},{"not_picked":["Compile Driver","Leap"],"picked":"Gash","floor":7},{"not_picked":["Seeing Red","Recycle"],"picked":"Fusion","floor":10},{"not_picked":["Compile Driver","Fission"],"picked":"Turbo","floor":11},{"not_picked":["Scrape","Consume"],"picked":"Go for the Eyes","floor":13},{"not_picked":["Darkness","Barrage"],"picked":"Conserve Battery","floor":14},{"not_picked":["Machine Learning","Biased Cognition"],"picked":"ReplayTheSpireMod:Fabricate Wheel","floor":16},{"not_picked":["ReplayTheSpireMod:System Scan","Aggregate"],"picked":"Self Repair","floor":18},{"not_picked":["Tempest","Streamline"],"picked":"White Noise","floor":18},{"not_picked":["Redo","Fusion"],"picked":"Compile Driver","floor":20},{"not_picked":["Undo","ReplayTheSpireMod:Calculation Training"],"picked":"Gash","floor":20},{"not_picked":["ReplaySort","Go for the Eyes"],"picked":"Conserve Battery","floor":22},{"not_picked":["Fusion","Hologram"],"picked":"Sweeping Beam","floor":22},{"not_picked":["Fusion","Turbo"],"picked":"Cold Snap","floor":22}],"player_experience":858851,"relics_obtained":[{"floor":9,"key":"Solar Panel"},{"floor":14,"key":"Blue Doll"}],"event_choices":[{"damage_healed":0,"gold_gain":0,"player_choice":"Box","damage_taken":0,"relics_obtained":["MawBank"],"max_hp_gain":0,"max_hp_loss":0,"event_name":"Big Fish","floor":0,"gold_loss":0,"cards_obtained":["Regret"]},{"cards_removed":["Regret"],"damage_healed":0,"gold_gain":0,"player_choice":"Card Removal","damage_taken":7,"max_hp_gain":0,"max_hp_loss":0,"event_name":"Golden Wing","floor":5,"gold_loss":0},{"damage_healed":0,"gold_gain":0,"player_choice":"Ignored","damage_taken":0,"max_hp_gain":0,"max_hp_loss":0,"event_name":"Beggar","floor":21,"gold_loss":0}],"is_beta":false,"boss_relics":[{"not_picked":["Ectoplasm","Replay:Wanted Poster"],"picked":"SacredBark"}],"items_purged_floors":[],"is_endless":false,"potions_floor_spawned":[1,7,11,16],"killed_by":"Book of Stabbing","ascension_level":13}}