{"host":"h2b67iv450v6rq8u","time":1612863562,"event":{"mods":["AchievementEnabler","BaseMod","Colored Powertips","Custom Start","Minty Spire (QoL Compilation)","Permanent Neow","Quick Restart"],"gold_per_floor":[213,213,224,173,185,185,218,218,218,143,169,184,200,210,210,314,314,325,325,236,252,199,199,218,218,245,263,24,54,106,121,121,221,221,240,295,345,70,70,70,97,109,133,133,167,167,167,167,167,167],"floor_reached":51,"language":"ENG","playtime":2812,"items_purged":["Defend_R","Writhe"],"score":827,"play_id":"8a9484e4-5b3e-4b7a-a1bf-096f5c31cefb","local_time":"20210209103922","is_ascension_mode":true,"campfire_choices":[{"data":"Perfected Strike","floor":6.0,"key":"SMITH"},{"data":"Perfected Strike","floor":8.0,"key":"SMITH"},{"data":"1","floor":15.0,"key":"LIFT"},{"data":"2","floor":23.0,"key":"LIFT"},{"data":"3","floor":25.0,"key":"LIFT"},{"floor":32.0,"key":"REST"},{"floor":40,"key":"REST"},{"floor":44,"key":"REST"},{"floor":46,"key":"REST"},{"floor":49,"key":"REST"}],"circlet_count":0,"master_deck":["Strike_R","Strike_R","Strike_R","Strike_R","Strike_R","Bash","Perfected Strike+1","Perfected Strike+1","Pommel Strike","Twin Strike","Perfected Strike","Inflame","Perfected Strike","CurseOfTheBell","Twin Strike","Perfected Strike+1","Perfected Strike","Master of Strategy"],"relics":["Burning Blood","Turnip","Thread and Needle","Girya","Sozu","Pen Nib","Nunchaku","Juzu Bracelet","Membership Card","MealTicket","Vajra","Calling Bell","Blood Vial","Gremlin Horn","Torii","Ginger","StoneCalendar","Red Skull","Ornamental Fan","DollysMirror","White Beast Statue","Omamori","HornCleat"],"acts_visited":["TheCity","TheBeyond"],"potions_floor_usage":[],"damage_taken":[{"damage":2.0,"enemies":"2 Louse","floor":1.0,"turns":3.0},{"damage":1.0,"enemies":"Cultist","floor":3.0,"turns":3.0},{"damage":7.0,"enemies":"Jaw Worm","floor":5.0,"turns":2.0},{"damage":17.0,"enemies":"3 Sentries","floor":7.0,"turns":6.0},{"damage":21.0,"enemies":"Gremlin Nob","floor":11.0,"turns":4.0},{"damage":5.0,"enemies":"2 Fungi Beasts","floor":12.0,"turns":2.0},{"damage":10.0,"enemies":"Lots of Slimes","floor":13.0,"turns":5.0},{"damage":6.0,"enemies":"Exordium Thugs","floor":14.0,"turns":3.0},{"damage":30.0,"enemies":"The Guardian","floor":16.0,"turns":6.0},{"damage":11.0,"enemies":"3 Byrds","floor":18.0,"turns":4.0},{"damage":27.0,"enemies":"2 Thieves","floor":21.0,"turns":3.0},{"damage":19.0,"enemies":"Centurion and Healer","floor":24.0,"turns":3.0},{"damage":8.0,"enemies":"Cultist and Chosen","floor":27.0,"turns":3.0},{"damage":23.0,"enemies":"Gremlin Leader","floor":29.0,"turns":4.0},{"damage":0.0,"enemies":"Sentry and Sphere","floor":31.0,"turns":2.0},{"damage":31.0,"enemies":"Automaton","floor":33.0,"turns":6.0},{"damage":25.0,"enemies":"3 Darklings","floor":35.0,"turns":3.0},{"damage":42.0,"enemies":"2 Orb Walkers","floor":36.0,"turns":3.0},{"damage":16.0,"enemies":"Mind Bloom Boss Battle","floor":37.0,"turns":3.0},{"damage":14,"enemies":"Reptomancer","floor":41,"turns":3},{"damage":12,"enemies":"Orb Walker","floor":42,"turns":2},{"damage":41,"enemies":"Nemesis","floor":45,"turns":3},{"damage":79,"enemies":"Donu and Deca","floor":50,"turns":6}],"seed_played":"-1819145601997523556","potions_obtained":[{"floor":3.0,"key":"Regen Potion"},{"floor":5.0,"key":"EssenceOfSteel"},{"floor":11.0,"key":"SneckoOil"}],"is_trial":false,"path_per_floor":["M","?","M","$","M","R","E","R","T","$","E","M","M","M","R","B",null,"M","?","?","M","$","R","M","R","T","M","$","E","T","M","R","B",null,"M","?","?","$","?","R","E","M","T","R","E","R","?","?","R","B",null],"character_chosen":"IRONCLAD","items_purchased":["Pommel Strike","Perfected Strike","Membership Card","Inflame","Red Skull","Ornamental Fan","DollysMirror"],"campfire_rested":5,"item_purchase_floors":[4,22,28,28,38,38,38],"current_hp_per_floor":[80,80,80,80,79,79,68,68,68,68,53,54,62,62,62,38,80,75,75,75,54,54,54,41,41,41,39,39,22,22,28,52,27,80,61,27,19,34,34,58,52,48,48,72,39,63,63,63,80,7],"gold":167,"neow_bonus":"HUNDRED_GOLD","is_daily":false,"chose_seed":false,"campfire_upgraded":2,"win_rate":0.0,"timestamp":1612863562,"path_taken":["M","?","M","$","?","R","E","R","T","$","E","M","M","M","R","BOSS","M","?","?","M","$","R","?","R","T","M","$","E","?","M","R","BOSS","M","?","?","?","?","R","E","M","T","R","E","R","?","?","R","BOSS"],"items_purchased_type":["Card","Card","Relic","Card","Relic","Relic","Relic"],"build_version":"2020-12-22","purchased_purges":2,"victory":true,"max_hp_per_floor":[80,80,80,80,80,80,80,80,80,80,80,80,80,80,80,80,80,80,80,80,80,80,80,80,80,80,80,80,80,80,80,80,80,80,80,80,80,80,80,80,80,80,80,80,80,80,80,80,80,80],"card_choices":[{"not_picked":["Thunderclap","Clash"],"picked":"Perfected Strike","floor":1.0},{"not_picked":["Blood for Blood","Shrug It Off","Ghostly Armor"],"picked":"SKIP","floor":3.0},{"not_picked":["Uppercut","Flex","True Grit"],"picked":"SKIP","floor":5.0},{"not_picked":["Body Slam","True Grit","Disarm"],"picked":"SKIP","floor":7.0},{"not_picked":["Armaments","Sentinel"],"picked":"Twin Strike","floor":11.0},{"not_picked":["Spot Weakness","Searing Blow","Havoc"],"picked":"SKIP","floor":12.0},{"not_picked":["Sword Boomerang","Power Through","Anger"],"picked":"SKIP","floor":13.0},{"not_picked":["Bloodletting","Headbutt","Twin Strike"],"picked":"SKIP","floor":14.0},{"not_picked":["True Grit","Body Slam+1","Iron Wave"],"picked":"SKIP","floor":18.0},{"not_picked":["Bloodletting","Shrug It Off","Warcry"],"picked":"SKIP","floor":21.0},{"not_picked":["Disarm","Power Through","Shockwave"],"picked":"SKIP","floor":24.0},{"not_picked":["Sentinel","Body Slam","Sword Boomerang"],"picked":"SKIP","floor":27.0},{"not_picked":["Sword Boomerang+1","Corruption"],"picked":"Perfected Strike","floor":29.0},{"not_picked":["Seeing Red","Iron Wave","Thunderclap+1"],"picked":"SKIP","floor":31.0},{"not_picked":["Clash","Cleave","Sentinel+1"],"picked":"SKIP","floor":35.0},{"not_picked":["Clothesline","Body Slam"],"picked":"Twin Strike","floor":37.0},{"not_picked":["Headbutt","True Grit+1"],"picked":"Perfected Strike","floor":41},{"not_picked":["Wild Strike","Clash","Pummel"],"picked":"SKIP","floor":42},{"not_picked":["Anger","Body Slam","Whirlwind"],"picked":"SKIP","floor":45},{"not_picked":["Chrysalis","PanicButton"],"picked":"Master of Strategy","floor":47}],"player_experience":132768,"relics_obtained":[{"floor":7.0,"key":"Turnip"},{"floor":9.0,"key":"Thread and Needle"},{"floor":11.0,"key":"Girya"},{"floor":26.0,"key":"Juzu Bracelet"},{"floor":29.0,"key":"MealTicket"},{"floor":30.0,"key":"Vajra"},{"floor":34.0,"key":"Blood Vial"},{"floor":34.0,"key":"Gremlin Horn"},{"floor":34.0,"key":"Torii"},{"floor":36.0,"key":"Ginger"},{"floor":37.0,"key":"StoneCalendar"},{"floor":41,"key":"White Beast Statue"},{"floor":43,"key":"Omamori"},{"floor":45,"key":"HornCleat"}],"event_choices":[{"damage_healed":0.0,"max_hp_gain":0.0,"max_hp_loss":0.0,"gold_gain":0.0,"cards_transformed":["Defend_R"],"event_name":"Transmorgrifier","player_choice":"Transformed","floor":2.0,"gold_loss":0.0,"damage_taken":0.0,"cards_obtained":["Perfected Strike"]},{"damage_healed":0.0,"max_hp_gain":0.0,"max_hp_loss":0.0,"gold_gain":0.0,"event_name":"The Mausoleum","player_choice":"Opened","floor":19.0,"gold_loss":0.0,"damage_taken":0.0,"relics_obtained":["Pen Nib"],"cards_obtained":["Writhe"]},{"damage_healed":0.0,"max_hp_gain":0.0,"max_hp_loss":0.0,"gold_gain":0.0,"event_name":"WeMeetAgain","player_choice":"Paid Gold","floor":20.0,"gold_loss":89.0,"damage_taken":0.0,"relics_obtained":["Nunchaku"]},{"damage_healed":0.0,"max_hp_gain":0.0,"max_hp_loss":0.0,"gold_gain":0.0,"event_name":"Mysterious Sphere","player_choice":"Fight","floor":36.0,"gold_loss":0.0,"damage_taken":0.0},{"damage_healed":0.0,"max_hp_gain":0.0,"max_hp_loss":0.0,"gold_gain":0.0,"event_name":"MindBloom","player_choice":"Fight","floor":37.0,"gold_loss":0.0,"damage_taken":0.0},{"cards_removed":["Defend_R"],"damage_healed":0,"gold_gain":0,"player_choice":"Removed Skill","damage_taken":0,"max_hp_gain":0,"max_hp_loss":0,"event_name":"Falling","floor":39,"gold_loss":0},{"damage_healed":0,"gold_gain":0,"player_choice":"Memory 1","damage_taken":0,"max_hp_gain":0,"max_hp_loss":0,"event_name":"SensoryStone","floor":47,"gold_loss":0},{"cards_removed":["Defend_R"],"damage_healed":0,"gold_gain":0,"player_choice":"Offered Basic","damage_taken":0,"max_hp_gain":0,"max_hp_loss":0,"event_name":"Bonfire Elementals","floor":48,"gold_loss":0}],"is_beta":false,"boss_relics":[{"not_picked":["Black Star","Tiny House"],"picked":"Sozu"},{"not_picked":["Astrolabe","Velvet Choker"],"picked":"Calling Bell"}],"items_purged_floors":[10,28],"is_endless":false,"potions_floor_spawned":[3,5,11,21,27,37,42,45],"ascension_level":2}}