{"host":"lddajdu6cqgaqcx3","time":1612886921,"event":{"mods":["Act Like it!","BaseMod","Bossed Relics","Colored Map","Downfall","Gensokyo","Marisa£®ÏF”Í°°ƒß¿Ì…≥£©","Minty Spire (QoL Compilation)","Reimu£®≤©¿ˆ¡È√Œ£©","Remilia£®¿Ÿ√◊¿Ú—«£©","Replay The Spire","StSLib"],"gold_per_floor":[99,118,136,153,113,113,113,113,132,163,175,209,261,275,295,419,419,419,458,478,538,571,601,628,653,653,653,665,696,708,758,768,864,864,864,880,897,603,617,34,34,238,238,238,238],"floor_reached":44,"language":"ZHS","playtime":1867,"items_purged":["EndlessAdversity","Defend_RM"],"score":752,"play_id":"e4733f4d-fde5-4c9f-bc2f-d8715bb9652d","local_time":"20210210000841","is_ascension_mode":true,"campfire_choices":[{"data":"BombardNight","floor":6,"key":"SMITH"},{"data":"BloodyCatastrophe","floor":18,"key":"SMITH"},{"data":"DiffusionOfMisfortune","floor":27,"key":"SMITH"},{"data":"KillingBlow","floor":35,"key":"SMITH"},{"data":"SuperhumanBloodyKnife","floor":43,"key":"SMITH"}],"circlet_count":0,"master_deck":["Strike_RM","Strike_RM","Strike_RM","Strike_RM","Defend_RM","Defend_RM","RedMoon","ScarletShoot","NightLord","BombardNight+1","HunterOfTheNight","MillenniumVampire+1","Stigmanizer","FavorOfDestiny","ScarletImprint","AfternoonTea+1","VampirishNight","Septette","BloodyCatastrophe+1","FavorOfDestiny+1","CharismaGuard+1","EternalNight+1","DiffusionOfMisfortune+1","BloodyMagicSquare+1","CeilingFear","BombardNight+1","AfternoonTea+1","Sickly","NightDance+1","SuperhumanBloodyKnife+1","SuperhumanBloodyKnife","BombardNight+1","DiffusionOfMisfortune+1","KillingBlow+1","BombardNight+1","VampireKiss","Stigmanizer+1","ScarletDream+1","Panacea","ReplayTheSpireMod:Splinters","BombardNight+1"],"relics":["ScarletHat","PaintedHorse:ReiMu","Boot","Anchor","Strawberry","Honey Jar","War Paint","Replay:Rubber Ducky","Replay:Wax Seal","Coffee Dripper","RedBat","Onion Ring","Nunchaku","Replay:Ringing Soul","Pear"],"acts_visited":["Exordium","TheCity","TheBeyond"],"potions_floor_usage":[11,13,16,21,33],"damage_taken":[{"damage":0,"enemies":"Small Slimes","floor":2,"turns":2},{"damage":0,"enemies":"2 Louse","floor":3,"turns":2},{"damage":0,"enemies":"Cultist","floor":4,"turns":4},{"damage":8,"enemies":"Blue Slaver","floor":9,"turns":3},{"damage":8,"enemies":"Lagavulin","floor":10,"turns":3},{"damage":2,"enemies":"Gremlin Gang","floor":11,"turns":4},{"damage":2,"enemies":"Large Slime","floor":12,"turns":4},{"damage":10,"enemies":"Gremlin Nob","floor":13,"turns":3},{"damage":15,"enemies":"3 Louse","floor":14,"turns":4},{"damage":0,"enemies":"Blue Slaver","floor":15,"turns":2},{"damage":2,"enemies":"IC_STATUS_ARCHETYPE","floor":16,"turns":10},{"damage":4,"enemies":"Spheric Guardian","floor":19,"turns":3},{"damage":0,"enemies":"3 Byrds","floor":20,"turns":3},{"damage":13,"enemies":"Shelled Parasite and Fungi","floor":21,"turns":5},{"damage":3,"enemies":"Centurion and Healer","floor":22,"turns":3},{"damage":4,"enemies":"Cultist and Chosen","floor":23,"turns":3},{"damage":68,"enemies":"Book of Stabbing","floor":25,"turns":3},{"damage":10,"enemies":"Snake Plant","floor":28,"turns":2},{"damage":5,"enemies":"Centurion and Healer","floor":29,"turns":3},{"damage":5,"enemies":"Shelled Parasite and Fungi","floor":30,"turns":1},{"damage":5,"enemies":"Slavers","floor":31,"turns":4},{"damage":3,"enemies":"3 Cultists","floor":32,"turns":2},{"damage":90,"enemies":"DF_ARCHETYPE_CLAW","floor":33,"turns":4},{"damage":47,"enemies":"3 Darklings","floor":36,"turns":2},{"damage":26,"enemies":"Orb Walker","floor":37,"turns":1},{"damage":16,"enemies":"downfall:FleeingMerchant","floor":38,"turns":3},{"damage":14,"enemies":"Maw","floor":39,"turns":3}],"seed_played":"-3823042620217823677","potions_obtained":[{"floor":3,"key":"Weak Potion"},{"floor":9,"key":"Fire Potion"},{"floor":10,"key":"Milkshake"},{"floor":11,"key":"AttackPotion"},{"floor":13,"key":"BlessingOfTheForge"},{"floor":14,"key":"Fire Potion"},{"floor":20,"key":"bronze:BurnAndBuffPotion"},{"floor":20,"key":"Cursed Concoction"},{"floor":21,"key":"Fruit Juice"},{"floor":25,"key":"BlessingOfTheForge"},{"floor":28,"key":"SkillPotion"},{"floor":29,"key":"Slimebound:ThreeZeroPotion"},{"floor":33,"key":"Fire Potion"},{"floor":37,"key":"FearPotion"}],"is_trial":false,"path_per_floor":["R_BF","M","M","M","?","R","T","?","M","E","M","M","E","M","M","B",null,"R","M","M","M","M","M","T","E","?","R","M","M","M","E","M","B",null,"R","M","M","$","M","$","T","?","R","M"],"character_chosen":"REMILIA","items_purchased":["RedBat","Onion Ring","Nunchaku","Replay:Ringing Soul","Panacea"],"campfire_rested":0,"item_purchase_floors":[38,38,40,40,40],"current_hp_per_floor":[82,82,82,82,82,82,82,82,74,68,67,65,64,49,52,55,89,89,85,85,85,83,88,88,20,20,20,10,9,10,5,6,7,94,94,52,31,27,13,16,26,29,29,0,0],"gold":238,"neow_bonus":"TEN_PERCENT_HP_BONUS","is_daily":false,"chose_seed":false,"campfire_upgraded":5,"win_rate":0.0,"timestamp":1612886921,"path_taken":["R_BF","M","M","M","?","R","T","?","M","E","?","M","E","M","M","BOSS","R","M","M","M","M","M","T","E","?","R","M","?","M","E","M","BOSS","R","M","M","$","M","$","T","?","R","M"],"items_purchased_type":["Relic","Relic","Relic","Relic","Card"],"build_version":"2020-12-22","purchased_purges":2,"victory":false,"max_hp_per_floor":[82,82,82,82,82,82,82,82,82,82,82,82,89,89,89,89,89,89,89,89,94,94,94,94,94,94,94,94,94,94,94,94,94,94,94,94,94,94,94,97,107,110,110,110,110],"card_choices":[{"not_picked":["CharismaGuard","VampireClaw"],"picked":"BombardNight","floor":2},{"not_picked":["Stigmanizer","BadLadyScramble"],"picked":"HunterOfTheNight","floor":3},{"not_picked":["NightDance","UnstableMagic"],"picked":"MillenniumVampire","floor":4},{"not_picked":["MillenniumVampire","NightDance"],"picked":"Stigmanizer","floor":9},{"not_picked":["UnstableMagic","MillenniumVampire"],"picked":"FavorOfDestiny","floor":10},{"not_picked":["RedRainbow","VampireFantasy"],"picked":"EndlessAdversity","floor":11},{"not_picked":["UltimateOffering","ScarletDream"],"picked":"ScarletImprint","floor":12},{"not_picked":["MastersStateliness","ScarletGensokyo"],"picked":"AfternoonTea","floor":13},{"not_picked":["ReincarnationDial","StarOfDavid"],"picked":"VampirishNight","floor":14},{"not_picked":["UnstableMagic","EndlessAdversity"],"picked":"Septette","floor":15},{"not_picked":["BloodyHallows","ForecastOfChange"],"picked":"BloodyCatastrophe","floor":16},{"not_picked":["ScarletDevil","HunterOfTheNight+1","StarOfDavid"],"picked":"FavorOfDestiny+1","floor":19},{"not_picked":["Maim","AfternoonTea","VampirishNight"],"picked":"CharismaGuard+1","floor":20},{"not_picked":["ScarletDevilSign","BombardNight","ScarletGensokyo"],"picked":"EternalNight+1","floor":21},{"not_picked":["BadLadyScramble+1","RedRainbow","GlobalNightmare"],"picked":"DiffusionOfMisfortune","floor":22},{"not_picked":["DevilSight","RedMagic","ScarletGensokyo"],"picked":"BloodyMagicSquare+1","floor":23},{"not_picked":["FavorOfDestiny","ScarletDevilSign","Ultimatum"],"picked":"CeilingFear","floor":25},{"not_picked":["DiffusionOfMisfortune+1","BloodHunter","GlobalNightmare"],"picked":"NightDance+1","floor":28},{"not_picked":["Maim+1","BloodHunter+1","VampireClaw"],"picked":"SuperhumanBloodyKnife","floor":29},{"not_picked":["AfternoonTea","TwelveNightmare","CharismaGuard"],"picked":"SuperhumanBloodyKnife","floor":30},{"not_picked":["GlobalNightmare","RedRainbow","ChainGang"],"picked":"BombardNight+1","floor":31},{"not_picked":["RedRainbow","VampireKiss","VampirishNight"],"picked":"DiffusionOfMisfortune+1","floor":32},{"not_picked":["BloodyHallows","CurseOfVladTepes","DemonKingCradle"],"picked":"KillingBlow","floor":33},{"not_picked":["UnstableMagic","MillenniumVampire+1","UnderTheZenith"],"picked":"BombardNight+1","floor":36},{"not_picked":["CharismaGuard+1","RedRainbow+1","DevilSight"],"picked":"VampireKiss","floor":37},{"not_picked":["NightDance","BloodyCatastrophe","VampireSweep"],"picked":"Stigmanizer+1","floor":38},{"not_picked":["BlasphemousPunishment","DevilSight","NightLord"],"picked":"ScarletDream+1","floor":39},{"not_picked":["MastersStateliness+1","ScarletGensokyo","DiffusionOfMisfortune"],"picked":"BombardNight+1","floor":42}],"player_experience":17431,"relics_obtained":[{"floor":7,"key":"Boot"},{"floor":10,"key":"Anchor"},{"floor":13,"key":"Strawberry"},{"floor":24,"key":"War Paint"},{"floor":25,"key":"Replay:Rubber Ducky"},{"floor":31,"key":"Replay:Wax Seal"},{"floor":41,"key":"Pear"}],"event_choices":[{"damage_healed":0,"gold_gain":0,"player_choice":"»˚«Æ","damage_taken":0,"relics_obtained":["PaintedHorse:ReiMu"],"max_hp_gain":0,"max_hp_loss":0,"event_name":"yidonshenshe","floor":5,"gold_loss":40}],"is_beta":false,"boss_relics":[{"not_picked":["Empty Cage","Astrolabe"],"picked":"Honey Jar"},{"not_picked":["Sozu","RedLine:ReiMu"],"picked":"Coffee Dripper"}],"items_purged_floors":[38,40],"is_endless":false,"potions_floor_spawned":[3,9,10,11,13,15,20,21,25,28,29,33,37],"killed_by":"Spire Growth","ascension_level":2}}