{"host":"y0i0tbisecj7yjyn","time":1612894925,"event":{"mods":["A Penny For Your Troubles","AlwaysNeverKeys","BaseMod","BetterRewards","Colored Map","Colored Powertips","Curses Come First","Displayed Cursed Tome","Keyboard Shortcuts","Minty Spire (QoL Compilation)","Random Character Button","Rare Cards Sparkle","Relic Sorter","StSLib","SuperFastMode","Transform Curses","Weighted Paths"],"gold_per_floor":[114,134,134,134,134,134,163,163,163,163,179,197,214,270,270,375,375,391,341,351,364,89,89,104,104,104],"floor_reached":25,"language":"ENG","playtime":1040,"items_purged":["Regret"],"score":233,"play_id":"ca8aee26-7538-445c-8789-30a916d0bc13","local_time":"20210209122205","is_ascension_mode":true,"campfire_choices":[{"data":"Dualcast","floor":6,"key":"SMITH"},{"floor":8,"key":"REST"},{"data":"Redo","floor":10,"key":"SMITH"},{"floor":15,"key":"REST"},{"floor":23,"key":"REST"}],"circlet_count":0,"master_deck":["Strike_B","Strike_B","Strike_B","Strike_B","Defend_B","Defend_B","Defend_B","Defend_B","Zap+1","Dualcast+1","Impatience","Genetic Algorithm","Redo+1","Redo","Defragment","Zap+1","Ball Lightning"],"relics":["Cracked Core","Orichalcum","Meat on the Bone","Bronze Scales","Singing Bowl","Vajra","Inserter","DollysMirror"],"acts_visited":["Exordium","TheCity"],"potions_floor_usage":[7,7,25,25],"damage_taken":[{"damage":0,"enemies":"Jaw Worm","floor":1,"turns":3},{"damage":7,"enemies":"Small Slimes","floor":2,"turns":3},{"damage":41,"enemies":"Lagavulin","floor":7,"turns":8},{"damage":3,"enemies":"Cultist","floor":11,"turns":3},{"damage":6,"enemies":"Blue Slaver","floor":12,"turns":3},{"damage":1,"enemies":"3 Louse","floor":13,"turns":3},{"damage":29,"enemies":"3 Sentries","floor":14,"turns":6},{"damage":64,"enemies":"The Guardian","floor":16,"turns":10},{"damage":17,"enemies":"Chosen","floor":18,"turns":4},{"damage":35,"enemies":"Shell Parasite","floor":20,"turns":7},{"damage":27,"enemies":"Chosen and Byrds","floor":21,"turns":5},{"damage":22,"enemies":"Snake Plant","floor":24,"turns":3},{"damage":51,"enemies":"Slavers","floor":25,"turns":3}],"seed_played":"-7081391978084808488","potions_obtained":[{"floor":1,"key":"Dexterity Potion"},{"floor":2,"key":"Regen Potion"},{"floor":7,"key":"Energy Potion"},{"floor":12,"key":"SteroidPotion"},{"floor":16,"key":"Explosive Potion"},{"floor":21,"key":"CultistPotion"},{"floor":24,"key":"DuplicationPotion"}],"is_trial":false,"path_per_floor":["M","M","?","?","?","R","E","R","T","R","M","M","M","?","R","B",null,"M","?","M","M","$","R","M","E"],"character_chosen":"DEFECT","items_purchased":["DollysMirror","Ball Lightning"],"campfire_rested":3,"item_purchase_floors":[22,22],"current_hp_per_floor":[75,68,56,56,56,56,42,64,64,64,61,57,58,43,67,17,83,68,68,47,32,32,58,50,0,0],"gold":104,"neow_bonus":"RANDOM_COLORLESS","is_daily":false,"chose_seed":false,"campfire_upgraded":2,"win_rate":0.0,"timestamp":1612894925,"path_taken":["M","M","?","?","?","R","E","R","T","R","M","?","M","?","R","BOSS","M","?","?","M","$","R","M","E"],"items_purchased_type":["Relic","Card"],"build_version":"2020-12-22","purchased_purges":1,"victory":false,"max_hp_per_floor":[75,75,75,75,75,75,75,75,75,75,75,77,79,81,81,83,83,85,85,87,87,87,87,89,89,89],"card_choices":[{"not_picked":["Purity","Dark Shackles"],"picked":"Impatience","floor":0},{"not_picked":["Aggregate","Rip and Tear"],"picked":"Genetic Algorithm","floor":1},{"not_picked":["Go for the Eyes","Cold Snap","Coolheaded"],"picked":"SKIP","floor":2},{"not_picked":["Gash","Tempest"],"picked":"Redo","floor":7},{"not_picked":["Streamline","Stack"],"picked":"Redo","floor":11},{"not_picked":["Steam","Leap","Rebound"],"picked":"Singing Bowl","floor":12},{"not_picked":["Cold Snap","Turbo","Melter"],"picked":"Singing Bowl","floor":13},{"not_picked":["Hyperbeam","Aggregate","Barrage"],"picked":"Singing Bowl","floor":14},{"not_picked":["Thunder Strike","Machine Learning","Reboot"],"picked":"Singing Bowl","floor":16},{"not_picked":["Coolheaded","Go for the Eyes","Hologram+1"],"picked":"Singing Bowl","floor":18},{"not_picked":["Sweeping Beam","Redo","Turbo"],"picked":"Singing Bowl","floor":20},{"not_picked":["Sweeping Beam","Glacier"],"picked":"Defragment","floor":21},{"not_picked":["Genetic Algorithm","Beam Cell","Cold Snap"],"picked":"Singing Bowl","floor":24}],"player_experience":406431,"relics_obtained":[{"floor":7,"key":"Bronze Scales"},{"floor":9,"key":"Singing Bowl"},{"floor":14,"key":"Vajra"}],"event_choices":[{"damage_healed":0,"gold_gain":0,"player_choice":"Success","damage_taken":12,"relics_obtained":["Orichalcum"],"max_hp_gain":0,"max_hp_loss":0,"event_name":"Scrap Ooze","floor":3,"gold_loss":0},{"damage_healed":0,"gold_gain":0,"player_choice":"Box","damage_taken":0,"relics_obtained":["Meat on the Bone"],"max_hp_gain":0,"max_hp_loss":0,"event_name":"Big Fish","floor":4,"gold_loss":0,"cards_obtained":["Regret"]},{"damage_healed":0,"gold_gain":0,"player_choice":"Upgraded","damage_taken":0,"max_hp_gain":0,"max_hp_loss":0,"event_name":"Upgrade Shrine","floor":5,"gold_loss":0,"cards_upgraded":["Zap"]},{"damage_healed":0,"gold_gain":0,"player_choice":"Searched \u00272\u0027 times","damage_taken":0,"max_hp_gain":0,"max_hp_loss":0,"event_name":"Dead Adventurer","floor":14,"gold_loss":0},{"damage_healed":0,"gold_gain":0,"player_choice":"Bet on Murderer","damage_taken":0,"max_hp_gain":0,"max_hp_loss":0,"event_name":"The Joust","floor":19,"gold_loss":50}],"is_beta":false,"boss_relics":[{"not_picked":["Tiny House","Philosopher\u0027s Stone"],"picked":"Inserter"}],"items_purged_floors":[22],"is_endless":false,"potions_floor_spawned":[1,2,7,12,16,21,24],"killed_by":"Slavers","ascension_level":3}}