{"host":"nnt34ungdh9fkcmy","time":1612847846,"event":{"mods":["BaseMod","Minty Spire (QoL Compilation)","StSLib","SuperFastMode"],"gold_per_floor":[115,115,215,234,249,277,287,318,341,375,385,409,409,426,426,527,527,539,554,554,149,149,176,194,194,264,281,297,73,100,100,100,198,198,217,14,14,28,103,103,138,138,215,215,248,248,248,261,261,261],"floor_reached":51,"language":"ENG","playtime":2016,"items_purged":["Strike_B","Sunder"],"score":974,"play_id":"235c9886-5ff3-4ba4-9aa6-2bbdb1dc2e2d","local_time":"20210208221726","is_ascension_mode":true,"campfire_choices":[{"data":"Sunder","floor":15,"key":"SMITH"},{"data":"Recycle","floor":25,"key":"SMITH"},{"data":"Defragment","floor":32,"key":"SMITH"},{"data":"Loop","floor":40,"key":"SMITH"},{"data":"Capacitor","floor":42,"key":"SMITH"},{"data":"Machine Learning","floor":44,"key":"SMITH"},{"data":"Barrage","floor":49,"key":"SMITH"}],"circlet_count":0,"master_deck":["Strike_B+1","Defend_B+1","Defend_B+1","Defend_B+1","Zap","Sunder+1","Glacier","Capacitor+1","Machine Learning+1","Barrage+1","Biased Cognition","Recycle+1","Loop+1","Capacitor","Reinforced Body","Defragment+1","Blizzard+1","Defragment+1","Electrodynamics","Dark Shackles+1"],"relics":["Coffee Dripper","Darkstone Periapt","Bag of Preparation","Oddly Smooth Stone","War Paint","MealTicket","SlaversCollar","Bottled Lightning","Akabeko","Toxic Egg 2","Tiny Chest","Potion Belt","Empty Cage","White Beast Statue","Meat on the Bone","Question Card","Anchor"],"acts_visited":["Exordium","TheCity","TheBeyond"],"potions_floor_usage":[11,16,28,28,35,41,41,41,46,50,50,50,50],"damage_taken":[{"damage":0,"enemies":"2 Louse","floor":1,"turns":2},{"damage":0,"enemies":"Small Slimes","floor":4,"turns":1},{"damage":0,"enemies":"Cultist","floor":5,"turns":4},{"damage":6,"enemies":"Lagavulin","floor":6,"turns":7},{"damage":0,"enemies":"Exordium Thugs","floor":7,"turns":5},{"damage":4,"enemies":"Gremlin Nob","floor":8,"turns":4},{"damage":1,"enemies":"Lagavulin","floor":10,"turns":8},{"damage":0,"enemies":"Large Slime","floor":11,"turns":5},{"damage":0,"enemies":"3 Louse","floor":14,"turns":2},{"damage":37,"enemies":"Hexaghost","floor":16,"turns":12},{"damage":11,"enemies":"Shell Parasite","floor":18,"turns":7},{"damage":23,"enemies":"3 Byrds","floor":19,"turns":7},{"damage":26,"enemies":"Gremlin Leader","floor":23,"turns":7},{"damage":11,"enemies":"Snake Plant","floor":24,"turns":6},{"damage":0,"enemies":"Shelled Parasite and Fungi","floor":27,"turns":9},{"damage":7,"enemies":"Cultist and Chosen","floor":28,"turns":7},{"damage":0,"enemies":"Champ","floor":33,"turns":11},{"damage":17,"enemies":"3 Darklings","floor":35,"turns":6},{"damage":0,"enemies":"3 Shapes","floor":38,"turns":6},{"damage":0,"enemies":"Reptomancer","floor":41,"turns":6},{"damage":21,"enemies":"Nemesis","floor":45,"turns":9},{"damage":3,"enemies":"Writhing Mass","floor":46,"turns":3},{"damage":0,"enemies":"Maw","floor":48,"turns":7},{"damage":20,"enemies":"Donu and Deca","floor":50,"turns":8}],"seed_played":"-5660496267907493114","potions_obtained":[{"floor":1,"key":"Energy Potion"},{"floor":5,"key":"Fire Potion"},{"floor":8,"key":"Energy Potion"},{"floor":14,"key":"SkillPotion"},{"floor":16,"key":"Fruit Juice"},{"floor":28,"key":"Fire Potion"},{"floor":41,"key":"Dexterity Potion"},{"floor":45,"key":"ColorlessPotion"},{"floor":48,"key":"DistilledChaos"}],"is_trial":false,"path_per_floor":["M","?","?","M","M","E","M","E","T","E","M","T","?","M","R","B",null,"M","M","?","$","?","E","M","R","T","M","M","$","T","?","R","B",null,"M","$","?","M","T","R","E","R","T","R","E","M","?","M","R","B",null],"character_chosen":"DEFECT","items_purchased":["Bottled Lightning","Loop","Defragment","Tiny Chest","EntropicBrew"],"campfire_rested":0,"item_purchase_floors":[21,21,29,29,36],"current_hp_per_floor":[75,60,60,60,60,54,54,50,50,49,49,49,49,49,49,12,75,64,41,41,56,56,30,19,19,19,19,12,27,27,27,27,27,75,58,73,71,71,71,71,71,71,71,71,50,47,47,47,47,44],"gold":261,"neow_bonus":"BOSS_RELIC","is_daily":false,"chose_seed":false,"campfire_upgraded":7,"win_rate":0.0,"timestamp":1612847846,"path_taken":["M","?","?","M","M","E","M","E","T","E","?","?","?","M","R","BOSS","M","M","?","$","?","E","M","R","T","M","?","$","?","?","R","BOSS","M","$","?","M","?","R","E","R","T","R","E","M","?","M","R","BOSS"],"items_purchased_type":["Relic","Card","Card","Relic","Potion"],"build_version":"2020-12-22","purchased_purges":2,"victory":true,"max_hp_per_floor":[75,75,75,75,75,75,75,75,75,75,75,75,75,75,75,75,75,75,75,75,75,75,75,75,75,75,75,75,75,75,75,75,75,75,75,75,71,71,71,71,71,71,71,71,71,71,71,71,71,76],"card_choices":[{"not_picked":["Consume","Sweeping Beam"],"picked":"Sunder","floor":1},{"not_picked":["Cold Snap","Conserve Battery"],"picked":"Glacier","floor":4},{"not_picked":["Fusion","Force Field","Hologram"],"picked":"SKIP","floor":5},{"not_picked":["Compile Driver","Stack"],"picked":"Capacitor","floor":6},{"not_picked":["Lockon","Stack","Amplify"],"picked":"SKIP","floor":7},{"not_picked":["Turbo","Undo","Steam"],"picked":"SKIP","floor":8},{"not_picked":["Skim","Steam"],"picked":"Machine Learning","floor":10},{"not_picked":["Conserve Battery","Beam Cell","Auto Shields"],"picked":"SKIP","floor":11},{"not_picked":["Gash","Streamline"],"picked":"Barrage","floor":14},{"not_picked":["Rainbow","Electrodynamics"],"picked":"Biased Cognition","floor":16},{"not_picked":["Force Field","Steam Power"],"picked":"Recycle","floor":18},{"not_picked":["Sweeping Beam","Hello World","Gash"],"picked":"SKIP","floor":19},{"not_picked":["Turbo+1","Hologram","Steam"],"picked":"SKIP","floor":23},{"not_picked":["Lockon","Heatsinks"],"picked":"Reinforced Body","floor":24},{"not_picked":["Ball Lightning","Rebound"],"picked":"Defragment+1","floor":27},{"not_picked":["Gash","Melter"],"picked":"Blizzard+1","floor":28},{"not_picked":["All For One","Multi-Cast+1"],"picked":"Electrodynamics","floor":33},{"not_picked":["Beam Cell","Go for the Eyes","Streamline+1"],"picked":"SKIP","floor":35},{"not_picked":["Steam Power+1","Darkness+1","Scrape"],"picked":"SKIP","floor":38},{"not_picked":["Double Energy+1","Turbo+1","Streamline+1"],"picked":"SKIP","floor":41},{"not_picked":["Auto Shields+1","Hello World","Redo+1","Leap+1"],"picked":"SKIP","floor":45},{"not_picked":["Redo+1","Streamline+1","Barrage+1","Turbo+1"],"picked":"SKIP","floor":48}],"player_experience":111365,"relics_obtained":[{"floor":6,"key":"Darkstone Periapt"},{"floor":8,"key":"Bag of Preparation"},{"floor":9,"key":"Oddly Smooth Stone"},{"floor":10,"key":"War Paint"},{"floor":12,"key":"MealTicket"},{"floor":23,"key":"Akabeko"},{"floor":26,"key":"Toxic Egg 2"},{"floor":30,"key":"Potion Belt"},{"floor":39,"key":"White Beast Statue"},{"floor":41,"key":"Meat on the Bone"},{"floor":43,"key":"Question Card"},{"floor":45,"key":"Anchor"}],"event_choices":[{"damage_healed":0,"gold_gain":0,"player_choice":"Entered Light","damage_taken":15,"max_hp_gain":0,"max_hp_loss":0,"event_name":"Shining Light","floor":2,"gold_loss":0,"cards_upgraded":["Strike_B","Defend_B"]},{"damage_healed":0,"gold_gain":100,"player_choice":"Gold","damage_taken":0,"max_hp_gain":0,"max_hp_loss":0,"event_name":"Wheel of Change","floor":3,"gold_loss":0},{"damage_healed":0,"gold_gain":0,"player_choice":"Bought 0 Potions","damage_taken":0,"max_hp_gain":0,"max_hp_loss":0,"event_name":"The Woman in Blue","floor":13,"gold_loss":0},{"damage_healed":0,"gold_gain":0,"cards_transformed":["Strike_B","Strike_B"],"player_choice":"Became Test Subject","damage_taken":0,"max_hp_gain":0,"max_hp_loss":0,"event_name":"Drug Dealer","floor":20,"gold_loss":0,"cards_obtained":["Steam","Sunder"]},{"damage_healed":0,"gold_gain":0,"player_choice":"Copied","damage_taken":0,"max_hp_gain":0,"max_hp_loss":0,"event_name":"Duplicator","floor":22,"gold_loss":0,"cards_obtained":["Capacitor"]},{"cards_removed":["Dualcast"],"damage_healed":0,"gold_gain":0,"player_choice":"Elegance","damage_taken":0,"max_hp_gain":0,"max_hp_loss":0,"event_name":"Back to Basics","floor":31,"gold_loss":0},{"damage_healed":0,"gold_gain":0,"player_choice":"Max HP","damage_taken":0,"max_hp_gain":0,"max_hp_loss":4,"event_name":"Winding Halls","floor":37,"gold_loss":0},{"damage_healed":0,"gold_gain":0,"player_choice":"1 cards matched","damage_taken":0,"max_hp_gain":0,"max_hp_loss":0,"event_name":"Match and Keep!","floor":47,"gold_loss":0,"cards_obtained":["Dark Shackles"]}],"is_beta":false,"boss_relics":[{"not_picked":["Sozu","Philosopher\u0027s Stone"],"picked":"SlaversCollar"},{"not_picked":["Runic Dome","Velvet Choker"],"picked":"Empty Cage"}],"items_purged_floors":[21,36],"is_endless":false,"potions_floor_spawned":[1,5,8,14,16,19,23,28,41,45,46,48],"ascension_level":4}}