{"host":"rolltorest","time":1612906322,"event":{"mods":["BaseMod","Minty Spire (QoL Compilation)","Relic Stats","Slay the Relics Exporter","StSLib"],"gold_per_floor":[109,123,123,137,157,157,192,208,232,264,113,129,88,106,106,183,183,195,95,145,160,160,160],"floor_reached":22,"language":"ENG","playtime":596,"items_purged":["Strike_B","Strike_B"],"score":396,"play_id":"64b481d8-6328-44aa-aad3-40ef9ea6a56b","local_time":"20210209133202","is_ascension_mode":true,"campfire_choices":[{"data":"Sweeping Beam","floor":6,"key":"SMITH"},{"data":"Barrage","floor":15,"key":"SMITH"}],"circlet_count":0,"master_deck":["AscendersBane","Strike_B","Strike_B","Defend_B","Defend_B","Defend_B","Defend_B","Zap","Dualcast","Undo","Reinforced Body","Sweeping Beam+1","Rebound","Electrodynamics","Barrage+1","Leap","Capacitor","Static Discharge","Reboot","Melter","Compile Driver"],"relics":["Cracked Core","NeowsBlessing","Incense Burner","Nunchaku","Ancient Tea Set","Coffee Dripper"],"acts_visited":["Exordium","TheCity"],"potions_floor_usage":[7,18],"damage_taken":[{"damage":0,"enemies":"Cultist","floor":1,"turns":1},{"damage":0,"enemies":"Small Slimes","floor":2,"turns":1},{"damage":0,"enemies":"2 Louse","floor":4,"turns":1},{"damage":5,"enemies":"Exordium Thugs","floor":5,"turns":5},{"damage":24,"enemies":"Gremlin Nob","floor":7,"turns":4},{"damage":0,"enemies":"Looter","floor":8,"turns":4},{"damage":5,"enemies":"3 Sentries","floor":10,"turns":3},{"damage":11,"enemies":"Large Slime","floor":12,"turns":8},{"damage":0,"enemies":"Exordium Wildlife","floor":14,"turns":4},{"damage":5,"enemies":"Slime Boss","floor":16,"turns":7},{"damage":1,"enemies":"Shell Parasite","floor":18,"turns":6},{"damage":0,"enemies":"Spheric Guardian","floor":21,"turns":3},{"damage":59,"enemies":"Masked Bandits","floor":22,"turns":3}],"seed_played":"-3837438737899757373","potions_obtained":[{"floor":2,"key":"Weak Potion"},{"floor":5,"key":"EssenceOfSteel"},{"floor":10,"key":"FearPotion"},{"floor":16,"key":"FocusPotion"}],"is_trial":false,"path_per_floor":["M","M","$","M","M","R","E","M","T","E","$","M","$","M","R","B",null,"M","$","?","M","?"],"character_chosen":"DEFECT","items_purchased":["Capacitor","Static Discharge"],"campfire_rested":0,"item_purchase_floors":[11,13],"current_hp_per_floor":[64,64,64,64,59,59,35,35,35,30,30,19,19,19,19,14,57,56,56,56,56,0,0],"gold":160,"neow_bonus":"THREE_ENEMY_KILL","is_daily":false,"chose_seed":false,"campfire_upgraded":2,"win_rate":0.0,"timestamp":1612906322,"path_taken":["M","M","?","M","M","R","E","M","T","E","$","M","?","?","R","BOSS","M","$","?","M","?"],"items_purchased_type":["Card","Card"],"build_version":"2020-12-18","purchased_purges":2,"victory":false,"max_hp_per_floor":[71,71,71,71,71,71,71,71,71,71,71,71,71,71,71,71,71,71,71,71,71,71,71],"relic_stats":{"Nunchaku":[3],"counters":[13,50],"obtain_stats":[{"Nunchaku":9,"NeowsBlessing":0,"Incense Burner":7,"Coffee Dripper":17,"Cracked Core":0,"Ancient Tea Set":10},{"Nunchaku":6,"NeowsBlessing":0,"Incense Burner":5,"Coffee Dripper":10,"Cracked Core":0,"Ancient Tea Set":7},{"Nunchaku":16,"NeowsBlessing":0,"Incense Burner":12,"Coffee Dripper":38,"Cracked Core":0,"Ancient Tea Set":19}]},"card_choices":[{"not_picked":["Rebound","Aggregate"],"picked":"Undo","floor":1},{"not_picked":["Recycle","Heatsinks"],"picked":"Reinforced Body","floor":2},{"not_picked":["Coolheaded","Capacitor"],"picked":"Sweeping Beam","floor":4},{"not_picked":["Redo","Turbo"],"picked":"Rebound","floor":5},{"not_picked":["Double Energy","Barrage"],"picked":"Electrodynamics","floor":7},{"not_picked":["Beam Cell","Double Energy"],"picked":"Barrage","floor":8},{"not_picked":["Storm","Blizzard"],"picked":"Leap","floor":10},{"not_picked":["Chill","Redo","Leap"],"picked":"SKIP","floor":12},{"not_picked":["Lockon","Gash","Sweeping Beam"],"picked":"SKIP","floor":14},{"not_picked":["Machine Learning","All For One"],"picked":"Reboot","floor":16},{"not_picked":["Undo","White Noise"],"picked":"Melter","floor":18},{"not_picked":["Leap","Streamline"],"picked":"Compile Driver","floor":21}],"player_experience":1932576,"relics_obtained":[{"floor":7,"key":"Incense Burner"},{"floor":9,"key":"Nunchaku"},{"floor":10,"key":"Ancient Tea Set"}],"event_choices":[{"damage_healed":0,"gold_gain":50,"player_choice":"Stole From Cult","damage_taken":0,"max_hp_gain":0,"max_hp_loss":0,"event_name":"Nest","floor":20,"gold_loss":0},{"damage_healed":0,"gold_gain":0,"player_choice":"Fought Bandits","damage_taken":0,"max_hp_gain":0,"max_hp_loss":0,"event_name":"Masked Bandits","floor":22,"gold_loss":0}],"is_beta":true,"boss_relics":[{"not_picked":["Busted Crown","Fusion Hammer"],"picked":"Coffee Dripper"}],"items_purged_floors":[11,19],"is_endless":false,"potions_floor_spawned":[2,5,10,14,16],"killed_by":"Masked Bandits","ascension_level":20}}