{"host":"qekv59dthhdg54sz","time":1612855529,"event":{"mods":["AchievementEnabler","BaseMod","Colored Map","DeckTracker","KOR Keyword Fix","Minty Spire (QoL Compilation)","Rare Cards Sparkle","StSLib","SuperFastMode"],"gold_per_floor":[114,114,133,133,147,147,166,166,221,301,301,324,338,338,338,338,338],"floor_reached":16,"language":"KOR","playtime":221,"items_purged":[],"score":184,"play_id":"e869aca1-bebf-4b59-a617-3debf05c3c04","local_time":"20210209162529","is_ascension_mode":true,"campfire_choices":[{"data":"Noxious Fumes","floor":6,"key":"SMITH"},{"floor":8,"key":"REST"},{"data":"Deadly Poison","floor":11,"key":"SMITH"},{"floor":15,"key":"REST"}],"circlet_count":0,"master_deck":["AscendersBane","Strike_G","Strike_G","Strike_G","Defend_G","Defend_G","Defend_G","Defend_G","Survivor","Neutralize","Blade Dance","Flechettes","Dagger Spray","Deadly Poison+1","Noxious Fumes+1","PiercingWail","Cloak And Dagger","Prepared"],"relics":["Ring of the Snake","Golden Idol","Centennial Puzzle","The Courier"],"acts_visited":["Exordium"],"potions_floor_usage":[],"damage_taken":[{"damage":8,"enemies":"2 Louse","floor":1,"turns":3},{"damage":4,"enemies":"Jaw Worm","floor":3,"turns":5},{"damage":1,"enemies":"Cultist","floor":5,"turns":4},{"damage":11,"enemies":"Looter","floor":7,"turns":3},{"damage":3,"enemies":"Blue Slaver","floor":12,"turns":4},{"damage":11,"enemies":"2 Fungi Beasts","floor":13,"turns":3},{"damage":32,"enemies":"Slime Boss","floor":16,"turns":7}],"seed_played":"-2819909241275131885","potions_obtained":[{"floor":3,"key":"LiquidBronze"},{"floor":5,"key":"Explosive Potion"}],"is_trial":false,"path_per_floor":["M","?","M","?","M","R","M","R","T","T","R","M","M","?","R","B"],"character_chosen":"THE_SILENT","items_purchased":[],"campfire_rested":2,"item_purchase_floors":[],"current_hp_per_floor":[36,29,25,25,24,24,13,31,31,31,31,28,17,17,35,3,3],"gold":338,"neow_bonus":"TRANSFORM_TWO_CARDS","is_daily":false,"chose_seed":false,"campfire_upgraded":2,"win_rate":0.0,"timestamp":1612855529,"path_taken":["M","?","M","?","M","R","M","R","T","?","R","M","?","?","R","BOSS"],"items_purchased_type":[],"build_version":"2020-12-22","purchased_purges":0,"victory":false,"max_hp_per_floor":[66,66,66,60,60,60,60,60,60,60,60,60,60,60,60,60,60],"card_choices":[{"not_picked":["Slice","Dodge and Roll"],"picked":"Dagger Spray","floor":1},{"not_picked":["Bane","Deflect"],"picked":"Deadly Poison","floor":3},{"not_picked":["Bane","Bouncing Flask"],"picked":"Noxious Fumes","floor":5},{"not_picked":["Deadly Poison","Riddle With Holes"],"picked":"PiercingWail","floor":7},{"not_picked":["Slice","Flechettes"],"picked":"Cloak And Dagger","floor":12},{"not_picked":["Underhanded Strike","Flying Knee"],"picked":"Prepared","floor":13}],"player_experience":881956,"relics_obtained":[{"floor":9,"key":"Centennial Puzzle"},{"floor":10,"key":"The Courier"}],"event_choices":[{"cards_removed":["Strike_G"],"damage_healed":0,"gold_gain":0,"player_choice":"Card Removal","damage_taken":7,"max_hp_gain":0,"max_hp_loss":0,"event_name":"Golden Wing","floor":2,"gold_loss":0},{"damage_healed":0,"gold_gain":0,"player_choice":"Lose Max HP","damage_taken":0,"relics_obtained":["Golden Idol"],"max_hp_gain":0,"max_hp_loss":6,"event_name":"Golden Idol","floor":4,"gold_loss":0},{"damage_healed":0,"gold_gain":0,"player_choice":"Ignored","damage_taken":0,"max_hp_gain":0,"max_hp_loss":0,"event_name":"Liars Game","floor":14,"gold_loss":0}],"is_beta":false,"boss_relics":[],"items_purged_floors":[],"is_endless":false,"potions_floor_spawned":[3,5,12],"killed_by":"Slime Boss","ascension_level":20}}