{"host":"o6nndy8fvkon49s1","time":1612838372,"event":{"mods":["BaseMod","CapriCore","Hermit","Marisa????????","Minty Spire (QoL Compilation)","Prisma Mod","StSLib","Td1madao Mod","The Administrix","The Fake Hero","The Forsaken","The Immortal","The Marked","The Necromancer","The Servant 0.9.4"],"gold_per_floor":[518,152,169,189,201,201,201,201],"floor_reached":7,"language":"ENG","playtime":172,"items_purged":["luka_mod:Wait"],"score":43,"play_id":"b56ca8aa-dcc4-43f3-b402-3cfe1556831c","local_time":"20210208203932","is_ascension_mode":false,"campfire_choices":[{"floor":6,"key":"REST"}],"circlet_count":0,"master_deck":["luka_mod:StrikeLukaOne","luka_mod:StrikeLukaTwo","luka_mod:StrikeLukaThree","luka_mod:StrikeLukaFour","luka_mod:StrikeLukaFive","luka_mod:StrikeLukaSix","luka_mod:Salt","luka_mod:Guard","luka_mod:Edging","luka_mod:FlailWildly","luka_mod:Meditation","luka_mod:TouchFluffyTail","luka_mod:Cutscene","luka_mod:VaporizingRebellionSword"],"relics":["luka_mod:KeepsakeRing","Question Card"],"acts_visited":["Exordium"],"potions_floor_usage":[4],"damage_taken":[{"damage":3,"enemies":"2 Louse","floor":1,"turns":2},{"damage":7,"enemies":"Small Slimes","floor":3,"turns":3},{"damage":21,"enemies":"Jaw Worm","floor":4,"turns":4},{"damage":12,"enemies":"3 Louse","floor":5,"turns":2},{"damage":0,"enemies":"Lagavulin","floor":7,"turns":1}],"seed_played":"7820423289274430927","potions_obtained":[{"floor":1,"key":"LiquidMemories"},{"floor":4,"key":"Strength Potion"}],"is_trial":false,"path_per_floor":["M","$","M","M","M","R","E"],"character_chosen":"LUKA_CLASS","items_purchased":["Question Card","luka_mod:Cutscene"],"campfire_rested":1,"item_purchase_floors":[2,2],"current_hp_per_floor":[21,21,1,19,7,19,19,19],"gold":201,"neow_bonus":"REMOVE_CARD","is_daily":false,"chose_seed":false,"campfire_upgraded":0,"win_rate":0.0,"timestamp":1612838372,"path_taken":["M","$","M","M","M","R","E"],"items_purchased_type":["Relic","Card"],"build_version":"2020-12-22","purchased_purges":1,"victory":false,"max_hp_per_floor":[40,40,40,40,40,40,40,40],"card_choices":[{"not_picked":["luka_mod:PrayToIlias","luka_mod:RestrictedStrike"],"picked":"luka_mod:TouchFluffyTail","floor":1},{"not_picked":["luka_mod:GuardedStrike","luka_mod:RestrictedStrike","luka_mod:LightningSwordFlash","luka_mod:Overexert"],"picked":"SKIP","floor":3},{"not_picked":["luka_mod:SmallBody","luka_mod:HeroicStrike","luka_mod:AngryLuka"],"picked":"luka_mod:VaporizingRebellionSword","floor":4},{"not_picked":["luka_mod:PrayToIlias","luka_mod:Daystar","luka_mod:ThunderThrust","luka_mod:FlashKill"],"picked":"SKIP","floor":5}],"player_experience":222887,"relics_obtained":[],"event_choices":[],"is_beta":false,"boss_relics":[],"items_purged_floors":[2],"is_endless":false,"potions_floor_spawned":[1,4],"killed_by":"Lagavulin","ascension_level":0}}