{"host":"d744ndivyohnro60","time":1612837313,"event":{"mods":["BaseMod","Bestiary","Colored Powertips","Minty Spire (QoL Compilation)","Relic Stats"],"gold_per_floor":[116,191,1,101,118,118,118,132,158,185,185,213,227,0,0,100,100,120,45,45,63,82,82,116,116,116,116,116,135,45,58,58,157,157,168,168,58,68,86,86,86,111,111,121,131,131,148,158,158,158],"floor_reached":51,"language":"ENG","playtime":2481,"items_purged":["Defend_B","Strike_B","Writhe","Strike_B"],"score":978,"play_id":"c5b8b448-aaef-426b-bd10-c061f75e86ca","local_time":"20210208212153","is_ascension_mode":true,"campfire_choices":[{"floor":6,"key":"REST"},{"floor":11,"key":"REST"},{"floor":15,"key":"REST"},{"floor":23,"key":"REST"},{"floor":25,"key":"REST"},{"floor":27,"key":"REST"},{"floor":32,"key":"REST"},{"floor":40,"key":"REST"},{"floor":46,"key":"REST"},{"floor":49,"key":"REST"}],"circlet_count":0,"master_deck":["Defend_B","Zap","Dualcast","Chill","Sweeping Beam","Turbo","Reinforced Body","FTL","Beam Cell","Consume","Fusion","Sunder","Fission","Coolheaded","Echo Form","Barrage","Cold Snap","Necronomicurse","Undo+1","Auto Shields","Reinforced Body+1","Streamline","Sweeping Beam+1","Compile Driver","Redo+1","Coolheaded+1","Amplify","Multi-Cast+1","Skim+1","Turbo+1","Steam+1","Meteor Strike","Heatsinks","Barrage+1","Tempest","Force Field","Coolheaded+1","Turbo+1","Biased Cognition","Coolheaded+1","Turbo+1"],"relics":["Fusion Hammer","Chemical X","Toy Ornithopter","Dream Catcher","Vajra","Membership Card","Inserter","Necronomicon","Smiling Mask","The Courier","Cables","Astrolabe","Runic Capacitor","Akabeko","Symbiotic Virus"],"acts_visited":["Exordium","TheCity","TheBeyond"],"potions_floor_usage":[10,10,12,12,13,16,31,33,35,39,45,50,50,50],"damage_taken":[{"damage":1,"enemies":"Cultist","floor":1,"turns":3},{"damage":1,"enemies":"2 Louse","floor":5,"turns":2},{"damage":3,"enemies":"Small Slimes","floor":8,"turns":3},{"damage":0,"enemies":"3 Sentries","floor":10,"turns":5},{"damage":11,"enemies":"Lagavulin","floor":12,"turns":6},{"damage":0,"enemies":"2 Fungi Beasts","floor":13,"turns":2},{"damage":29,"enemies":"Hexaghost","floor":16,"turns":9},{"damage":20,"enemies":"2 Thieves","floor":18,"turns":5},{"damage":0,"enemies":"Shell Parasite","floor":21,"turns":4},{"damage":8,"enemies":"Centurion and Healer","floor":22,"turns":5},{"damage":18,"enemies":"Slavers","floor":24,"turns":6},{"damage":28,"enemies":"Shelled Parasite and Fungi","floor":29,"turns":5},{"damage":4,"enemies":"Cultist and Chosen","floor":31,"turns":4},{"damage":35,"enemies":"Champ","floor":33,"turns":8},{"damage":0,"enemies":"3 Darklings","floor":35,"turns":4},{"damage":34,"enemies":"3 Shapes","floor":38,"turns":4},{"damage":9,"enemies":"Spire Growth","floor":39,"turns":4},{"damage":62,"enemies":"Reptomancer","floor":42,"turns":7},{"damage":11,"enemies":"Sphere and 2 Shapes","floor":44,"turns":5},{"damage":0,"enemies":"Jaw Worm Horde","floor":45,"turns":2},{"damage":0,"enemies":"3 Darklings","floor":47,"turns":3},{"damage":0,"enemies":"Maw","floor":48,"turns":6},{"damage":24,"enemies":"Awakened One","floor":50,"turns":10}],"seed_played":"6296059735156111431","potions_obtained":[{"floor":1,"key":"EssenceOfDarkness"},{"floor":5,"key":"EntropicBrew"},{"floor":8,"key":"Explosive Potion"},{"floor":16,"key":"SpeedPotion"},{"floor":21,"key":"FairyPotion"},{"floor":31,"key":"CultistPotion"},{"floor":33,"key":"Fire Potion"},{"floor":38,"key":"LiquidBronze"},{"floor":44,"key":"Strength Potion"},{"floor":45,"key":"Block Potion"},{"floor":48,"key":"Strength Potion"}],"is_trial":false,"path_per_floor":["M","?","$","?","M","R","?","M","T","E","R","E","M","$","R","B",null,"M","$","?","M","M","R","E","R","T","R","?","M","$","M","R","B",null,"M","?","$","M","M","R","?","E","T","M","M","R","M","M","R","B",null],"character_chosen":"DEFECT","items_purchased":["Chemical X","Sweeping Beam","Membership Card","Fission","Cold Snap","Fruit Juice","Runic Capacitor"],"campfire_rested":10,"item_purchase_floors":[3,3,14,14,19,30,37],"current_hp_per_floor":[74,63,63,63,62,75,75,72,72,75,75,64,69,69,75,51,69,49,49,33,33,25,47,29,51,51,73,73,45,45,51,75,45,71,76,76,76,42,38,62,62,22,22,11,16,38,38,38,60,51],"gold":158,"neow_bonus":"BOSS_RELIC","is_daily":false,"chose_seed":false,"campfire_upgraded":0,"win_rate":0.0,"timestamp":1612837313,"path_taken":["M","?","$","?","?","R","?","M","T","E","R","E","M","$","R","BOSS","M","$","?","M","M","R","E","R","T","R","?","M","$","M","R","BOSS","M","?","$","M","?","R","?","E","T","M","M","R","M","M","R","BOSS"],"items_purchased_type":["Relic","Card","Relic","Card","Card","Potion","Relic"],"build_version":"2020-12-22","purchased_purges":4,"victory":true,"max_hp_per_floor":[75,75,75,75,75,75,75,75,75,75,75,75,75,75,75,75,75,75,75,75,75,75,75,75,75,75,75,75,75,75,80,80,80,80,80,80,80,80,80,80,76,76,76,76,76,76,76,76,76,76],"relic_stats":{"Dream Catcher":9,"Inserter":[41],"counters":[23,112],"Astrolabe":["Multi-Cast","Skim","Turbo"],"Necronomicon":[27],"Chemical X":[35],"Smiling Mask":10,"obtain_stats":[{"Inserter":17,"Astrolabe":34,"Vajra":12,"The Courier":26,"Runic Capacitor":37,"Smiling Mask":24,"Akabeko":42,"Cables":28,"Dream Catcher":10,"Fusion Hammer":0,"Necronomicon":20,"Chemical X":3,"Membership Card":14,"Cracked Core":0,"Symbiotic Virus":43,"Toy Ornithopter":9},{"Inserter":7,"Astrolabe":14,"Vajra":5,"The Courier":11,"Runic Capacitor":15,"Smiling Mask":11,"Akabeko":18,"Cables":11,"Dream Catcher":4,"Fusion Hammer":0,"Necronomicon":8,"Chemical X":1,"Membership Card":6,"Cracked Core":0,"Symbiotic Virus":18,"Toy Ornithopter":3},{"Inserter":30,"Astrolabe":67,"Vajra":19,"The Courier":50,"Runic Capacitor":71,"Smiling Mask":50,"Akabeko":86,"Cables":50,"Dream Catcher":13,"Fusion Hammer":0,"Necronomicon":35,"Chemical X":3,"Membership Card":21,"Cracked Core":0,"Symbiotic Virus":86,"Toy Ornithopter":8}],"Toy Ornithopter":53,"Cables":[53,4,34,13,2]},"card_choices":[{"not_picked":["Glacier","Streamline"],"picked":"Chill","floor":1},{"not_picked":["Barrage","Aggregate"],"picked":"Turbo","floor":5},{"not_picked":["Turbo","Hologram"],"picked":"FTL","floor":8},{"not_picked":["Conserve Battery","Ball Lightning"],"picked":"Beam Cell","floor":10},{"not_picked":["Static Discharge","Double Energy"],"picked":"Consume","floor":11},{"not_picked":["Compile Driver","Beam Cell"],"picked":"Fusion","floor":12},{"not_picked":["Rebound","Steam"],"picked":"Sunder","floor":13},{"not_picked":["Darkness","All For One"],"picked":"Coolheaded","floor":15},{"not_picked":["Buffer","Biased Cognition"],"picked":"Echo Form","floor":16},{"not_picked":["Streamline","Recycle"],"picked":"Barrage","floor":18},{"not_picked":["Ball Lightning","Recycle+1"],"picked":"Undo+1","floor":21},{"not_picked":["Heatsinks","Beam Cell","Tempest"],"picked":"SKIP","floor":22},{"not_picked":["Barrage","Self Repair+1"],"picked":"Auto Shields","floor":23},{"not_picked":["Sunder","Thunder Strike"],"picked":"Reinforced Body+1","floor":24},{"not_picked":["Stack","Hologram"],"picked":"Streamline","floor":25},{"not_picked":["Leap+1","Gash"],"picked":"Sweeping Beam+1","floor":27},{"not_picked":["Beam Cell","Rebound"],"picked":"Compile Driver","floor":29},{"not_picked":["Sweeping Beam","Coolheaded"],"picked":"Redo+1","floor":31},{"not_picked":["Genetic Algorithm","Hologram"],"picked":"Coolheaded+1","floor":32},{"not_picked":["Thunder Strike","All For One"],"picked":"Amplify","floor":33},{"not_picked":["Redo","Stack+1"],"picked":"Steam+1","floor":35},{"not_picked":["Hello World","Beam Cell+1"],"picked":"Barrage+1","floor":38},{"not_picked":["Stack+1","Rip and Tear","Redo"],"picked":"SKIP","floor":39},{"not_picked":["Scrape","Biased Cognition"],"picked":"Tempest","floor":40},{"not_picked":["Go for the Eyes+1","Rip and Tear+1"],"picked":"Force Field","floor":42},{"not_picked":["Beam Cell+1","Hello World"],"picked":"Coolheaded+1","floor":44},{"not_picked":["Ball Lightning","Barrage+1"],"picked":"Turbo+1","floor":45},{"not_picked":["Skim+1","Auto Shields+1"],"picked":"Biased Cognition","floor":46},{"not_picked":["Conserve Battery+1","Beam Cell+1"],"picked":"Coolheaded+1","floor":47},{"not_picked":["Hologram","Rebound+1","Steam+1"],"picked":"SKIP","floor":48},{"not_picked":["Leap","Sweeping Beam"],"picked":"Turbo+1","floor":49}],"player_experience":220939,"relics_obtained":[{"floor":9,"key":"Toy Ornithopter"},{"floor":10,"key":"Dream Catcher"},{"floor":12,"key":"Vajra"},{"floor":20,"key":"Necronomicon"},{"floor":24,"key":"Smiling Mask"},{"floor":26,"key":"The Courier"},{"floor":42,"key":"Akabeko"},{"floor":43,"key":"Symbiotic Virus"}],"event_choices":[{"damage_healed":0,"gold_gain":75,"player_choice":"Gather Gold","damage_taken":11,"max_hp_gain":0,"max_hp_loss":0,"event_name":"World of Goop","floor":2,"gold_loss":0},{"damage_healed":0,"gold_gain":100,"player_choice":"Gold","damage_taken":0,"max_hp_gain":0,"max_hp_loss":0,"event_name":"Wheel of Change","floor":4,"gold_loss":0},{"damage_healed":0,"gold_gain":0,"cards_transformed":["Strike_B"],"player_choice":"Change","damage_taken":0,"max_hp_gain":0,"max_hp_loss":0,"event_name":"Living Wall","floor":7,"gold_loss":0,"cards_obtained":["Reinforced Body"]},{"damage_healed":0,"gold_gain":0,"player_choice":"Obtained Book","damage_taken":16,"max_hp_gain":0,"max_hp_loss":0,"event_name":"Cursed Tome","floor":20,"gold_loss":0},{"damage_healed":0,"gold_gain":0,"player_choice":"Opened","damage_taken":0,"relics_obtained":["Cables"],"max_hp_gain":0,"max_hp_loss":0,"event_name":"The Mausoleum","floor":28,"gold_loss":0,"cards_obtained":["Writhe"]},{"damage_healed":0,"gold_gain":0,"player_choice":"2 cards matched","damage_taken":0,"max_hp_gain":0,"max_hp_loss":0,"event_name":"Match and Keep!","floor":36,"gold_loss":0,"cards_obtained":["Meteor Strike","Heatsinks"]},{"damage_healed":0,"gold_gain":0,"player_choice":"Max HP","damage_taken":0,"max_hp_gain":0,"max_hp_loss":4,"event_name":"Winding Halls","floor":41,"gold_loss":0}],"is_beta":false,"boss_relics":[{"not_picked":["Runic Dome","Busted Crown"],"picked":"Inserter"},{"not_picked":["Pandora\u0027s Box","Calling Bell"],"picked":"Astrolabe"}],"items_purged_floors":[14,19,30,37],"is_endless":false,"potions_floor_spawned":[1,5,8,16,21,31,33,38,44,45,48],"ascension_level":5}}