{"host":"avjwtc49fhlk6kym","time":1612899262,"event":{"mods":["AchievementEnabler","BaseMod","Better Match","Better Note","Better Third Choice","Colored Map","Colored Powertips","Displayed Cursed Tome","Highlight Path","Minty Spire (QoL Compilation)","Permanent Neow","Quick Restart","StSLib"],"gold_per_floor":[112,129,229,135,149,184,184,195,195,195,23,39,67,77,77,180,180,194,242,242,242],"floor_reached":20,"language":"ENG","playtime":602,"items_purged":["Strike_P"],"score":246,"play_id":"7b7737d6-83d2-451f-b264-57b7bad26300","local_time":"20210209143422","is_ascension_mode":true,"campfire_choices":[{"floor":7,"key":"REST"},{"floor":10,"key":"REST"},{"floor":15,"key":"REST"}],"circlet_count":0,"master_deck":["Strike_P","Strike_P","Strike_P","Defend_P","Defend_P","Defend_P","Defend_P","Eruption","Vigilance","Establishment","WheelKick","EmptyFist","FollowUp","ThirdEye","SashWhip","MasterReality","ThirdEye","BattleHymn","PathToVictory","BowlingBash","WindmillStrike","FearNoEvil","Scrawl","WaveOfTheHand+1"],"relics":["PureWater","Akabeko","Damaru","TeardropLocket","MealTicket"],"acts_visited":["Exordium","TheCity"],"potions_floor_usage":[6,6,8,18],"damage_taken":[{"damage":0,"enemies":"2 Louse","floor":1,"turns":2},{"damage":7,"enemies":"Cultist","floor":2,"turns":3},{"damage":2,"enemies":"Small Slimes","floor":5,"turns":3},{"damage":30,"enemies":"Gremlin Nob","floor":6,"turns":4},{"damage":0,"enemies":"Exordium Wildlife","floor":8,"turns":1},{"damage":4,"enemies":"2 Fungi Beasts","floor":12,"turns":2},{"damage":17,"enemies":"3 Sentries","floor":13,"turns":5},{"damage":6,"enemies":"Blue Slaver","floor":14,"turns":3},{"damage":0,"enemies":"Slime Boss","floor":16,"turns":4},{"damage":46,"enemies":"2 Thieves","floor":18,"turns":4},{"damage":37,"enemies":"Spheric Guardian","floor":20,"turns":5}],"seed_played":"-5149436530697168586","potions_obtained":[{"floor":1,"key":"ColorlessPotion"},{"floor":5,"key":"EssenceOfSteel"},{"floor":6,"key":"SteroidPotion"},{"floor":14,"key":"Regen Potion"}],"is_trial":false,"path_per_floor":["M","M","?","$","M","E","R","M","T","R","$","M","E","M","R","B",null,"M","T","M"],"character_chosen":"WATCHER","items_purchased":["FollowUp","ThirdEye","BattleHymn","PathToVictory"],"campfire_rested":3,"item_purchase_floors":[4,4,11,11],"current_hp_per_floor":[72,65,65,65,63,33,54,54,54,72,72,68,51,45,66,66,72,35,35,0,0],"gold":242,"neow_bonus":"ONE_RANDOM_RARE_CARD","is_daily":false,"chose_seed":false,"campfire_upgraded":0,"win_rate":0.0,"timestamp":1612899262,"path_taken":["M","M","?","$","M","E","R","M","T","R","$","M","E","M","R","BOSS","M","?","M"],"items_purchased_type":["Card","Card","Card","Card"],"build_version":"2020-12-22","purchased_purges":1,"victory":false,"max_hp_per_floor":[72,72,72,72,72,72,72,72,72,72,72,72,72,72,72,72,72,72,72,72,72],"card_choices":[{"not_picked":["DeceiveReality","EmptyFist"],"picked":"WheelKick","floor":1},{"not_picked":["Indignation","Evaluate"],"picked":"EmptyFist","floor":2},{"not_picked":["EmptyFist","Pray"],"picked":"SashWhip","floor":5},{"not_picked":["EmptyFist","BowlingBash"],"picked":"MasterReality","floor":6},{"not_picked":["WaveOfTheHand","Nirvana"],"picked":"ThirdEye","floor":8},{"not_picked":["ThirdEye","EmptyFist"],"picked":"BowlingBash","floor":12},{"not_picked":["Vengeance","Collect"],"picked":"WindmillStrike","floor":13},{"not_picked":["BowlingBash","Vengeance"],"picked":"FearNoEvil","floor":14},{"not_picked":["Brilliance","Ragnarok"],"picked":"Scrawl","floor":16},{"not_picked":["MentalFortress","CarveReality"],"picked":"WaveOfTheHand+1","floor":18}],"player_experience":440719,"relics_obtained":[{"floor":6,"key":"Akabeko"},{"floor":9,"key":"Damaru"},{"floor":13,"key":"TeardropLocket"},{"floor":19,"key":"MealTicket"}],"event_choices":[{"damage_healed":0,"gold_gain":100,"player_choice":"Pray","damage_taken":0,"max_hp_gain":0,"max_hp_loss":0,"event_name":"Golden Shrine","floor":3,"gold_loss":0}],"is_beta":false,"boss_relics":[{"not_picked":["Runic Dome","Busted Crown","Snecko Eye"]}],"items_purged_floors":[11],"is_endless":false,"potions_floor_spawned":[1,5,6,14],"killed_by":"Spheric Guardian","ascension_level":1}}