{"host":"9qgbal69wq5palas","time":1612866993,"event":{"mods":["2.2 Compatiblity","Abigail Mod","AchievementEnabler","Act Like it!","Aspiration","Astrologer","Bartender","BaseMod","Better Altar","Better Note","Better Skull","Better Third Choice","Colored Powertips","Hallownest","Hermit","Highlight Path","Hubris","Infinite Spire","Jorbs\u0027s Wanderer Trilogy","Koishi","Lobotomy","Minty Spire (QoL Compilation)","Potionbrewer","Quick Restart","Random Character Button","Replay The Spire","Shade Mod","Shop Mod","Spicy Shops","StSLib","The Animator","The Bug Knight","The Cursed","The Disciple","The Exalted","The Hierophant","The Necromancer","The Servant 0.9.4","Wandering Minibosses"],"gold_per_floor":[117,132,143,169,2,33,50,50,76,93,93,18,18,38,38,110,110,120,120,45,13,26,26,26],"floor_reached":23,"language":"ENG","playtime":1073,"items_purged":["Strike_W"],"score":331,"play_id":"e11808d4-1136-4c80-bf39-df0e66c7e00d","local_time":"20210209113633","is_ascension_mode":true,"campfire_choices":[{"data":"Cloudkill","floor":11,"key":"SMITH"},{"data":"Flash of Steel","floor":13,"key":"SMITH"},{"data":"Bones_to_Steel","floor":15,"key":"SMITH"}],"circlet_count":0,"master_deck":["AscendersBane","Strike_W","Strike_W","Defend_W","Defend_W","Defend_W","Defend_W","Negative_Energy_Arrows+1","Bone_Wall","Uncharnel","Negative_Energy_Javelin","Cloudkill+1","Flash of Steel+1","Bones_to_Steel+1","Bone_Shift","Bone_Bullets","Summon_Vampire_Lady","Vampiric_Strike+1","Bone_Shift","Summon_Undead_Army+1"],"relics":["Vampire_Amulet","aspiration:Lifesprig","hubris:ToyBattleship","hubris:OldNail","Odd Mushroom","infinitespire:Cupcake"],"acts_visited":["Exordium","TheCity"],"potions_floor_usage":[6,6,7,16,18,23],"damage_taken":[{"damage":4.0,"enemies":"Cultist","floor":1.0,"turns":4.0},{"damage":5.0,"enemies":"Small Slimes","floor":2.0,"turns":5.0},{"damage":5.0,"enemies":"Jaw Worm","floor":3.0,"turns":4.0},{"damage":35,"enemies":"Lagavulin","floor":6,"turns":7},{"damage":10,"enemies":"Large Slime","floor":7,"turns":6},{"damage":3,"enemies":"Red Slaver","floor":10,"turns":4},{"damage":3,"enemies":"The Mushroom Lair","floor":14,"turns":4},{"damage":11,"enemies":"Fading Forest","floor":16,"turns":11},{"damage":57,"enemies":"Chosen","floor":18,"turns":7},{"damage":20,"enemies":"Spheric Guardian","floor":22,"turns":5},{"damage":33,"enemies":"Slavers","floor":23,"turns":1}],"seed_played":"-4098756068843787459","potions_obtained":[{"floor":3.0,"key":"potionbrewer:NoxiousPotion"},{"floor":6,"key":"Weak Potion"},{"floor":10,"key":"Cursed Concoction"},{"floor":16,"key":"ColorlessPotion"},{"floor":22,"key":"Swift Potion"}],"is_trial":false,"path_per_floor":["M","M","M","T","$","E","M","?","T","M","R","$","R","?","R","B",null,"M","?","?","$","M","E"],"character_chosen":"NECROMANCER","items_purchased":["Flash of Steel","AttackPotion","Bone_Shift"],"campfire_rested":0,"item_purchase_floors":[5,5,21],"current_hp_per_floor":[62,61,58,58,58,25,19,19,19,18,18,18,18,21,21,30,61,27,27,27,27,22,0,0],"gold":26,"neow_bonus":"UPGRADE_CARD","is_daily":false,"chose_seed":false,"campfire_upgraded":3,"win_rate":0.0,"timestamp":1612866993,"path_taken":["M","M","M","?","$","E","M","?","T","M","R","$","R","?","R","BOSS","M","?","?","$","M","E"],"items_purchased_type":["Card","Potion","Card"],"build_version":"2020-12-22","purchased_purges":1,"victory":false,"max_hp_per_floor":[71,71,71,71,71,71,71,71,71,71,71,71,71,71,71,71,71,71,71,71,71,71,71,71],"card_choices":[{"not_picked":["Bone_Spikes","Death_Coil"],"picked":"Uncharnel","floor":1.0},{"not_picked":["Bone_Spikes","Bone_Armor"],"picked":"Negative_Energy_Javelin","floor":2.0},{"not_picked":["Death_March_Dance","Negative_Energy_Mist"],"picked":"Cloudkill","floor":3.0},{"not_picked":["Negative_Energy_Sphere","Negative_Energy_Bomb"],"picked":"Bones_to_Steel","floor":6},{"not_picked":["Bone_Spikes","Death_March_Dance"],"picked":"Bone_Shift","floor":7},{"not_picked":["Blood_Curse","Scare"],"picked":"Bone_Bullets","floor":10},{"not_picked":["Blood_Wake","Negative_Energy_Bomb"],"picked":"Summon_Vampire_Lady","floor":16},{"not_picked":["Necromantic_Selection","Death_Coil"],"picked":"Vampiric_Strike+1","floor":18},{"not_picked":["Epidemic","Shackles_Of_Pain+1"],"picked":"Summon_Undead_Army+1","floor":22}],"player_experience":2743635,"relics_obtained":[{"floor":4.0,"key":"aspiration:Lifesprig"},{"floor":6,"key":"hubris:ToyBattleship"},{"floor":9,"key":"hubris:OldNail"},{"floor":14,"key":"Odd Mushroom"}],"event_choices":[{"damage_healed":0,"gold_gain":0,"player_choice":"Fought Mushrooms","damage_taken":0,"max_hp_gain":0,"max_hp_loss":0,"event_name":"Mushrooms","floor":14,"gold_loss":0},{"damage_healed":0,"gold_gain":0,"player_choice":"Ignored","damage_taken":0,"max_hp_gain":0,"max_hp_loss":0,"event_name":"Ghosts","floor":19,"gold_loss":0},{"cards_removed":["Strike_W"],"damage_healed":0,"gold_gain":0,"player_choice":"Gave Gold","damage_taken":0,"max_hp_gain":0,"max_hp_loss":0,"event_name":"Beggar","floor":20,"gold_loss":75}],"is_beta":false,"boss_relics":[{"not_picked":["ReplayTheSpireMod:DimensionalGlitch","aspiration:FutureDiary"],"picked":"infinitespire:Cupcake"}],"items_purged_floors":[12],"is_endless":false,"potions_floor_spawned":[3,6,10,16,22],"killed_by":"Slavers","ascension_level":15}}