{"host":"o1umn66c6cmsknp2","time":1612876014,"event":{"mods":["BaseMod","Colored Map","DeckTracker","Highlight Path","Keyboard Shortcuts","Minty Spire (QoL Compilation)","Permanent Neow","SuperFastMode","Unceasing Turn Reminder","everything is the same but u backflip on backflip"],"gold_per_floor":[369,369,255,269,269,269,310,335,359,359,372,372,447,63,63,156,156,180,95,95,16,16,16,32,56,137,137,137],"floor_reached":27,"language":"KOR","playtime":646,"items_purged":["Strike_R","Strike_R"],"score":345,"play_id":"2bfac6f4-6077-42b7-ae18-bdc12b9b465c","local_time":"20210209220654","is_ascension_mode":true,"campfire_choices":[{"data":"Spot Weakness","floor":6,"key":"SMITH"},{"data":"Seeing Red","floor":12,"key":"SMITH"},{"floor":15,"key":"REST"},{"data":"Dark Embrace","floor":23,"key":"SMITH"}],"circlet_count":0,"master_deck":["AscendersBane","Strike_R+1","Strike_R+1","Strike_R+1","Defend_R+1","Defend_R+1","Defend_R+1","Defend_R+1","Bash+1","Pommel Strike","Flame Barrier","Spot Weakness+1","Seeing Red+1","Dark Embrace+1","Power Through","Corruption","Disarm","Disarm","Rampage","Shrug It Off"],"relics":["Burning Blood","Golden Idol","Bronze Scales","Boot","PreservedInsect","Chemical X","Mark of Pain","Toy Ornithopter","Question Card"],"acts_visited":["Exordium","TheCity"],"potions_floor_usage":[8,11],"damage_taken":[{"damage":4,"enemies":"2 Louse","floor":1,"turns":4},{"damage":4,"enemies":"Jaw Worm","floor":4,"turns":5},{"damage":32,"enemies":"Lagavulin","floor":7,"turns":7},{"damage":10,"enemies":"Small Slimes","floor":8,"turns":3},{"damage":11,"enemies":"2 Fungi Beasts","floor":11,"turns":4},{"damage":38,"enemies":"The Guardian","floor":16,"turns":11},{"damage":16,"enemies":"Spheric Guardian","floor":18,"turns":3},{"damage":16,"enemies":"Chosen","floor":24,"turns":5},{"damage":30,"enemies":"Sentry and Sphere","floor":25,"turns":6},{"damage":20,"enemies":"Slavers","floor":27,"turns":1}],"seed_played":"-1389327177818691674","potions_obtained":[{"floor":8,"key":"BloodPotion"},{"floor":11,"key":"BloodPotion"},{"floor":18,"key":"ElixirPotion"}],"is_trial":false,"path_per_floor":["M","?","$","M","?","R","E","M","T","?","M","R","?","$","R","B",null,"M","?","?","$","$","R","M","M","T","E"],"character_chosen":"IRONCLAD","items_purchased":["Flame Barrier","Dark Embrace","Power Through","Chemical X","Disarm"],"campfire_rested":1,"item_purchase_floors":[3,14,14,14,21],"current_hp_per_floor":[53,53,53,55,55,55,29,39,39,36,45,45,34,34,56,24,62,52,52,52,52,52,52,42,18,18,0,0],"gold":137,"neow_bonus":"TWO_FIFTY_GOLD","is_daily":false,"chose_seed":false,"campfire_upgraded":3,"win_rate":0.0,"timestamp":1612876014,"path_taken":["M","?","$","M","?","R","E","M","T","?","M","R","?","$","R","BOSS","M","?","?","?","$","R","M","M","T","E"],"items_purchased_type":["Card","Card","Card","Relic","Card"],"build_version":"2020-12-22","purchased_purges":2,"victory":false,"max_hp_per_floor":[80,80,80,80,74,74,74,74,74,74,74,74,74,74,74,74,74,74,74,74,74,74,74,74,74,74,74,74],"card_choices":[{"not_picked":["Anger","Disarm"],"picked":"Pommel Strike","floor":1},{"not_picked":["Clothesline","Headbutt"],"picked":"Spot Weakness","floor":4},{"not_picked":["Bludgeon","Pommel Strike","Reckless Charge"],"picked":"SKIP","floor":7},{"not_picked":["Pommel Strike","Havoc","Clash"],"picked":"SKIP","floor":8},{"not_picked":["Havoc","Rupture"],"picked":"Seeing Red","floor":11},{"not_picked":["Demon Form","Double Tap"],"picked":"Corruption","floor":16},{"not_picked":["Pommel Strike","Headbutt"],"picked":"Disarm","floor":18},{"not_picked":["Perfected Strike","True Grit"],"picked":"Rampage","floor":24},{"not_picked":["Shockwave","Twin Strike"],"picked":"Shrug It Off","floor":25}],"player_experience":393636,"relics_obtained":[{"floor":7,"key":"Bronze Scales"},{"floor":9,"key":"Boot"},{"floor":26,"key":"Question Card"}],"event_choices":[{"damage_healed":0,"gold_gain":0,"player_choice":"Grow","damage_taken":0,"max_hp_gain":0,"max_hp_loss":0,"event_name":"Living Wall","floor":2,"gold_loss":0,"cards_upgraded":["Bash"]},{"damage_healed":0,"gold_gain":0,"player_choice":"Lose Max HP","damage_taken":0,"relics_obtained":["Golden Idol"],"max_hp_gain":0,"max_hp_loss":6,"event_name":"Golden Idol","floor":5,"gold_loss":0},{"damage_healed":0,"gold_gain":0,"player_choice":"Success","damage_taken":3,"relics_obtained":["PreservedInsect"],"max_hp_gain":0,"max_hp_loss":0,"event_name":"Scrap Ooze","floor":10,"gold_loss":0},{"damage_healed":0,"gold_gain":75,"player_choice":"Gather Gold","damage_taken":11,"max_hp_gain":0,"max_hp_loss":0,"event_name":"World of Goop","floor":13,"gold_loss":0},{"damage_healed":0,"gold_gain":0,"player_choice":"Obtained Relic","damage_taken":0,"relics_obtained":["Toy Ornithopter"],"max_hp_gain":0,"max_hp_loss":0,"event_name":"Addict","floor":19,"gold_loss":85},{"damage_healed":0,"gold_gain":0,"player_choice":"Simplicity","damage_taken":0,"max_hp_gain":0,"max_hp_loss":0,"event_name":"Back to Basics","floor":20,"gold_loss":0,"cards_upgraded":["Strike_R","Strike_R","Strike_R","Defend_R","Defend_R","Defend_R","Defend_R"]}],"is_beta":false,"boss_relics":[{"not_picked":["Empty Cage","Cursed Key"],"picked":"Mark of Pain"}],"items_purged_floors":[3,14],"is_endless":false,"potions_floor_spawned":[8,11,18],"killed_by":"Slavers","ascension_level":13}}