{"host":"psytf3wd8ccrk52d","time":1612894229,"event":{"mods":["100% Spire Juice","2.2 Compatiblity","A Magickal Journey","Act Like it!","Arknights","Astrologer","Bartender","BaseMod","Beaked The Cultist","Bestiary","Better Note","Better Third Choice","BetterRewards","CapriCore","Challenge The Spire","Clockwork Mod","Colored Map","Colored Powertips","Conspire","Curses Come First","Dio Mod","Downfall","Ekko","Fiend Mod","Friendly Minions","FutureSeer","Halation","Hermit","Hubris","Infinite Spire","JesterMod","Marisa????????","Mimic Mod","Minty Spire (QoL Compilation)","Permanent Neow","Poor People Problems","Reliquary","Remilia??????","Replay The Spire","Robot Space Explorer","SOS???????","Shade Mod","Shop Mod","Somnambulant","Spicy Shops","Spikes Relics","Spire Arcade","StSLib","The Accelerator","The Alterego","The Blackbeard","The Bug Knight","The Clintock","The Cursed","The Death Knight","The Dragon Tamer","The Exalted","The Florist","The Forsaken","The Gatherer","The Hayseed","The Hierophant","The Immortal","The Judge","The Marked","The Mystic","The Necromancer","The Problem Sleuth","The Runesmith","The Sage","The Saiyan","The Senshi","The Spell Scribe","The Valiant","TheFirefly","TheVacant","Waifu the Spire","Wide Potions","Yohane!","Yuri Mod","thorton"],"gold_per_floor":[111,111,111,136,62,62,62,62,89,89,109,166,166,178,178,275,275,290,290,290,307,307],"floor_reached":21,"language":"ENG","playtime":828,"items_purged":[],"score":165,"play_id":"4c9f37fa-7545-48d4-bdac-6c74aef7bef0","local_time":"20210209181029","is_ascension_mode":false,"campfire_choices":[{"data":"Yohane:Little_Demon_Chika","floor":6,"key":"SMITH"},{"data":"Yohane:Impressive_Display","floor":8,"key":"SMITH"},{"data":"Yohane:Schwarz_Sechs","floor":15,"key":"SMITH"}],"circlet_count":0,"master_deck":["Yohane:Strike_Grey","Yohane:Strike_Grey+1","Yohane:Strike_Grey+1","Yohane:Strike_Grey","Yohane:Defend_Grey","Yohane:Defend_Grey","Yohane:Defend_Grey","Yohane:Defend_Grey","Yohane:Little_Demon_Lily+1","Yohane:Well_Laid_Ambush","Yohane:Impressive_Display+1","Yohane:Little_Demon_Chika+1","hubris:StunningStrike","Yohane:Impressive_Display","Yohane:Schwarz_Sechs+1","Yohane:Imagine_Breaker","Yohane:Little_Demon_Hanamaru","Pain"],"relics":["Yohane:AngelWings","Blue Candle","halation:PrussianBluePaint","Bromod:ArcaneAwakening","Anchor","Ornamental Fan","sagemod:Falmels_Amulet","WarpedTongs"],"acts_visited":["Exordium","TheCity"],"potions_floor_usage":[],"damage_taken":[{"damage":5,"enemies":"Jaw Worm","floor":1,"turns":5},{"damage":2,"enemies":"ats:Genji","floor":11,"turns":3},{"damage":6,"enemies":"Gremlin Nob","floor":12,"turns":4},{"damage":0,"enemies":"Small Slimes","floor":14,"turns":2},{"damage":12,"enemies":"The Guardian","floor":16,"turns":8},{"damage":16,"enemies":"conspire:FuzzyDice","floor":18,"turns":5},{"damage":4,"enemies":"Chosen","floor":21,"turns":4}],"seed_played":"7269401889466693947","potions_obtained":[{"floor":1,"key":"SteroidPotion"}],"is_trial":false,"path_per_floor":["M","?","?","?","$","R","?","R","T","?","M","?","T","M","R","B",null,"M","?","?","M"],"character_chosen":"FallenAngel","items_purchased":["Yohane:Little_Demon_Chika"],"campfire_rested":0,"item_purchase_floors":[5],"current_hp_per_floor":[61,56,56,56,56,56,43,43,43,26,24,18,18,18,18,6,66,50,50,50,46,46],"gold":307,"neow_bonus":"TEN_PERCENT_HP_BONUS","is_daily":false,"chose_seed":false,"campfire_upgraded":3,"win_rate":0.0,"timestamp":1612894229,"path_taken":["M","?","?","?","$","R","?","R","T","?","?","?","?","M","R","BOSS","M","?","?","M"],"items_purchased_type":["Card"],"build_version":"2020-12-22","purchased_purges":0,"victory":false,"max_hp_per_floor":[66,66,66,66,66,66,66,66,66,66,66,66,66,66,66,66,66,66,66,66,66,66],"card_choices":[{"not_picked":["Yohane:Mijuku_Dreamer","Yohane:Kowareyasuki"],"picked":"Yohane:Impressive_Display","floor":1},{"not_picked":["Yohane:Livestream_Donation","Yohane:Angel_Tears"],"picked":"Yohane:Impressive_Display","floor":11},{"not_picked":["Yohane:Reckless_Greed","Yohane:Excitement"],"picked":"Yohane:Schwarz_Sechs","floor":14},{"not_picked":["Yohane:Stealth_Mode","Yohane:City_Of_Sin"],"picked":"Yohane:Imagine_Breaker","floor":16},{"not_picked":["Yohane:Dark_Shield+1","Yohane:Backfoot"],"picked":"Yohane:Little_Demon_Hanamaru","floor":18}],"player_experience":263954,"relics_obtained":[{"floor":9,"key":"halation:PrussianBluePaint"},{"floor":13,"key":"Ornamental Fan"}],"event_choices":[{"damage_healed":0,"gold_gain":0,"player_choice":"Grow","damage_taken":0,"max_hp_gain":0,"max_hp_loss":0,"event_name":"Living Wall","floor":3,"gold_loss":0,"cards_upgraded":["Yohane:Little_Demon_Lily"]},{"damage_healed":56,"gold_gain":0,"player_choice":"Upgrade","damage_taken":13,"max_hp_gain":0,"max_hp_loss":66,"event_name":"betterThird:BetterShining","floor":7,"gold_loss":0,"cards_upgraded":["Yohane:Strike_Grey","Yohane:Strike_Grey"]},{"damage_healed":0,"gold_gain":0,"player_choice":"Searched \u00272\u0027 times","damage_taken":0,"relics_obtained":["Anchor"],"max_hp_gain":0,"max_hp_loss":0,"event_name":"Dead Adventurer","floor":12,"gold_loss":0},{"damage_healed":0,"gold_gain":0,"player_choice":"Rummage","damage_taken":0,"relics_obtained":["WarpedTongs"],"max_hp_gain":0,"max_hp_loss":0,"event_name":"Accursed Blacksmith","floor":19,"gold_loss":0,"cards_obtained":["Pain"]},{"damage_healed":0,"gold_gain":0,"player_choice":"Bought 0 Potions","damage_taken":0,"max_hp_gain":0,"max_hp_loss":0,"event_name":"The Woman in Blue","floor":20,"gold_loss":0}],"is_beta":false,"boss_relics":[{"not_picked":["hubris:BlackHole","ChewingGum"],"picked":"sagemod:Falmels_Amulet"}],"items_purged_floors":[],"is_endless":false,"potions_floor_spawned":[1,12],"killed_by":"Chosen","ascension_level":0}}