{"host":"szp1d6dso4pv7ddl","time":1612839622,"event":{"mods":["AchievementEnabler","Alarm Clock","BaseMod","Bestiary","Block Reminder","Colored Map","Colored Powertips","Curses Come First","Dark Map","Displayed Cursed Tome","Highlight Path","Minty Spire (QoL Compilation)","Permanent Neow","Quick Restart","Relic Sorter","Relic Stats","StSLib","Synergy Search"],"gold_per_floor":[114,14,27,44,58,58,58,93,141,106,134,145,145,161,161,161,161],"floor_reached":16,"language":"ENG","playtime":1245,"items_purged":["Regret"],"score":213,"play_id":"722718d1-7641-48df-b6a3-0b4ae9268b90","local_time":"20210208190022","is_ascension_mode":true,"campfire_choices":[{"floor":13,"key":"REST"},{"floor":15,"key":"REST"}],"circlet_count":0,"master_deck":["AscendersBane","Strike_G","Strike_G","Strike_G","Strike_G","Strike_G","Defend_G","Defend_G","Defend_G","Defend_G","Defend_G","Survivor","Neutralize","Night Terror","Quick Slash","Flying Knee","Terror","Cloak And Dagger","Calculated Gamble","Acrobatics","Crippling Poison","Blur","Underhanded Strike"],"relics":["Ring of the Snake","Ornamental Fan","PreservedInsect","Boot","Pen Nib"],"acts_visited":["Exordium"],"potions_floor_usage":[8,11],"damage_taken":[{"damage":14.0,"enemies":"Small Slimes","floor":1.0,"turns":6.0},{"damage":9.0,"enemies":"Jaw Worm","floor":3.0,"turns":5.0},{"damage":0.0,"enemies":"Cultist","floor":4.0,"turns":3.0},{"damage":24.0,"enemies":"Large Slime","floor":5.0,"turns":7.0},{"damage":20,"enemies":"Lagavulin","floor":8,"turns":6},{"damage":17,"enemies":"3 Sentries","floor":11,"turns":7},{"damage":8,"enemies":"Lots of Slimes","floor":12,"turns":4},{"damage":4,"enemies":"3 Louse","floor":14,"turns":6},{"damage":55,"enemies":"The Guardian","floor":16,"turns":8}],"seed_played":"-6056408342882231292","potions_obtained":[{"floor":1.0,"key":"BlessingOfTheForge"},{"floor":4.0,"key":"LiquidBronze"},{"floor":8,"key":"FearPotion"}],"is_trial":false,"path_per_floor":["M","$","M","M","M","?","T","E","T","?","E","M","R","M","R","B"],"character_chosen":"THE_SILENT","items_purchased":["Flying Knee"],"campfire_rested":2,"item_purchase_floors":[2],"current_hp_per_floor":[45,45,36,36,12,34,34,14,14,30,13,5,24,20,39,0,0],"gold":161,"neow_bonus":"THREE_RARE_CARDS","is_daily":false,"chose_seed":false,"campfire_upgraded":0,"win_rate":0.0,"timestamp":1612839622,"path_taken":["M","$","M","M","M","?","?","E","T","?","E","M","R","M","R","BOSS"],"items_purchased_type":["Card"],"build_version":"2020-12-22","purchased_purges":1,"victory":false,"max_hp_per_floor":[66,66,66,66,66,66,66,66,66,66,66,66,66,66,66,66,66],"relic_stats":{"counters":[9,52],"Ornamental Fan":[24],"PreservedInsect":34,"Pen Nib":[2],"Boot":[27],"obtain_stats":[{"Ornamental Fan":7,"PreservedInsect":8,"Pen Nib":11,"Boot":9,"Ring of the Snake":0},{"Ornamental Fan":4,"PreservedInsect":5,"Pen Nib":6,"Boot":5,"Ring of the Snake":0},{"Ornamental Fan":21,"PreservedInsect":27,"Pen Nib":34,"Boot":27,"Ring of the Snake":0}],"Ring of the Snake":[18]},"card_choices":[{"not_picked":["Glass Knife","Storm of Steel"],"picked":"Night Terror","floor":0.0},{"not_picked":["Slice","Eviscerate"],"picked":"Quick Slash","floor":1.0},{"not_picked":["Backflip","Quick Slash"],"picked":"Terror","floor":3.0},{"not_picked":["Finisher","Concentrate"],"picked":"Cloak And Dagger","floor":4.0},{"not_picked":["Sucker Punch","Deflect"],"picked":"Calculated Gamble","floor":5.0},{"not_picked":["Reflex","Quick Slash"],"picked":"Acrobatics","floor":8},{"not_picked":["Glass Knife","Underhanded Strike"],"picked":"Crippling Poison","floor":11},{"not_picked":["Cloak And Dagger","Accuracy"],"picked":"Blur","floor":12},{"not_picked":["Dagger Throw","Concentrate"],"picked":"Underhanded Strike","floor":14}],"player_experience":1409312,"relics_obtained":[{"floor":7.0,"key":"Ornamental Fan"},{"floor":8,"key":"PreservedInsect"},{"floor":9,"key":"Boot"},{"floor":11,"key":"Pen Nib"}],"event_choices":[{"damage_healed":22.0,"max_hp_gain":0.0,"max_hp_loss":0.0,"gold_gain":0.0,"event_name":"Big Fish","player_choice":"Banana","floor":6.0,"gold_loss":0.0,"damage_taken":0.0},{"damage_healed":16,"gold_gain":0,"player_choice":"Healed","damage_taken":0,"max_hp_gain":0,"max_hp_loss":0,"event_name":"The Cleric","floor":10,"gold_loss":35}],"is_beta":false,"boss_relics":[],"items_purged_floors":[2],"is_endless":false,"potions_floor_spawned":[1,4,8],"killed_by":"The Guardian","ascension_level":18}}