{"host":"xp5rvh2jwe2ejyfm","time":1612878136,"event":{"mods":["2.2 Compatiblity","Aspiration","BaseMod","Better Altar","Better Match","Better Note","Better Sensory Stone","Better Skull","BetterRewards","Colored Powertips","Conspire","Downfall","GifTheSpireLib","Gremlin Mod","GungeonMod","Hermit","Hubris","Jorbs\u0027s Wanderer Trilogy","Minty Spire (QoL Compilation)","Potionbrewer","Quick Restart","Replay The Spire","Robot Space Explorer","Shade Mod","Somnambulant","StSLib","The Bug Knight","The Clintock","The Construct","The Cursed","The Disciple","The Forsaken","The Hierophant","The Necromancer","The Runesmith","The Servant 0.9.4","The Valiant","The Witch","TheFirefly","thorton"],"gold_per_floor":[110,120,140,140,33,33,49,49,73,107,118,138,150,170,170,273,273,291,90,90,90,113,113,113],"floor_reached":23,"language":"ENG","playtime":1727,"items_purged":[],"score":193,"play_id":"ec625143-68fa-470c-bde8-575bae653d73","local_time":"20210209084216","is_ascension_mode":false,"campfire_choices":[{"data":"thefirefly:PhotonBlast","floor":6,"key":"SMITH"},{"floor":15,"key":"REST"}],"circlet_count":0,"master_deck":["thefirefly:Strike","thefirefly:Strike","thefirefly:Strike","thefirefly:Strike","thefirefly:Defend","thefirefly:Defend","thefirefly:Defend","thefirefly:StealthMode","thefirefly:PhotonBlast+1","thefirefly:Pacify","thefirefly:DecoyShot","thefirefly:MirrorShield","thefirefly:LaserMail","thefirefly:LifeSupport","thefirefly:FlareScreen","thefirefly:AutoTargeting","thefirefly:StoredPower","thefirefly:ReverseEngine","thefirefly:Prominence","thefirefly:HyperFocus","thefirefly:Unweft","thefirefly:Quine","conspire:Banana","thefirefly:ChargedLaser","thefirefly:IonizedBarrier"],"relics":["thefirefly:StealthSystem","Simple Rune","hubris:ScarierMask","MutagenicStrength","ReplayTheSpireMod:TigerMarble"],"acts_visited":["Exordium","TheCity"],"potions_floor_usage":[10,11],"damage_taken":[{"damage":0,"enemies":"Jaw Worm","floor":1,"turns":4},{"damage":6,"enemies":"Cultist","floor":2,"turns":5},{"damage":1,"enemies":"2 Louse","floor":3,"turns":3},{"damage":11,"enemies":"conspire:2 RoseBushes","floor":7,"turns":6},{"damage":30,"enemies":"Gremlin Nob","floor":10,"turns":6},{"damage":0,"enemies":"3 Louse","floor":11,"turns":4},{"damage":9,"enemies":"Blue Slaver","floor":12,"turns":5},{"damage":1,"enemies":"Exordium Thugs","floor":13,"turns":6},{"damage":0,"enemies":"3 Louse","floor":14,"turns":3},{"damage":28,"enemies":"Hexaghost","floor":16,"turns":11},{"damage":27,"enemies":"3 Byrds","floor":18,"turns":4},{"damage":43,"enemies":"conspire:SneckoGhost","floor":23,"turns":7}],"seed_played":"933157651465886272","potions_obtained":[{"floor":2,"key":"potionbrewer:NoxiousPotion"},{"floor":10,"key":"Explosive Potion"},{"floor":13,"key":"CultistPotion"},{"floor":16,"key":"potionbrewer:BoundlessPotion"}],"is_trial":false,"path_per_floor":["M","M","M","?","$","R","M","$","T","E","M","M","M","M","R","B",null,"M","$","?","?","T","E"],"character_chosen":"THE_FIREFLY","items_purchased":["thefirefly:LaserMail","thefirefly:LifeSupport","conspire:Banana","thefirefly:ChargedLaser","thefirefly:IonizedBarrier"],"campfire_rested":1,"item_purchase_floors":[5,5,19,19,19],"current_hp_per_floor":[60,54,53,53,53,53,48,48,48,24,30,27,32,38,56,28,60,33,33,33,33,33,0,0],"gold":113,"neow_bonus":"TEN_PERCENT_HP_BONUS","is_daily":false,"chose_seed":false,"campfire_upgraded":1,"win_rate":0.0,"timestamp":1612878136,"path_taken":["M","M","M","?","$","R","M","$","T","E","M","M","M","M","R","BOSS","M","$","?","?","?","E"],"items_purchased_type":["Card","Card","Card","Card","Card"],"build_version":"2020-12-22","purchased_purges":0,"victory":false,"max_hp_per_floor":[60,60,60,60,60,60,60,60,60,60,60,60,60,60,60,60,60,60,60,60,60,60,61,61],"card_choices":[{"not_picked":["thefirefly:Reposition","thefirefly:EnergyShield"],"picked":"thefirefly:Pacify","floor":1},{"not_picked":["thefirefly:LaserBarrage","thefirefly:CoveringFire"],"picked":"thefirefly:DecoyShot","floor":2},{"not_picked":["thefirefly:EMP","thefirefly:EvasiveManeuver"],"picked":"thefirefly:MirrorShield","floor":3},{"not_picked":["thefirefly:QuantumTunneling","thefirefly:Teleport"],"picked":"thefirefly:FlareScreen","floor":7},{"not_picked":["thefirefly:ArtillleryBeam","thefirefly:ChargedLaser"],"picked":"thefirefly:AutoTargeting","floor":10},{"not_picked":["thefirefly:AccountUncertainty","thefirefly:DataMiner"],"picked":"thefirefly:StoredPower","floor":11},{"not_picked":["thefirefly:Pacify","thefirefly:Distort"],"picked":"thefirefly:ReverseEngine","floor":12},{"not_picked":["thefirefly:RollBack","thefirefly:Rend"],"picked":"thefirefly:Prominence","floor":13},{"not_picked":["thefirefly:RollBack","thefirefly:SteadyAim"],"picked":"thefirefly:HyperFocus","floor":14},{"not_picked":["thefirefly:HyperspaceAssault","thefirefly:AlphaStrike"],"picked":"thefirefly:Unweft","floor":16},{"not_picked":["thefirefly:QuantumTunneling","thefirefly:EvasiveManeuver"],"picked":"thefirefly:Quine","floor":18}],"player_experience":470012,"relics_obtained":[{"floor":10,"key":"Simple Rune"},{"floor":22,"key":"ReplayTheSpireMod:TigerMarble"}],"event_choices":[{"cards_removed":["thefirefly:Defend"],"damage_healed":0,"gold_gain":0,"player_choice":"Card Removal","damage_taken":0,"max_hp_gain":0,"max_hp_loss":0,"event_name":"Wheel of Change","floor":4,"gold_loss":0},{"damage_healed":0,"gold_gain":0,"player_choice":"Ignored","damage_taken":0,"max_hp_gain":0,"max_hp_loss":0,"event_name":"betterNote:BetterNote","floor":20,"gold_loss":0,"cards_obtained":["RiteOfSummer"]},{"damage_healed":0,"gold_gain":0,"player_choice":"Inject Mutagens","damage_taken":0,"relics_obtained":["MutagenicStrength"],"max_hp_gain":0,"max_hp_loss":0,"event_name":"Drug Dealer","floor":21,"gold_loss":0}],"is_beta":false,"boss_relics":[{"not_picked":["conspire:RoyalGoblet","hubris:VirtuousBlindfold"],"picked":"hubris:ScarierMask"}],"items_purged_floors":[],"is_endless":false,"potions_floor_spawned":[2,10,13,16],"killed_by":"conspire:SneckoGhost","ascension_level":0}}