{"host":"hqvh779b89tfrjxy","time":1612899331,"event":{"mods":["Act Like it!","BaseMod","Better Third Choice","Downfall","Elementarium","GifTheSpireLib","Minty Spire (QoL Compilation)","Replay The Spire","Spicy Shops","StSLib"],"gold_per_floor":[112,112,122,122,199,199,219,219,289,315,63,74,74,3,3,102,102,112,131,131,142,142,142,170,190,190,190,206,206,238,17,17,116,116,127,127,147,157,157,157,157,157,233,263,278,278,308,322,322,322,322],"floor_reached":50,"language":"ENG","playtime":2809,"items_purged":["Sickly"],"score":777,"play_id":"962bd22a-9b9f-491c-a69f-3bc4e689aaf5","local_time":"20210209203531","is_ascension_mode":true,"campfire_choices":[{"data":"Sunder","floor":6.0,"key":"SMITH"},{"data":"Zap","floor":8.0,"key":"SMITH"},{"data":"Genetic Algorithm","floor":13.0,"key":"SMITH"},{"data":"Defragment","floor":15.0,"key":"SMITH"},{"floor":23.0,"key":"REST"},{"floor":27.0,"key":"REST"},{"floor":40,"key":"REST"},{"data":"Discovery","floor":42,"key":"SMITH"},{"floor":46,"key":"RECALL"},{"floor":49,"key":"REST"}],"circlet_count":0,"master_deck":["Dualcast","Panic Button","Sunder+1","Loop","Genetic Algorithm+1","Darkness","Stack","Defragment+1","Echo Form+1","BootSequence","Hologram+1","Stack","Elementarium:FireblessedBlade","Elementarium:WindblessedBlade","Elementarium:EarthblessedBlade","Elementarium:IceblessedBlade+1","Elementarium:VoidblessedBlade","Leap+1","Biased Cognition+1","Tempest","Heatsinks+1","Conserve Battery","Static Discharge+1","White Noise","Redo","Conserve Battery","Loop+1","Discovery+1","Loop+1"],"relics":["Cracked Core","Blue Doll","Boot","Onion Ring","Shuriken","ReplayTheSpireMod:CursedCoin","Toolbox","Replay:WaspNest","Philosopher\u0027s Stone","Replay:Mystery Machine","Frozen Egg 2","Bag of Preparation","Membership Card","Bronze Scales","Elementarium:ElementariumTrophy","Pandora\u0027s Box","Pondfish Scales","Replay:Baseball"],"acts_visited":["Exordium","Elementarium:Elementarium","TheBeyond"],"potions_floor_usage":[33,33,50,50],"damage_taken":[{"damage":7.0,"enemies":"Small Slimes","floor":1.0,"turns":2.0},{"damage":2.0,"enemies":"Jaw Worm","floor":3.0,"turns":3.0},{"damage":0.0,"enemies":"2 Louse","floor":7.0,"turns":2.0},{"damage":20.0,"enemies":"Lagavulin","floor":10.0,"turns":7.0},{"damage":0.0,"enemies":"Blue Slaver","floor":12.0,"turns":2.0},{"damage":18.0,"enemies":"Slime Boss","floor":16.0,"turns":7.0},{"damage":5.0,"enemies":"Elementarium:MUD_AND_TAR_GOLEMS","floor":18.0,"turns":2.0},{"damage":0.0,"enemies":"Elementarium:2_ELEMENTALS","floor":19.0,"turns":3.0},{"damage":15.0,"enemies":"Elementarium:VOID_CORRUPTION_AND_TAR_GOLEM","floor":21.0,"turns":6.0},{"damage":36.0,"enemies":"Elementarium:WarGolem","floor":24.0,"turns":5.0},{"damage":7.0,"enemies":"Elementarium:STONE_GOLEMS","floor":25.0,"turns":3.0},{"damage":7.0,"enemies":"Elementarium:3_ELEMENTALS","floor":28.0,"turns":5.0},{"damage":9.0,"enemies":"Elementarium:ElementalPortal","floor":30.0,"turns":6.0},{"damage":10,"enemies":"Elementarium:GolemEmperor","floor":33,"turns":7},{"damage":7,"enemies":"3 Shapes","floor":35,"turns":4},{"damage":0,"enemies":"3 Darklings","floor":37,"turns":4},{"damage":22,"enemies":"Jaw Worm Horde","floor":38,"turns":4},{"damage":3,"enemies":"R_Hoarder","floor":44,"turns":6},{"damage":0,"enemies":"Transient","floor":45,"turns":5},{"damage":0,"enemies":"Nemesis","floor":47,"turns":5},{"damage":22,"enemies":"4 Shapes","floor":48,"turns":5},{"damage":24,"enemies":"Replay:Hell Engine","floor":50,"turns":2}],"seed_played":"-7340860672971007247","potions_obtained":[{"floor":3.0,"key":"hexamod:SoulburnPotion"},{"floor":5.0,"key":"Strength Potion"},{"floor":5.0,"key":"Fire Potion"},{"floor":10.0,"key":"Energy Potion"},{"floor":16.0,"key":"AttackPotion"},{"floor":19.0,"key":"Weak Potion"},{"floor":24.0,"key":"sneckomod:MuddlingPotion"},{"floor":25.0,"key":"SkillPotion"},{"floor":28.0,"key":"Venom Potion"},{"floor":37,"key":"FocusPotion"},{"floor":38,"key":"Strength Potion"},{"floor":44,"key":"DuplicationPotion"}],"is_trial":false,"path_per_floor":["M","?","M","?","?","R","M","R","T","E","$","M","R","$","R","B",null,"M","M","?","M","?","R","E","M","T","R","M","?","E","$","R","B",null,"M","?","M","M","?","R","?","R","T","E","M","R","E","M","R","B"],"character_chosen":"DEFECT","items_purchased":["ReplayTheSpireMod:CursedCoin","Toolbox","Replay:WaspNest","Defragment","Membership Card","Bronze Scales"],"campfire_rested":4,"item_purchase_floors":[11,11,11,14,31,31],"current_hp_per_floor":[61,49,47,47,47,47,47,47,47,27,27,27,27,27,27,9,59,54,54,54,39,26,50,14,7,7,31,24,24,15,15,29,19,41,34,34,34,12,12,26,26,26,26,23,23,23,23,1,15,0,0],"gold":322,"neow_bonus":"TRANSFORM_CARD","is_daily":false,"chose_seed":false,"campfire_upgraded":5,"win_rate":0.0,"timestamp":1612899331,"path_taken":["M","?","M","?","?","R","M","R","T","E","?","?","R","?","R","BOSS","M","M","?","M","?","R","E","?","T","R","M","?","E","?","R","BOSS","M","?","M","?","?","R","?","R","T","E","M","R","E","M","R","BOSS"],"items_purchased_type":["Relic","Relic","Relic","Card","Relic","Relic"],"build_version":"2020-12-22","purchased_purges":1,"victory":false,"max_hp_per_floor":[75,75,75,75,75,75,75,75,75,75,75,75,75,75,75,75,75,75,75,75,75,80,80,80,80,80,80,80,48,48,48,48,48,48,48,48,48,48,48,48,48,48,48,48,48,48,48,48,48,48,48],"card_choices":[{"not_picked":["Sweeping Beam","Cold Snap"],"picked":"Sunder","floor":1.0},{"not_picked":["Streamline","Hologram"],"picked":"Loop","floor":3.0},{"not_picked":["Sweeping Beam","BasicCrystalCard"],"picked":"Genetic Algorithm","floor":7.0},{"not_picked":["Hyperbeam","Chaos"],"picked":"Darkness","floor":10.0},{"not_picked":["Time Bomb","Hologram"],"picked":"Stack","floor":12.0},{"not_picked":["Biased Cognition","Machine Learning"],"picked":"Echo Form","floor":16.0},{"not_picked":["Cold Snap","BasicCrystalCard"],"picked":"BootSequence","floor":18.0},{"not_picked":["BasicCrystalCard","FTL","Go for the Eyes"],"picked":"SKIP","floor":19.0},{"not_picked":["Static Discharge","Redo"],"picked":"Hologram+1","floor":21.0},{"not_picked":["Scrape","Hello World+1","Hologram"],"picked":"SKIP","floor":24.0},{"not_picked":["White Noise","Sweeping Beam"],"picked":"Stack","floor":25.0},{"not_picked":["Beam Cell","Cold Snap","Ball Lightning"],"picked":"SKIP","floor":28.0},{"not_picked":["Go for the Eyes+1","Crystallizer+1"],"picked":"Leap+1","floor":30.0},{"not_picked":["Sweeping Beam","Gash+1"],"picked":"Redo","floor":35},{"not_picked":["Scrape+1","Coolheaded+1"],"picked":"Loop+1","floor":37},{"not_picked":["Cold Snap","BasicCrystalCard+1","Aggregate+1"],"picked":"SKIP","floor":38},{"not_picked":["Panacea","Replay:Parry"],"picked":"Discovery","floor":39},{"not_picked":["White Noise","Hologram","Aggregate+1"],"picked":"SKIP","floor":44},{"not_picked":["White Noise","BasicCrystalCard","Barrage"],"picked":"SKIP","floor":45},{"not_picked":["White Noise","BasicCrystalCard","Barrage"],"picked":"SKIP","floor":45},{"not_picked":["ReplayTheSpireMod:Calculation Training","ReplayTheSpireMod:GoodbyeWorld+1"],"picked":"Loop+1","floor":47},{"not_picked":["Recycle+1","Redo+1","Echo Form+1"],"picked":"SKIP","floor":48}],"player_experience":226388,"relics_obtained":[{"floor":5.0,"key":"Boot"},{"floor":9.0,"key":"Onion Ring"},{"floor":10.0,"key":"Shuriken"},{"floor":24.0,"key":"Replay:Mystery Machine"},{"floor":26.0,"key":"Frozen Egg 2"},{"floor":30.0,"key":"Bag of Preparation"},{"floor":44,"key":"Pondfish Scales"},{"floor":47,"key":"Replay:Baseball"}],"event_choices":[{"damage_healed":0.0,"max_hp_gain":0.0,"max_hp_loss":0.0,"gold_gain":0.0,"event_name":"betterThird:BetterScrap","player_choice":"Relic ","floor":2.0,"gold_loss":0.0,"damage_taken":12.0,"cards_obtained":["Atom Bomb"]},{"damage_healed":0.0,"max_hp_gain":0.0,"max_hp_loss":0.0,"gold_gain":0.0,"event_name":"Elementarium:VoidShrine","player_choice":"Pray","floor":20.0,"gold_loss":0.0,"damage_taken":0.0,"cards_upgraded":["Echo Form"]},{"damage_healed":0.0,"max_hp_gain":5.0,"max_hp_loss":0.0,"gold_gain":0.0,"event_name":"Elementarium:RadiantAltar","player_choice":"Sacrifice","floor":22.0,"gold_loss":0.0,"damage_taken":18.0},{"damage_healed":0.0,"max_hp_gain":0.0,"max_hp_loss":32.0,"gold_gain":0.0,"event_name":"Elementarium:ElementalBlades","player_choice":"Touch","floor":29.0,"gold_loss":0.0,"damage_taken":0.0,"cards_obtained":["Elementarium:FireblessedBlade","Elementarium:WindblessedBlade","Elementarium:EarthblessedBlade","Elementarium:IceblessedBlade","Elementarium:VoidblessedBlade"]},{"damage_healed":0,"gold_gain":0,"cards_transformed":["Beam Cell"],"player_choice":"Transformed","damage_taken":0,"max_hp_gain":0,"max_hp_loss":0,"event_name":"Transmorgrifier","floor":36,"gold_loss":0,"cards_obtained":["Conserve Battery"]},{"damage_healed":0,"gold_gain":0,"player_choice":"Memory 1","damage_taken":0,"max_hp_gain":0,"max_hp_loss":0,"event_name":"SensoryStone","floor":39,"gold_loss":0},{"cards_removed":["Zap"],"damage_healed":0,"gold_gain":0,"player_choice":"Removed Skill","damage_taken":0,"max_hp_gain":0,"max_hp_loss":0,"event_name":"Falling","floor":41,"gold_loss":0}],"is_beta":false,"boss_relics":[{"not_picked":["Nuclear Battery","Replay:Wanted Poster"],"picked":"Philosopher\u0027s Stone"},{"not_picked":["Runic Dome","SlaversCollar"],"picked":"Pandora\u0027s Box"}],"items_purged_floors":[11],"is_endless":false,"potions_floor_spawned":[3,10,16,19,24,25,28,37,38,44,48],"killed_by":"Replay:Hell Engine","ascension_level":6}}