{"host":"1mv6gj0zv8k9e9tz","time":1612841282,"event":{"mods":["AchievementEnabler","BaseMod","Better Third Choice","Colored Map","DeckTracker","Highlight Path","KOR Keyword Fix","Keyboard Shortcuts","Minty Spire (QoL Compilation)","Permanent Neow","Quick Restart","Rare Cards Sparkle","StSLib","SuperFastMode","everything is the same but u backflip on backflip"],"gold_per_floor":[364,375,386,59,134,134,134],"floor_reached":6,"language":"KOR","playtime":83,"items_purged":[],"score":68,"play_id":"07d50150-4261-42a2-b3f9-2b3079295a56","local_time":"20210209122802","is_ascension_mode":true,"campfire_choices":[],"circlet_count":0,"master_deck":["AscendersBane","Strike_B","Strike_B","Strike_B","Strike_B","Defend_B","Defend_B","Defend_B","Defend_B","Zap","Dualcast","Sweeping Beam","Conserve Battery","White Noise","Capacitor","BootSequence"],"relics":["Cracked Core","OrangePellets"],"acts_visited":["Exordium"],"potions_floor_usage":[6],"damage_taken":[{"damage":1.0,"enemies":"Cultist","floor":1.0,"turns":3.0},{"damage":9.0,"enemies":"Jaw Worm","floor":2.0,"turns":3.0},{"damage":2.0,"enemies":"2 Louse","floor":3.0,"turns":2.0},{"damage":11,"enemies":"Gremlin Nob","floor":6,"turns":3}],"seed_played":"5536267525058343107","potions_obtained":[{"floor":3.0,"key":"BlessingOfTheForge"}],"is_trial":false,"path_per_floor":["M","M","M","$","?","E"],"character_chosen":"DEFECT","items_purchased":["Capacitor","OrangePellets","BootSequence"],"campfire_rested":0,"item_purchase_floors":[4,4,4],"current_hp_per_floor":[45,36,34,34,23,12,12],"gold":134,"neow_bonus":"TWO_FIFTY_GOLD","is_daily":false,"chose_seed":false,"campfire_upgraded":0,"win_rate":0.0,"timestamp":1612841282,"path_taken":["M","?","?","$","?","E"],"items_purchased_type":["Card","Relic","Card"],"build_version":"2020-12-22","purchased_purges":0,"victory":false,"max_hp_per_floor":[71,71,71,71,71,71,71],"card_choices":[{"not_picked":["Scrape","Recycle"],"picked":"Sweeping Beam","floor":1.0},{"not_picked":["Undo","Redo"],"picked":"Conserve Battery","floor":2.0},{"not_picked":["Compile Driver","Steam"],"picked":"White Noise","floor":3.0}],"player_experience":636295,"relics_obtained":[],"event_choices":[{"damage_healed":0.0,"max_hp_gain":0.0,"max_hp_loss":0.0,"gold_gain":75.0,"event_name":"betterThird:BetterGoop","player_choice":"Gold","floor":5.0,"gold_loss":0.0,"damage_taken":11.0}],"is_beta":false,"boss_relics":[],"items_purged_floors":[],"is_endless":false,"potions_floor_spawned":[3],"killed_by":"Gremlin Nob","ascension_level":18}}