{"host":"iirf6tm60n5v4e3j","time":1612864080,"event":{"mods":["Act Like it!","BaseMod","Gensokyo","Marisa????????","Minty Spire (QoL Compilation)","StSLib","The Marked"],"gold_per_floor":[114,134,18,18,28,28,60,60,60,60,274,290,290,19,19,131,131,158,183,298,332,364,408,477,523,523,571,571,571,602,614,614,728,728,728,728,728,25,53,103,137,170,249,249,189,214,214,230,230,230,230,230,73,108,108],"floor_reached":56,"language":"ENG","playtime":4988,"items_purged":["Strike_MRS","Clumsy"],"score":1881,"play_id":"027c4267-7875-448a-a5af-50f2720bb714","local_time":"20210209014800","is_ascension_mode":true,"campfire_choices":[{"data":"CasketOfStar","floor":6,"key":"SMITH"},{"data":"Gensokyo:MarisaTwilightSpark","floor":13,"key":"SMITH"},{"floor":15,"key":"REST"},{"data":"EarthLightRay","floor":28,"key":"SMITH"},{"floor":32,"key":"RECALL"},{"data":"Strike_MRS","floor":47,"key":"PURGE"},{"data":"Defend_MRS","floor":49,"key":"PURGE"},{"data":"GalacticHalo+1","floor":52,"key":"PURGE"}],"circlet_count":0,"master_deck":["Strike_MRS","Defend_MRS","Defend_MRS","MasterSpark","CasketOfStar+1","6A","6A","Gensokyo:MarisaTwilightSpark+1","AlicesGift","WitchOfGreed","UltimateShortwave+1","DeepEcoloBomb","OrrerysSun","EarthLightRay+1","PropBag","Occultation+1","PropBag","PulseMagic","Gensokyo:DreamlikeParadise+1","Gensokyo:CustomPotion","Parasite","Parasite","EnergyFlow"],"relics":["MiniHakkero","Tiny Chest","Gensokyo:NagashiBinaDoll","HornCleat","Thread and Needle","Toy Ornithopter","RampagingMagicTools","Unceasing Top","Incense Burner","Nunchaku","White Beast Statue","StoneCalendar","InkBottle","War Paint","Vajra","Kunai","Busted Crown","Sundial","Peace Pipe","Lantern","Bottled Lightning","Meat on the Bone","Calipers","Oddly Smooth Stone","ShroomBag"],"acts_visited":["Exordium","Gensokyo:Gensokyo","Gensokyo:Gensokyoer","TheEnding"],"potions_floor_usage":[7,7,16,16,18,21,22,22,23,23,25,25,27,27,30,33,33,35,40,41,42,44,46,50,50,55,55],"damage_taken":[{"damage":0,"enemies":"Gensokyo:Python","floor":1,"turns":4},{"damage":9,"enemies":"Gensokyo:Gryphon","floor":2,"turns":3},{"damage":12,"enemies":"Gensokyo:2_Kodama","floor":5,"turns":5},{"damage":18,"enemies":"Gensokyo:Mamizou","floor":7,"turns":9},{"damage":5,"enemies":"Gensokyo:Kitsune","floor":11,"turns":4},{"damage":0,"enemies":"Gensokyo:CorruptedTreant","floor":12,"turns":4},{"damage":17,"enemies":"Gensokyo:Reimu","floor":16,"turns":10},{"damage":0,"enemies":"Gensokyo:Chomper","floor":18,"turns":3},{"damage":5,"enemies":"Gensokyo:CosmicMonolith","floor":19,"turns":5},{"damage":0,"enemies":"Gensokyo:CosmicMonolith","floor":20,"turns":7},{"damage":28,"enemies":"Gensokyo:Mirror_and_Dog","floor":21,"turns":5},{"damage":24,"enemies":"Gensokyo:Chomper_and_Gloop","floor":22,"turns":5},{"damage":0,"enemies":"Gensokyo:Tenshi","floor":23,"turns":5},{"damage":2,"enemies":"Gensokyo:Reisen","floor":25,"turns":4},{"damage":0,"enemies":"Gensokyo:Koishi","floor":27,"turns":7},{"damage":29,"enemies":"Gensokyo:Tenshi","floor":30,"turns":3},{"damage":0,"enemies":"Gensokyo:3_Gloops","floor":31,"turns":2},{"damage":14,"enemies":"Gensokyo:Eiki","floor":33,"turns":8},{"damage":0,"enemies":"Gensokyo:3_Bats","floor":35,"turns":1},{"damage":14,"enemies":"Gensokyo:3_Boulders","floor":39,"turns":4},{"damage":0,"enemies":"Gensokyo:Doremy","floor":40,"turns":5},{"damage":0,"enemies":"Gensokyo:Rafflesia","floor":41,"turns":4},{"damage":0,"enemies":"Gensokyo:Kasen","floor":42,"turns":5},{"damage":4,"enemies":"Gensokyo:Kasen","floor":44,"turns":5},{"damage":8,"enemies":"Gensokyo:Doremy","floor":46,"turns":4},{"damage":0,"enemies":"Gensokyo:SeedOfUnknown","floor":48,"turns":3},{"damage":4,"enemies":"Gensokyo:Shinki","floor":50,"turns":6},{"damage":19,"enemies":"Shield and Spear","floor":54,"turns":6},{"damage":4,"enemies":"The Heart","floor":55,"turns":6}],"seed_played":"-7084089625768758444","potions_obtained":[{"floor":1,"key":"Weak Potion"},{"floor":5,"key":"Energy Potion"},{"floor":7,"key":"ShroomBrew"},{"floor":11,"key":"BottledSpark"},{"floor":16,"key":"ColorlessPotion"},{"floor":18,"key":"Energy Potion"},{"floor":19,"key":"ColorlessPotion"},{"floor":19,"key":"Block Potion"},{"floor":20,"key":"Ancient Potion"},{"floor":21,"key":"FearPotion"},{"floor":21,"key":"DistilledChaos"},{"floor":22,"key":"Explosive Potion"},{"floor":22,"key":"DistilledChaos"},{"floor":23,"key":"Block Potion"},{"floor":23,"key":"FearPotion"},{"floor":25,"key":"DuplicationPotion"},{"floor":27,"key":"SpeedPotion"},{"floor":27,"key":"LiquidBronze"},{"floor":30,"key":"SmokeBomb"},{"floor":31,"key":"ShroomBrew"},{"floor":33,"key":"Swift Potion"},{"floor":39,"key":"Regen Potion"},{"floor":40,"key":"ShroomBrew"},{"floor":40,"key":"BottledSpark"},{"floor":41,"key":"DuplicationPotion"},{"floor":41,"key":"Swift Potion"},{"floor":42,"key":"Swift Potion"},{"floor":46,"key":"SkillPotion"},{"floor":48,"key":"SkillPotion"},{"floor":54,"key":"Fruit Juice"}],"is_trial":false,"path_per_floor":["M","M","COS","?","M","R","E","?","T","?","M","M","R","$","R","B",null,"M","M","?","M","M","E","T","E","T","E","R","?","E","M","R","B",null,"M","?","T","$","M","E","M","E","T","?","?","E","R","M","R","B",null,"R","$","E","B",null],"character_chosen":"MARISA","items_purchased":["Toy Ornithopter","WitchOfGreed","Sundial","PulseMagic","Peace Pipe","Oddly Smooth Stone"],"campfire_rested":1,"item_purchase_floors":[14,14,38,38,38,53],"current_hp_per_floor":[68,59,59,44,32,32,14,14,14,14,9,9,9,9,31,24,62,67,62,62,39,29,43,43,55,55,69,69,69,40,46,46,48,64,69,69,69,69,58,69,69,69,69,69,69,61,61,67,67,69,69,69,69,56,74],"gold":108,"neow_bonus":"ONE_RANDOM_RARE_CARD","is_daily":false,"chose_seed":false,"campfire_upgraded":3,"win_rate":0.0,"timestamp":1612864080,"path_taken":["M","M","COS","?","M","R","E","?","T","?","M","M","R","$","R","BOSS","M","M","?","M","M","E","?","E","T","E","R","?","E","?","R","BOSS","M","?","?","$","?","E","M","E","T","?","?","E","R","M","R","BOSS","R","$","E","BOSS"],"items_purchased_type":["Relic","Card","Relic","Card","Relic","Relic"],"build_version":"2020-12-22","purchased_purges":2,"victory":true,"max_hp_per_floor":[75,75,75,75,75,75,75,75,75,75,75,75,75,75,75,75,75,75,75,75,75,75,75,75,75,75,75,75,69,69,69,69,69,69,69,69,69,69,69,69,69,69,69,69,69,69,69,69,69,69,69,69,69,69,74],"card_choices":[{"not_picked":["OpenUniverse","StarlightTyphoon","NonDirectionalLaser"],"picked":"SKIP","floor":1},{"not_picked":["EarthLightRay","EnergyFlow"],"picked":"GalacticHalo","floor":2},{"not_picked":["ManaConvection","DC"],"picked":"6A","floor":5},{"not_picked":["WitchLeyline","MysteriousBeam"],"picked":"6A","floor":7},{"not_picked":["IllusionStar","MysteriousBeam"],"picked":"6A","floor":11},{"not_picked":["Occultation","UnstableBomb"],"picked":"AlicesGift","floor":12},{"not_picked":["JA","TreasureHunter"],"picked":"UltimateShortwave","floor":16},{"not_picked":["GalacticHalo","GrandCross"],"picked":"DeepEcoloBomb","floor":18},{"not_picked":["NonDirectionalLaser","FairyDestructionRay"],"picked":"OrrerysSun","floor":19},{"not_picked":["LuminesStrike","WitchLeyline+1"],"picked":"EarthLightRay","floor":21},{"not_picked":["MysteriousBeam+1","MachineGunSpark"],"picked":"PropBag","floor":22},{"not_picked":["DC","GravityBeat+1","TreasureHunter"],"picked":"SKIP","floor":23},{"not_picked":["LuminesStrike","DarkMatter"],"picked":"Occultation+1","floor":25},{"not_picked":["BlazingStar","GalacticHalo","ChargeUpSpray+1"],"picked":"SKIP","floor":27},{"not_picked":["FairyDestructionRay","StarlightTyphoon","GravityBeat+1"],"picked":"SKIP","floor":30},{"not_picked":["MachineGunSpark","ShootingEcho"],"picked":"PropBag","floor":31},{"not_picked":["UnstableBomb"],"picked":"SKIP","floor":39},{"not_picked":["WitchOfGreed"],"picked":"SKIP","floor":40},{"not_picked":["GalacticHalo+1"],"picked":"SKIP","floor":41},{"not_picked":["ShootingEcho"],"picked":"SKIP","floor":42},{"not_picked":["Gensokyo:MorningStar+1","Gensokyo:Dawn+1"],"picked":"Gensokyo:DreamlikeParadise+1","floor":44},{"not_picked":["NonDirectionalLaser+1"],"picked":"SKIP","floor":46},{"not_picked":["WitchOfGreed+1"],"picked":"SKIP","floor":48},{"not_picked":[],"picked":"EnergyFlow","floor":54}],"player_experience":207408,"relics_obtained":[{"floor":7,"key":"Tiny Chest"},{"floor":9,"key":"HornCleat"},{"floor":20,"key":"Unceasing Top"},{"floor":20,"key":"Incense Burner"},{"floor":23,"key":"Nunchaku"},{"floor":24,"key":"White Beast Statue"},{"floor":25,"key":"StoneCalendar"},{"floor":26,"key":"InkBottle"},{"floor":27,"key":"War Paint"},{"floor":30,"key":"Kunai"},{"floor":40,"key":"Lantern"},{"floor":42,"key":"Bottled Lightning"},{"floor":43,"key":"Meat on the Bone"},{"floor":46,"key":"Calipers"},{"floor":54,"key":"ShroomBag"}],"event_choices":[],"is_beta":false,"boss_relics":[{"not_picked":["Astrolabe","SacredBark"],"picked":"RampagingMagicTools"},{"not_picked":["Calling Bell","Snecko Eye"],"picked":"Busted Crown"}],"items_purged_floors":[14,38],"is_endless":false,"potions_floor_spawned":[1,5,7,11,19,21,22,23,25,27,30,31,33,35,39,40,41,42,46,48,54],"ascension_level":8}}