{"host":"e3zuhorjxi9w14q4","time":1612883605,"event":{"mods":["AchievementEnabler","Aspiration","BaseMod","Defuse TimeMaze Blight","Downfall","Energized Spire","GifTheSpireLib","Hubris","Infinite Spire","Jorbs\u0027s Wanderer Trilogy","Minty Spire (QoL Compilation)","Reliquary","Spicy Shops","Spikes Relics","StSLib","Stuff the Spire","The Marked","The Servant 0.9.4"],"gold_per_floor":[99,99,99,24,44,71,94,111,111,136,155,155,170,170,182,182,182,182],"floor_reached":16,"language":"ENG","playtime":573,"items_purged":[],"score":110,"play_id":"5a730801-4211-4658-9da0-1ba0f2ee4a18","local_time":"20210209161325","is_ascension_mode":false,"campfire_choices":[{"data":"champ:Taunt","floor":1,"key":"SMITH"},{"data":"champ:ShieldWall","floor":12,"key":"SMITH"}],"circlet_count":0,"master_deck":["champ:Strike","champ:Strike","champ:Strike","champ:Strike","champ:Defend","champ:Defend","champ:Defend","champ:Defend","champ:Execute","champ:Taunt+1","champ:ViciousMockery","champ:Shatter","champ:FocusedBerserking","champ:ShieldWall+1","champ:PerfectedStrike","champ:StrikeOfGenius","champ:PerfectedStrike","champ:ShieldThrow","champ:RapidStrikes","champ:RecklessLeap","champ:PerfectedStrike","champ:EnragedBash","Madness","champ:SkillfulDodge"],"relics":["champ:ChampionCrown","downfall:HeartsMalice","Unceasing Top","StuffTheSpire:GrapeVine","Mummified Hand"],"acts_visited":["Exordium"],"potions_floor_usage":[10,15,16,16,16],"damage_taken":[{"damage":0,"enemies":"Cultist","floor":2,"turns":1},{"damage":0,"enemies":"2 Louse","floor":3,"turns":1},{"damage":0,"enemies":"downfall:FleeingMerchant","floor":4,"turns":1},{"damage":13,"enemies":"Small Slimes","floor":5,"turns":3},{"damage":53,"enemies":"Gremlin Nob","floor":6,"turns":4},{"damage":6,"enemies":"2 Fungi Beasts","floor":8,"turns":4},{"damage":11,"enemies":"3 Sentries","floor":10,"turns":5},{"damage":4,"enemies":"3 Louse","floor":11,"turns":3},{"damage":0,"enemies":"2 Fungi Beasts","floor":13,"turns":2},{"damage":3,"enemies":"Blue Slaver","floor":15,"turns":2},{"damage":18,"enemies":"SI_SHIV_ARCHETYPE","floor":16,"turns":3}],"seed_played":"4651851893512511211","potions_obtained":[{"floor":5,"key":"Explosive Potion"},{"floor":8,"key":"champ:CounterPotion"},{"floor":10,"key":"Dexterity Potion"},{"floor":13,"key":"BlessingOfTheForge"},{"floor":15,"key":"Guardian:BlockOnCardUsePotion"}],"is_trial":false,"path_per_floor":["R","M","M","$","M","E","T","M","?","E","M","R","M","?","M","B"],"character_chosen":"THE_CHAMP","items_purchased":["champ:ShieldWall"],"campfire_rested":0,"item_purchase_floors":[4],"current_hp_per_floor":[90,90,90,90,82,34,34,33,33,22,18,18,18,18,15,0,0,0],"gold":182,"neow_bonus":"THREE_ENEMY_KILL","is_daily":false,"chose_seed":false,"campfire_upgraded":2,"win_rate":0.0,"timestamp":1612883605,"path_taken":["R","M","M","$","M","E","T","?","?","E","?","R","M","?","M","BOSS"],"items_purchased_type":["Card"],"build_version":"2020-12-22","purchased_purges":0,"victory":false,"max_hp_per_floor":[90,90,90,90,90,90,90,90,90,90,90,90,90,90,90,90,90,90],"card_choices":[{"not_picked":["champ:DefensiveShout","champ:FlashCut"],"picked":"champ:ViciousMockery","floor":2},{"not_picked":["champ:BringItOn","champ:EndlessRage"],"picked":"champ:Shatter","floor":3},{"not_picked":["champ:FalseCounter","champ:Haymaker"],"picked":"champ:FocusedBerserking","floor":4},{"not_picked":["champ:BringItOn","champ:Backstep","champ:PerfectedStrike"],"picked":"SKIP","floor":5},{"not_picked":["champ:BringItOn","champ:Backstep"],"picked":"champ:PerfectedStrike","floor":5},{"not_picked":["champ:FancyFootwork","champ:PerfectedStrike"],"picked":"champ:StrikeOfGenius","floor":6},{"not_picked":["champ:Endure","champ:PreciseThrust"],"picked":"champ:PerfectedStrike","floor":8},{"not_picked":["champ:ShieldSlam","champ:Haymaker"],"picked":"champ:ShieldThrow","floor":10},{"not_picked":["champ:EnragedBash","champ:PreciseThrust"],"picked":"champ:RapidStrikes","floor":11},{"not_picked":["champ:Backstep","champ:StanceDance"],"picked":"champ:RecklessLeap","floor":13},{"not_picked":["champ:PreciseThrust","champ:CrownThrow"],"picked":"champ:SkillfulDodge","floor":15}],"player_experience":264530,"relics_obtained":[{"floor":6,"key":"Unceasing Top"},{"floor":7,"key":"StuffTheSpire:GrapeVine"},{"floor":10,"key":"Mummified Hand"}],"event_choices":[{"damage_healed":0,"gold_gain":0,"player_choice":"Ignored","damage_taken":0,"max_hp_gain":0,"max_hp_loss":0,"event_name":"NoteForYourself","floor":9,"gold_loss":0}],"is_beta":false,"boss_relics":[],"items_purged_floors":[],"is_endless":false,"potions_floor_spawned":[5,8,10,13,15],"killed_by":"SI_SHIV_ARCHETYPE","ascension_level":0}}