{"host":"at5b10nm0iti0w4x","time":1612829090,"event":{"mods":["2.2 Compatiblity","AchievementEnabler","BaseMod","Bestiary","Block Reminder","Colored Map","Colored Powertips","Highlight Path","Keyboard Shortcuts","Minty Spire (QoL Compilation)","Relic Stats","Slay the Relics Exporter","StSLib","SuperFastMode","Unknown Chances"],"gold_per_floor":[113,63,63,77,1,1,26,26,26,43,43,71,71,87,87,187,187,199,159,178,197,208,208,123,123,123,136,136,57,57,73,73,73,73],"floor_reached":33,"language":"ENG","playtime":2313,"items_purged":[],"score":280,"play_id":"22e96b00-7e64-4eb7-b1a9-8a13559deb8e","local_time":"20210208190450","is_ascension_mode":false,"campfire_choices":[{"data":"Double Energy","floor":6,"key":"SMITH"},{"data":"Hello World","floor":11,"key":"SMITH"},{"data":"Dualcast","floor":13,"key":"SMITH"},{"data":"Coolheaded","floor":15,"key":"SMITH"},{"floor":23,"key":"REST"},{"data":"Chaos","floor":32,"key":"SMITH"}],"circlet_count":0,"master_deck":["Strike_B+1","Strike_B+1","Strike_B+1","Defend_B+1","Defend_B+1","Defend_B+1","Defend_B+1","Zap+1","Dualcast+1","Coolheaded+1","Double Energy+1","Doom and Gloom","Hello World+1","Cold Snap","Self Repair","Leap","Seek","Fusion","Genetic Algorithm","Chaos+1","Steam+1","Biased Cognition","Force Field","Rainbow"],"relics":["Cracked Core","NeowsBlessing","Blue Candle","Sundial","PreservedInsect","Inserter","Bronze Scales","Ancient Tea Set","Gremlin Horn"],"acts_visited":["Exordium","TheCity"],"potions_floor_usage":[20,22,27,33,33,33],"damage_taken":[{"damage":0,"enemies":"Cultist","floor":1,"turns":1},{"damage":0,"enemies":"2 Louse","floor":4,"turns":1},{"damage":0,"enemies":"3 Sentries","floor":7,"turns":1},{"damage":0,"enemies":"Jaw Worm","floor":10,"turns":3},{"damage":25,"enemies":"Gremlin Nob","floor":12,"turns":4},{"damage":4,"enemies":"2 Fungi Beasts","floor":14,"turns":3},{"damage":4,"enemies":"The Guardian","floor":16,"turns":10},{"damage":8,"enemies":"Shell Parasite","floor":18,"turns":7},{"damage":14,"enemies":"3 Byrds","floor":20,"turns":3},{"damage":57,"enemies":"Snake Plant","floor":21,"turns":7},{"damage":5,"enemies":"Cultist and Chosen","floor":22,"turns":4},{"damage":10,"enemies":"Chosen and Byrds","floor":27,"turns":5},{"damage":10,"enemies":"Snecko","floor":31,"turns":5},{"damage":36,"enemies":"Collector","floor":33,"turns":7}],"seed_played":"-1362750883920789043","potions_obtained":[{"floor":1,"key":"SpeedPotion"},{"floor":7,"key":"Explosive Potion"},{"floor":16,"key":"EntropicBrew"},{"floor":19,"key":"EssenceOfDarkness"},{"floor":20,"key":"GamblersBrew"},{"floor":21,"key":"EssenceOfDarkness"},{"floor":22,"key":"SkillPotion"}],"is_trial":false,"path_per_floor":["M","?","?","M","$","R","E","?","T","M","R","E","R","M","R","B",null,"M","?","M","M","M","R","?","?","T","M","?","$","?","M","R","B"],"character_chosen":"DEFECT","items_purchased":["Doom and Gloom","Force Field"],"campfire_rested":1,"item_purchase_floors":[5,29],"current_hp_per_floor":[75,75,75,75,75,75,75,68,68,68,68,43,43,46,46,49,75,74,74,67,17,19,41,41,41,41,38,38,38,38,35,35,0,0],"gold":73,"neow_bonus":"THREE_ENEMY_KILL","is_daily":false,"chose_seed":false,"campfire_upgraded":5,"win_rate":0.0,"timestamp":1612829090,"path_taken":["M","?","?","M","?","R","E","?","T","M","R","E","R","M","R","BOSS","M","?","M","M","?","R","?","?","T","M","?","$","?","M","R","BOSS"],"items_purchased_type":["Card","Card"],"build_version":"2020-12-22","purchased_purges":0,"victory":false,"max_hp_per_floor":[75,75,75,75,75,75,75,75,75,75,75,75,75,75,75,75,75,75,75,75,75,75,75,75,75,75,75,75,75,75,75,75,75,75],"relic_stats":{"Inserter":[19],"Gremlin Horn":[3,3],"counters":[14,61],"Sundial":[10],"Blue Candle":[0],"Bronze Scales":[59],"PreservedInsect":0,"obtain_stats":[{"Inserter":17,"NeowsBlessing":0,"Gremlin Horn":26,"Sundial":9,"Blue Candle":7,"Bronze Scales":24,"PreservedInsect":12,"Cracked Core":0,"Ancient Tea Set":25},{"Inserter":7,"NeowsBlessing":0,"Gremlin Horn":11,"Sundial":3,"Blue Candle":3,"Bronze Scales":11,"PreservedInsect":5,"Cracked Core":0,"Ancient Tea Set":11},{"Inserter":23,"NeowsBlessing":0,"Gremlin Horn":44,"Sundial":3,"Blue Candle":3,"Bronze Scales":44,"PreservedInsect":10,"Cracked Core":0,"Ancient Tea Set":44}]},"card_choices":[{"not_picked":["Blizzard","Barrage"],"picked":"Coolheaded","floor":1},{"not_picked":["Heatsinks","Redo"],"picked":"Double Energy","floor":4},{"not_picked":["Barrage","Rebound"],"picked":"Hello World","floor":7},{"not_picked":["Reprogram","Redo"],"picked":"Cold Snap","floor":10},{"not_picked":["Multi-Cast","Stack"],"picked":"Self Repair","floor":12},{"not_picked":["Cold Snap","Undo"],"picked":"Leap","floor":14},{"not_picked":["Meteor Strike","Reboot"],"picked":"Seek","floor":16},{"not_picked":["Streamline+1","Hello World","Steam Power+1"],"picked":"SKIP","floor":18},{"not_picked":["Turbo+1","Conserve Battery"],"picked":"Fusion","floor":20},{"not_picked":["Rip and Tear","Rebound"],"picked":"Genetic Algorithm","floor":21},{"not_picked":["Compile Driver","Streamline+1"],"picked":"Chaos","floor":22},{"not_picked":["Ball Lightning+1","Scrape+1"],"picked":"Steam+1","floor":27},{"not_picked":["Beam Cell","Self Repair"],"picked":"Rainbow","floor":31}],"player_experience":74930,"relics_obtained":[{"floor":7,"key":"Blue Candle"},{"floor":9,"key":"Sundial"},{"floor":12,"key":"PreservedInsect"},{"floor":26,"key":"Gremlin Horn"}],"event_choices":[{"cards_removed":["Strike_B"],"damage_healed":0,"gold_gain":0,"player_choice":"Card Removal","damage_taken":0,"max_hp_gain":0,"max_hp_loss":0,"event_name":"The Cleric","floor":2,"gold_loss":50},{"damage_healed":0,"gold_gain":0,"player_choice":"Grow","damage_taken":0,"max_hp_gain":0,"max_hp_loss":0,"event_name":"Living Wall","floor":3,"gold_loss":0,"cards_upgraded":["Zap"]},{"damage_healed":0,"gold_gain":0,"player_choice":"Damaged","damage_taken":7,"max_hp_gain":0,"max_hp_loss":0,"event_name":"Wheel of Change","floor":8,"gold_loss":0},{"damage_healed":0,"gold_gain":0,"player_choice":"Bought 3 Potions","damage_taken":0,"max_hp_gain":0,"max_hp_loss":0,"event_name":"The Woman in Blue","floor":19,"gold_loss":0},{"damage_healed":0,"gold_gain":0,"player_choice":"Obtained Relic","damage_taken":0,"relics_obtained":["Bronze Scales"],"max_hp_gain":0,"max_hp_loss":0,"event_name":"Addict","floor":24,"gold_loss":85},{"damage_healed":0,"gold_gain":0,"player_choice":"Opened","damage_taken":0,"relics_obtained":["Ancient Tea Set"],"max_hp_gain":0,"max_hp_loss":0,"event_name":"The Mausoleum","floor":25,"gold_loss":0},{"damage_healed":0,"gold_gain":0,"player_choice":"Read","damage_taken":0,"max_hp_gain":0,"max_hp_loss":0,"event_name":"The Library","floor":28,"gold_loss":0,"cards_obtained":["Biased Cognition"]},{"damage_healed":0,"gold_gain":0,"player_choice":"Simplicity","damage_taken":0,"max_hp_gain":0,"max_hp_loss":0,"event_name":"Back to Basics","floor":30,"gold_loss":0,"cards_upgraded":["Strike_B","Strike_B","Strike_B","Defend_B","Defend_B","Defend_B","Defend_B"]}],"is_beta":false,"boss_relics":[{"not_picked":["Busted Crown","Calling Bell"],"picked":"Inserter"}],"items_purged_floors":[],"is_endless":false,"potions_floor_spawned":[1,7,16,20,21,22],"killed_by":"Collector","ascension_level":0}}