{"host":"wuernuywc9gl215o","time":1612887482,"event":{"mods":["AchievementEnabler","BaseMod","Block Reminder","Highlight Path","Key Reminder","Minty Spire (QoL Compilation)","Permanent Neow","Potion Indicator Mod","Quick Restart","Relic Stats"],"gold_per_floor":[119,131,56,56,56,97,97,128,128,128,52,91,107,120,120,218,218,206,220,234,259,284,284,284],"floor_reached":23,"language":"ENG","playtime":1942,"items_purged":[],"score":473,"play_id":"97b6fedc-039d-4b4c-b6a7-7c2298f9123d","local_time":"20210209161802","is_ascension_mode":true,"campfire_choices":[{"data":"Well Laid Plans","floor":7.0,"key":"SMITH"},{"floor":10.0,"key":"REST"},{"data":"Glass Knife","floor":15.0,"key":"SMITH"}],"circlet_count":0,"master_deck":["AscendersBane","Strike_G","Strike_G","Strike_G","Defend_G+1","Defend_G","Defend_G","Defend_G","Defend_G","Survivor+1","Neutralize","Dash","Leg Sweep","Well Laid Plans+1","Glass Knife+1","Footwork","Malaise","Dagger Throw","Dodge and Roll","Burst","Riddle With Holes","Flying Knee","Blur","Slice","Noxious Fumes"],"relics":["Ring of the Snake","NeowsBlessing","Golden Idol","Lizard Tail","War Paint","Eternal Feather","Shuriken","SacredBark"],"acts_visited":["Exordium","TheCity"],"potions_floor_usage":[18,21,21],"damage_taken":[{"damage":0.0,"enemies":"Jaw Worm","floor":1.0,"turns":1.0},{"damage":0.0,"enemies":"2 Louse","floor":2.0,"turns":1.0},{"damage":0.0,"enemies":"3 Sentries","floor":6.0,"turns":2.0},{"damage":38.0,"enemies":"Lagavulin","floor":8.0,"turns":14.0},{"damage":0.0,"enemies":"3 Sentries","floor":12.0,"turns":10.0},{"damage":0.0,"enemies":"Cultist","floor":13.0,"turns":4.0},{"damage":0.0,"enemies":"Exordium Wildlife","floor":14.0,"turns":4.0},{"damage":2.0,"enemies":"The Guardian","floor":16.0,"turns":16.0},{"damage":1,"enemies":"2 Thieves","floor":18,"turns":4},{"damage":6,"enemies":"Chosen","floor":19,"turns":7},{"damage":2,"enemies":"Snake Plant","floor":20,"turns":10},{"damage":22,"enemies":"Sentry and Sphere","floor":21,"turns":13},{"damage":43,"enemies":"Cultist and Chosen","floor":22,"turns":14},{"damage":21,"enemies":"Book of Stabbing","floor":23,"turns":6}],"seed_played":"-19604728827077622","potions_obtained":[{"floor":6.0,"key":"GhostInAJar"},{"floor":8.0,"key":"CunningPotion"},{"floor":12.0,"key":"SpeedPotion"},{"floor":16.0,"key":"Explosive Potion"},{"floor":20,"key":"SpeedPotion"}],"is_trial":false,"path_per_floor":["M","M","?","?","?","E","R","E","T","R","$","E","M","M","R","B",null,"M","M","M","M","M","E"],"character_chosen":"THE_SILENT","items_purchased":["Footwork"],"campfire_rested":1,"item_purchase_floors":[11],"current_hp_per_floor":[59,59,59,52,52,52,52,14,14,41,41,41,41,41,50,48,57,56,50,48,26,21,0,0],"gold":284,"neow_bonus":"THREE_ENEMY_KILL","is_daily":false,"chose_seed":false,"campfire_upgraded":2,"win_rate":0.0,"timestamp":1612887482,"path_taken":["M","M","?","?","?","E","R","E","T","R","$","E","M","M","R","BOSS","M","M","M","M","M","E"],"items_purchased_type":["Card"],"build_version":"2020-12-22","purchased_purges":0,"victory":false,"max_hp_per_floor":[66,66,66,66,60,60,60,60,60,60,60,60,60,60,60,60,60,60,60,60,60,60,60,60],"relic_stats":{"Lizard Tail":30,"counters":[14,106],"Golden Idol":68,"Shuriken":[13],"Eternal Feather":18,"War Paint":["Survivor","Defend_G"],"obtain_stats":[{"Lizard Tail":6,"NeowsBlessing":0,"Golden Idol":5,"Shuriken":12,"SacredBark":17,"Eternal Feather":9,"War Paint":8,"Ring of the Snake":0},{"Lizard Tail":3,"NeowsBlessing":0,"Golden Idol":2,"Shuriken":5,"SacredBark":8,"Eternal Feather":4,"War Paint":4,"Ring of the Snake":0},{"Lizard Tail":4,"NeowsBlessing":0,"Golden Idol":2,"Shuriken":28,"SacredBark":52,"Eternal Feather":18,"War Paint":18,"Ring of the Snake":0}],"Ring of the Snake":[28]},"card_choices":[{"not_picked":["Acrobatics","Catalyst"],"picked":"Dash","floor":1.0},{"not_picked":["Poisoned Stab","Dash"],"picked":"Leg Sweep","floor":2.0},{"not_picked":["Backflip","Sucker Punch"],"picked":"Well Laid Plans","floor":6.0},{"not_picked":["Quick Slash","Endless Agony"],"picked":"Glass Knife","floor":8.0},{"not_picked":["Dagger Throw","Cloak And Dagger"],"picked":"Malaise","floor":12.0},{"not_picked":["Well Laid Plans","Poisoned Stab"],"picked":"Dagger Throw","floor":13.0},{"not_picked":["Eviscerate","PiercingWail"],"picked":"Dodge and Roll","floor":14.0},{"not_picked":["Unload","Die Die Die"],"picked":"Burst","floor":16.0},{"not_picked":["Cloak And Dagger","Backflip"],"picked":"Riddle With Holes","floor":18},{"not_picked":["Backstab","Dagger Throw+1"],"picked":"Flying Knee","floor":19},{"not_picked":["Catalyst+1","Bane"],"picked":"Blur","floor":20},{"not_picked":["Predator","Leg Sweep"],"picked":"Slice","floor":21},{"not_picked":["Underhanded Strike","Dash"],"picked":"Noxious Fumes","floor":22}],"player_experience":873954,"relics_obtained":[{"floor":6.0,"key":"Lizard Tail"},{"floor":8.0,"key":"War Paint"},{"floor":9.0,"key":"Eternal Feather"},{"floor":12.0,"key":"Shuriken"}],"event_choices":[{"cards_removed":["Strike_G"],"damage_healed":0.0,"max_hp_gain":0.0,"max_hp_loss":0.0,"gold_gain":0.0,"event_name":"The Cleric","player_choice":"Card Removal","floor":3.0,"gold_loss":75.0,"damage_taken":0.0},{"cards_removed":["Strike_G"],"damage_healed":0.0,"max_hp_gain":0.0,"max_hp_loss":0.0,"gold_gain":0.0,"event_name":"Golden Wing","player_choice":"Card Removal","floor":4.0,"gold_loss":0.0,"damage_taken":7.0},{"damage_healed":0.0,"max_hp_gain":0.0,"max_hp_loss":6.0,"gold_gain":0.0,"event_name":"Golden Idol","player_choice":"Lose Max HP","floor":5.0,"gold_loss":0.0,"damage_taken":0.0,"relics_obtained":["Golden Idol"]}],"is_beta":false,"boss_relics":[{"not_picked":["Fusion Hammer","Tiny House"],"picked":"SacredBark"}],"items_purged_floors":[],"is_endless":false,"potions_floor_spawned":[6,8,12,16,20],"killed_by":"Book of Stabbing","ascension_level":16}}