{"host":"dscols65uipasqd2","time":1612837941,"event":{"mods":["2.2 Compatiblity","AchievementEnabler","Aspiration","BaseMod","Colored Powertips","Downfall","Energized Spire","GifTheSpireLib","Hermit","Hubris","Infinite Spire","JesterMod","Jorbs\u0027s Wanderer Trilogy","Marisa????????","Minty Spire (QoL Compilation)","Rare Cards Sparkle","Replay The Spire","StSLib","Stuff the Spire","The Cursed","The Disciple","The Hierophant","The Judge","The Jungle","The Runesmith","TheFirefly"],"gold_per_floor":[99,99,99,99,99,132,206,232,246,258,283,6,6,20,33,137,87,87,106,118,118,118,118,145,145,155,186,186,86,97,108,121,216,216,116,130,143,143,143,143,143,143,158,45,78,96,96,96,96],"floor_reached":47,"language":"ENG","playtime":2668,"items_purged":[],"score":674,"play_id":"567a6dd4-1425-40b4-9f0f-fde976d61ba1","local_time":"20210208213221","is_ascension_mode":true,"campfire_choices":[{"floor":1,"key":"RECALL"},{"floor":18,"key":"DIG"},{"floor":29,"key":"REST"},{"data":"StuffTheSpire:PestControl","floor":35,"key":"SMITH"},{"data":"Slimebound:Split","floor":40,"key":"SMITH"},{"data":"StuffTheSpire:PestControl","floor":42,"key":"SMITH"}],"circlet_count":0,"master_deck":["Slimebound:Strike_Slimebound","Slimebound:Strike_Slimebound","Slimebound:Strike_Slimebound","Slimebound:Tackle","Slimebound:Defend_Slimebound","Slimebound:Defend_Slimebound","Slimebound:Defend_Slimebound","Slimebound:Defend_Slimebound","Slimebound:Split+1","Slimebound:CorrosiveSpit","Slimebound:LivingWall","Slimebound:GoopSpray","Slimebound:GoopTackle","Slimebound:Nibble","Slimebound:Prepare","Slimebound:SplitLeeching","Slimebound:SplitBruiser","Slimebound:AcidTongue","Slimebound:RainOfGoop","Parasite","Slimebound:FormOfPuddle","Slimebound:Schlurp","Slimebound:Strike_Slimebound","Slimebound:SplitMire","Slimebound:RollThrough","Slimebound:SamplingLick","StuffTheSpire:PestControl+1","Midas Touch","hubris:EnhanceAbility","Mayhem","downfall:Icky","Bash","Slimebound:TagTeam","Replay:Parry","infinitespire:FutureSight","Slimebound:SplitAcid+1","Slimebound:SplitLeeching+1","StuffTheSpire:PestControl+1","Slimebound:RainOfGoop+1","Slimebound:Prepare","Slimebound:LevelUp","Slimebound:SelfFormingGoo","Intimidate","Slimebound:Prepare+1","Slimebound:Darklings","Pain","Slimebound:SplitLeeching+1","Slimebound:RejuvenatingLick","Slimebound:Chomp","Slimebound:GoopTackle","StuffTheSpire:BloodClot","Burning Pact+1"],"relics":["Slimebound:AbsorbEndCombat","downfall:HeartsMalice","Ring of Misfortune","Spirit Poop","Replay:Mystery Machine","Lantern","aspiration:TomeofQuesting","TheAbacus","energizedSpire:HugeHouse","The Courier","ReplayTheSpireMod:ShopPack","ReplayTheSpireMod:SealedPack","StuffTheSpire:Barrel","Gambling Chip","Oddly Smooth Stone","downfall:HeartBlessingRed","aspiration:IroncladSkillbook","downfall:HeartBlessingBlue","WarpedTongs","Mercury Hourglass","Replay:Kaleidoscope"],"acts_visited":["Exordium","TheCity","TheBeyond"],"potions_floor_usage":[8,11,20,27,31,36,47,47,47],"damage_taken":[{"damage":0,"enemies":"2 Louse","floor":2,"turns":1},{"damage":0,"enemies":"Cultist","floor":3,"turns":1},{"damage":0,"enemies":"Lagavulin","floor":6,"turns":1},{"damage":14,"enemies":"Gremlin Nob","floor":8,"turns":5},{"damage":6,"enemies":"Jaw Worm","floor":9,"turns":2},{"damage":1,"enemies":"Exordium Thugs","floor":10,"turns":2},{"damage":21,"enemies":"Lagavulin","floor":11,"turns":6},{"damage":0,"enemies":"downfall:FleeingMerchant","floor":12,"turns":4},{"damage":0,"enemies":"Blue Slaver","floor":14,"turns":3},{"damage":0,"enemies":"2 Fungi Beasts","floor":15,"turns":4},{"damage":2,"enemies":"IC_STATUS_ARCHETYPE","floor":16,"turns":6},{"damage":0,"enemies":"Chosen","floor":19,"turns":3},{"damage":21,"enemies":"Snake Plant","floor":20,"turns":4},{"damage":9,"enemies":"Cultist and Chosen","floor":26,"turns":4},{"damage":26,"enemies":"Nightmare","floor":27,"turns":5},{"damage":0,"enemies":"Snecko","floor":30,"turns":3},{"damage":0,"enemies":"Snake Plant","floor":31,"turns":2},{"damage":13,"enemies":"Shelled Parasite and Fungi","floor":32,"turns":2},{"damage":0,"enemies":"WA_ARCHETYPE_CALM","floor":33,"turns":8},{"damage":3,"enemies":"3 Darklings","floor":36,"turns":3},{"damage":11,"enemies":"Orb Walker","floor":37,"turns":2},{"damage":0,"enemies":"Maw","floor":43,"turns":6},{"damage":1,"enemies":"downfall:FleeingMerchant","floor":44,"turns":4},{"damage":2,"enemies":"Giant Head","floor":45,"turns":7},{"damage":19,"enemies":"Spire Growth","floor":46,"turns":4},{"damage":70,"enemies":"Nightmare","floor":47,"turns":4}],"seed_played":"-1997750035446028672","potions_obtained":[{"floor":6,"key":"hexamod:SoulburnPotion"},{"floor":8,"key":"AttackPotion"},{"floor":9,"key":"Toxic Potion"},{"floor":10,"key":"Dexterity Potion"},{"floor":14,"key":"AttackPotion"},{"floor":15,"key":"CultistPotion"},{"floor":30,"key":"Swift Potion"},{"floor":32,"key":"Energy Potion"},{"floor":33,"key":"EssenceOfSteel"},{"floor":36,"key":"Slimebound:SlimedPotion"},{"floor":37,"key":"SpeedPotion"}],"is_trial":false,"path_per_floor":["R","M","M","?","?","E","T","E","M","M","E","$","?","M","M","B",null,"R","M","M","?","AVR","?","T","T","M","NM","?","R","M","M","M","B",null,"R","M","M","?","?","R","T","R","M","$","E","M","NM"],"character_chosen":"SLIMEBOUND","items_purchased":["TheAbacus","Slimebound:AcidTongue","Slimebound:RainOfGoop","Slimebound:Chomp","Slimebound:GoopTackle"],"campfire_rested":1,"item_purchase_floors":[12,12,12,44,44],"current_hp_per_floor":[65,65,65,65,65,65,65,57,53,56,43,45,61,63,65,65,60,60,60,45,25,25,25,25,25,22,4,4,22,26,28,19,27,60,70,70,63,63,63,63,63,63,70,70,70,57,0,0,0],"gold":96,"neow_bonus":"THREE_ENEMY_KILL","is_daily":false,"chose_seed":false,"campfire_upgraded":3,"win_rate":0.0,"timestamp":1612837941,"path_taken":["R","M","M","?","?","E","T","E","?","M","E","$","?","M","M","BOSS","R","M","M","?","AVR","?","T","?","M","NM","?","R","M","M","M","BOSS","R","M","M","?","?","R","T","R","M","$","E","?","NM"],"items_purchased_type":["Relic","Card","Card","Card","Card"],"build_version":"2020-12-22","purchased_purges":0,"victory":false,"max_hp_per_floor":[65,65,65,65,65,65,65,65,65,65,65,65,65,65,65,65,60,60,60,60,60,60,60,60,60,60,60,60,60,60,60,60,60,60,70,70,70,70,70,70,70,70,70,70,70,70,70,70,70],"card_choices":[{"not_picked":["Slimebound:PressTheAttack","Slimebound:Grow"],"picked":"Slimebound:SlimeSpikes","floor":2},{"not_picked":["Slimebound:LeadByExample","Slimebound:GoopSpray"],"picked":"Slimebound:LivingWall","floor":3},{"not_picked":["Slimebound:LivingWall","Slimebound:SlimeSpikes"],"picked":"Slimebound:GoopSpray","floor":6},{"not_picked":["Slimebound:SlimeSpikes","Slimebound:LeechEnergy"],"picked":"Slimebound:GoopTackle","floor":8},{"not_picked":["Slimebound:SplitAcid","Slimebound:Prepare"],"picked":"Slimebound:Nibble","floor":9},{"not_picked":["Slimebound:DivideAndConquer","Slimebound:LivingWall"],"picked":"Slimebound:Prepare","floor":10},{"not_picked":["Slimebound:SplitAcid","Slimebound:RainOfGoop"],"picked":"Slimebound:SplitLeeching","floor":11},{"not_picked":["Slimebound:LeechEnergy","Slimebound:Grow"],"picked":"Slimebound:SplitBruiser","floor":12},{"not_picked":["Slimebound:MinionMaster","Slimebound:SplitLeeching"],"picked":"Slimebound:FormOfPuddle","floor":14},{"not_picked":["Slimebound:RollThrough","Slimebound:SplitAcid"],"picked":"Slimebound:Schlurp","floor":15},{"not_picked":["Slimebound:CheckThePlaybook","Slimebound:MassFeed"],"picked":"Slimebound:RallyTheTroops","floor":16},{"not_picked":["Slimebound:HauntingLick","Slimebound:PressTheAttack"],"picked":"Slimebound:RollThrough","floor":19},{"not_picked":["Slimebound:SplitMire","Slimebound:PressTheAttack"],"picked":"Slimebound:SamplingLick","floor":20},{"not_picked":["Sadistic Nature","Thinking Ahead"],"picked":"Midas Touch","floor":22},{"not_picked":["hubris:Ssssneak","PanicButton"],"picked":"hubris:EnhanceAbility","floor":22},{"not_picked":["Replay:Bootleg Shield Generator","Panacea"],"picked":"Mayhem","floor":22},{"not_picked":["Guardian:TwinSlam","stsjorbsmod:FreshAdventure"],"picked":"Bash","floor":22},{"not_picked":["Slimebound:MinionMaster","Slimebound:DuplicatedForm"],"picked":"Slimebound:TagTeam","floor":22},{"not_picked":["Flash of Steel","Forethought"],"picked":"Replay:Parry","floor":22},{"not_picked":["infinitespire:Execution","ReplayTheSpireMod:Echoes of Time"],"picked":"infinitespire:FutureSight","floor":22},{"not_picked":["Slimebound:GoopSpray","Slimebound:SlimeSpikes"],"picked":"Slimebound:SplitAcid+1","floor":26},{"not_picked":["Slimebound:ComboTackle","Slimebound:SplitBruiser+1"],"picked":"Slimebound:SplitLeeching+1","floor":27},{"not_picked":["Slimebound:Nibble","Slimebound:SlimeBarrage"],"picked":"Slimebound:RainOfGoop+1","floor":30},{"not_picked":["Slimebound:LeechEnergy","Slimebound:OneTwoCombo"],"picked":"Slimebound:Prepare","floor":31},{"not_picked":["Slimebound:LivingWall","Slimebound:Recollect+1"],"picked":"Slimebound:LevelUp","floor":32},{"not_picked":["Slimebound:OneTwoCombo","Slimebound:Overexert"],"picked":"Slimebound:SelfFormingGoo","floor":33},{"not_picked":["Slimebound:FinishingTackle+1","Bloodletting","StuffTheSpire:RockThrow"],"picked":"Intimidate","floor":36},{"not_picked":["Perfected Strike","Disarm+1","Seeing Red"],"picked":"Slimebound:Prepare+1","floor":37},{"not_picked":["ReplayTheSpireMod:Limb From Limb","Havoc","Slimebound:SplitAcid"],"picked":"Slimebound:SplitLeeching+1","floor":43},{"not_picked":["Double Tap","StuffTheSpire:Slingshot+1","Reckless Charge"],"picked":"Slimebound:RejuvenatingLick","floor":44},{"not_picked":["hubris:CleavingFinish","Body Slam+1","Sever Soul+1"],"picked":"StuffTheSpire:BloodClot","floor":45},{"not_picked":["Pommel Strike","Slimebound:LeechEnergy","Run Through"],"picked":"Burning Pact+1","floor":46}],"player_experience":606416,"relics_obtained":[{"floor":4,"key":"Ring of Misfortune"},{"floor":6,"key":"Replay:Mystery Machine"},{"floor":8,"key":"Lantern"},{"floor":11,"key":"aspiration:TomeofQuesting"},{"floor":18,"key":"The Courier"},{"floor":24,"key":"StuffTheSpire:Barrel"},{"floor":25,"key":"Gambling Chip"},{"floor":27,"key":"Oddly Smooth Stone"},{"floor":41,"key":"Mercury Hourglass"},{"floor":45,"key":"Replay:Kaleidoscope"}],"event_choices":[{"cards_removed":["Amnesia"],"damage_healed":0,"gold_gain":0,"player_choice":"Offered Curse","damage_taken":0,"relics_obtained":["Spirit Poop"],"max_hp_gain":0,"max_hp_loss":0,"event_name":"Bonfire Elementals","floor":5,"gold_loss":0},{"damage_healed":16,"gold_gain":0,"player_choice":"Healed and dodged fight","damage_taken":0,"max_hp_gain":0,"max_hp_loss":0,"event_name":"Mushrooms","floor":13,"gold_loss":0,"cards_obtained":["Parasite"]},{"damage_healed":0,"gold_gain":0,"player_choice":"Ignored","damage_taken":0,"max_hp_gain":0,"max_hp_loss":0,"event_name":"Ghosts","floor":23,"gold_loss":0},{"damage_healed":0,"gold_gain":0,"player_choice":"Rummage","damage_taken":0,"relics_obtained":["WarpedTongs"],"max_hp_gain":0,"max_hp_loss":0,"event_name":"Accursed Blacksmith","floor":39,"gold_loss":0,"cards_obtained":["Pain"]}],"is_beta":false,"boss_relics":[{"not_picked":["aspiration:FutureDiary","StuffTheSpire:RunicHypercube"],"picked":"energizedSpire:HugeHouse"},{"not_picked":["hubris:HollowSoul","infinitespire:Cupcake"],"picked":"aspiration:IroncladSkillbook"}],"items_purged_floors":[],"is_endless":false,"potions_floor_spawned":[6,8,9,10,14,15,30,32,33,36,37,46],"killed_by":"Nightmare","ascension_level":2}}