{"host":"qje7bge8e4rv32w4","time":1612872722,"event":{"mods":["BaseMod","KinomotoSakuraMod(ƒæ÷Æ±æ”£)","Marisa£®ÏF”Í°°ƒß¿Ì…≥£©","Minty Spire (QoL Compilation)","Remilia£®¿Ÿ√◊¿Ú—«£©","StSLib","The Bug Knight","The Servant 0.9.4","Youmu£®ªÍ∆«—˝√Œ£©"],"gold_per_floor":[117,136,136,155,155,167,177,177,177,195,120,139,139,173,173,277,277,292,292,292,311,14,48,65,164,164,164,9,9,9,26,26,121,121,133,183,281,187,237,237,254,271,271,338,338,433,433,447,447,447],"floor_reached":51,"language":"ZHS","playtime":3393,"items_purged":["Regret"],"score":748,"play_id":"4e5261e3-2f48-4004-a71c-d713a39cae20","local_time":"20210209201202","is_ascension_mode":true,"campfire_choices":[{"data":"SpellCardSeal","floor":15.0,"key":"SMITH"},{"data":"Impatience","floor":29.0,"key":"SMITH"},{"floor":32.0,"key":"REST"},{"floor":40.0,"key":"REST"},{"data":"ClowCardTheGlow","floor":45.0,"key":"SMITH"},{"data":"ClowCardTheLight","floor":47.0,"key":"SMITH"},{"floor":49,"key":"REST"}],"circlet_count":0,"master_deck":["ClowCardTheFight","SakuraCardTheFight+","SakuraCardTheSword+","ClowCardTheSword+1","ClowCardTheShield+1","SpellCardSeal+1","SpellCardRelease","Impatience+1","ClowCardTheWood+1","ClowCardTheArrow+1","ClowCardTheMove","ClowCardTheSand","ClowCardTheJump","ClowCardTheMove","ClowCardTheLight+1","ClowCardTheMist","ClowCardTheShot+1","ClowCardTheThunder","ClowCardTheGlow+1","SakuraCardTheHope+"],"relics":["KSMOD_SealedBook","KSMOD_SealedWand","Shuriken","Singing Bowl","Mummified Hand","KSMOD_DarknessWand","KSMOD_GemBrooch","Bag of Preparation","Toy Ornithopter","White Beast Statue","Happy Flower","SsserpentHead","SlaversCollar","CatCart","KSMOD_TeddyBear","KSMOD_Compass"],"acts_visited":["Exordium","TheCity","TheBeyond"],"potions_floor_usage":[],"damage_taken":[{"damage":1.0,"enemies":"Cultist","floor":1.0,"turns":4.0},{"damage":0.0,"enemies":"2 Louse","floor":2.0,"turns":3.0},{"damage":2.0,"enemies":"Jaw Worm","floor":4.0,"turns":3.0},{"damage":9.0,"enemies":"Looter","floor":6.0,"turns":5.0},{"damage":7.0,"enemies":"Blue Slaver","floor":7.0,"turns":4.0},{"damage":11.0,"enemies":"Exordium Wildlife","floor":10.0,"turns":5.0},{"damage":0.0,"enemies":"Looter","floor":12.0,"turns":2.0},{"damage":4.0,"enemies":"HollowMod:MossKnight","floor":14.0,"turns":7.0},{"damage":14.0,"enemies":"The Guardian","floor":16.0,"turns":7.0},{"damage":6.0,"enemies":"Chosen","floor":18.0,"turns":4.0},{"damage":8.0,"enemies":"Spheric Guardian","floor":21.0,"turns":4.0},{"damage":31.0,"enemies":"Slavers","floor":23.0,"turns":4.0},{"damage":0.0,"enemies":"Centurion and Healer","floor":24.0,"turns":6.0},{"damage":15.0,"enemies":"Chosen and Byrds","floor":31.0,"turns":3.0},{"damage":16.0,"enemies":"Automaton","floor":33.0,"turns":6.0},{"damage":29.0,"enemies":"3 Darklings","floor":35.0,"turns":6.0},{"damage":52.0,"enemies":"Orin","floor":37.0,"turns":7.0},{"damage":7.0,"enemies":"Orb Walker","floor":41.0,"turns":2.0},{"damage":0.0,"enemies":"Sphere and 2 Shapes","floor":42.0,"turns":2.0},{"damage":33.0,"enemies":"Spire Growth","floor":44.0,"turns":3.0},{"damage":0.0,"enemies":"KSMOD_TheNothingMonster","floor":46.0,"turns":1.0},{"damage":0,"enemies":"Transient","floor":48,"turns":5},{"damage":17,"enemies":"Time Eater","floor":50,"turns":3}],"seed_played":"7193450453088048970","potions_obtained":[{"floor":4.0,"key":"Block Potion"},{"floor":7.0,"key":"Energy Potion"},{"floor":12.0,"key":"Swift Potion"},{"floor":18.0,"key":"Swift Potion"},{"floor":31.0,"key":"FairyPotion"},{"floor":33.0,"key":"SteroidPotion"},{"floor":44.0,"key":"ColorlessPotion"},{"floor":46.0,"key":"FearPotion"}],"is_trial":false,"path_per_floor":["M","M","?","M","?","M","M","?","T","M","$","M","?","E","R","B",null,"M","?","?","M","$","E","M","?","T","?","$","R","?","M","R","B",null,"M","?","?","$","?","R","M","M","T","M","R","?","R","M","R","B",null],"character_chosen":"KINOMOTOSAKURA","items_purchased":["KSMOD_GemBrooch","Bag of Preparation","Happy Flower","KSMOD_TeddyBear"],"campfire_rested":3,"item_purchase_floors":[22,22,28,38],"current_hp_per_floor":[69,69,69,67,67,58,51,37,37,28,28,28,28,24,24,10,72,68,54,54,48,48,17,17,17,17,17,17,17,17,4,28,17,83,56,56,4,4,4,29,24,26,26,28,28,30,30,32,60,43],"gold":447,"neow_bonus":"RANDOM_COLORLESS","is_daily":false,"chose_seed":false,"campfire_upgraded":4,"win_rate":0.0,"timestamp":1612872722,"path_taken":["M","?","?","M","?","M","M","?","T","M","?","?","?","E","R","BOSS","M","?","?","?","?","E","M","?","T","?","?","R","?","M","R","BOSS","M","?","?","?","?","R","M","M","T","?","R","?","R","M","R","BOSS"],"items_purchased_type":["Relic","Relic","Relic","Relic"],"build_version":"2020-12-22","purchased_purges":1,"victory":true,"max_hp_per_floor":[70,70,70,70,70,70,70,70,70,72,72,72,72,72,72,72,72,74,79,79,81,81,81,81,81,81,81,81,81,81,83,83,83,83,85,85,85,85,85,85,87,89,89,91,91,93,93,95,95,95],"card_choices":[{"not_picked":["Jack Of All Trades","Good Instincts"],"picked":"Impatience","floor":0.0},{"not_picked":["ClowCardTheSilent","ClowCardTheSweet"],"picked":"ClowCardTheShadow","floor":1.0},{"not_picked":["ClowCardTheSong","ClowCardTheCloud"],"picked":"ClowCardTheWood","floor":2.0},{"not_picked":["ClowCardTheChange","ClowCardTheDark"],"picked":"ClowCardTheArrow","floor":4.0},{"not_picked":["ClowCardTheBig","ClowCardThePower"],"picked":"ClowCardTheMove","floor":6.0},{"not_picked":["ClowCardThePower","ClowCardTheSand","ClowCardTheJump"],"picked":"SKIP","floor":7.0},{"not_picked":["ClowCardTheLoop","ClowCardTheLibra","ClowCardTheShadow"],"picked":"Singing Bowl","floor":10.0},{"not_picked":["ClowCardTheRain","ClowCardTheDream"],"picked":"ClowCardTheSand","floor":12.0},{"not_picked":["ClowCardTheBubbles","ClowCardTheSand"],"picked":"ClowCardTheMove","floor":14.0},{"not_picked":["ClowCardTheDash","ClowCardTheCreate"],"picked":"ClowCardTheLight","floor":16.0},{"not_picked":["ClowCardTheIllusion","ClowCardTheLibra+1","ClowCardTheSilent"],"picked":"Singing Bowl","floor":18.0},{"not_picked":["ClowCardTheFlower","ClowCardTheSong","ClowCardTheIllusion"],"picked":"Singing Bowl","floor":21.0},{"not_picked":["ClowCardTheChange+1","ClowCardTheSweet"],"picked":"ClowCardTheShot+1","floor":23.0},{"not_picked":["ClowCardTheLittle","ClowCardTheIllusion"],"picked":"ClowCardTheFight","floor":24.0},{"not_picked":["ClowCardTheJump","ClowCardTheMist+1","ClowCardTheFloat"],"picked":"Singing Bowl","floor":31.0},{"not_picked":["ClowCardTheDash","ClowCardTheReturn"],"picked":"ClowCardTheThunder","floor":33.0},{"not_picked":["ClowCardTheLock+1","ClowCardTheChange","ClowCardTheJump+1"],"picked":"Singing Bowl","floor":35.0},{"not_picked":["ClowCardTheWatery+1","ClowCardThePower"],"picked":"ClowCardTheGlow","floor":37.0},{"not_picked":["ClowCardTheShadow+1","ClowCardTheSong","ClowCardTheLibra+1"],"picked":"Singing Bowl","floor":41.0},{"not_picked":["ClowCardTheErase+1","ClowCardTheMist","ClowCardTheLittle+1"],"picked":"Singing Bowl","floor":42.0},{"not_picked":["ClowCardTheIllusion+1","ClowCardThePower+1","ClowCardTheSweet"],"picked":"Singing Bowl","floor":44.0},{"not_picked":["ClowCardTheReturn","ClowCardTheMirror+1","ClowCardTheSleep+1"],"picked":"Singing Bowl","floor":46.0},{"not_picked":["ClowCardTheLibra","ClowCardTheShadow+1","ClowCardTheArrow"],"picked":"Singing Bowl","floor":48}],"player_experience":1050744,"relics_obtained":[{"floor":9.0,"key":"Singing Bowl"},{"floor":14.0,"key":"Mummified Hand"},{"floor":23.0,"key":"Toy Ornithopter"},{"floor":26.0,"key":"White Beast Statue"},{"floor":37.0,"key":"CatCart"},{"floor":43.0,"key":"KSMOD_Compass"}],"event_choices":[{"damage_healed":0.0,"max_hp_gain":0.0,"max_hp_loss":0.0,"gold_gain":0.0,"event_name":"Big Fish","player_choice":"Box","floor":3.0,"gold_loss":0.0,"damage_taken":0.0,"relics_obtained":["Shuriken"],"cards_obtained":["Regret"]},{"damage_healed":0.0,"max_hp_gain":0.0,"max_hp_loss":0.0,"gold_gain":0.0,"event_name":"Liars Game","player_choice":"Ignored","floor":5.0,"gold_loss":0.0,"damage_taken":0.0},{"damage_healed":0.0,"max_hp_gain":0.0,"max_hp_loss":0.0,"gold_gain":0.0,"event_name":"Shining Light","player_choice":"Entered Light","floor":8.0,"gold_loss":0.0,"damage_taken":14.0,"cards_upgraded":["ClowCardTheArrow","ClowCardTheWood"]},{"damage_healed":0.0,"max_hp_gain":0.0,"max_hp_loss":0.0,"gold_gain":0.0,"cards_transformed":["ClowCardTheSword"],"event_name":"Living Wall","player_choice":"Change","floor":13.0,"gold_loss":0.0,"damage_taken":0.0,"cards_obtained":["ClowCardTheJump"]},{"damage_healed":0.0,"max_hp_gain":5.0,"max_hp_loss":0.0,"gold_gain":0.0,"event_name":"Forgotten Altar","player_choice":"Shed Blood","floor":19.0,"gold_loss":0.0,"damage_taken":19.0},{"damage_healed":0.0,"max_hp_gain":0.0,"max_hp_loss":0.0,"gold_gain":0.0,"cards_transformed":["ClowCardTheSword"],"event_name":"Transmorgrifier","player_choice":"Transformed","floor":20.0,"gold_loss":0.0,"damage_taken":0.0,"cards_obtained":["ClowCardTheMist"]},{"damage_healed":0.0,"max_hp_gain":0.0,"max_hp_loss":0.0,"gold_gain":99.0,"event_name":"Nest","player_choice":"Stole From Cult","floor":25.0,"gold_loss":0.0,"damage_taken":0.0},{"damage_healed":0.0,"max_hp_gain":0.0,"max_hp_loss":0.0,"gold_gain":0.0,"event_name":"FaceTrader","player_choice":"Trade","floor":30.0,"gold_loss":0.0,"damage_taken":0.0,"relics_obtained":["SsserpentHead"]},{"cards_removed":["ClowCardTheShadow"],"damage_healed":0.0,"max_hp_gain":0.0,"max_hp_loss":0.0,"gold_gain":0.0,"event_name":"Falling","player_choice":"Removed Skill","floor":36.0,"gold_loss":0.0,"damage_taken":0.0},{"damage_healed":0.0,"max_hp_gain":0.0,"max_hp_loss":0.0,"gold_gain":0.0,"event_name":"OrinTheCat","player_choice":"Fight","floor":37.0,"gold_loss":0.0,"damage_taken":0.0},{"damage_healed":0.0,"max_hp_gain":0.0,"max_hp_loss":0.0,"gold_gain":0.0,"event_name":"The Woman in Blue","player_choice":"Bought 0 Potions","floor":39.0,"gold_loss":0.0,"damage_taken":0.0}],"is_beta":false,"boss_relics":[{"not_picked":["Astrolabe","Busted Crown"],"picked":"KSMOD_DarknessWand"},{"not_picked":["Philosopher\u0027s Stone","Empty Cage"],"picked":"SlaversCollar"}],"items_purged_floors":[11],"is_endless":false,"potions_floor_spawned":[4,7,12,18,31,33,35,37,41,42,44,46,48],"ascension_level":1}}