{"host":"r4aerl4ckfvw1dw3","time":1612893411,"event":{"mods":["BaseMod","BetterRewards","Minty Spire (QoL Compilation)","Quick Restart","StSLib"],"gold_per_floor":[115,130,141,151,151,177,177,195,195,195,215,229,254,274,274,374,374,392,392,406,406,37,37,62,62,85,104,104,104,138,150,150,248,248,263,283,296,296,296],"floor_reached":38,"language":"ENG","playtime":3079,"items_purged":["Strike_R"],"score":581,"play_id":"bc06a265-4d43-4eed-b800-6e62630f86e7","local_time":"20210209095651","is_ascension_mode":true,"campfire_choices":[{"data":"Shockwave","floor":7,"key":"SMITH"},{"data":"Cleave","floor":10,"key":"SMITH"},{"data":"Metallicize","floor":15,"key":"SMITH"},{"floor":23,"key":"REST"},{"floor":25,"key":"REST"},{"data":"Barricade","floor":29,"key":"SMITH"},{"floor":32,"key":"REST"}],"circlet_count":0,"master_deck":["Strike_R","Strike_R","Defend_R","Defend_R","Defend_R","Defend_R","Bash","Heavy Blade","Shockwave+1","Combust","Pommel Strike","Armaments+1","Perfected Strike","Cleave+1","Sword Boomerang","Headbutt","Metallicize+1","Rampage","Barricade+1","Blood for Blood+1","Havoc","Shrug It Off","Metallicize","Rupture+1","Rupture","Feel No Pain","Juggernaut","Fire Breathing+1","Twin Strike"],"relics":["Burning Blood","Orichalcum","Charon\u0027s Ashes","Black Star","Torii","White Beast Statue","StoneCalendar","Boot","Regal Pillow","Ice Cream","Busted Crown"],"acts_visited":["Exordium","TheCity","TheBeyond"],"potions_floor_usage":[4,13,13,13,18,20,24,30,36,38,38,38],"damage_taken":[{"damage":11,"enemies":"Jaw Worm","floor":1,"turns":5},{"damage":1,"enemies":"Cultist","floor":2,"turns":3},{"damage":0,"enemies":"Small Slimes","floor":3,"turns":3},{"damage":4,"enemies":"Looter","floor":4,"turns":4},{"damage":36,"enemies":"Lagavulin","floor":6,"turns":9},{"damage":7,"enemies":"Gremlin Gang","floor":8,"turns":5},{"damage":16,"enemies":"Blue Slaver","floor":11,"turns":4},{"damage":1,"enemies":"2 Fungi Beasts","floor":12,"turns":2},{"damage":3,"enemies":"3 Sentries","floor":13,"turns":5},{"damage":13,"enemies":"Exordium Wildlife","floor":14,"turns":4},{"damage":23,"enemies":"The Guardian","floor":16,"turns":15},{"damage":11,"enemies":"Shell Parasite","floor":18,"turns":7},{"damage":17,"enemies":"3 Byrds","floor":20,"turns":5},{"damage":33,"enemies":"Slavers","floor":24,"turns":6},{"damage":23,"enemies":"Centurion and Healer","floor":27,"turns":7},{"damage":13,"enemies":"Book of Stabbing","floor":30,"turns":7},{"damage":15,"enemies":"3 Cultists","floor":31,"turns":5},{"damage":35,"enemies":"Champ","floor":33,"turns":12},{"damage":1,"enemies":"3 Shapes","floor":35,"turns":5},{"damage":24,"enemies":"3 Darklings","floor":36,"turns":4},{"damage":10,"enemies":"4 Shapes","floor":37,"turns":5},{"damage":84,"enemies":"Transient","floor":38,"turns":5}],"seed_played":"4448813150753146090","potions_obtained":[{"floor":1,"key":"EssenceOfSteel"},{"floor":2,"key":"EntropicBrew"},{"floor":3,"key":"LiquidMemories"},{"floor":13,"key":"Fire Potion"},{"floor":14,"key":"PowerPotion"},{"floor":24,"key":"BlessingOfTheForge"},{"floor":27,"key":"BloodPotion"},{"floor":30,"key":"Weak Potion"},{"floor":31,"key":"BloodPotion"},{"floor":35,"key":"Explosive Potion"},{"floor":36,"key":"Block Potion"}],"is_trial":false,"path_per_floor":["M","M","M","M","?","E","R","M","T","R","M","M","E","M","R","B",null,"M","?","M","?","$","R","E","R","T","M","?","R","E","M","R","B",null,"M","M","M","M"],"character_chosen":"IRONCLAD","items_purchased":["Torii"],"campfire_rested":3,"item_purchase_floors":[22],"current_hp_per_floor":[67,72,78,80,80,50,50,49,49,49,39,44,47,40,40,23,66,61,46,35,35,35,60,33,58,58,41,41,41,51,42,82,53,77,82,64,60,0,0],"gold":296,"neow_bonus":"TRANSFORM_CARD","is_daily":false,"chose_seed":false,"campfire_upgraded":4,"win_rate":0.0,"timestamp":1612893411,"path_taken":["M","M","M","M","?","E","R","?","T","R","M","M","E","M","R","BOSS","M","?","M","?","$","R","E","R","T","M","?","R","E","M","R","BOSS","M","M","M","?"],"items_purchased_type":["Relic"],"build_version":"2020-12-22","purchased_purges":1,"victory":false,"max_hp_per_floor":[80,80,80,80,80,80,80,80,80,80,80,80,80,80,80,80,80,80,85,85,85,85,85,85,85,85,85,85,85,85,85,85,85,85,85,85,85,85,85],"card_choices":[{"not_picked":["Clothesline","Combust"],"picked":"Shockwave","floor":1},{"not_picked":["Havoc","Power Through"],"picked":"Combust","floor":2},{"not_picked":["Heavy Blade","Perfected Strike"],"picked":"Pommel Strike","floor":3},{"not_picked":["Ghostly Armor","Disarm"],"picked":"Armaments","floor":4},{"not_picked":["Limit Break","Body Slam"],"picked":"Perfected Strike","floor":6},{"not_picked":["Wild Strike","Pommel Strike"],"picked":"Cleave","floor":8},{"not_picked":["Dropkick","Cleave"],"picked":"Sword Boomerang","floor":11},{"not_picked":["Feel No Pain","Wild Strike"],"picked":"Headbutt","floor":12},{"not_picked":["Berserk","Intimidate"],"picked":"Metallicize","floor":13},{"not_picked":["Sentinel","Heavy Blade"],"picked":"Rampage","floor":14},{"not_picked":["Double Tap","Limit Break"],"picked":"Barricade","floor":16},{"not_picked":["Flex","Fire Breathing"],"picked":"Blood for Blood+1","floor":18},{"not_picked":["Flex","Warcry"],"picked":"Havoc","floor":20},{"not_picked":["Whirlwind","Clash"],"picked":"Metallicize","floor":24},{"not_picked":["Shockwave","Feel No Pain"],"picked":"Rupture+1","floor":27},{"not_picked":["Wild Strike","Burning Pact"],"picked":"Rupture","floor":30},{"not_picked":["Iron Wave","Flex"],"picked":"Feel No Pain","floor":31},{"not_picked":["Demon Form","Exhume"],"picked":"Juggernaut","floor":33},{"not_picked":["Perfected Strike+1"],"picked":"SKIP","floor":35},{"not_picked":[],"picked":"Fire Breathing+1","floor":36},{"not_picked":[],"picked":"Twin Strike","floor":37}],"player_experience":532268,"relics_obtained":[{"floor":6,"key":"Orichalcum"},{"floor":13,"key":"Charon\u0027s Ashes"},{"floor":24,"key":"White Beast Statue"},{"floor":24,"key":"StoneCalendar"},{"floor":26,"key":"Boot"},{"floor":30,"key":"Regal Pillow"},{"floor":30,"key":"Ice Cream"}],"event_choices":[{"damage_healed":0,"gold_gain":0,"player_choice":"Forge","damage_taken":0,"max_hp_gain":0,"max_hp_loss":0,"event_name":"Accursed Blacksmith","floor":5,"gold_loss":0,"cards_upgraded":["Armaments"]},{"damage_healed":0,"gold_gain":0,"player_choice":"Shed Blood","damage_taken":20,"max_hp_gain":5,"max_hp_loss":0,"event_name":"Forgotten Altar","floor":19,"gold_loss":0},{"damage_healed":0,"gold_gain":0,"player_choice":"Read","damage_taken":0,"max_hp_gain":0,"max_hp_loss":0,"event_name":"The Library","floor":21,"gold_loss":0,"cards_obtained":["Shrug It Off"]},{"cards_removed":["Strike_R"],"damage_healed":0,"gold_gain":0,"player_choice":"Purged","damage_taken":0,"max_hp_gain":0,"max_hp_loss":0,"event_name":"Purifier","floor":28,"gold_loss":0}],"is_beta":false,"boss_relics":[{"not_picked":["Black Blood","Fusion Hammer"],"picked":"Black Star"},{"not_picked":["Snecko Eye","Runic Pyramid"],"picked":"Busted Crown"}],"items_purged_floors":[22],"is_endless":false,"potions_floor_spawned":[1,2,3,13,14,24,27,30,31,33,35,36,37],"killed_by":"Transient","ascension_level":7}}