{"host":"mvtpegmks4ispacb","time":1612899994,"event":{"mods":["AchievementEnabler","Act Like it!","Aspiration","BaseMod","Beaked The Cultist","Clockwork Mod","Colored Map","Downfall","GifTheSpireLib","Gremlin Mod","Hubris","Infinite Spire","Minty Spire (QoL Compilation)","Permanent Neow","Replay The Spire","StSLib","Stuff the Spire"],"gold_per_floor":[115,40,40,40,40,40,65,65,88,88,99,99,115,126,126,198,198,210,227,227,187,167,167,167],"floor_reached":23,"language":"ENG","playtime":1026,"items_purged":["Defend_G"],"score":407,"play_id":"fe3520ea-a374-49ec-a04d-0995a592a63e","local_time":"20210209134634","is_ascension_mode":true,"campfire_choices":[{"data":"Deadly Poison","floor":6,"key":"SMITH"},{"data":"Neutralize","floor":8,"key":"SMITH"},{"data":"Survivor","floor":10,"key":"SMITH"},{"data":"Deadly Poison","floor":15,"key":"SMITH"}],"circlet_count":0,"master_deck":["AscendersBane","Strike_G","Strike_G","Strike_G","Strike_G","Strike_G","Defend_G","Defend_G","Defend_G","Defend_G","Survivor+1","Neutralize+1","Deadly Poison+1","Deadly Poison+1","StuffTheSpire:Innocence","StuffTheSpire:BrimstoneBlast+1","Dodge and Roll","infinitespire:Neurotoxin","Toxin Wave","Poisoned Stab"],"relics":["Ring of the Snake","NeowsBlessing","hubris:Icosahedron","aspiration:EmptySkull","Blood Vial","StuffTheSpire:Gunfinga","Replay:Bronze Core"],"acts_visited":["Exordium","TheCity"],"potions_floor_usage":[16,23,23],"damage_taken":[{"damage":0,"enemies":"Jaw Worm","floor":1,"turns":1},{"damage":0,"enemies":"3 Sentries","floor":7,"turns":1},{"damage":0,"enemies":"2 Louse","floor":11,"turns":1},{"damage":3,"enemies":"Small Slimes","floor":13,"turns":3},{"damage":5,"enemies":"Red Slaver","floor":14,"turns":3},{"damage":35,"enemies":"The Guardian","floor":16,"turns":10},{"damage":18,"enemies":"2 Thieves","floor":18,"turns":4},{"damage":15,"enemies":"Spheric Guardian","floor":19,"turns":5},{"damage":7,"enemies":"3 Cultists","floor":21,"turns":5},{"damage":29,"enemies":"Replay:Snechameleon","floor":23,"turns":4}],"seed_played":"-234023667839980247","potions_obtained":[{"floor":1,"key":"SpeedPotion"},{"floor":7,"key":"AttackPotion"},{"floor":21,"key":"Explosive Potion"},{"floor":22,"key":"Reflective Coating"}],"is_trial":false,"path_per_floor":["M","$","?","?","T","R","E","R","T","R","M","?","M","M","R","B",null,"M","M","?","M","?","E"],"character_chosen":"THE_SILENT","items_purchased":[],"campfire_rested":0,"item_purchase_floors":[],"current_hp_per_floor":[59,59,59,59,59,59,59,59,59,59,61,51,50,47,47,14,53,37,24,24,19,19,0,0],"gold":167,"neow_bonus":"THREE_ENEMY_KILL","is_daily":false,"chose_seed":false,"campfire_upgraded":4,"win_rate":0.0,"timestamp":1612899994,"path_taken":["M","$","?","?","?","R","E","R","T","R","M","?","?","M","R","BOSS","M","M","?","?","?","E"],"items_purchased_type":[],"build_version":"2020-12-22","purchased_purges":1,"victory":false,"max_hp_per_floor":[66,66,66,66,66,66,66,66,66,66,66,66,66,66,66,66,66,66,66,66,66,66,66,66],"card_choices":[{"not_picked":["Bane","StuffTheSpire:Shiver"],"picked":"Deadly Poison","floor":1},{"not_picked":["Skewer","Riddle With Holes","Choke"],"picked":"SKIP","floor":7},{"not_picked":["ReplayTheSpireMod:Necrosis","Dagger Throw"],"picked":"Deadly Poison","floor":11},{"not_picked":["Hidden Blade","Deadly Poison"],"picked":"StuffTheSpire:BrimstoneBlast","floor":13},{"not_picked":["Expertise","StuffTheSpire:MirrorStance"],"picked":"Dodge and Roll","floor":14},{"not_picked":["Grand Finale","Tools of the Trade"],"picked":"infinitespire:Neurotoxin","floor":16},{"not_picked":["Dodge and Roll","Setup"],"picked":"Toxin Wave","floor":18},{"not_picked":["Underhanded Strike","Slice"],"picked":"Poisoned Stab","floor":19},{"not_picked":["Poisoned Stab","StuffTheSpire:Incursion","Predator"],"picked":"SKIP","floor":21}],"player_experience":688760,"relics_obtained":[{"floor":5,"key":"aspiration:EmptySkull"},{"floor":7,"key":"Blood Vial"},{"floor":9,"key":"StuffTheSpire:Gunfinga"}],"event_choices":[{"damage_healed":0,"gold_gain":0,"player_choice":"Forge","damage_taken":0,"max_hp_gain":0,"max_hp_loss":0,"event_name":"Accursed Blacksmith","floor":20,"gold_loss":0,"cards_upgraded":["StuffTheSpire:BrimstoneBlast"]},{"damage_healed":0,"gold_gain":0,"player_choice":"Bought 1 Potion","damage_taken":0,"max_hp_gain":0,"max_hp_loss":0,"event_name":"The Woman in Blue","floor":22,"gold_loss":0}],"is_beta":false,"boss_relics":[{"not_picked":["Ring of the Serpent","StuffTheSpire:RunicHypercube"],"picked":"Replay:Bronze Core"}],"items_purged_floors":[2],"is_endless":false,"potions_floor_spawned":[1,7,14,21],"killed_by":"Replay:Snechameleon","ascension_level":18}}