{"host":"lklj3eidp7g5an38","time":1612911293,"event":{"mods":["AchievementEnabler","BaseMod","Colored Map","Colored Powertips","Curses Come First","DeckTracker","Highlight Path","Minty Spire (QoL Compilation)","Relic Stats","StSLib"],"gold_per_floor":[116,116,135,135,135,164,179,208,208,235,246,269,269,344,344,344,344],"floor_reached":16,"language":"ENG","playtime":927,"items_purged":[],"score":218,"play_id":"be637468-ddbd-459a-9309-c5cfa0ec891c","local_time":"20210209225453","is_ascension_mode":true,"campfire_choices":[{"data":"Crippling Poison","floor":15.0,"key":"SMITH"}],"circlet_count":0,"master_deck":["AscendersBane","Strike_G","Strike_G","Strike_G","Strike_G","Defend_G","Defend_G","Defend_G","Defend_G","Defend_G","Survivor","Neutralize+1","Dagger Spray","Dash","Caltrops","Leg Sweep","Deadly Poison","Blade Dance","Finisher","Crippling Poison+1"],"relics":["Ring of the Snake","PreservedInsect","Akabeko","Meat on the Bone","White Beast Statue","Oddly Smooth Stone","Odd Mushroom","Golden Idol","Darkstone Periapt"],"acts_visited":["Exordium"],"potions_floor_usage":[16,16,16],"damage_taken":[{"damage":3.0,"enemies":"2 Louse","floor":1.0,"turns":3.0},{"damage":2.0,"enemies":"Jaw Worm","floor":3.0,"turns":6.0},{"damage":12.0,"enemies":"3 Sentries","floor":6.0,"turns":8.0},{"damage":0.0,"enemies":"Cultist","floor":7.0,"turns":3.0},{"damage":27.0,"enemies":"Gremlin Nob","floor":8.0,"turns":5.0},{"damage":10.0,"enemies":"3 Sentries","floor":10.0,"turns":7.0},{"damage":0.0,"enemies":"Looter","floor":11.0,"turns":2.0},{"damage":0.0,"enemies":"The Mushroom Lair","floor":12.0,"turns":1.0},{"damage":59,"enemies":"Slime Boss","floor":16,"turns":8}],"seed_played":"8504633426835774555","potions_obtained":[{"floor":3.0,"key":"Energy Potion"},{"floor":7.0,"key":"Regen Potion"},{"floor":8.0,"key":"LiquidBronze"},{"floor":10.0,"key":"SkillPotion"},{"floor":11.0,"key":"FearPotion"},{"floor":12.0,"key":"EntropicBrew"}],"is_trial":false,"path_per_floor":["M","?","M","?","?","E","M","E","T","E","M","?","?","T","R","B"],"character_chosen":"THE_SILENT","items_purchased":[],"campfire_rested":0,"item_purchase_floors":[],"current_hp_per_floor":[56,49,47,52,52,40,40,13,13,30,42,42,42,42,42,0,0],"gold":344,"neow_bonus":"RANDOM_COMMON_RELIC","is_daily":false,"chose_seed":false,"campfire_upgraded":1,"win_rate":0.0,"timestamp":1612911293,"path_taken":["M","?","M","?","?","E","M","E","T","E","?","?","?","?","R","BOSS"],"items_purchased_type":[],"build_version":"2020-12-22","purchased_purges":0,"victory":false,"max_hp_per_floor":[66,66,66,71,71,71,71,71,71,71,71,71,64,64,64,64,64],"relic_stats":{"Darkstone Periapt":0,"counters":[9,43],"Golden Idol":0,"PreservedInsect":90,"obtain_stats":[{"Darkstone Periapt":14,"Golden Idol":13,"Oddly Smooth Stone":10,"PreservedInsect":0,"Odd Mushroom":12,"Akabeko":6,"White Beast Statue":9,"Ring of the Snake":0,"Meat on the Bone":8},{"Darkstone Periapt":8,"Golden Idol":8,"Oddly Smooth Stone":6,"PreservedInsect":0,"Odd Mushroom":8,"Akabeko":3,"White Beast Statue":5,"Ring of the Snake":0,"Meat on the Bone":5},{"Darkstone Periapt":35,"Golden Idol":35,"Oddly Smooth Stone":32,"PreservedInsect":0,"Odd Mushroom":35,"Akabeko":17,"White Beast Statue":25,"Ring of the Snake":0,"Meat on the Bone":25}],"Ring of the Snake":[18],"Meat on the Bone":24},"card_choices":[{"not_picked":["Deadly Poison","Choke"],"picked":"Dagger Spray","floor":1.0},{"not_picked":["Deadly Poison","Predator"],"picked":"Dash","floor":3.0},{"not_picked":["Bane","Acrobatics"],"picked":"Caltrops","floor":6.0},{"not_picked":["Outmaneuver","Deflect"],"picked":"Leg Sweep","floor":7.0},{"not_picked":["Poisoned Stab","Cloak And Dagger"],"picked":"Deadly Poison","floor":8.0},{"not_picked":["Caltrops","Quick Slash"],"picked":"Blade Dance","floor":10.0},{"not_picked":["Backstab","Slice"],"picked":"Finisher","floor":11.0},{"not_picked":["Outmaneuver","Deflect"],"picked":"Crippling Poison","floor":12.0}],"player_experience":945887,"relics_obtained":[{"floor":6.0,"key":"Akabeko"},{"floor":8.0,"key":"Meat on the Bone"},{"floor":9.0,"key":"White Beast Statue"},{"floor":10.0,"key":"Oddly Smooth Stone"},{"floor":12.0,"key":"Odd Mushroom"},{"floor":14.0,"key":"Darkstone Periapt"}],"event_choices":[{"cards_removed":["Strike_G"],"damage_healed":0.0,"max_hp_gain":0.0,"max_hp_loss":0.0,"gold_gain":0.0,"event_name":"Golden Wing","player_choice":"Card Removal","floor":2.0,"gold_loss":0.0,"damage_taken":7.0},{"damage_healed":0.0,"max_hp_gain":5.0,"max_hp_loss":0.0,"gold_gain":0.0,"event_name":"Big Fish","player_choice":"Donut","floor":4.0,"gold_loss":0.0,"damage_taken":0.0},{"damage_healed":0.0,"max_hp_gain":0.0,"max_hp_loss":0.0,"gold_gain":0.0,"event_name":"Upgrade Shrine","player_choice":"Upgraded","floor":5.0,"gold_loss":0.0,"damage_taken":0.0,"cards_upgraded":["Neutralize"]},{"damage_healed":0.0,"max_hp_gain":0.0,"max_hp_loss":0.0,"gold_gain":0.0,"event_name":"Mushrooms","player_choice":"Fought Mushrooms","floor":12.0,"gold_loss":0.0,"damage_taken":0.0},{"damage_healed":0.0,"max_hp_gain":0.0,"max_hp_loss":7.0,"gold_gain":0.0,"event_name":"Golden Idol","player_choice":"Lose Max HP","floor":13.0,"gold_loss":0.0,"damage_taken":0.0,"relics_obtained":["Golden Idol"]}],"is_beta":false,"boss_relics":[],"items_purged_floors":[],"is_endless":false,"potions_floor_spawned":[3,7,8,10,11,12],"killed_by":"Slime Boss","ascension_level":17}}