{"host":"9rehsd5oi9uaydbk","time":1612903972,"event":{"mods":["BaseMod","Curses Come First","Downfall","Hermit","Hubris","Minty Spire (QoL Compilation)","Reliquary","StSLib","The Disciple","The Jungle","The Necromancer","The Runesmith"],"gold_per_floor":[99,113,127,127,127,153,176,76,87,87,112,125,125,136,149,249,249,249,211,211,229,229,229,229,229,240,76,76,101,101,113,133,237,237,237,253,253,381,381,381,405,458,458,471,505,505,505,505,505],"floor_reached":47,"language":"ENG","playtime":2281,"items_purged":[],"score":496,"play_id":"5a937b6e-2fb1-4a68-97fe-539bffb467cb","local_time":"20210209155252","is_ascension_mode":false,"campfire_choices":[{"floor":1,"key":"RECALL"},{"floor":8,"key":"REST"},{"data":"bronze:Replicate","floor":10,"key":"SMITH"},{"floor":13,"key":"REST"},{"data":"bronze:Iterate","floor":18,"key":"SMITH"},{"floor":23,"key":"DIG"},{"floor":30,"key":"REST"},{"floor":35,"key":"DIG"},{"floor":40,"key":"DIG"},{"floor":43,"key":"DIG"}],"circlet_count":0,"master_deck":["bronze:Strike","bronze:Strike","bronze:Defend","bronze:Defend+1","bronze:Defend","bronze:Defend","bronze:Replicate+1","bronze:Goto","bronze:Overload","bronze:CutThrough","bronze:Iterate+1","bronze:Frontload","bronze:DelayedSlice+1","bronze:Repair","bronze:CutThrough","bronze:SpaghettiCode+1","bronze:Backtrace","bronze:ClassDefault","bronze:DelayedSlice+1","hubris:NaturalOne","bronze:Mutator","bronze:ItsAFeature","bronze:OilSpill","bronze:Break","bronze:Branch","bronze:Iterate","bronze:ChosenStrike","bronze:Shell","bronze:Overheat+1","bronze:Iterate+1"],"relics":["bronze:BronzeCore","Blue Candle","hubris:Icosahedron","Bag of Preparation","Happy Flower","downfall:HeartBlessingRed","Bag of Marbles","hubris:TerracottaHorce","Shovel","StoneCalendar","White Beast Statue","hubris:Towel","hubris:DeckOfHolding","hubris:Backtick","Lizard Tail","Bird Faced Urn","ClockworkSouvenir","reliquary:NewFriend","War Paint","Mango","Dream Catcher","Ancient Tea Set"],"acts_visited":["Exordium","Exordium","TheBeyond"],"potions_floor_usage":[11,11,16,16,27,29,29,32,33,33,33,38,42,42,44,45,47],"damage_taken":[{"damage":5,"enemies":"Jaw Worm","floor":2,"turns":4},{"damage":16,"enemies":"Small Slimes","floor":3,"turns":5},{"damage":0,"enemies":"2 Louse","floor":9,"turns":2},{"damage":4,"enemies":"3 Sentries","floor":11,"turns":4},{"damage":17,"enemies":"Exordium Thugs","floor":12,"turns":4},{"damage":8,"enemies":"Lots of Slimes","floor":14,"turns":3},{"damage":0,"enemies":"3 Louse","floor":15,"turns":2},{"damage":8,"enemies":"WA_ARCHETYPE_RETAIN","floor":16,"turns":3},{"damage":18,"enemies":"theJungle:Flameango_and_Byrd","floor":19,"turns":4},{"damage":0,"enemies":"theJungle:GiantWrat","floor":21,"turns":1},{"damage":27,"enemies":"theJungle:SlimyTreeVines","floor":26,"turns":4},{"damage":11,"enemies":"downfall:FleeingMerchant","floor":27,"turns":4},{"damage":3,"enemies":"theJungle:2_Phrogs","floor":29,"turns":5},{"damage":1,"enemies":"theJungle:2_Snecko_Cultists","floor":31,"turns":2},{"damage":1,"enemies":"theJungle:JungleHuntersEncounter","floor":32,"turns":3},{"damage":55,"enemies":"SI_MIRROR_ARCHETYPE","floor":33,"turns":7},{"damage":1,"enemies":"Orb Walker","floor":36,"turns":2},{"damage":12,"enemies":"downfall:FleeingMerchant","floor":38,"turns":4},{"damage":32,"enemies":"2 Orb Walkers","floor":42,"turns":4},{"damage":4,"enemies":"3 Darklings","floor":44,"turns":2},{"damage":93,"enemies":"Giant Head","floor":45,"turns":7},{"damage":70,"enemies":"Reptomancer","floor":47,"turns":2}],"seed_played":"3172051002846735012","potions_obtained":[{"floor":2,"key":"DuplicationPotion"},{"floor":3,"key":"SteroidPotion"},{"floor":12,"key":"bronze:BuildAFunctionPotion"},{"floor":21,"key":"SkillPotion"},{"floor":26,"key":"Swift Potion"},{"floor":27,"key":"EssenceOfSteel"},{"floor":29,"key":"BlessingOfTheForge"},{"floor":31,"key":"Ancient Potion"},{"floor":32,"key":"Explosive Potion"},{"floor":33,"key":"AttackPotion"},{"floor":36,"key":"Block Potion"},{"floor":38,"key":"Block Potion"},{"floor":42,"key":"Strength Potion"},{"floor":44,"key":"EssenceOfSteel"},{"floor":45,"key":"Regen Potion"}],"is_trial":false,"path_per_floor":["R","M","M","?","?","T","T","R","M","R","E","M","R","M","M","B",null,"R","M","?","M","?","R","T","?","M","$","?","E","R","M","M","B",null,"R","M","?","$","?","R","T","?","R","M","E","?","E"],"character_chosen":"THE_AUTOMATON","items_purchased":["Regen Potion","LiquidMemories","ClockworkSouvenir","bronze:ChosenStrike"],"campfire_rested":3,"item_purchase_floors":[27,27,38,38],"current_hp_per_floor":[77,72,56,51,51,51,51,74,74,74,70,53,76,68,68,67,75,75,59,59,59,43,43,43,43,28,24,26,44,67,66,65,17,62,62,68,68,69,69,69,69,55,55,51,45,45,0,0,0],"gold":505,"neow_bonus":"TEN_PERCENT_HP_BONUS","is_daily":false,"chose_seed":false,"campfire_upgraded":2,"win_rate":0.0,"timestamp":1612903972,"path_taken":["R","M","M","?","?","?","T","R","M","R","E","M","R","M","M","BOSS","R","M","?","M","?","R","T","?","?","?","?","E","R","M","M","BOSS","R","M","?","$","?","R","T","?","R","M","E","?","E"],"items_purchased_type":["Potion","Potion","Relic","Card"],"build_version":"2020-12-22","purchased_purges":0,"victory":false,"max_hp_per_floor":[77,77,77,77,77,77,77,77,77,77,77,77,77,77,77,77,77,77,77,77,77,77,77,77,77,77,77,77,77,77,77,77,77,77,77,77,77,77,77,77,77,91,91,91,91,91,91,91,91],"card_choices":[{"not_picked":["bronze:ForLoop","bronze:Return"],"picked":"bronze:Overload","floor":2},{"not_picked":["bronze:BitShift","bronze:ForceShield"],"picked":"bronze:CutThrough","floor":3},{"not_picked":["bronze:Repulsor","bronze:BronzeArmor"],"picked":"bronze:Iterate","floor":9},{"not_picked":["bronze:BitShift","bronze:Break"],"picked":"bronze:Frontload","floor":11},{"not_picked":["bronze:Overheat","bronze:DarkDash"],"picked":"bronze:DelayedSlice","floor":12},{"not_picked":["bronze:BitShift","bronze:BronzeArmor"],"picked":"bronze:Repair","floor":14},{"not_picked":["bronze:Turbo","bronze:BitShift"],"picked":"bronze:CutThrough","floor":15},{"not_picked":["bronze:ThunderWave","bronze:HardenedForm"],"picked":"bronze:SpaghettiCode","floor":16},{"not_picked":["bronze:ChosenStrike+1","bronze:Overheat"],"picked":"bronze:Backtrace","floor":19},{"not_picked":["bronze:WildBeam+1","bronze:BuggyMess+1"],"picked":"bronze:ClassDefault","floor":21},{"not_picked":["bronze:BugBarrage","bronze:DelayedGuard"],"picked":"bronze:DelayedSlice+1","floor":26},{"not_picked":["bronze:MaxOutput","bronze:CutThrough"],"picked":"bronze:Mutator","floor":27},{"not_picked":["bronze:BugBarrage","bronze:CutThrough"],"picked":"bronze:ItsAFeature","floor":29},{"not_picked":["bronze:BitShift","bronze:Allocate","bronze:Break"],"picked":"SKIP","floor":31},{"not_picked":["bronze:CutThrough+1","bronze:BugBarrage+1"],"picked":"bronze:OilSpill","floor":32},{"not_picked":["bronze:Mutator","bronze:CleanCode"],"picked":"bronze:Break","floor":33},{"not_picked":["bronze:BitShift+1","bronze:DelayedGuard"],"picked":"bronze:Branch","floor":36},{"not_picked":["bronze:ItsAFeature","bronze:Deprecate+1"],"picked":"bronze:Iterate","floor":38},{"not_picked":["bronze:Invalidate+1","bronze:Fortify+1"],"picked":"bronze:Overheat+1","floor":42},{"not_picked":["bronze:Turbo","bronze:BitShift+1","bronze:ForLoop+1"],"picked":"SKIP","floor":44},{"not_picked":["bronze:Deprecate","bronze:NullPointer+1"],"picked":"bronze:Iterate+1","floor":45}],"player_experience":187055,"relics_obtained":[{"floor":6,"key":"Bag of Preparation"},{"floor":7,"key":"Happy Flower"},{"floor":11,"key":"Bag of Marbles"},{"floor":23,"key":"StoneCalendar"},{"floor":24,"key":"White Beast Statue"},{"floor":29,"key":"hubris:DeckOfHolding"},{"floor":35,"key":"Bird Faced Urn"},{"floor":40,"key":"reliquary:NewFriend"},{"floor":41,"key":"War Paint"},{"floor":42,"key":"Mango"},{"floor":43,"key":"Dream Catcher"},{"floor":45,"key":"Ancient Tea Set"}],"event_choices":[{"damage_healed":0,"gold_gain":0,"player_choice":"Fight","damage_taken":0,"max_hp_gain":0,"max_hp_loss":0,"event_name":"Mysterious Sphere","floor":42,"gold_loss":0},{"cards_removed":["bronze:Strike"],"damage_healed":0,"gold_gain":0,"player_choice":"Removed Attack","damage_taken":0,"max_hp_gain":0,"max_hp_loss":0,"event_name":"Falling","floor":46,"gold_loss":0}],"is_beta":false,"boss_relics":[{"not_picked":["Velvet Choker","Astrolabe"],"picked":"hubris:TerracottaHorce"},{"not_picked":["Snecko Eye","Black Star"],"picked":"hubris:Backtick"}],"items_purged_floors":[],"is_endless":false,"potions_floor_spawned":[2,3,12,21,26,27,29,31,32,33,36,38,42,44,45],"killed_by":"Reptomancer","ascension_level":0}}