{"host":"okvf2hy7r209l3k2","time":1612914673,"event":{"mods":["BaseMod","Block Reminder","Colored Map","Colored Powertips","Downfall","Hermit","Highlight Path","Minty Spire (QoL Compilation)","Permanent Neow","Quick Restart","StSLib","The Cursed","The Disciple","The Hierophant","The Necromancer","The Runesmith","The Servant 0.9.4"],"gold_per_floor":[109,126,45,55,67,97,109,132,144,170,71,71,71,81,81,176,176,195,294,294,305,316,316,316],"floor_reached":23,"language":"ENG","playtime":2034,"items_purged":["hermit:Strike_Hermit"],"score":195,"play_id":"811b9f58-31ac-4ee8-aa79-8a8802862ab0","local_time":"20210209145113","is_ascension_mode":false,"campfire_choices":[{"data":"hermit:Combo","floor":7.0,"key":"SMITH"},{"data":"hermit:BigShot","floor":12.0,"key":"SMITH"},{"floor":15,"key":"REST"}],"circlet_count":0,"master_deck":["hermit:Strike_Hermit","hermit:Strike_Hermit","hermit:Defend_Hermit","hermit:Defend_Hermit","hermit:Defend_Hermit","hermit:Snapshot","hermit:Covet","hermit:Dive","hermit:GoldenBullet","hermit:Combo+1","hermit:Gambit","hermit:ItchyTrigger","hermit:Gestalt","hermit:Deadeye","hermit:GhostlyPresence","hermit:BigShot+1","Regret","hermit:Vantage","hermit:FinalCanter","hermit:Headshot","hermit:BigShot","hermit:EyeOfTheStorm","hermit:Deadeye"],"relics":["hermit:ClaspedLocket","MawBank","hermit:Horseshoe","The Courier"],"acts_visited":["Exordium","TheCity"],"potions_floor_usage":[14,14,23],"damage_taken":[{"damage":1.0,"enemies":"Jaw Worm","floor":1.0,"turns":3.0},{"damage":1.0,"enemies":"Small Slimes","floor":2.0,"turns":4.0},{"damage":0.0,"enemies":"Cultist","floor":4.0,"turns":3.0},{"damage":19.0,"enemies":"3 Louse","floor":5.0,"turns":3.0},{"damage":26.0,"enemies":"Lagavulin","floor":6.0,"turns":9.0},{"damage":2.0,"enemies":"Blue Slaver","floor":8.0,"turns":3.0},{"damage":2.0,"enemies":"Looter","floor":10.0,"turns":2.0},{"damage":4,"enemies":"Lots of Slimes","floor":14,"turns":6},{"damage":6,"enemies":"Hexaghost","floor":16,"turns":7},{"damage":17,"enemies":"Spheric Guardian","floor":18,"turns":5},{"damage":12,"enemies":"3 Byrds","floor":21,"turns":5},{"damage":3,"enemies":"Snake Plant","floor":22,"turns":2},{"damage":46,"enemies":"Slavers","floor":23,"turns":2}],"seed_played":"7637662600671678717","potions_obtained":[{"floor":4.0,"key":"Regen Potion"},{"floor":6.0,"key":"Block Potion"},{"floor":10.0,"key":"Regen Potion"},{"floor":21,"key":"Strength Potion"},{"floor":22,"key":"DistilledChaos"}],"is_trial":false,"path_per_floor":["M","M","$","M","M","E","R","M","T","M","$","R","?","M","R","B",null,"M","?","?","M","M","E"],"character_chosen":"HERMIT","items_purchased":["hermit:Combo","hermit:BigShot"],"campfire_rested":1,"item_purchase_floors":[3,11],"current_hp_per_floor":[53,52,52,52,33,21,21,19,19,17,17,17,17,28,50,44,75,58,58,58,47,44,0,0],"gold":316,"neow_bonus":"REMOVE_TWO","is_daily":false,"chose_seed":false,"campfire_upgraded":2,"win_rate":0.0,"timestamp":1612914673,"path_taken":["M","M","$","M","M","E","R","M","T","M","$","R","?","M","R","BOSS","M","?","?","M","M","E"],"items_purchased_type":["Card","Card"],"build_version":"2020-12-22","purchased_purges":1,"victory":false,"max_hp_per_floor":[75,75,75,75,75,75,75,75,75,75,75,75,75,75,75,75,75,75,75,75,75,75,75,75],"card_choices":[{"not_picked":["hermit:HighCaliber","hermit:TakeCover"],"picked":"hermit:Dive","floor":1.0},{"not_picked":["hermit:Snipe","hermit:Misfire"],"picked":"hermit:GoldenBullet","floor":2.0},{"not_picked":["hermit:Quickdraw","hermit:Combo"],"picked":"hermit:Gambit","floor":4.0},{"not_picked":["hermit:Ricochet","hermit:HoleUp"],"picked":"hermit:ItchyTrigger","floor":5.0},{"not_picked":["hermit:TrackingShot","hermit:Coalescence"],"picked":"hermit:Gestalt","floor":6.0},{"not_picked":["hermit:FullyLoaded","hermit:CalledShot"],"picked":"hermit:Deadeye","floor":8.0},{"not_picked":["hermit:WideOpen","hermit:OverwhelmingPower"],"picked":"hermit:GhostlyPresence","floor":10.0},{"not_picked":["hermit:SprayPray","hermit:Snipe"],"picked":"hermit:Vantage","floor":14},{"not_picked":["hermit:FatalDesire","hermit:FromBeyond"],"picked":"hermit:FinalCanter","floor":16},{"not_picked":["hermit:Horror","hermit:TrackingShot"],"picked":"hermit:Headshot","floor":18},{"not_picked":["hermit:Feint+1","hermit:Gestalt"],"picked":"hermit:EyeOfTheStorm","floor":21},{"not_picked":["hermit:Desperado","hermit:Ricochet"],"picked":"hermit:Deadeye","floor":22}],"player_experience":230273,"relics_obtained":[{"floor":6.0,"key":"MawBank"},{"floor":9.0,"key":"hermit:Horseshoe"}],"event_choices":[{"damage_healed":0.0,"max_hp_gain":0.0,"max_hp_loss":0.0,"gold_gain":0.0,"event_name":"Big Fish","player_choice":"Box","floor":13.0,"gold_loss":0.0,"damage_taken":0.0,"relics_obtained":["The Courier"],"cards_obtained":["Regret"]},{"damage_healed":0,"gold_gain":99,"player_choice":"Stole From Cult","damage_taken":0,"max_hp_gain":0,"max_hp_loss":0,"event_name":"Nest","floor":19,"gold_loss":0},{"damage_healed":0,"gold_gain":0,"player_choice":"Read","damage_taken":0,"max_hp_gain":0,"max_hp_loss":0,"event_name":"The Library","floor":20,"gold_loss":0,"cards_obtained":["hermit:BigShot"]}],"is_beta":false,"boss_relics":[{"not_picked":["Runic Dome","SlaversCollar"],"picked":"hermit:ClaspedLocket"}],"items_purged_floors":[11],"is_endless":false,"potions_floor_spawned":[4,6,10,21,22],"killed_by":"Slavers","ascension_level":0}}