{"host":"4eao2pkwlmv012cz","time":1612854575,"event":{"mods":["BaseMod","Colored Powertips","Minty Spire (QoL Compilation)","Permanent Neow","Quick Restart","Random Character Button","StSLib"],"gold_per_floor":[18,18,34,51,65,65,65,65,90,122,122,156,171,171,171,246,246,263,263,297,297,314,314,324,353,433,433,23,48,48,58,58,58,58],"floor_reached":33,"language":"ENG","playtime":1329,"items_purged":[],"score":636,"play_id":"a2c808b9-1340-45a4-9044-74c18c45b1c3","local_time":"20210209020934","is_ascension_mode":true,"campfire_choices":[{"data":"Zap","floor":6.0,"key":"SMITH"},{"floor":8.0,"key":"REST"},{"data":"Doom and Gloom","floor":11.0,"key":"SMITH"},{"data":"Lockon","floor":15.0,"key":"SMITH"},{"floor":23.0,"key":"REST"},{"floor":27.0,"key":"REST"},{"floor":30.0,"key":"REST"},{"data":"Machine Learning","floor":32.0,"key":"SMITH"}],"circlet_count":0,"master_deck":["AscendersBane","Zap+1","Dualcast+1","Panache","Doom and Gloom+1","Coolheaded","Compile Driver","Leap","Lockon+1","Ball Lightning","Leap","Core Surge","Blizzard","Core Surge","Genetic Algorithm","Ball Lightning","Buffer","Machine Learning+1","Reprogram","Consume","Chaos","Glacier","Conserve Battery","Turbo","Steam","FTL","Self Repair+1","Magnetism+1","Force Field"],"relics":["Cracked Core","Akabeko","Bag of Preparation","Anchor","Pandora\u0027s Box","Red Mask","Blue Candle","Frozen Egg 2","Nunchaku"],"acts_visited":["Exordium","TheCity"],"potions_floor_usage":[],"damage_taken":[{"damage":16.0,"enemies":"Small Slimes","floor":1.0,"turns":3.0},{"damage":3.0,"enemies":"2 Louse","floor":3.0,"turns":2.0},{"damage":5.0,"enemies":"Jaw Worm","floor":4.0,"turns":4.0},{"damage":9.0,"enemies":"Looter","floor":5.0,"turns":4.0},{"damage":19.0,"enemies":"Lagavulin","floor":10.0,"turns":6.0},{"damage":18.0,"enemies":"3 Sentries","floor":12.0,"turns":3.0},{"damage":9.0,"enemies":"Exordium Thugs","floor":13.0,"turns":4.0},{"damage":34.0,"enemies":"Slime Boss","floor":16.0,"turns":11.0},{"damage":20.0,"enemies":"Shell Parasite","floor":18.0,"turns":6.0},{"damage":22.0,"enemies":"Masked Bandits","floor":20.0,"turns":3.0},{"damage":0.0,"enemies":"3 Byrds","floor":22.0,"turns":2.0},{"damage":15.0,"enemies":"Snecko","floor":24.0,"turns":4.0},{"damage":0.0,"enemies":"Book of Stabbing","floor":25.0,"turns":7.0},{"damage":34.0,"enemies":"Slavers","floor":29.0,"turns":5.0},{"damage":18.0,"enemies":"Shelled Parasite and Fungi","floor":31.0,"turns":5.0},{"damage":57,"enemies":"Champ","floor":33,"turns":17}],"seed_played":"-6348220761758326715","potions_obtained":[{"floor":3.0,"key":"Fruit Juice"},{"floor":4.0,"key":"LiquidMemories"},{"floor":16.0,"key":"Explosive Potion"},{"floor":20.0,"key":"PowerPotion"},{"floor":22.0,"key":"Ancient Potion"},{"floor":24.0,"key":"Weak Potion"},{"floor":25.0,"key":"SpeedPotion"}],"is_trial":false,"path_per_floor":["M","$","M","M","M","R","?","R","T","E","R","E","M","?","R","B",null,"M","?","?","?","M","R","M","E","T","R","$","E","R","M","R","B"],"character_chosen":"DEFECT","items_purchased":["Fruit Juice","Self Repair+1","Magnetism+1"],"campfire_rested":4,"item_purchase_floors":[28,28,28],"current_hp_per_floor":[48,48,45,45,36,36,36,58,58,39,39,21,12,37,37,3,58,38,38,16,16,16,38,23,23,23,45,50,26,50,42,42,0,0],"gold":58,"neow_bonus":"RANDOM_COLORLESS_2","is_daily":false,"chose_seed":false,"campfire_upgraded":4,"win_rate":0.0,"timestamp":1612854574,"path_taken":["M","$","M","M","M","R","?","R","T","E","R","E","M","?","R","BOSS","M","?","?","?","M","R","M","E","T","R","$","E","R","M","R","BOSS"],"items_purchased_type":["Potion","Card","Card"],"build_version":"2020-12-22","purchased_purges":0,"victory":false,"max_hp_per_floor":[71,71,71,76,76,76,76,76,76,76,76,76,76,76,76,76,76,76,76,76,76,76,76,76,76,76,76,81,81,81,81,81,81,81],"card_choices":[{"not_picked":["Metamorphosis","Violence"],"picked":"Panache","floor":0.0},{"not_picked":["Redo","Barrage"],"picked":"Doom and Gloom","floor":1.0},{"not_picked":["Stack","Rebound"],"picked":"Coolheaded","floor":3.0},{"not_picked":["Turbo","Double Energy"],"picked":"Compile Driver","floor":4.0},{"not_picked":["Multi-Cast","Beam Cell"],"picked":"Leap","floor":5.0},{"not_picked":["Chill","Hologram"],"picked":"Lockon","floor":10.0},{"not_picked":["Loop","Turbo"],"picked":"Ball Lightning","floor":12.0},{"not_picked":["Hologram","Streamline"],"picked":"Leap","floor":13.0},{"not_picked":["Fission","Meteor Strike"],"picked":"Core Surge","floor":16.0},{"not_picked":["Aggregate","Rebound"],"picked":"Chaos","floor":18.0},{"not_picked":["Steam Power","Genetic Algorithm"],"picked":"Conserve Battery","floor":20.0},{"not_picked":["Heatsinks","Conserve Battery"],"picked":"Turbo","floor":22.0},{"not_picked":["Turbo","Barrage"],"picked":"Steam","floor":24.0},{"not_picked":["Buffer","Ball Lightning"],"picked":"FTL","floor":25.0},{"not_picked":["Rebound","Conserve Battery"],"picked":"Force Field","floor":29.0},{"not_picked":["Turbo","Stack","Ball Lightning"],"picked":"SKIP","floor":31.0},{"not_picked":["Turbo","Stack","Ball Lightning"],"picked":"SKIP","floor":31.0}],"player_experience":2909704,"relics_obtained":[{"floor":9.0,"key":"Akabeko"},{"floor":10.0,"key":"Bag of Preparation"},{"floor":12.0,"key":"Anchor"},{"floor":20.0,"key":"Red Mask"},{"floor":25.0,"key":"Blue Candle"},{"floor":26.0,"key":"Frozen Egg 2"},{"floor":29.0,"key":"Nunchaku"}],"event_choices":[{"damage_healed":0.0,"max_hp_gain":0.0,"max_hp_loss":0.0,"gold_gain":0.0,"event_name":"Living Wall","player_choice":"Grow","floor":7.0,"gold_loss":0.0,"damage_taken":0.0,"cards_upgraded":["Dualcast"]},{"damage_healed":25.0,"max_hp_gain":0.0,"max_hp_loss":0.0,"gold_gain":0.0,"event_name":"Big Fish","player_choice":"Banana","floor":14.0,"gold_loss":0.0,"damage_taken":0.0},{"damage_healed":0.0,"max_hp_gain":0.0,"max_hp_loss":0.0,"gold_gain":0.0,"event_name":"The Library","player_choice":"Read","floor":19.0,"gold_loss":0.0,"damage_taken":0.0,"cards_obtained":["Glacier"]},{"damage_healed":0.0,"max_hp_gain":0.0,"max_hp_loss":0.0,"gold_gain":0.0,"event_name":"Masked Bandits","player_choice":"Fought Bandits","floor":20.0,"gold_loss":0.0,"damage_taken":0.0},{"damage_healed":0.0,"max_hp_gain":0.0,"max_hp_loss":0.0,"gold_gain":0.0,"event_name":"Cursed Tome","player_choice":"Ignored","floor":21.0,"gold_loss":0.0,"damage_taken":0.0}],"is_beta":false,"boss_relics":[{"not_picked":["SlaversCollar","Snecko Eye"],"picked":"Pandora\u0027s Box"}],"items_purged_floors":[],"is_endless":false,"potions_floor_spawned":[3,4,16,20,22,24,25],"killed_by":"Champ","ascension_level":20}}