{"host":"o9lehcdjc4u6j9un","time":1612890006,"event":{"mods":["BaseMod","Colored Map","Downfall","Hermit","Marisa£®ÏF”Í°°ƒß¿Ì…≥£©","Minty Spire (QoL Compilation)","Reimu£®≤©¿ˆ¡È√Œ£©","Remilia£®¿Ÿ√◊¿Ú—«£©","StSLib","The Runesmith","The Senshi","Youmu£®ªÍ∆«—˝√Œ£©"],"gold_per_floor":[119,194,24,44,62,89,89,104,104,104,121,121,138,158,158,253,253,272,272,272,292,40,40,40,40],"floor_reached":24,"language":"ZHS","playtime":1641,"items_purged":["Runesmith:Strike_RS"],"score":198,"play_id":"11c2875a-3504-49f9-9463-e46978559556","local_time":"20210210010006","is_ascension_mode":false,"campfire_choices":[{"data":"Runesmith:Firestorm","floor":10.0,"key":"SMITH"},{"data":"Runesmith:CraftFirestone","floor":12.0,"key":"SMITH"},{"data":"Runesmith:Grindstone","floor":15.0,"key":"SMITH"},{"data":"Runesmith:Firestorm","floor":23.0,"key":"SMITH"}],"circlet_count":0,"master_deck":["Runesmith:Defend_RS","Runesmith:Defend_RS","Runesmith:Defend_RS","Runesmith:Defend_RS","Runesmith:CraftFirestone+1","Runesmith:Fortify","Runesmith:Superposition","Runesmith:Firestorm+1","Runesmith:HeatedChisel","Runesmith:CraftProtectio","Runesmith:HeatExchange","Runesmith:ChaoticBlast","Runesmith:ChiselStab","Runesmith:Grindstone+1","Runesmith:Supernova","Runesmith:ElementalConversion+1","J.A.X.+1","Runesmith:CraftSpiculum","Runesmith:Discharge","Runesmith:HammerThrow","Runesmith:Firestorm+1"],"relics":["Runesmith:BrokenRuby","Lizard Tail","Ice Cream","Empty Cage","Membership Card"],"acts_visited":["Exordium","TheCity"],"potions_floor_usage":[],"damage_taken":[{"damage":1.0,"enemies":"Cultist","floor":1.0,"turns":3.0},{"damage":1.0,"enemies":"Small Slimes","floor":4.0,"turns":3.0},{"damage":1.0,"enemies":"Jaw Worm","floor":5.0,"turns":4.0},{"damage":9.0,"enemies":"Gremlin Nob","floor":6.0,"turns":4.0},{"damage":8.0,"enemies":"Gremlin Gang","floor":8.0,"turns":4.0},{"damage":1.0,"enemies":"Exordium Thugs","floor":11.0,"turns":3.0},{"damage":0.0,"enemies":"Large Slime","floor":13.0,"turns":3.0},{"damage":1.0,"enemies":"Red Slaver","floor":14.0,"turns":3.0},{"damage":18.0,"enemies":"Hexaghost","floor":16.0,"turns":11.0},{"damage":17.0,"enemies":"Shell Parasite","floor":18.0,"turns":6.0},{"damage":40.0,"enemies":"3 Byrds","floor":21.0,"turns":4.0},{"damage":0,"enemies":"Slavers","floor":24,"turns":1}],"seed_played":"-1639697090086917646","potions_obtained":[{"floor":1.0,"key":"PowerPotion"},{"floor":5.0,"key":"FairyPotion"},{"floor":6.0,"key":"SteroidPotion"}],"is_trial":false,"path_per_floor":["M","?","$","M","M","E","?","M","T","R","M","R","M","M","R","B",null,"M","?","?","M","$","R","E"],"character_chosen":"RUNESMITH_CLASS","items_purchased":["Runesmith:Firestorm","Runesmith:HeatedChisel","Membership Card","Runesmith:Discharge","Runesmith:HammerThrow","Runesmith:Firestorm"],"campfire_rested":0,"item_purchase_floors":[3,3,22,22,22,22],"current_hp_per_floor":[76,65,65,64,63,54,54,46,46,46,45,45,45,44,44,26,77,60,60,60,20,20,20,20,20],"gold":40,"neow_bonus":"TEN_PERCENT_HP_BONUS","is_daily":false,"chose_seed":false,"campfire_upgraded":4,"win_rate":0.0,"timestamp":1612890006,"path_taken":["M","?","$","M","M","E","?","M","T","R","M","R","M","M","R","BOSS","M","?","?","?","$","R","E"],"items_purchased_type":["Card","Card","Relic","Card","Card","Card"],"build_version":"2020-12-22","purchased_purges":1,"victory":false,"max_hp_per_floor":[77,77,77,77,77,77,77,77,77,77,77,77,77,77,77,77,77,77,77,77,77,77,77,77,77],"card_choices":[{"not_picked":["Runesmith:Electrocute","Runesmith:Augment"],"picked":"Runesmith:Superposition","floor":1.0},{"not_picked":["Runesmith:Prism","Runesmith:HeatedChisel"],"picked":"Runesmith:CraftProtectio","floor":4.0},{"not_picked":["Runesmith:HammerThrow","Runesmith:Empowerment"],"picked":"Runesmith:HeatExchange","floor":5.0},{"not_picked":["Runesmith:Overpower","Runesmith:GenerateForcefield"],"picked":"Runesmith:ChaoticBlast","floor":6.0},{"not_picked":["Runesmith:FieryHammer","Runesmith:Firewall"],"picked":"Runesmith:ChiselStab","floor":8.0},{"not_picked":["Runesmith:Repurpose","Runesmith:MakeshiftArmor","Runesmith:Terraform"],"picked":"SKIP","floor":11.0},{"not_picked":["Runesmith:CraftMagma","Runesmith:HeatExchange","Runesmith:HeatedChisel"],"picked":"SKIP","floor":13.0},{"not_picked":["Runesmith:Repurpose","Runesmith:Accelerate"],"picked":"Runesmith:Grindstone","floor":14.0},{"not_picked":["Runesmith:Duplicate","Runesmith:DuctTape"],"picked":"Runesmith:Supernova","floor":16.0},{"not_picked":["Runesmith:Grindstone","Runesmith:OneForEveryone+1"],"picked":"Runesmith:ElementalConversion+1","floor":18.0},{"not_picked":["Runesmith:CraftIncendium","Runesmith:Retool"],"picked":"Runesmith:CraftSpiculum","floor":21.0}],"player_experience":167320,"relics_obtained":[{"floor":6.0,"key":"Lizard Tail"},{"floor":9.0,"key":"Ice Cream"}],"event_choices":[{"damage_healed":0.0,"max_hp_gain":0.0,"max_hp_loss":0.0,"gold_gain":75.0,"event_name":"World of Goop","player_choice":"Gather Gold","floor":2.0,"gold_loss":0.0,"damage_taken":11.0},{"cards_removed":["Runesmith:Strike_RS"],"damage_healed":0.0,"max_hp_gain":0.0,"max_hp_loss":0.0,"gold_gain":0.0,"event_name":"Bonfire Elementals","player_choice":"Offered Basic","floor":7.0,"gold_loss":0.0,"damage_taken":0.0},{"damage_healed":0.0,"max_hp_gain":0.0,"max_hp_loss":0.0,"gold_gain":0.0,"event_name":"Drug Dealer","player_choice":"Obtain J.A.X.","floor":19.0,"gold_loss":0.0,"damage_taken":0.0,"cards_obtained":["J.A.X."]},{"damage_healed":0.0,"max_hp_gain":0.0,"max_hp_loss":0.0,"gold_gain":0.0,"event_name":"Upgrade Shrine","player_choice":"Upgraded","floor":20.0,"gold_loss":0.0,"damage_taken":0.0,"cards_upgraded":["J.A.X."]}],"is_beta":false,"boss_relics":[{"not_picked":["Runic Dome","Snecko Eye"],"picked":"Empty Cage"}],"items_purged_floors":[3],"is_endless":false,"potions_floor_spawned":[1,5,6,18],"killed_by":"Slavers","ascension_level":0}}