{"host":"2pmmafybkq7zb6na","time":1612859987,"event":{"mods":["AchievementEnabler","BaseMod","Colored Map","Highlight Path","Keyboard Shortcuts","Minty Spire (QoL Compilation)","Quick Restart","StSLib","SuperFastMode"],"gold_per_floor":[219,238,313,238,16,16,33,60,86,86,86,86,96,271,271,375,375,385,385,300,480,257,257,271,271,271,282,302,321,78,78,78,181,181,193,193,2,2,20,48,48,60,60,60,77,108,0,28,28,28],"floor_reached":51,"language":"KOR","playtime":1894,"items_purged":["Strike_G","Doubt","All Out Attack"],"score":856,"play_id":"3706b5f3-3dd6-4fc4-a386-19ccd3452373","local_time":"20210209173947","is_ascension_mode":false,"campfire_choices":[{"data":"Blade Dance","floor":6,"key":"SMITH"},{"data":"Neutralize","floor":10,"key":"SMITH"},{"floor":12,"key":"REST"},{"data":"Infinite Blades","floor":15,"key":"SMITH"},{"floor":23,"key":"REST"},{"floor":25,"key":"REST"},{"floor":32,"key":"REST"},{"data":"Panache","floor":41,"key":"SMITH"},{"floor":49,"key":"REST"}],"circlet_count":0,"master_deck":["Survivor","Neutralize+1","Blade Dance+1","Prepared","Escape Plan","Reflex+1","Riddle With Holes","Infinite Blades+1","After Image","Reflex","Terror","Calculated Gamble","Sucker Punch","Storm of Steel","Distraction","Dagger Spray","Leg Sweep","Backflip","Blade Dance+1","Well Laid Plans","PiercingWail+1","Panache+1","After Image","Deflect+1","Glass Knife","Blur+1","Outmaneuver+1","Accuracy+1","Calculated Gamble+1","Accuracy","Accuracy"],"relics":["Ring of the Snake","Nunchaku","Lantern","War Paint","Pandora\u0027s Box","InkBottle","Toxic Egg 2","The Courier","SlaversCollar","Ornamental Fan","Dream Catcher","Ninja Scroll","Letter Opener","Red Mask","Meat on the Bone"],"acts_visited":["Exordium","TheCity","TheBeyond"],"potions_floor_usage":[8,16,16,27,33,33,42,50,50,50],"damage_taken":[{"damage":1,"enemies":"Jaw Worm","floor":1,"turns":6},{"damage":0,"enemies":"Cultist","floor":2,"turns":4},{"damage":0,"enemies":"2 Louse","floor":7,"turns":2},{"damage":26,"enemies":"3 Sentries","floor":8,"turns":12},{"damage":0,"enemies":"Red Slaver","floor":13,"turns":3},{"damage":40,"enemies":"Slime Boss","floor":16,"turns":13},{"damage":24,"enemies":"2 Thieves","floor":18,"turns":3},{"damage":1,"enemies":"Chosen","floor":24,"turns":3},{"damage":20,"enemies":"Snecko","floor":27,"turns":4},{"damage":8,"enemies":"Chosen and Byrds","floor":28,"turns":5},{"damage":0,"enemies":"Snake Plant","floor":29,"turns":5},{"damage":8,"enemies":"Automaton","floor":33,"turns":8},{"damage":7,"enemies":"3 Shapes","floor":35,"turns":3},{"damage":0,"enemies":"Orb Walker","floor":39,"turns":3},{"damage":0,"enemies":"Nemesis","floor":40,"turns":5},{"damage":0,"enemies":"3 Darklings","floor":42,"turns":2},{"damage":13,"enemies":"Spire Growth","floor":45,"turns":3},{"damage":0,"enemies":"Giant Head","floor":46,"turns":5},{"damage":0,"enemies":"Reptomancer","floor":48,"turns":3},{"damage":39,"enemies":"Time Eater","floor":50,"turns":6}],"seed_played":"-770801527388394827","potions_obtained":[{"floor":7,"key":"DuplicationPotion"},{"floor":8,"key":"Regen Potion"},{"floor":11,"key":"AttackPotion"},{"floor":11,"key":"Energy Potion"},{"floor":18,"key":"Regen Potion"},{"floor":29,"key":"LiquidBronze"},{"floor":33,"key":"FearPotion"},{"floor":35,"key":"Explosive Potion"},{"floor":39,"key":"Poison Potion"},{"floor":46,"key":"Explosive Potion"}],"is_trial":false,"path_per_floor":["M","M","?","$","$","R","M","E","T","R","?","R","M","?","R","B",null,"M","?","?","?","$","R","M","R","T","M","M","M","$","?","R","B",null,"M","?","$","$","M","E","R","M","T","$","M","E","?","E","R","B",null],"character_chosen":"THE_SILENT","items_purchased":["Nunchaku","Escape Plan","Blade Dance+1","Well Laid Plans","Panache","Ornamental Fan"],"campfire_rested":5,"item_purchase_floors":[5,5,22,22,30,37],"current_hp_per_floor":[69,69,62,62,62,62,62,36,36,36,36,57,57,57,57,32,70,46,46,46,27,27,48,47,68,68,48,40,40,40,40,61,53,70,63,63,63,63,63,63,63,63,63,63,50,50,50,50,70,43],"gold":28,"neow_bonus":"HUNDRED_GOLD","is_daily":false,"chose_seed":false,"campfire_upgraded":4,"win_rate":0.0,"timestamp":1612859987,"path_taken":["M","M","?","?","$","R","M","E","T","R","?","R","?","?","R","BOSS","M","?","?","?","$","R","M","R","T","?","M","M","$","?","R","BOSS","M","?","?","$","M","E","R","?","T","$","M","E","?","E","R","BOSS"],"items_purchased_type":["Relic","Card","Card","Card","Card","Relic"],"build_version":"2020-12-22","purchased_purges":3,"victory":true,"max_hp_per_floor":[70,70,70,70,70,70,70,70,70,70,70,70,70,70,70,70,70,70,70,70,70,70,70,70,70,70,70,70,70,70,70,70,70,70,70,70,70,70,70,70,70,70,70,70,70,70,70,70,70,70],"card_choices":[{"not_picked":["Calculated Gamble","Accuracy"],"picked":"Blade Dance","floor":1},{"not_picked":["Poisoned Stab","Slice"],"picked":"Prepared","floor":2},{"not_picked":["Backflip","Acrobatics"],"picked":"Reflex","floor":7},{"not_picked":["Bane","Expertise"],"picked":"Riddle With Holes","floor":8},{"not_picked":["Eviscerate","Predator"],"picked":"Infinite Blades","floor":13},{"not_picked":["Burst","Die Die Die"],"picked":"After Image","floor":16},{"not_picked":["Choke","Prepared+1"],"picked":"Backflip","floor":18},{"not_picked":["Dagger Throw","Poisoned Stab","Slice"],"picked":"SKIP","floor":24},{"not_picked":["Skewer+1","Sucker Punch"],"picked":"PiercingWail+1","floor":27},{"not_picked":["Flying Knee+1","Dagger Throw","Prepared+1"],"picked":"SKIP","floor":28},{"not_picked":["Reflex+1","Endless Agony","Bouncing Flask+1"],"picked":"SKIP","floor":29},{"not_picked":["A Thousand Cuts","Unload"],"picked":"After Image","floor":33},{"not_picked":["Dagger Throw+1","Backflip+1"],"picked":"Deflect+1","floor":35},{"not_picked":["Dagger Throw","Deflect+1","PiercingWail+1"],"picked":"SKIP","floor":39},{"not_picked":["Bouncing Flask+1","Infinite Blades"],"picked":"Outmaneuver+1","floor":40},{"not_picked":["Malaise+1","Expertise+1"],"picked":"Accuracy+1","floor":42},{"not_picked":["Poisoned Stab","Sucker Punch+1"],"picked":"Calculated Gamble+1","floor":45},{"not_picked":["Deadly Poison+1","Well Laid Plans+1"],"picked":"Accuracy","floor":46},{"not_picked":["Dash+1","Dagger Throw"],"picked":"Accuracy","floor":48}],"player_experience":119051,"relics_obtained":[{"floor":8,"key":"Lantern"},{"floor":9,"key":"War Paint"},{"floor":26,"key":"The Courier"},{"floor":40,"key":"Dream Catcher"},{"floor":43,"key":"Ninja Scroll"},{"floor":46,"key":"Letter Opener"},{"floor":48,"key":"Meat on the Bone"}],"event_choices":[{"damage_healed":0,"gold_gain":75,"player_choice":"Touch","damage_taken":7,"max_hp_gain":0,"max_hp_loss":0,"event_name":"FaceTrader","floor":3,"gold_loss":0},{"damage_healed":0,"gold_gain":0,"player_choice":"Got Potions","damage_taken":0,"max_hp_gain":0,"max_hp_loss":0,"event_name":"Lab","floor":11,"gold_loss":0},{"damage_healed":0,"gold_gain":175,"player_choice":"AGREE","damage_taken":0,"max_hp_gain":0,"max_hp_loss":0,"event_name":"Liars Game","floor":14,"gold_loss":0,"cards_obtained":["Doubt"]},{"damage_healed":0,"gold_gain":0,"player_choice":"Opened","damage_taken":0,"relics_obtained":["InkBottle"],"max_hp_gain":0,"max_hp_loss":0,"event_name":"The Mausoleum","floor":19,"gold_loss":0},{"damage_healed":0,"gold_gain":0,"player_choice":"Obtained Relic","damage_taken":0,"relics_obtained":["Toxic Egg 2"],"max_hp_gain":0,"max_hp_loss":0,"event_name":"Addict","floor":20,"gold_loss":85},{"damage_healed":0,"gold_gain":180,"player_choice":"GOLD GOLD ","damage_taken":19,"max_hp_gain":0,"max_hp_loss":0,"event_name":"Knowing Skull","floor":21,"potions_obtained":[],"gold_loss":0,"cards_obtained":[]},{"damage_healed":0,"gold_gain":0,"player_choice":"Ignored","damage_taken":0,"max_hp_gain":0,"max_hp_loss":0,"event_name":"Vampires","floor":31,"gold_loss":0},{"damage_healed":0,"gold_gain":0,"player_choice":"2 cards matched","damage_taken":0,"max_hp_gain":0,"max_hp_loss":0,"event_name":"Match and Keep!","floor":36,"gold_loss":0,"cards_obtained":["Glass Knife","Blur"]},{"damage_healed":0,"gold_gain":0,"player_choice":"Paid","damage_taken":0,"relics_obtained":["Red Mask"],"max_hp_gain":0,"max_hp_loss":0,"event_name":"Tomb of Lord Red Mask","floor":47,"gold_loss":108}],"is_beta":false,"boss_relics":[{"not_picked":["Busted Crown","Snecko Eye"],"picked":"Pandora\u0027s Box"},{"not_picked":["Coffee Dripper","Sozu"],"picked":"SlaversCollar"}],"items_purged_floors":[4,22,30],"is_endless":false,"potions_floor_spawned":[7,8,13,18,29,33,35,39,46],"ascension_level":0}}