{"host":"k97npy6own8k4xam","time":1612909596,"event":{"mods":["BaseMod","Bestiary","Minty Spire (QoL Compilation)","Relic Stats","StSLib","ojb\u0027s Better Paths Mod"],"gold_per_floor":[117,117,16,166,91,91,110,110,110,136,136,171,199,225,225,305,305,326,326,345,345,371,406,431,446,492,492,518,12,121,163,163,247,247,275,275,288,2,52,52,85,106,106,155,105,132,132,144,144,144,144,144,144,87,131,131],"floor_reached":57,"language":"ITA","playtime":3665,"items_purged":["Doubt","Strike_B","Regret"],"score":2771,"play_id":"81d41171-0af2-4a16-8bb1-bbbf354f10e6","local_time":"20210209232636","is_ascension_mode":true,"campfire_choices":[{"data":"Defragment","floor":6.0,"key":"SMITH"},{"data":"Zap","floor":8.0,"key":"SMITH"},{"data":"Defragment","floor":15.0,"key":"SMITH"},{"floor":27.0,"key":"REST"},{"floor":32.0,"key":"RECALL"},{"floor":40.0,"key":"REST"},{"floor":47.0,"key":"REST"},{"floor":49.0,"key":"REST"},{"floor":53.0,"key":"REST"}],"circlet_count":0,"master_deck":["AscendersBane","Strike_B","Strike_B","Defend_B+1","Defend_B","Defend_B","Defend_B","Zap+1","Dualcast","Ball Lightning","Core Surge","Defragment+1","Conserve Battery","Go for the Eyes","Rainbow","Undo","White Noise+1","Defragment+1","Seek+1","Glacier","Go for the Eyes+1","Glacier","Hologram","Tempest","Seek","White Noise+1","Echo Form","Turbo+1","Stack","Conserve Battery+1","Coolheaded+1"],"relics":["Cracked Core","NeowsBlessing","Mercury Hourglass","Thread and Needle","Emotion Chip","CeramicFish","Fusion Hammer","Strawberry","Centennial Puzzle","Gremlin Horn","Chemical X","Ancient Tea Set","Calipers","Letter Opener","Vajra","SlaversCollar","Lee\u0027s Waffle","Frozen Egg 2","Dead Branch","Boot"],"acts_visited":["Exordium","TheCity","TheBeyond","TheEnding"],"potions_floor_usage":[56],"damage_taken":[{"damage":0.0,"enemies":"Small Slimes","floor":1.0,"turns":1.0},{"damage":0.0,"enemies":"Jaw Worm","floor":7.0,"turns":1.0},{"damage":0.0,"enemies":"3 Sentries","floor":10.0,"turns":1.0},{"damage":10.0,"enemies":"Lagavulin","floor":12.0,"turns":4.0},{"damage":0.0,"enemies":"Cultist","floor":13.0,"turns":2.0},{"damage":4.0,"enemies":"Blue Slaver","floor":14.0,"turns":4.0},{"damage":17.0,"enemies":"Hexaghost","floor":16.0,"turns":9.0},{"damage":13.0,"enemies":"3 Byrds","floor":18.0,"turns":4.0},{"damage":3.0,"enemies":"Spheric Guardian","floor":20.0,"turns":3.0},{"damage":0.0,"enemies":"Snecko","floor":22.0,"turns":4.0},{"damage":8.0,"enemies":"Book of Stabbing","floor":23.0,"turns":6.0},{"damage":1.0,"enemies":"Centurion and Healer","floor":24.0,"turns":6.0},{"damage":0.0,"enemies":"Snake Plant","floor":25.0,"turns":4.0},{"damage":39.0,"enemies":"Gremlin Leader","floor":28.0,"turns":8.0},{"damage":0.0,"enemies":"Colosseum Slavers","floor":30.0,"turns":2.0},{"damage":0.0,"enemies":"Colosseum Nobs","floor":30.0,"turns":3.0},{"damage":0.0,"enemies":"Book of Stabbing","floor":31.0,"turns":5.0},{"damage":15.0,"enemies":"Automaton","floor":33.0,"turns":8.0},{"damage":0.0,"enemies":"Orb Walker","floor":35.0,"turns":3.0},{"damage":21.0,"enemies":"3 Darklings","floor":37.0,"turns":4.0},{"damage":3.0,"enemies":"Giant Head","floor":41.0,"turns":11.0},{"damage":0.0,"enemies":"Writhing Mass","floor":42.0,"turns":4.0},{"damage":20.0,"enemies":"2 Orb Walkers","floor":44.0,"turns":4.0},{"damage":9.0,"enemies":"Sphere and 2 Shapes","floor":46.0,"turns":3.0},{"damage":0.0,"enemies":"Spire Growth","floor":48.0,"turns":2.0},{"damage":30.0,"enemies":"Time Eater","floor":50.0,"turns":13.0},{"damage":7.0,"enemies":"Donu and Deca","floor":51.0,"turns":11.0},{"damage":39.0,"enemies":"Shield and Spear","floor":55.0,"turns":4.0},{"damage":29,"enemies":"The Heart","floor":56,"turns":14}],"seed_played":"-7544487447483640330","potions_obtained":[{"floor":7.0,"key":"SkillPotion"},{"floor":10.0,"key":"Swift Potion"},{"floor":16.0,"key":"GamblersBrew"},{"floor":18.0,"key":"SneckoOil"},{"floor":20.0,"key":"BlessingOfTheForge"},{"floor":23.0,"key":"Dexterity Potion"},{"floor":28.0,"key":"DuplicationPotion"},{"floor":31.0,"key":"ColorlessPotion"},{"floor":44.0,"key":"ColorlessPotion"},{"floor":46.0,"key":"ColorlessPotion"},{"floor":48.0,"key":"EssenceOfDarkness"}],"is_trial":false,"path_per_floor":["M","?","$","?","$","R","M","R","T","E","?","E","M","M","R","B",null,"M","?","M","?","M","E","M","M","T","R","E","$","?","E","R","B",null,"M","?","M","$","?","R","E","M","T","?","?","M","R","M","R","B","B",null,"R","$","E","B",null],"character_chosen":"DEFECT","items_purchased":["Defragment","Conserve Battery","Tempest","Chemical X","Ancient Tea Set","Lee\u0027s Waffle","FocusPotion"],"campfire_rested":5,"item_purchase_floors":[3,3,29,29,29,38,54],"current_hp_per_floor":[64,64,64,64,64,64,64,64,64,64,64,54,54,50,50,33,62,49,49,46,46,46,45,44,44,44,67,28,28,28,28,28,13,62,62,62,41,81,81,81,78,78,78,58,58,49,73,73,81,51,44,72,81,81,42,13],"gold":131,"neow_bonus":"THREE_ENEMY_KILL","is_daily":false,"chose_seed":false,"campfire_upgraded":3,"win_rate":0.0,"timestamp":1612909596,"path_taken":["M","?","$","?","$","R","M","R","T","E","?","E","M","M","R","BOSS","M","?","M","?","?","E","M","M","T","R","E","$","?","E","R","BOSS","M","?","M","$","?","R","E","?","T","?","?","?","R","M","R","BOSS","BOSS","R","$","E","BOSS"],"items_purchased_type":["Card","Card","Card","Relic","Relic","Relic","Potion"],"build_version":"2020-12-22","purchased_purges":3,"victory":true,"max_hp_per_floor":[71,71,71,71,71,71,71,71,71,71,71,71,71,71,71,71,71,71,71,71,71,71,78,78,78,78,78,78,78,78,78,78,78,78,78,74,74,81,81,81,81,81,81,81,81,81,81,81,81,81,81,81,81,81,81,81],"relic_stats":{"Emotion Chip":[88,43,34,11,0],"Centennial Puzzle":[30],"Lee\u0027s Waffle":40,"Gremlin Horn":[9,10],"counters":[29,147],"CeramicFish":144,"Dead Branch":[77],"Chemical X":[19],"Letter Opener":[382],"Boot":[0],"obtain_stats":[{"Lee\u0027s Waffle":38,"Calipers":30,"NeowsBlessing":0,"Gremlin Horn":28,"CeramicFish":12,"Dead Branch":44,"Vajra":31,"Thread and Needle":10,"Letter Opener":30,"Frozen Egg 2":41,"Ancient Tea Set":29,"Boot":55,"Mercury Hourglass":9,"SlaversCollar":34,"Emotion Chip":11,"Centennial Puzzle":26,"Strawberry":23,"Fusion Hammer":17,"Chemical X":29,"Cracked Core":0},{"Lee\u0027s Waffle":20,"Calipers":16,"NeowsBlessing":0,"Gremlin Horn":14,"CeramicFish":4,"Dead Branch":23,"Vajra":17,"Thread and Needle":3,"Letter Opener":16,"Frozen Egg 2":21,"Ancient Tea Set":14,"Boot":28,"Mercury Hourglass":2,"SlaversCollar":18,"Emotion Chip":3,"Centennial Puzzle":13,"Strawberry":11,"Fusion Hammer":7,"Chemical X":14,"Cracked Core":0},{"Lee\u0027s Waffle":81,"Calipers":61,"NeowsBlessing":0,"Gremlin Horn":56,"CeramicFish":7,"Dead Branch":100,"Vajra":66,"Thread and Needle":3,"Letter Opener":61,"Frozen Egg 2":92,"Ancient Tea Set":56,"Boot":133,"Mercury Hourglass":2,"SlaversCollar":74,"Emotion Chip":3,"Centennial Puzzle":48,"Strawberry":38,"Fusion Hammer":21,"Chemical X":56,"Cracked Core":0}],"Mercury Hourglass":[504]},"card_choices":[{"not_picked":["Cold Snap","Recycle"],"picked":"Ball Lightning","floor":1.0},{"not_picked":["Steam","Streamline"],"picked":"Go for the Eyes","floor":7.0},{"not_picked":["Redo","Recycle"],"picked":"Rainbow","floor":10.0},{"not_picked":["Recycle","Redo"],"picked":"Undo","floor":12.0},{"not_picked":["Compile Driver","Turbo","White Noise"],"picked":"SKIP","floor":13.0},{"not_picked":["Compile Driver","Turbo"],"picked":"White Noise","floor":13.0},{"not_picked":["Lockon","Turbo"],"picked":"Defragment","floor":14.0},{"not_picked":["Thunder Strike","Buffer"],"picked":"Seek","floor":16.0},{"not_picked":["Auto Shields","Skim"],"picked":"Glacier","floor":18.0},{"not_picked":["Undo","Streamline"],"picked":"Go for the Eyes+1","floor":20.0},{"not_picked":["Cold Snap","Beam Cell"],"picked":"Glacier","floor":22.0},{"not_picked":["Go for the Eyes+1","Redo","Fission"],"picked":"SKIP","floor":23.0},{"not_picked":["Go for the Eyes+1","Redo","Fission"],"picked":"SKIP","floor":23.0},{"not_picked":["Cold Snap","Ball Lightning"],"picked":"Hologram","floor":24.0},{"not_picked":["Sweeping Beam","Consume+1","Darkness"],"picked":"SKIP","floor":25.0},{"not_picked":["Force Field","Fusion","Gash"],"picked":"SKIP","floor":28.0},{"not_picked":["Redo","BootSequence+1"],"picked":"Seek","floor":30.0},{"not_picked":["Conserve Battery+1","Rebound"],"picked":"White Noise+1","floor":31.0},{"not_picked":["All For One","Hyperbeam"],"picked":"Echo Form","floor":33.0},{"not_picked":["Turbo+1","Consume","Redo"],"picked":"SKIP","floor":35.0},{"not_picked":["Consume","Redo"],"picked":"Turbo+1","floor":35.0},{"not_picked":["Turbo","Aggregate","Steam"],"picked":"SKIP","floor":37.0},{"not_picked":["Beam Cell","Genetic Algorithm","Sweeping Beam"],"picked":"SKIP","floor":41.0},{"not_picked":["Beam Cell","Cold Snap"],"picked":"Stack","floor":42.0},{"not_picked":["Heatsinks+1","Compile Driver+1"],"picked":"Conserve Battery+1","floor":46.0},{"not_picked":["Steam","Beam Cell","Glacier"],"picked":"SKIP","floor":48.0},{"not_picked":["Hello World+1","Ball Lightning"],"picked":"Coolheaded+1","floor":55.0}],"player_experience":421924,"relics_obtained":[{"floor":9.0,"key":"Mercury Hourglass"},{"floor":10.0,"key":"Thread and Needle"},{"floor":12.0,"key":"CeramicFish"},{"floor":23.0,"key":"Strawberry"},{"floor":26.0,"key":"Centennial Puzzle"},{"floor":28.0,"key":"Gremlin Horn"},{"floor":30.0,"key":"Calipers"},{"floor":30.0,"key":"Letter Opener"},{"floor":31.0,"key":"Vajra"},{"floor":41.0,"key":"Frozen Egg 2"},{"floor":44.0,"key":"Dead Branch"},{"floor":55.0,"key":"Boot"}],"event_choices":[{"damage_healed":0.0,"max_hp_gain":0.0,"max_hp_loss":0.0,"gold_gain":0.0,"cards_transformed":["Strike_B"],"event_name":"Living Wall","player_choice":"Change","floor":2.0,"gold_loss":0.0,"damage_taken":0.0,"cards_obtained":["Core Surge"]},{"damage_healed":0.0,"max_hp_gain":0.0,"max_hp_loss":0.0,"gold_gain":150.0,"event_name":"Liars Game","player_choice":"AGREE","floor":4.0,"gold_loss":0.0,"damage_taken":0.0,"cards_obtained":["Doubt"]},{"damage_healed":0.0,"max_hp_gain":0.0,"max_hp_loss":0.0,"gold_gain":0.0,"event_name":"Big Fish","player_choice":"Box","floor":11.0,"gold_loss":0.0,"damage_taken":0.0,"relics_obtained":["Emotion Chip"],"cards_obtained":["Regret"]},{"damage_healed":0.0,"max_hp_gain":0.0,"max_hp_loss":0.0,"gold_gain":0.0,"event_name":"Ghosts","player_choice":"Ignored","floor":19.0,"gold_loss":0.0,"damage_taken":0.0},{"damage_healed":0.0,"max_hp_gain":0.0,"max_hp_loss":0.0,"gold_gain":0.0,"event_name":"Upgrade Shrine","player_choice":"Upgraded","floor":21.0,"gold_loss":0.0,"damage_taken":0.0,"cards_upgraded":["Seek"]},{"damage_healed":0.0,"max_hp_gain":0.0,"max_hp_loss":0.0,"gold_gain":0.0,"event_name":"Colosseum","player_choice":"Fight","floor":30.0,"gold_loss":0.0,"damage_taken":0.0},{"damage_healed":0.0,"max_hp_gain":0.0,"max_hp_loss":0.0,"gold_gain":0.0,"event_name":"Colosseum","player_choice":"Fought Nobs","floor":30.0,"gold_loss":0.0,"damage_taken":0.0},{"damage_healed":0.0,"max_hp_gain":0.0,"max_hp_loss":4.0,"gold_gain":0.0,"event_name":"Winding Halls","player_choice":"Max HP","floor":36.0,"gold_loss":0.0,"damage_taken":0.0},{"damage_healed":0.0,"max_hp_gain":0.0,"max_hp_loss":0.0,"gold_gain":50.0,"event_name":"Golden Shrine","player_choice":"Pray","floor":39.0,"gold_loss":0.0,"damage_taken":0.0},{"damage_healed":0.0,"max_hp_gain":0.0,"max_hp_loss":0.0,"gold_gain":0.0,"event_name":"Mysterious Sphere","player_choice":"Fight","floor":44.0,"gold_loss":0.0,"damage_taken":0.0},{"damage_healed":0.0,"max_hp_gain":0.0,"max_hp_loss":0.0,"gold_gain":0.0,"event_name":"Designer","player_choice":"Upgraded Two","floor":45.0,"gold_loss":50.0,"damage_taken":0.0,"cards_upgraded":["Defend_B","White Noise"]}],"is_beta":false,"boss_relics":[{"not_picked":["Nuclear Battery","Tiny House"],"picked":"Fusion Hammer"},{"not_picked":["Empty Cage","Runic Pyramid"],"picked":"SlaversCollar"}],"items_purged_floors":[5,29,38],"is_endless":false,"potions_floor_spawned":[7,10,16,18,20,23,28,31,44,46,48],"ascension_level":20}}