{"host":"8c7ixdz8x9d2d2wv","time":1612892157,"event":{"mods":["AYAYA","BaseMod","Better Altar","Better Sensory Stone","Better Third Choice","Better-Laid Plans","BetterRewards","Card Forge","Colored Map","Colored Powertips","Curses Come First","Dark Map","Defuse TimeMaze Blight","Emptier Cage","Highlight Path","Minty Spire (QoL Compilation)","Quick Restart","Rare Cards Sparkle","Relic Sorter","Remove Card Discount Mod","Reorder Act Four","Shop Mod","StSLib","Transform Curses","Uncapped","everything is the same but u backflip on backflip"],"gold_per_floor":[114,125,125,125,125,157,157,172,197,197,41,41,74,85,85,188,188,199,199,48,48,58,90,105,105,105,129,34,54,54,66,66,161,161,175,175,194,194,194,194,229,242,268,288,112,0,50,63,63,63,63,63,63,98,98],"floor_reached":56,"language":"ENG","playtime":2796,"items_purged":["Strike_G","Defend_G","Strike_G","Strike_G","Defend_G","Defend_G"],"score":1553,"play_id":"5624f851-dd89-414f-bf73-28b48dd5f452","local_time":"20210209183557","is_ascension_mode":false,"campfire_choices":[{"floor":7,"key":"RECALL"},{"floor":10,"key":"REST"},{"floor":12,"key":"REST"},{"floor":15,"key":"REST"},{"floor":25,"key":"REST"},{"floor":32,"key":"REST"},{"floor":40,"key":"REST"},{"floor":49,"key":"REST"},{"floor":53,"key":"REST"}],"circlet_count":0,"master_deck":["Neutralize+1","Noxious Fumes+1","Noxious Fumes+1","Blur+1","Blur+1","Burst+1","Catalyst+1","Cloak And Dagger+1","Noxious Fumes+1","Cloak And Dagger+1","Catalyst+1"],"relics":["Ring of the Serpent","Dream Catcher","Tiny Chest","Blood Vial","Torii","Singing Bowl","The Specimen","MerchantsRug","Anvil of the Gods","Hammer of Thor","Seething Fire","Bronze Scales","Fusion Hammer","Oddly Smooth Stone","Kunai","Incense Burner","Red Mask","Pocketwatch","Lizard Tail"],"acts_visited":["Exordium","TheCity","TheBeyond","TheEnding"],"potions_floor_usage":[24,24,24,48,50],"damage_taken":[{"damage":0,"enemies":"Cultist","floor":1,"turns":4},{"damage":0,"enemies":"2 Louse","floor":2,"turns":3},{"damage":0,"enemies":"Lagavulin","floor":6,"turns":3},{"damage":0,"enemies":"Jaw Worm","floor":8,"turns":4},{"damage":1,"enemies":"3 Sentries","floor":13,"turns":5},{"damage":7,"enemies":"Exordium Thugs","floor":14,"turns":2},{"damage":1,"enemies":"The Guardian","floor":16,"turns":6},{"damage":0,"enemies":"2 Thieves","floor":18,"turns":4},{"damage":0,"enemies":"Shell Parasite","floor":22,"turns":2},{"damage":2,"enemies":"Slavers","floor":23,"turns":4},{"damage":0,"enemies":"Sentry and Sphere","floor":24,"turns":3},{"damage":12,"enemies":"Shelled Parasite and Fungi","floor":29,"turns":3},{"damage":0,"enemies":"3 Cultists","floor":31,"turns":4},{"damage":11,"enemies":"Collector","floor":33,"turns":6},{"damage":1,"enemies":"3 Shapes","floor":35,"turns":4},{"damage":0,"enemies":"Orb Walker","floor":37,"turns":3},{"damage":16,"enemies":"Reptomancer","floor":41,"turns":3},{"damage":1,"enemies":"Jaw Worm Horde","floor":42,"turns":4},{"damage":8,"enemies":"Sphere and 2 Shapes","floor":44,"turns":4},{"damage":1,"enemies":"Mind Bloom Boss Battle","floor":47,"turns":3},{"damage":9,"enemies":"Transient","floor":48,"turns":4},{"damage":1,"enemies":"Awakened One","floor":50,"turns":9},{"damage":5,"enemies":"Shield and Spear","floor":54,"turns":3},{"damage":66,"enemies":"The Heart","floor":55,"turns":5}],"seed_played":"5576427373510014639","potions_obtained":[{"floor":2,"key":"EssenceOfSteel"},{"floor":6,"key":"Swift Potion"},{"floor":14,"key":"Swift Potion"},{"floor":16,"key":"Weak Potion"},{"floor":18,"key":"Weak Potion"},{"floor":35,"key":"FairyPotion"},{"floor":44,"key":"ColorlessPotion"},{"floor":47,"key":"AttackPotion"}],"is_trial":false,"path_per_floor":["M","M","?","?","T","E","R","M","T","R","$","R","E","M","R","B",null,"M","?","$","?","M","E","M","R","T","T","$","M","$","M","R","B",null,"M","?","M","T","?","R","E","M","T","M","$","?","?","M","R","B",null,"$","R","E","B",null],"character_chosen":"THE_SILENT","items_purchased":["Blood Vial","MerchantsRug","Noxious Fumes","Noxious Fumes","Singing Bowl","Tiny Chest","Noxious Fumes","The Specimen","Vajra","Kunai","Incense Burner"],"campfire_rested":8,"item_purchase_floors":[0,0,0,0,0,0,0,11,20,28,45],"current_hp_per_floor":[32,34,20,20,20,24,24,28,28,50,50,72,75,72,80,81,82,84,84,84,84,86,86,90,90,90,90,90,80,80,84,94,85,96,97,97,100,107,111,111,97,100,100,96,96,96,99,94,123,122,123,123,125,122,58],"gold":98,"neow_bonus":"","is_daily":false,"chose_seed":false,"campfire_upgraded":0,"win_rate":0.0,"timestamp":1612892157,"path_taken":["M","?","?","?","?","E","R","M","T","R","$","R","E","?","R","BOSS","M","?","$","?","M","E","M","R","T","?","$","M","?","M","R","BOSS","M","?","?","?","?","R","E","M","T","M","$","?","?","M","R","BOSS","$","R","E","BOSS"],"items_purchased_type":["Relic","Relic","Card","Card","Relic","Relic","Card","Relic","Relic","Relic","Relic"],"build_version":"2020-12-22","purchased_purges":6,"victory":true,"max_hp_per_floor":[72,72,72,72,72,74,74,76,76,76,76,76,78,80,80,82,82,84,84,84,84,86,88,90,90,90,90,90,92,92,94,94,96,96,98,98,100,107,111,111,113,115,115,117,117,117,119,121,123,123,123,123,125,127,127],"card_choices":[{"not_picked":["Dash","Sucker Punch","Leg Sweep"],"picked":"Singing Bowl","floor":1},{"not_picked":["Deflect","Footwork"],"picked":"Blur","floor":2},{"not_picked":["Bane","Cloak And Dagger","PiercingWail"],"picked":"Singing Bowl","floor":6},{"not_picked":["Masterful Stab","PiercingWail","Riddle With Holes"],"picked":"Singing Bowl","floor":8},{"not_picked":["Endless Agony","Poisoned Stab","Burst"],"picked":"Singing Bowl","floor":13},{"not_picked":["Blur","Finisher","Quick Slash"],"picked":"Singing Bowl","floor":14},{"not_picked":["Grand Finale","Storm of Steel","Glass Knife"],"picked":"Singing Bowl","floor":16},{"not_picked":["Dagger Throw","Deadly Poison","Concentrate+1"],"picked":"Singing Bowl","floor":18},{"not_picked":["Sucker Punch","Cloak And Dagger+1","Flying Knee+1"],"picked":"Singing Bowl","floor":22},{"not_picked":["Prepared","Choke+1","Crippling Poison"],"picked":"Singing Bowl","floor":23},{"not_picked":["Noxious Fumes","Deadly Poison","Dagger Spray"],"picked":"Singing Bowl","floor":24},{"not_picked":["Catalyst+1","Night Terror","Blade Dance+1"],"picked":"Singing Bowl","floor":29},{"not_picked":["Masterful Stab","Accuracy","Underhanded Strike"],"picked":"Singing Bowl","floor":31},{"not_picked":["Wraith Form v2","After Image","Adrenaline"],"picked":"Singing Bowl","floor":33},{"not_picked":["Quick Slash+1","Terror+1","Sucker Punch+1"],"picked":"Singing Bowl","floor":35},{"not_picked":["Outmaneuver+1","Flechettes+1","Flying Knee+1","Accuracy+1"],"picked":"Singing Bowl","floor":37},{"not_picked":["Secret Weapon","Bandage Up","Flash of Steel","Dramatic Entrance"],"picked":"Singing Bowl","floor":39},{"not_picked":["Thinking Ahead","Deep Breath","Secret Technique","Forethought"],"picked":"Singing Bowl","floor":39},{"not_picked":["Venomology","Riddle With Holes+1","Masterful Stab","Footwork"],"picked":"Singing Bowl","floor":41},{"not_picked":["Deflect+1","Prepared+1","Predator","Deadly Poison"],"picked":"Singing Bowl","floor":42},{"not_picked":["Poisoned Stab","Bane","Deadly Poison+1","Unload"],"picked":"Singing Bowl","floor":44},{"not_picked":["Crippling Poison","Underhanded Strike+1","Accuracy"],"picked":"Singing Bowl","floor":47},{"not_picked":["Cloak And Dagger+1","Bane","Calculated Gamble"],"picked":"Singing Bowl","floor":48},{"not_picked":["PiercingWail+1","Crippling Poison","Outmaneuver"],"picked":"Singing Bowl","floor":49},{"not_picked":["Quick Slash+1","Distraction","Eviscerate"],"picked":"Singing Bowl","floor":53},{"not_picked":["Cloak And Dagger+1","Venomology","Accuracy+1"],"picked":"Singing Bowl","floor":54}],"player_experience":701017,"relics_obtained":[{"floor":6,"key":"Thread and Needle"},{"floor":9,"key":"Bag of Preparation"},{"floor":13,"key":"Bronze Scales"},{"floor":23,"key":"Toy Ornithopter"},{"floor":26,"key":"Oddly Smooth Stone"},{"floor":27,"key":"MawBank"},{"floor":38,"key":"Strawberry"},{"floor":41,"key":"Whetstone"},{"floor":43,"key":"Dream Catcher"},{"floor":47,"key":"Pocketwatch"},{"floor":54,"key":"Lizard Tail"}],"event_choices":[{"damage_healed":34,"gold_gain":0,"player_choice":"Upgrade","damage_taken":14,"max_hp_gain":0,"max_hp_loss":72,"event_name":"betterThird:BetterShining","floor":3,"gold_loss":0,"cards_upgraded":["Survivor","Strike_G"]},{"damage_healed":0,"gold_gain":0,"player_choice":"Ignored","damage_taken":0,"max_hp_gain":0,"max_hp_loss":0,"event_name":"Transmorgrifier","floor":4,"gold_loss":0},{"damage_healed":28,"gold_gain":0,"player_choice":"Heal","damage_taken":0,"max_hp_gain":0,"max_hp_loss":0,"event_name":"The Library","floor":19,"gold_loss":0},{"damage_healed":0,"gold_gain":0,"player_choice":"Opened","damage_taken":0,"relics_obtained":["Regal Pillow"],"max_hp_gain":0,"max_hp_loss":0,"event_name":"The Mausoleum","floor":21,"gold_loss":0},{"cards_removed":["Noxious Fumes"],"damage_healed":0,"gold_gain":0,"player_choice":"Gave Card","damage_taken":0,"relics_obtained":["Question Card"],"max_hp_gain":0,"max_hp_loss":0,"event_name":"WeMeetAgain","floor":36,"gold_loss":0},{"damage_healed":0,"gold_gain":3,"player_choice":"1","damage_taken":0,"max_hp_gain":0,"max_hp_loss":0,"event_name":"betterStone:BetterStone","floor":39,"gold_loss":0},{"damage_healed":0,"gold_gain":0,"player_choice":"Paid","damage_taken":0,"relics_obtained":["Red Mask"],"max_hp_gain":0,"max_hp_loss":0,"event_name":"Tomb of Lord Red Mask","floor":46,"gold_loss":112},{"damage_healed":0,"gold_gain":0,"player_choice":"Fight","damage_taken":0,"max_hp_gain":0,"max_hp_loss":0,"event_name":"MindBloom","floor":47,"gold_loss":0}],"is_beta":false,"boss_relics":[{"not_picked":["Velvet Choker","Calling Bell"],"picked":"Fusion Hammer"},{"not_picked":["Empty Cage","Coffee Dripper"],"picked":"Ring of the Serpent"}],"items_purged_floors":[0,0,0,0,0,0],"is_endless":false,"potions_floor_spawned":[2,6,14,16,18,22,35,44,47],"ascension_level":0}}