{"host":"bxn2em57qlx5u4i0","time":1612847022,"event":{"mods":["BaseMod","Colored Map","Colored Powertips","Highlight Path","Minty Spire (QoL Compilation)","Random Character Button","Relic Sorter","Relic Stats","StSLib","SuperFastMode"],"gold_per_floor":[110,160,173,173,4,30,64,64,111,137,155,155,155,185,185,262,262,281,281,114,39,39,73,108,141,141,168,19,19,48,68,68,146,146,156,0,0,0,19,52,52,79,130,160,185,185,214,214,214,214,214,214,214,8,36,36],"floor_reached":57,"language":"ENG","playtime":1758,"items_purged":["Poisoned Stab","Dodge and Roll"],"score":3868,"play_id":"8b4feea6-a36d-489f-8f77-579c138f1f46","local_time":"20210209000342","daily_mods":["SealedDeck","Heirloom","Flight"],"is_ascension_mode":true,"campfire_choices":[{"data":"Catalyst","floor":8.0,"key":"SMITH"},{"data":"Bouncing Flask","floor":12.0,"key":"SMITH"},{"data":"Footwork","floor":13.0,"key":"SMITH"},{"data":"Crippling Poison","floor":15.0,"key":"SMITH"},{"data":"Noxious Fumes","floor":29.0,"key":"SMITH"},{"data":"Burst","floor":32.0,"key":"SMITH"},{"floor":49,"key":"RECALL"},{"data":"Footwork","floor":53,"key":"SMITH"}],"circlet_count":0,"master_deck":["AscendersBane","Blur+1","Footwork+1","Deflect+1","Catalyst+1","Bouncing Flask+1","PiercingWail","Footwork+1","Backflip","Crippling Poison+1","Burst+1","Noxious Fumes+1","Escape Plan","Night Terror","Terror+1","Flechettes+1","Master of Strategy","Blur+1","Catalyst+1","Backflip+1"],"relics":["Ring of the Snake","The Specimen","Membership Card","Dream Catcher","Singing Bowl","Lantern","War Paint","Regal Pillow","Coffee Dripper","Thread and Needle","FossilizedHelix","Bag of Preparation","MealTicket","Meat on the Bone","Dead Branch","ClockworkSouvenir","Potion Belt","Astrolabe","Red Mask","Anchor","Gambling Chip","Toxic Egg 2","TungstenRod","Oddly Smooth Stone","Ninja Scroll","Happy Flower","StoneCalendar"],"acts_visited":["Exordium","TheCity","TheBeyond","TheEnding"],"potions_floor_usage":[42,55,56],"damage_taken":[{"damage":0.0,"enemies":"Cultist","floor":1.0,"turns":3.0},{"damage":0.0,"enemies":"Jaw Worm","floor":3.0,"turns":3.0},{"damage":1.0,"enemies":"Lagavulin","floor":6.0,"turns":7.0},{"damage":16.0,"enemies":"Gremlin Nob","floor":7.0,"turns":3.0},{"damage":19.0,"enemies":"3 Sentries","floor":10.0,"turns":6.0},{"damage":0.0,"enemies":"Small Slimes","floor":11.0,"turns":3.0},{"damage":0.0,"enemies":"Gremlin Nob","floor":14.0,"turns":3.0},{"damage":0.0,"enemies":"Slime Boss","floor":16.0,"turns":10.0},{"damage":0.0,"enemies":"Chosen","floor":18.0,"turns":5.0},{"damage":15.0,"enemies":"Slavers","floor":23.0,"turns":5.0},{"damage":0.0,"enemies":"Gremlin Leader","floor":24.0,"turns":3.0},{"damage":18.0,"enemies":"Slavers","floor":25.0,"turns":6.0},{"damage":0.0,"enemies":"Book of Stabbing","floor":27.0,"turns":3.0},{"damage":0.0,"enemies":"Slavers","floor":30.0,"turns":3.0},{"damage":0.0,"enemies":"Shell Parasite","floor":31.0,"turns":2.0},{"damage":0.0,"enemies":"Automaton","floor":33.0,"turns":4.0},{"damage":0.0,"enemies":"Orb Walker","floor":35.0,"turns":3.0},{"damage":0,"enemies":"3 Darklings","floor":39,"turns":5},{"damage":0,"enemies":"Giant Head","floor":40,"turns":7},{"damage":9,"enemies":"Reptomancer","floor":42,"turns":5},{"damage":0,"enemies":"Nemesis","floor":44,"turns":3},{"damage":0,"enemies":"Mind Bloom Boss Battle","floor":45,"turns":5},{"damage":0,"enemies":"Giant Head","floor":47,"turns":4},{"damage":31,"enemies":"Time Eater","floor":50,"turns":10},{"damage":0,"enemies":"Awakened One","floor":51,"turns":14},{"damage":0,"enemies":"Shield and Spear","floor":55,"turns":4},{"damage":0,"enemies":"The Heart","floor":56,"turns":8}],"seed_played":"975849596780404462","potions_obtained":[{"floor":3.0,"key":"Ancient Potion"},{"floor":6.0,"key":"LiquidMemories"},{"floor":18.0,"key":"LiquidBronze"},{"floor":30.0,"key":"LiquidBronze"},{"floor":31.0,"key":"SteroidPotion"},{"floor":33.0,"key":"Explosive Potion"},{"floor":40,"key":"DuplicationPotion"},{"floor":42,"key":"CultistPotion"},{"floor":47,"key":"BlessingOfTheForge"}],"is_trial":true,"path_per_floor":["M","?","M","?","$","E","E","R","T","E","M","R","R","E","R","B",null,"M","$","$","?","?","E","E","E","T","E","$","R","E","M","R","B",null,"M","?","?","$","M","E","?","E","T","E","?","?","E","T","R","B","B",null,"R","$","E","B",null],"character_chosen":"THE_SILENT","items_purchased":["Membership Card","Thread and Needle","ClockworkSouvenir","Poison Potion","Catalyst+1","Happy Flower","Backflip+1"],"campfire_rested":0,"item_purchase_floors":[5,20,28,28,54,54,54],"current_hp_per_floor":[59,53,53,53,53,52,38,38,38,19,21,21,21,21,21,21,58,60,60,60,60,60,47,47,31,31,45,60,60,62,62,62,62,76,78,78,78,82,84,86,80,73,73,75,75,75,77,77,77,46,46,80,80,91,93,93],"gold":36,"neow_bonus":"","is_daily":false,"chose_seed":false,"campfire_upgraded":7,"win_rate":0.0,"timestamp":1612847022,"path_taken":["M","?","?","?","$","E","E","R","T","E","M","R","R","E","R","BOSS","M","$","$","?","?","E","E","E","T","E","?","R","E","?","R","BOSS","M","?","?","?","?","E","?","E","T","E","?","?","E","?","R","BOSS","BOSS","R","$","E","BOSS"],"items_purchased_type":["Relic","Relic","Relic","Potion","Card","Relic","Card"],"build_version":"2020-12-22","purchased_purges":2,"victory":true,"max_hp_per_floor":[66,66,66,66,66,66,68,68,68,68,70,70,70,70,70,70,70,72,72,72,72,72,74,74,76,76,78,78,78,80,80,80,80,80,82,82,82,82,84,86,90,92,92,94,94,89,91,91,91,91,91,91,91,91,93,93],"relic_stats":{"Regal Pillow":0,"Singing Bowl":32,"Happy Flower":[4],"counters":[27,137],"Dead Branch":[108],"Astrolabe":["Terror","Slice","Flechettes"],"StoneCalendar":[52],"Bag of Preparation":[24],"War Paint":["Deflect","Blur"],"Dream Catcher":0,"Gambling Chip":[18],"MealTicket":30,"obtain_stats":[{"Lantern":9,"Regal Pillow":14,"Singing Bowl":7,"StoneCalendar":55,"Bag of Preparation":24,"ClockworkSouvenir":28,"Dream Catcher":6,"Ninja Scroll":48,"Gambling Chip":42,"MealTicket":25,"Red Mask":36,"Toxic Egg 2":44,"Ring of the Snake":0,"Potion Belt":30,"The Specimen":0,"Happy Flower":54,"Dead Branch":27,"Astrolabe":34,"Oddly Smooth Stone":47,"Thread and Needle":20,"War Paint":10,"Anchor":40,"Coffee Dripper":17,"Membership Card":5,"FossilizedHelix":23,"TungstenRod":45,"Meat on the Bone":26},{"Lantern":4,"Regal Pillow":7,"Singing Bowl":4,"StoneCalendar":26,"Bag of Preparation":11,"ClockworkSouvenir":13,"Dream Catcher":3,"Ninja Scroll":23,"Gambling Chip":20,"MealTicket":12,"Red Mask":17,"Toxic Egg 2":21,"Ring of the Snake":0,"Potion Belt":14,"The Specimen":0,"Happy Flower":25,"Dead Branch":13,"Astrolabe":16,"Oddly Smooth Stone":23,"Thread and Needle":9,"War Paint":5,"Anchor":19,"Coffee Dripper":8,"Membership Card":2,"FossilizedHelix":10,"TungstenRod":22,"Meat on the Bone":12},{"Lantern":16,"Regal Pillow":28,"Singing Bowl":16,"StoneCalendar":129,"Bag of Preparation":51,"ClockworkSouvenir":60,"Dream Catcher":13,"Ninja Scroll":101,"Gambling Chip":89,"MealTicket":57,"Red Mask":72,"Toxic Egg 2":92,"Ring of the Snake":0,"Potion Belt":63,"The Specimen":0,"Happy Flower":125,"Dead Branch":60,"Astrolabe":69,"Oddly Smooth Stone":101,"Thread and Needle":43,"War Paint":22,"Anchor":84,"Coffee Dripper":38,"Membership Card":6,"FossilizedHelix":48,"TungstenRod":97,"Meat on the Bone":57}],"TungstenRod":1,"Ring of the Snake":[54],"Meat on the Bone":12},"card_choices":[{"not_picked":["Dagger Spray","Sucker Punch"],"picked":"Bouncing Flask","floor":1.0},{"not_picked":["Caltrops","Flying Knee"],"picked":"PiercingWail","floor":3.0},{"not_picked":["Doppelganger","Deadly Poison"],"picked":"Footwork","floor":6.0},{"not_picked":["Deadly Poison","Deflect","Eviscerate"],"picked":"Singing Bowl","floor":7.0},{"not_picked":["Sucker Punch","Dagger Spray"],"picked":"Backflip","floor":10.0},{"not_picked":["Tactician","Footwork","Well Laid Plans"],"picked":"Singing Bowl","floor":11.0},{"not_picked":["Backflip","Deflect"],"picked":"Crippling Poison","floor":14.0},{"not_picked":["Envenom","Unload"],"picked":"Burst","floor":16.0},{"not_picked":["Prepared","Dagger Spray","Calculated Gamble"],"picked":"Singing Bowl","floor":18.0},{"not_picked":["Dodge and Roll","Backflip","Glass Knife"],"picked":"Singing Bowl","floor":23.0},{"not_picked":["Backflip","Heel Hook"],"picked":"Noxious Fumes","floor":24.0},{"not_picked":["Prepared","Flying Knee","Eviscerate"],"picked":"Singing Bowl","floor":25.0},{"not_picked":["Prepared","Terror","Night Terror"],"picked":"Singing Bowl","floor":27.0},{"not_picked":["Eviscerate","Sucker Punch","Tactician"],"picked":"Singing Bowl","floor":30.0},{"not_picked":["Acrobatics","Caltrops"],"picked":"Escape Plan","floor":31.0},{"not_picked":["Venomology","Burst"],"picked":"Night Terror","floor":33.0},{"not_picked":["Leg Sweep","Deadly Poison+1","Flying Knee"],"picked":"Singing Bowl","floor":35.0},{"not_picked":["Backflip","Quick Slash","Endless Agony"],"picked":"Singing Bowl","floor":39},{"not_picked":["Prepared+1","Storm of Steel","Expertise"],"picked":"Singing Bowl","floor":40},{"not_picked":["Mayhem","Mind Blast","Chrysalis"],"picked":"Singing Bowl","floor":41},{"not_picked":["Trip","Swift Strike"],"picked":"Master of Strategy","floor":41},{"not_picked":["Enlightenment","Jack Of All Trades","Trip"],"picked":"Singing Bowl","floor":41},{"not_picked":["Flying Knee","Quick Slash+1","Dodge and Roll"],"picked":"Singing Bowl","floor":42},{"not_picked":["Heel Hook","Deflect+1","Predator"],"picked":"Singing Bowl","floor":44},{"not_picked":["Dagger Spray","Underhanded Strike+1"],"picked":"Blur+1","floor":45},{"not_picked":["Reflex+1","Acrobatics+1","Dagger Spray"],"picked":"Singing Bowl","floor":47},{"not_picked":["Bane","Acrobatics+1","PiercingWail+1"],"picked":"Singing Bowl","floor":55}],"player_experience":3023835,"relics_obtained":[{"floor":6.0,"key":"Dream Catcher"},{"floor":7.0,"key":"Singing Bowl"},{"floor":9.0,"key":"Lantern"},{"floor":10.0,"key":"War Paint"},{"floor":14.0,"key":"Regal Pillow"},{"floor":23.0,"key":"FossilizedHelix"},{"floor":24.0,"key":"Bag of Preparation"},{"floor":25.0,"key":"MealTicket"},{"floor":26.0,"key":"Meat on the Bone"},{"floor":27.0,"key":"Dead Branch"},{"floor":30.0,"key":"Potion Belt"},{"floor":40,"key":"Anchor"},{"floor":42,"key":"Gambling Chip"},{"floor":44,"key":"Toxic Egg 2"},{"floor":45,"key":"TungstenRod"},{"floor":47,"key":"Oddly Smooth Stone"},{"floor":48,"key":"Ninja Scroll"},{"floor":55,"key":"StoneCalendar"}],"event_choices":[{"damage_healed":0.0,"max_hp_gain":0.0,"max_hp_loss":0.0,"gold_gain":50.0,"event_name":"FaceTrader","player_choice":"Touch","floor":2.0,"gold_loss":0.0,"damage_taken":6.0},{"damage_healed":0.0,"max_hp_gain":0.0,"max_hp_loss":0.0,"gold_gain":0.0,"event_name":"Liars Game","player_choice":"Ignored","floor":4.0,"gold_loss":0.0,"damage_taken":0.0},{"cards_removed":["Acrobatics"],"damage_healed":0.0,"max_hp_gain":0.0,"max_hp_loss":0.0,"gold_gain":0.0,"event_name":"Beggar","player_choice":"Gave Gold","floor":21.0,"gold_loss":75.0,"damage_taken":0.0},{"damage_healed":0.0,"max_hp_gain":0.0,"max_hp_loss":0.0,"gold_gain":0.0,"event_name":"Cursed Tome","player_choice":"Ignored","floor":22.0,"gold_loss":0.0,"damage_taken":0.0},{"damage_healed":0,"gold_gain":0,"player_choice":"Paid","damage_taken":0,"relics_obtained":["Red Mask"],"max_hp_gain":0,"max_hp_loss":0,"event_name":"Tomb of Lord Red Mask","floor":36,"gold_loss":156},{"cards_removed":["Slice"],"damage_healed":0,"gold_gain":0,"player_choice":"Removed Attack","damage_taken":0,"max_hp_gain":0,"max_hp_loss":0,"event_name":"Falling","floor":37,"gold_loss":0},{"damage_healed":0,"gold_gain":0,"player_choice":"Memory 3","damage_taken":10,"max_hp_gain":0,"max_hp_loss":0,"event_name":"SensoryStone","floor":41,"gold_loss":0},{"damage_healed":0,"gold_gain":0,"player_choice":"Fight","damage_taken":0,"max_hp_gain":0,"max_hp_loss":0,"event_name":"MindBloom","floor":45,"gold_loss":0},{"damage_healed":0,"gold_gain":0,"player_choice":"Max HP","damage_taken":0,"max_hp_gain":0,"max_hp_loss":5,"event_name":"Winding Halls","floor":46,"gold_loss":0}],"is_beta":false,"boss_relics":[{"not_picked":["Runic Pyramid","SlaversCollar"],"picked":"Coffee Dripper"},{"not_picked":["Empty Cage","Snecko Eye"],"picked":"Astrolabe"}],"items_purged_floors":[28,54],"is_endless":false,"potions_floor_spawned":[3,6,18,24,30,31,33,40,42,47],"ascension_level":20}}