{"host":"2pffx5rqbod9ds0c","time":1612842876,"event":{"mods":["BaseMod","Better Altar","Better Match","Better Note","Better Sensory Stone","Better Skull","Better Third Choice","Bossed Relics","Custom Start","Hubris","Minty Spire (QoL Compilation)","Quick Restart","Relic Stats","Spicy Shops","StSLib","The Senshi"],"gold_per_floor":[115,221408,221420,221436,220767,220767,220767,220800,220800,220800,220800,220832,220851,220851,220851,220955,220955,220971,220226,220226,220241,220241,220273,220293,220293,220293,220293,220293,219415,219442,218904,218904,219000,219000,219017,219030,219049,219049,219064,218579,218579,218183,218183,218210,218210,217605,217624,217657,217657,217657],"floor_reached":51,"language":"ENG","playtime":2522,"items_purged":["theSenshi:SailorKick","theSenshi:SailorKick","theSenshi:SailorBlock","theSenshi:SailorKick","theSenshi:SailorBlock","theSenshi:SailorBlock","theSenshi:SailorBlock","Writhe","hubris:Wrath"],"score":1049,"play_id":"e10eb60f-7e8a-4e6d-85d8-323dc870b312","local_time":"20210208195436","is_ascension_mode":false,"campfire_choices":[{"data":"theSenshi:GlimpseOfThePast","floor":6.0,"key":"SMITH"},{"data":"theSenshi:LunasBite","floor":11.0,"key":"SMITH"},{"data":"theSenshi:RoseThrow","floor":15.0,"key":"SMITH"},{"data":"theSenshi:SilverMoonCrystalPowerKiss","floor":25.0,"key":"SMITH"},{"data":"theSenshi:FatedKiss","floor":27.0,"key":"SMITH"},{"data":"theSenshi:IWillPunishYou","floor":32,"key":"SMITH"},{"data":"theSenshi:MoonPunch","floor":41,"key":"SMITH"},{"data":"theSenshi:SupersonicWaves","floor":45,"key":"SMITH"},{"data":"theSenshi:SailorStarHealerAssists","floor":49,"key":"SMITH"}],"circlet_count":0,"master_deck":["theSenshi:RoseThrow+1","theSenshi:MoonPrismPowerMakeUp","theSenshi:GlimpseOfThePast+1","theSenshi:SupersonicWaves+1","theSenshi:UranusStrength+1","theSenshi:LunasBite+1","theSenshi:InTheNickOfTime","theSenshi:MoonPunch+1","theSenshi:IWillPunishYou+1","theSenshi:SilverMoonCrystalPowerKiss+1","theSenshi:FatedKiss+1","theSenshi:MoonCrystalPowerMakeUp+1","theSenshi:SailorStarHealerAssists+1","Master of Strategy","theSenshi:SailorStarHealerAssists+1","Master of Strategy","theSenshi:MoonCosmicPowerMakeUp+1","Flash of Steel"],"relics":["theSenshi:TransformationBroochRelic","Membership Card","Medical Kit","Akabeko","hubris:MysteriousPyramids","hubris:DeckOfHolding","theSenshi:CrisisMoonCompactRelic","hubris:Teleporter","Pen Nib","theSenshi:ChokerRelic","ClockworkSouvenir","Centennial Puzzle","Nunchaku","Singing Bowl","Lantern","hubris:Icosahedron","StoneCalendar","Cursed Key","Ice Cream","theSenshi:CosmicHeartCompactRelic","Chemical X","Blood Vial","WingedGreaves","Strawberry","Happy Flower","theSenshi:SailorFukuRelic","Toy Ornithopter","Orrery","DollysMirror","hubris:SlimyHat","theSenshi:RedHairPiecesRelic","Bag of Marbles","Frozen Egg 2","War Paint","Busted Crown","Boot","StrikeDummy","Eternal Feather","TheAbacus","Lizard Tail","theSenshi:HolyGrailRelic","Sling","hubris:PeanutButter","Bottled Flame","InkBottle","Smiling Mask","hubris:GlazedTorus","Oddly Smooth Stone","Vajra","theSenshi:RoseRelic","hubris:EmptyBottle","OrangePellets","Pear"],"acts_visited":["Exordium","TheCity","TheBeyond"],"potions_floor_usage":[],"damage_taken":[{"damage":0.0,"enemies":"2 Louse","floor":1.0,"turns":4.0},{"damage":7.0,"enemies":"Jaw Worm","floor":3.0,"turns":6.0},{"damage":0.0,"enemies":"Small Slimes","floor":4.0,"turns":2.0},{"damage":9.0,"enemies":"3 Sentries","floor":8.0,"turns":5.0},{"damage":0.0,"enemies":"Gremlin Nob","floor":12.0,"turns":2.0},{"damage":0.0,"enemies":"Gremlin Gang","floor":13.0,"turns":1.0},{"damage":25.0,"enemies":"Slime Boss","floor":16.0,"turns":5.0},{"damage":0.0,"enemies":"Spheric Guardian","floor":18.0,"turns":3.0},{"damage":9.0,"enemies":"2 Thieves","floor":21.0,"turns":2.0},{"damage":35.0,"enemies":"Slavers","floor":23.0,"turns":5.0},{"damage":0.0,"enemies":"Snecko","floor":24.0,"turns":3.0},{"damage":7,"enemies":"Book of Stabbing","floor":30,"turns":3},{"damage":0,"enemies":"Collector","floor":33,"turns":3},{"damage":0,"enemies":"3 Shapes","floor":35,"turns":1},{"damage":0,"enemies":"3 Darklings","floor":36,"turns":3},{"damage":0,"enemies":"Sphere and 2 Shapes","floor":37,"turns":3},{"damage":2,"enemies":"Maw","floor":39,"turns":3},{"damage":0,"enemies":"Nemesis","floor":44,"turns":3},{"damage":0,"enemies":"4 Shapes","floor":47,"turns":2},{"damage":0,"enemies":"Giant Head","floor":48,"turns":3},{"damage":0,"enemies":"hubris:GrandSnecko","floor":50,"turns":3}],"seed_played":"-6462260352160687433","potions_obtained":[{"floor":8.0,"key":"Fruit Juice"},{"floor":12.0,"key":"Swift Potion"},{"floor":13.0,"key":"Ancient Potion"}],"is_trial":false,"path_per_floor":["M","$","M","M","$","R","?","E","T","?","R","E","M","?","R","B",null,"M","$","?","M","T","E","M","R","T","R","?","$","E","$","R","B",null,"M","M","M","?","M","$","R","$","T","E","R","$","M","E","R","B",null],"character_chosen":"THE_SENSHI","items_purchased":["theSenshi:UranusStrength","Membership Card","Medical Kit","Akabeko","hubris:MysteriousPyramids","hubris:DeckOfHolding","theSenshi:CrisisMoonCompactRelic","LiquidMemories","SteroidPotion","FearPotion","hubris:Teleporter","Pen Nib","theSenshi:ChokerRelic","ClockworkSouvenir","Centennial Puzzle","Nunchaku","theSenshi:InTheNickOfTime","theSenshi:MoonPunch","Ice Cream","theSenshi:CosmicHeartCompactRelic","Chemical X","Blood Vial","WingedGreaves","theSenshi:SilverMoonCrystalPowerKiss","Happy Flower","theSenshi:SailorFukuRelic","Toy Ornithopter","theSenshi:SailorStarHealerAssists","Master of Strategy","Orrery","DollysMirror","theSenshi:RedHairPiecesRelic","Bag of Marbles","Frozen Egg 2","Master of Strategy","War Paint","Boot","StrikeDummy","Eternal Feather","TheAbacus","Lizard Tail","theSenshi:HolyGrailRelic","Sling","hubris:PeanutButter","Bottled Flame","hubris:GlazedTorus","theSenshi:MoonCosmicPowerMakeUp+1","Oddly Smooth Stone","Vajra","theSenshi:RoseRelic","hubris:EmptyBottle","OrangePellets","Flash of Steel"],"campfire_rested":0,"item_purchase_floors":[2,2,2,2,2,2,2,2,2,2,5,5,5,5,5,5,5,5,19,19,19,19,19,19,29,29,29,29,29,29,29,31,31,31,31,31,40,40,40,40,42,42,42,42,42,46,46,46,46,46,46,46,46],"current_hp_per_floor":[54,54,47,47,47,47,52,45,45,45,45,52,54,54,54,29,91,93,93,93,84,84,58,62,62,62,62,62,72,89,89,89,113,116,118,120,122,122,122,122,124,124,124,126,126,126,128,140,140,140],"gold":217657,"neow_bonus":"THREE_RARE_CARDS","is_daily":false,"chose_seed":false,"campfire_upgraded":9,"win_rate":0.0,"timestamp":1612842876,"path_taken":["M","$","M","M","$","R","?","E","T","?","R","E","M","?","R","BOSS","M","$","?","M","?","E","M","R","T","R","?","$","E","$","R","BOSS","M","M","M","?","M","$","R","$","T","E","R","$","M","E","R","BOSS"],"items_purchased_type":["Card","Relic","Relic","Relic","Relic","Relic","Relic","Potion","Potion","Potion","Relic","Relic","Relic","Relic","Relic","Relic","Card","Card","Relic","Relic","Relic","Relic","Relic","Card","Relic","Relic","Relic","Card","Card","Relic","Relic","Relic","Relic","Relic","Card","Relic","Relic","Relic","Relic","Relic","Relic","Relic","Relic","Relic","Relic","Relic","Card","Relic","Relic","Relic","Relic","Relic","Card"],"build_version":"2020-12-22","purchased_purges":9,"victory":true,"max_hp_per_floor":[75,75,75,75,75,75,80,82,82,82,82,89,91,91,91,91,91,93,93,93,93,93,100,102,102,102,102,102,112,114,114,114,116,116,118,120,122,122,124,124,124,124,124,126,126,126,128,140,140,140],"relic_stats":{"Singing Bowl":38,"Happy Flower":[9],"counters":[21,65],"StoneCalendar":[0],"Eternal Feather":2,"Pen Nib":[10],"War Paint":["theSenshi:UranusStrength","theSenshi:SailorStarHealerAssists"],"Medical Kit":[6],"Cursed Key":1,"Boot":[20],"Smiling Mask":88,"Blood Vial":8,"OrangePellets":[0],"Centennial Puzzle":[18],"Nunchaku":[10],"Lizard Tail":0,"Busted Crown":14,"TheAbacus":[48],"Chemical X":[1],"obtain_stats":[{"Ice Cream":19,"Vajra":46,"hubris:MysteriousPyramids":2,"Boot":40,"Sling":42,"Blood Vial":19,"Centennial Puzzle":5,"Lizard Tail":42,"DollysMirror":29,"Strawberry":23,"theSenshi:RoseRelic":46,"hubris:DeckOfHolding":2,"theSenshi:SailorFukuRelic":29,"hubris:Teleporter":5,"Pear":48,"Happy Flower":29,"Oddly Smooth Stone":46,"Eternal Feather":40,"Pen Nib":5,"War Paint":31,"Akabeko":2,"OrangePellets":46,"Bottled Flame":42,"theSenshi:TransformationBroochRelic":0,"hubris:PeanutButter":42,"StrikeDummy":40,"theSenshi:CosmicHeartCompactRelic":19,"Lantern":9,"theSenshi:CrisisMoonCompactRelic":2,"theSenshi:RedHairPiecesRelic":31,"Singing Bowl":8,"StoneCalendar":12,"hubris:SlimyHat":30,"theSenshi:ChokerRelic":5,"hubris:EmptyBottle":46,"Cursed Key":17,"Smiling Mask":44,"ClockworkSouvenir":5,"Nunchaku":5,"hubris:Icosahedron":10,"TheAbacus":40,"theSenshi:HolyGrailRelic":42,"WingedGreaves":19,"Chemical X":19,"InkBottle":43,"hubris:GlazedTorus":46,"Frozen Egg 2":31,"Medical Kit":2,"Busted Crown":34,"Orrery":29,"Bag of Marbles":31,"Membership Card":2,"Toy Ornithopter":29},{"Ice Cream":8,"Vajra":18,"hubris:MysteriousPyramids":1,"Boot":17,"Sling":17,"Blood Vial":8,"Centennial Puzzle":3,"Lizard Tail":17,"DollysMirror":11,"Strawberry":10,"theSenshi:RoseRelic":18,"hubris:DeckOfHolding":1,"theSenshi:SailorFukuRelic":11,"hubris:Teleporter":3,"Pear":20,"Happy Flower":11,"Oddly Smooth Stone":18,"Eternal Feather":17,"Pen Nib":3,"War Paint":12,"Akabeko":1,"OrangePellets":18,"Bottled Flame":17,"theSenshi:TransformationBroochRelic":0,"hubris:PeanutButter":17,"StrikeDummy":17,"theSenshi:CosmicHeartCompactRelic":8,"Lantern":4,"theSenshi:CrisisMoonCompactRelic":1,"theSenshi:RedHairPiecesRelic":12,"Singing Bowl":4,"StoneCalendar":5,"hubris:SlimyHat":12,"theSenshi:ChokerRelic":3,"hubris:EmptyBottle":18,"Cursed Key":7,"Smiling Mask":18,"ClockworkSouvenir":3,"Nunchaku":3,"hubris:Icosahedron":4,"TheAbacus":17,"theSenshi:HolyGrailRelic":17,"WingedGreaves":8,"Chemical X":8,"InkBottle":17,"hubris:GlazedTorus":18,"Frozen Egg 2":12,"Medical Kit":1,"Busted Crown":13,"Orrery":11,"Bag of Marbles":12,"Membership Card":1,"Toy Ornithopter":11},{"Ice Cream":28,"Vajra":57,"hubris:MysteriousPyramids":4,"Boot":54,"Sling":54,"Blood Vial":28,"Centennial Puzzle":12,"Lizard Tail":54,"DollysMirror":38,"Strawberry":35,"theSenshi:RoseRelic":57,"hubris:DeckOfHolding":4,"theSenshi:SailorFukuRelic":38,"hubris:Teleporter":12,"Pear":62,"Happy Flower":38,"Oddly Smooth Stone":57,"Eternal Feather":54,"Pen Nib":12,"War Paint":41,"Akabeko":4,"OrangePellets":57,"Bottled Flame":54,"theSenshi:TransformationBroochRelic":0,"hubris:PeanutButter":54,"StrikeDummy":54,"theSenshi:CosmicHeartCompactRelic":28,"Lantern":17,"theSenshi:CrisisMoonCompactRelic":4,"theSenshi:RedHairPiecesRelic":41,"Singing Bowl":17,"StoneCalendar":19,"hubris:SlimyHat":41,"theSenshi:ChokerRelic":12,"hubris:EmptyBottle":57,"Cursed Key":25,"Smiling Mask":57,"ClockworkSouvenir":12,"Nunchaku":12,"hubris:Icosahedron":17,"TheAbacus":54,"theSenshi:HolyGrailRelic":54,"WingedGreaves":28,"Chemical X":28,"InkBottle":54,"hubris:GlazedTorus":57,"Frozen Egg 2":41,"Medical Kit":4,"Busted Crown":44,"Orrery":38,"Bag of Marbles":41,"Membership Card":4,"Toy Ornithopter":38}],"Toy Ornithopter":0,"InkBottle":[10]},"card_choices":[{"not_picked":["theSenshi:ChibiMoonsLove","theSenshi:SilverMoonCrystalPowerKiss"],"picked":"theSenshi:GlimpseOfThePast","floor":0.0},{"not_picked":["theSenshi:SailorChibiMoonAssists","theSenshi:TuxedoMaskAssists"],"picked":"theSenshi:SupersonicWaves","floor":1.0},{"not_picked":["theSenshi:TallSilhouette","theSenshi:SupersonicWaves","theSenshi:SailorMarsAssists"],"picked":"SKIP","floor":3.0},{"not_picked":["theSenshi:UranusStrength","theSenshi:MoonHealingEscalation"],"picked":"theSenshi:LunasBite","floor":4.0},{"not_picked":["theSenshi:MoonsReflection","theSenshi:SchoolBag","theSenshi:LunasBite"],"picked":"Singing Bowl","floor":8.0},{"not_picked":["theSenshi:PlutosSolemnity","theSenshi:MoonTiaraMagic","theSenshi:ChibiMoonsLove"],"picked":"Singing Bowl","floor":12.0},{"not_picked":["theSenshi:SailorNeptuneAssists","theSenshi:MoonHealingEscalation","theSenshi:EncouragingSpeech"],"picked":"Singing Bowl","floor":13.0},{"not_picked":["theSenshi:LunaSensingAllies","theSenshi:ChibiMoonsLove"],"picked":"theSenshi:IWillPunishYou","floor":16.0},{"not_picked":["theSenshi:SailorChibiMoonAssists","theSenshi:SailorVenusAssists","theSenshi:LateForSchool"],"picked":"Singing Bowl","floor":18.0},{"not_picked":["theSenshi:MoonTwilightFlash","theSenshi:EncouragingSpeech"],"picked":"theSenshi:FatedKiss","floor":21.0},{"not_picked":["theSenshi:SailorMercuryAssists","theSenshi:SailorVenusAssists"],"picked":"theSenshi:MoonCrystalPowerMakeUp+1","floor":23.0},{"not_picked":["theSenshi:LunaWiseMentor","theSenshi:InTheNickOfTime","theSenshi:MoonPrincessHalation"],"picked":"Singing Bowl","floor":24.0},{"not_picked":["theSenshi:SchoolBag","theSenshi:SailorVenusAssists","theSenshi:GlimpseOfThePast"],"picked":"Singing Bowl","floor":29},{"not_picked":["theSenshi:LunasBite","theSenshi:MoonHealingEscalation+1","theSenshi:TallSilhouette"],"picked":"Singing Bowl","floor":29},{"not_picked":["theSenshi:MoonPunch","theSenshi:MoonsReflection","theSenshi:OdangoHead"],"picked":"Singing Bowl","floor":29},{"not_picked":["theSenshi:SailorMercuryAssists","theSenshi:MoonTiaraMagic","theSenshi:SailorPlanetPower"],"picked":"Singing Bowl","floor":29},{"not_picked":["theSenshi:MoonPunch","theSenshi:InTheNameOfTheMoon","theSenshi:SailorNeptuneAssists"],"picked":"Singing Bowl","floor":29},{"not_picked":["theSenshi:OdangoHead","theSenshi:MoonsReflection","theSenshi:TuxedoSmokingBomber"],"picked":"Singing Bowl","floor":30},{"not_picked":["theSenshi:MoonGorgeousMeditation","theSenshi:InTheNameOfTheMoon","theSenshi:SailorCosmosAssists"],"picked":"Singing Bowl","floor":33},{"not_picked":["theSenshi:SupersonicWaves+1"],"picked":"Singing Bowl","floor":35},{"not_picked":["theSenshi:Sidestep"],"picked":"Singing Bowl","floor":36},{"not_picked":["theSenshi:EncouragingSpeech+1"],"picked":"Singing Bowl","floor":37},{"not_picked":["theSenshi:MoonPrincessHalation+1"],"picked":"Singing Bowl","floor":39},{"not_picked":["theSenshi:Sidestep"],"picked":"Singing Bowl","floor":44},{"not_picked":["theSenshi:SailorNeptuneAssists"],"picked":"Singing Bowl","floor":47},{"not_picked":["theSenshi:SailorPlutoAssists"],"picked":"Singing Bowl","floor":48}],"player_experience":736566,"relics_obtained":[{"floor":8.0,"key":"Singing Bowl"},{"floor":9.0,"key":"Lantern"},{"floor":12.0,"key":"StoneCalendar"},{"floor":23.0,"key":"Strawberry"},{"floor":30,"key":"hubris:SlimyHat"},{"floor":43,"key":"InkBottle"},{"floor":44,"key":"Smiling Mask"},{"floor":48,"key":"Pear"}],"event_choices":[{"damage_healed":0.0,"max_hp_gain":5.0,"max_hp_loss":0.0,"gold_gain":0.0,"event_name":"Big Fish","player_choice":"Donut","floor":7.0,"gold_loss":0.0,"damage_taken":0.0},{"cards_removed":["theSenshi:SailorKick"],"damage_healed":0.0,"max_hp_gain":0.0,"max_hp_loss":0.0,"gold_gain":0.0,"event_name":"Living Wall","player_choice":"Forget","floor":14.0,"gold_loss":0.0,"damage_taken":0.0},{"damage_healed":0.0,"max_hp_gain":0.0,"max_hp_loss":0.0,"gold_gain":0.0,"event_name":"Wheel of Change","player_choice":"Full Heal","floor":20.0,"gold_loss":0.0,"damage_taken":0.0},{"cards_removed":["theSenshi:SilverMoonCrystalPowerKiss"],"damage_healed":0.0,"max_hp_gain":0.0,"max_hp_loss":0.0,"gold_gain":0.0,"event_name":"betterNote:BetterNote","player_choice":"Give","floor":28.0,"gold_loss":0.0,"damage_taken":0.0,"cards_obtained":["None"]},{"damage_healed":0,"gold_gain":0,"player_choice":"Ignored","damage_taken":0,"max_hp_gain":0,"max_hp_loss":0,"event_name":"Tomb of Lord Red Mask","floor":38,"gold_loss":0}],"is_beta":false,"boss_relics":[{"not_picked":["Empty Cage","hubris:Stopwatch"],"picked":"Cursed Key"},{"not_picked":["Fusion Hammer","Sozu"],"picked":"Busted Crown"}],"items_purged_floors":[2,5,5,19,19,29,29,40,46],"is_endless":false,"potions_floor_spawned":[4,8,12,13,21,23,24,30,36,37,39],"ascension_level":0}}