{"host":"cgwysqtmt736mr58","time":1612859824,"event":{"mods":["2.2 Compatiblity","Aspiration","BaseMod","Beaked The Cultist","BetterRewards","Colored Map","Colored Powertips","Downfall","Duelist Mod","GifTheSpireLib","Googly Eyes","Halation","Hermit","Hubris","Infinite Spire","Lobotomy","LobotomyExtend","Minty Spire (QoL Compilation)","Relic Stats","Replay The Spire","Shade Mod","Shop Mod","StSLib","The Construct","The Cursed","The Disciple","The Exalted","The Necromancer","The Runesmith","Waifu the Spire","Yuri Mod"],"gold_per_floor":[99,120,120,497,497,506,561,33,82,76,76,105,105,116,135,252,252,152,164,190,190,217,217,217,217,254,254,291,309,309,332,357,472,472,472,498,517,104,131,131,166,190,190,190,204,229,229,245,266,266,266,266],"floor_reached":50,"language":"ENG","playtime":4580,"items_purged":[],"score":902,"play_id":"0d8a5137-b5be-4c5c-bc57-84678cd0be1c","local_time":"20210209193704","is_ascension_mode":true,"campfire_choices":[{"floor":1,"key":"RECALL"},{"data":"bronze:InfiniteBeams","floor":11,"key":"SMITH"},{"floor":13,"key":"REST"},{"data":"theDuelist:VampireCurse","floor":18,"key":"PURGE"},{"floor":30,"key":"REST"},{"data":"infinitespire:Execution","floor":40,"key":"SMITH"},{"floor":44,"key":"REST"},{"floor":47,"key":"REST"}],"circlet_count":0,"master_deck":["bronze:Strike","bronze:Strike+1","bronze:Strike","bronze:Strike","bronze:Defend","bronze:Defend","bronze:Defend","bronze:Defend","bronze:Replicate","bronze:Goto","bronze:DelayedGuard","theDuelist:DuelistAscender","theDuelist:DuelistAscender","m_Bronzebash+1","bronze:InfiniteBeams+1","bronze:Flail","downfall:Icky","bronze:Separator","bronze:DelayedSlice","bronze:DelayedSlice","bronze:FineTuning","bronze:RecursiveStrike","bronze:ChosenStrike","bronze:Terminator+1","bronze:Repair+1","theDuelist:DuelistAscender","bronze:ShipIt","infinitespire:Execution+1","infinitespire:Menacing","bronze:DelayedSlice+1","bronze:Deprecate","Pain","bronze:HardenedForm","bronze:Philosophize+1","bronze:BugBarrage+1","bronze:Iterate+1","Parasite","bronze:WhirlingStrike","bronze:MaxOutput+1"],"relics":["bronze:PlatinumCore","CeramicFish","LetterFromLob","halation:PinkSoulGem","Ring of Greed","Old Coin","Tiny Chest","hubris:Towel","Replay:Wax Seal","aspiration:HummingbirdHeart","halation:Jellyphish","hubris:TenFootPole","downfall:HeartBlessingRed","TungstenRod","halation:Toothbrush","bronze:BronzeIdol","InkBottle","hubris:Icosahedron","aspiration:StickyExplosives_weak","bronze:DonusWashers","Replay:Baseball","halation:StarCompass","Whetstone","Durian"],"acts_visited":["Exordium","TheCity","TheBeyond"],"potions_floor_usage":[16,31,33,33,38,49,50,50],"damage_taken":[{"damage":13,"enemies":"Small Slimes","floor":2,"turns":5},{"damage":0,"enemies":"downfall:FleeingMerchant","floor":8,"turns":4},{"damage":0,"enemies":"3 Sentries","floor":9,"turns":5},{"damage":0,"enemies":"downfall:FleeingMerchant","floor":10,"turns":4},{"damage":6,"enemies":"Jaw Worm","floor":12,"turns":2},{"damage":0,"enemies":"Cultist","floor":14,"turns":2},{"damage":3,"enemies":"2 Fungi Beasts","floor":15,"turns":2},{"damage":0,"enemies":"IC_STATUS_ARCHETYPE","floor":16,"turns":3},{"damage":1,"enemies":"Chosen","floor":19,"turns":3},{"damage":0,"enemies":"Spheric Guardian","floor":20,"turns":1},{"damage":0,"enemies":"Cultist and Chosen","floor":22,"turns":4},{"damage":22,"enemies":"Snake Plant","floor":26,"turns":5},{"damage":28,"enemies":"theDuelist:KaibaA2","floor":28,"turns":6},{"damage":25,"enemies":"3 Cultists","floor":31,"turns":5},{"damage":15,"enemies":"Centurion and Healer","floor":32,"turns":5},{"damage":3,"enemies":"SI_MIRROR_ARCHETYPE","floor":33,"turns":8},{"damage":0,"enemies":"Orb Walker","floor":37,"turns":3},{"damage":5,"enemies":"downfall:FleeingMerchant","floor":38,"turns":5},{"damage":0,"enemies":"3 Darklings","floor":39,"turns":3},{"damage":38,"enemies":"4 Shapes","floor":42,"turns":6},{"damage":23,"enemies":"Spire Growth","floor":45,"turns":4},{"damage":10,"enemies":"Writhing Mass","floor":48,"turns":4},{"damage":51,"enemies":"Sphere and 2 Shapes","floor":49,"turns":6},{"damage":24,"enemies":"DF_ARCHETYPE_ORBS","floor":50,"turns":2}],"seed_played":"-7984327359930192775","potions_obtained":[{"floor":9,"key":"bronze:FreeFunctionsPotion"},{"floor":15,"key":"Energy Potion"},{"floor":16,"key":"Venom Potion"},{"floor":26,"key":"CultistPotion"},{"floor":33,"key":"ColorlessPotion"},{"floor":37,"key":"bronze:CleanCodePotion"},{"floor":39,"key":"Strength Potion"}],"is_trial":false,"path_per_floor":["R","M","?","?","?","?","T","$","E","$","R","M","R","M","M","B",null,"R_BF","M","M","T","M","?","T","?","M","?","E","AVR","R","M","M","B",null,"R_BF","T","M","?","M","R","T","M","?","R","M","T","R","M","M","B"],"character_chosen":"THE_AUTOMATON","items_purchased":["aspiration:HummingbirdHeart","halation:Jellyphish","bronze:Flail","PowerPotion","aspiration:StickyExplosives_weak","bronze:DonusWashers"],"campfire_rested":4,"item_purchase_floors":[8,8,8,8,38,38],"current_hp_per_floor":[63,50,50,50,50,50,50,50,50,50,50,44,65,65,64,64,69,69,68,68,68,68,68,68,68,46,46,28,28,49,34,29,36,62,62,62,70,70,70,70,70,41,41,62,47,47,68,58,18,0,0,0],"gold":266,"neow_bonus":"RANDOM_COMMON_RELIC","is_daily":false,"chose_seed":false,"campfire_upgraded":2,"win_rate":0.0,"timestamp":1612859824,"path_taken":["R","M","?","?","?","?","T","$","E","$","R","M","R","?","M","BOSS","R_BF","M","M","?","M","?","T","?","M","?","E","AVR","R","M","M","BOSS","R_BF","?","M","?","M","R","T","M","?","R","M","?","R","M","M","BOSS"],"items_purchased_type":["Relic","Relic","Card","Potion","Relic","Relic"],"build_version":"2020-12-22","purchased_purges":0,"victory":false,"max_hp_per_floor":[70,70,70,70,70,70,70,70,70,70,70,70,70,70,70,70,70,70,70,70,70,70,70,70,70,70,70,70,70,70,70,70,70,70,70,70,70,70,70,70,70,70,70,70,70,70,70,70,70,75,75,75],"relic_stats":{"counters":[24,97],"CeramicFish":279,"Tiny Chest":2,"Whetstone":["bronze:Strike","m_Bronzebash"],"obtain_stats":[{"bronze:PlatinumCore":34,"bronze:BronzeCore":0,"CeramicFish":0,"StoneCalendar":16,"Bag of Preparation":9,"Whetstone":46,"halation:StarCompass":43,"Boot":49,"Pet Ghost":28,"Old Coin":4,"aspiration:StickyExplosives_weak":38,"hubris:Icosahedron":35,"Tiny Chest":4,"Iron Hammer":10,"halation:Toothbrush":24,"Replay:Wax Seal":7,"halation:LettersToHer":38,"InkBottle":29,"halation:SmartPhone":45,"construct:ClawGrip":26,"bronze:DonusWashers":38,"downfall:HeartBlessingRed":18,"Quantum Egg":37,"Thread and Needle":39,"aspiration:HummingbirdHeart":8,"Ring of Greed":4,"hubris:Towel":5,"Bromod:ArcaneConsequence":33,"Bromod:ArcaneMomentum":14,"bronze:BronzeIdol":28,"Runic Dome":32,"Pondfish Scales":22,"Replay:Baseball":41,"halation:SwordOfLegend":48,"halation:Jellyphish":8,"Bird Faced Urn":15,"hubris:BundleOfHerbs":19,"Turnip":31,"LetterFromLob":2,"hubris:TenFootPole":9,"hubris:ToyBattleship":42,"Durian":50,"hubris:CrackedHourglass":12,"halation:PinkSoulGem":3,"TungstenRod":21,"infinitespire:Cupcake":20},{"bronze:PlatinumCore":16,"bronze:BronzeCore":0,"CeramicFish":0,"StoneCalendar":7,"Bag of Preparation":2,"Whetstone":21,"halation:StarCompass":20,"Boot":22,"Pet Ghost":12,"Old Coin":1,"aspiration:StickyExplosives_weak":18,"hubris:Icosahedron":16,"Tiny Chest":1,"Iron Hammer":3,"halation:Toothbrush":11,"Replay:Wax Seal":1,"halation:LettersToHer":17,"InkBottle":13,"halation:SmartPhone":20,"construct:ClawGrip":11,"bronze:DonusWashers":18,"downfall:HeartBlessingRed":8,"Quantum Egg":16,"Thread and Needle":18,"aspiration:HummingbirdHeart":2,"Ring of Greed":1,"hubris:Towel":1,"Bromod:ArcaneConsequence":15,"Bromod:ArcaneMomentum":5,"bronze:BronzeIdol":13,"Runic Dome":14,"Pondfish Scales":10,"Replay:Baseball":19,"halation:SwordOfLegend":21,"halation:Jellyphish":2,"Bird Faced Urn":6,"hubris:BundleOfHerbs":8,"Turnip":13,"LetterFromLob":1,"hubris:TenFootPole":3,"hubris:ToyBattleship":19,"Durian":23,"hubris:CrackedHourglass":4,"halation:PinkSoulGem":1,"TungstenRod":10,"infinitespire:Cupcake":9},{"bronze:PlatinumCore":64,"bronze:BronzeCore":0,"CeramicFish":0,"StoneCalendar":24,"Bag of Preparation":9,"Whetstone":85,"halation:StarCompass":81,"Boot":89,"Pet Ghost":40,"Old Coin":5,"aspiration:StickyExplosives_weak":72,"hubris:Icosahedron":64,"Tiny Chest":5,"Iron Hammer":14,"halation:Toothbrush":35,"Replay:Wax Seal":5,"halation:LettersToHer":67,"InkBottle":46,"halation:SmartPhone":81,"construct:ClawGrip":35,"bronze:DonusWashers":72,"downfall:HeartBlessingRed":27,"Quantum Egg":64,"Thread and Needle":72,"aspiration:HummingbirdHeart":9,"Ring of Greed":5,"hubris:Towel":5,"Bromod:ArcaneConsequence":56,"Bromod:ArcaneMomentum":20,"bronze:BronzeIdol":46,"Runic Dome":51,"Pondfish Scales":31,"Replay:Baseball":75,"halation:SwordOfLegend":85,"halation:Jellyphish":9,"Bird Faced Urn":22,"hubris:BundleOfHerbs":27,"Turnip":46,"LetterFromLob":5,"hubris:TenFootPole":14,"hubris:ToyBattleship":75,"Durian":95,"hubris:CrackedHourglass":18,"halation:PinkSoulGem":5,"TungstenRod":31,"infinitespire:Cupcake":30}],"TungstenRod":60,"InkBottle":[20]},"card_choices":[{"not_picked":["bronze:Overload","bronze:WildBeam"],"picked":"bronze:DelayedGuard","floor":2},{"not_picked":["bronze:Fortify","bronze:Separator"],"picked":"bronze:InfiniteBeams","floor":8},{"not_picked":["bronze:Allocate","bronze:ChildClass"],"picked":"bronze:Separator","floor":9},{"not_picked":["bronze:Safeguard","bronze:Deprecate"],"picked":"bronze:DelayedSlice","floor":10},{"not_picked":["bronze:Turbo","bronze:Fortify"],"picked":"bronze:DelayedSlice","floor":12},{"not_picked":["bronze:Allocate","bronze:Separator","bronze:Shield"],"picked":"SKIP","floor":14},{"not_picked":["bronze:DelayedSlice","bronze:Boost"],"picked":"bronze:FineTuning","floor":15},{"not_picked":["bronze:Break","bronze:CleanCode"],"picked":"bronze:RecursiveStrike","floor":16},{"not_picked":["bronze:DarkDash+1","bronze:Optimize","bronze:Separator"],"picked":"SKIP","floor":19},{"not_picked":["bronze:FineTuning+1","bronze:Turbo"],"picked":"bronze:ChosenStrike","floor":20},{"not_picked":["bronze:FineTuning","bronze:Overload+1"],"picked":"bronze:Terminator+1","floor":22},{"not_picked":["bronze:DigitalCarnage+1","bronze:Iterate"],"picked":"bronze:Repair+1","floor":26},{"not_picked":["bronze:Frontload","bronze:Iterate"],"picked":"bronze:ShipIt","floor":28},{"not_picked":["bronze:FollowUp+1","bronze:Separator+1"],"picked":"bronze:DelayedSlice+1","floor":31},{"not_picked":["bronze:Terminator","bronze:Shell"],"picked":"bronze:Deprecate","floor":32},{"not_picked":["bronze:ThunderWave","bronze:Verify"],"picked":"bronze:HardenedForm","floor":33},{"not_picked":["bronze:Turbo+1","bronze:Overheat+1"],"picked":"bronze:Philosophize+1","floor":37},{"not_picked":["bronze:WildBeam","bronze:Hardcode"],"picked":"bronze:BugBarrage+1","floor":38},{"not_picked":["bronze:DelayedGuard","bronze:Overheat"],"picked":"bronze:Iterate+1","floor":39},{"not_picked":["bronze:CutThrough","bronze:Allocate+1"],"picked":"bronze:WhirlingStrike","floor":42},{"not_picked":["bronze:BuggyMess+1","bronze:Turbo","bronze:CutThrough+1"],"picked":"SKIP","floor":45},{"not_picked":["bronze:Branch+1","bronze:DelayedGuard","bronze:BronzeArmor"],"picked":"SKIP","floor":48},{"not_picked":["bronze:WhirlingStrike","bronze:ChildClass+1"],"picked":"bronze:MaxOutput+1","floor":49}],"player_experience":1089412,"relics_obtained":[{"floor":2,"key":"LetterFromLob"},{"floor":4,"key":"Ring of Greed"},{"floor":4,"key":"Old Coin"},{"floor":4,"key":"Tiny Chest"},{"floor":7,"key":"Replay:Wax Seal"},{"floor":9,"key":"hubris:TenFootPole"},{"floor":21,"key":"TungstenRod"},{"floor":24,"key":"halation:Toothbrush"},{"floor":28,"key":"bronze:BronzeIdol"},{"floor":41,"key":"Replay:Baseball"},{"floor":46,"key":"Whetstone"}],"event_choices":[{"damage_healed":0,"gold_gain":0,"player_choice":"Ignored","damage_taken":0,"max_hp_gain":0,"max_hp_loss":0,"event_name":"Vampires","floor":27,"gold_loss":0}],"is_beta":false,"boss_relics":[{"not_picked":["hubris:VirtuousBlindfold","Replay:Wanted Poster","Honey Jar"]},{"not_picked":["halation:PlatinumPhoenix","halation:PinkAlligatorPlush"],"picked":"bronze:PlatinumCore"}],"items_purged_floors":[],"is_endless":false,"potions_floor_spawned":[9,15,16,19,22,26,28,33,37,39],"killed_by":"DF_ARCHETYPE_ORBS","ascension_level":8}}