{"host":"dh4nu8nelr2izibb","time":1612903381,"event":{"mods":["BaseMod","Better Skull","Better Third Choice","Card Forge","Curses Come First","Displayed Cursed Tome","HololiveMod","Marisa????????","Minty Spire (QoL Compilation)","Poor People Problems","Quick Restart","Relic Filter","Reliquary","StSLib","WarShipGirlsR/????R mod","Yakumo Yukari mod"],"gold_per_floor":[138,155,174,184,109,109,144,144,191,191,222,234,234,261,261,337,337,356,379,390,390,400,400,434,434,434,448,255,255,255,230,230,304,304,321,348,368,388,115,141,141,168,168,193,28,28,47,47,47,47],"floor_reached":51,"language":"ENG","playtime":2076,"items_purged":["AT_purpleEX","AT_purpleEX"],"score":1846,"play_id":"ee9dab5b-1f75-4c03-a738-50e9f49a2661","local_time":"20210209154301","is_ascension_mode":true,"campfire_choices":[{"data":"EighthInstrument_OneDividesIntoTwo_purple","floor":6.0,"key":"SMITH"},{"floor":10.0,"key":"REST"},{"floor":13.0,"key":"REST"},{"data":"RuptureOfTimeAndSpace_purple","floor":15.0,"key":"SMITH"},{"data":"Umbrella_purple","floor":23.0,"key":"SMITH"},{"data":"Nest_LightFlightworm_purple","floor":25.0,"key":"SMITH"},{"floor":29.0,"key":"REST"},{"floor":32.0,"key":"REST"},{"data":"WangLiang_OokamiKakushi_purple","floor":41.0,"key":"SMITH"},{"floor":49,"key":"REST"}],"circlet_count":0,"master_deck":["AscendersBane","Defend_purpleEX","Defend_purpleEX","Defend_purpleEX","Defend_purpleEX","Observe_purple_1+1","Observe_purple_2+1","EighthInstrument_OneDividesIntoTwo_purple+1","OmniscientAndOmnipotent_Monster_purple","Umbrella_purple+1","LoveAcrossDimensions_purple+1","MeetDecomposer_purple+1","RuptureOfTimeAndSpace_purple+1","WangLiang_LineAndCurveDreams_purple","RuptureOfTimeAndSpace_purple+1","Mirror_FourBoundary_purple+1","Umbrella_purple+1","Nest_LightFlightworm_purple+1","Worldmountain_purple","Anti_communist_purple","Mirror_FourBoundary_purple","Human_Monster_Realm_purple","DimensionStaggered_purple","WangLiang_OokamiKakushi_purple+1","Nest_LightFlightworm_purple","CommonSense_AntiCommonSense_purple","Umbrella_purple","MonsterNeedle_purple+1","Bait_HighSpeedFlying_purple","CommonSense_AntiCommonSense_purple","WorldDissolvedintheRealm_purple"],"relics":["Boundary_crack","Memoryfragments_purpleEX","Hammer of Thor","Seething Fire","Anvil of the Gods","reliquary:Aerogel","reliquary:RoseTintedGlasses","Bag of Preparation","Anchor","reliquary:Buckler","Philosopher\u0027s Stone","Nunchaku","Tiny Chest","Mercury Hourglass","SlaversCollar","reliquary:WeakTea","Pen Nib","reliquary:RosewoodLute","Thread and Needle","Ice Cream","ThegodofHakurei_purpleEX"],"acts_visited":["Exordium","TheCity","TheBeyond"],"potions_floor_usage":[50],"damage_taken":[{"damage":1.0,"enemies":"2 Louse","floor":1.0,"turns":4.0},{"damage":4.0,"enemies":"Cultist","floor":2.0,"turns":4.0},{"damage":7.0,"enemies":"Jaw Worm","floor":3.0,"turns":4.0},{"damage":3.0,"enemies":"Blue Slaver","floor":4.0,"turns":3.0},{"damage":29.0,"enemies":"3 Sentries","floor":7.0,"turns":6.0},{"damage":22.0,"enemies":"Gremlin Nob","floor":11.0,"turns":3.0},{"damage":0.0,"enemies":"Red Slaver","floor":12.0,"turns":3.0},{"damage":20.0,"enemies":"3 Sentries","floor":14.0,"turns":4.0},{"damage":0.0,"enemies":"The Guardian","floor":16.0,"turns":5.0},{"damage":11.0,"enemies":"2 Thieves","floor":18.0,"turns":4.0},{"damage":2.0,"enemies":"3 Byrds","floor":20.0,"turns":5.0},{"damage":2.0,"enemies":"Snecko","floor":22.0,"turns":4.0},{"damage":25.0,"enemies":"Gremlin Leader","floor":24.0,"turns":4.0},{"damage":19.0,"enemies":"Shelled Parasite and Fungi","floor":27.0,"turns":5.0},{"damage":0.0,"enemies":"Champ","floor":33.0,"turns":5.0},{"damage":0.0,"enemies":"Orb Walker","floor":35.0,"turns":2.0},{"damage":19.0,"enemies":"3 Darklings","floor":37.0,"turns":4.0},{"damage":20.0,"enemies":"4 Shapes","floor":38.0,"turns":5.0},{"damage":0.0,"enemies":"Nemesis","floor":40.0,"turns":3.0},{"damage":7,"enemies":"Reptomancer","floor":42,"turns":3},{"damage":0,"enemies":"Nemesis","floor":44,"turns":3},{"damage":0,"enemies":"Writhing Mass","floor":47,"turns":4},{"damage":0,"enemies":"Donu and Deca","floor":50,"turns":5}],"seed_played":"-8498546803203196846","potions_obtained":[{"floor":1.0,"key":"RealmPotion"},{"floor":4.0,"key":"Dexterity Potion"},{"floor":7.0,"key":"PowerPotion"},{"floor":20.0,"key":"PowerPotion"},{"floor":22.0,"key":"FairyPotion"},{"floor":37.0,"key":"SpeedPotion"}],"is_trial":false,"path_per_floor":["M","M","M","M","?","R","E","?","T","R","E","M","R","E","R","B",null,"M","T","M","?","M","R","E","R","T","M","$","R","?","$","R","B",null,"M","T","M","M","$","E","R","E","T","E","$","$","M","T","R","B",null],"character_chosen":"Youkari","items_purchased":["Anti_communist_purple","Mirror_FourBoundary_purple","DimensionStaggered_purple","CommonSense_AntiCommonSense_purple","Block Potion","Umbrella_purple","CommonSense_AntiCommonSense_purple","WorldDissolvedintheRealm_purple"],"campfire_rested":5,"item_purchase_floors":[28,28,31,39,39,39,45,45],"current_hp_per_floor":[60,57,52,50,50,50,25,25,25,44,25,25,44,26,26,31,57,46,46,45,45,43,43,22,22,22,3,3,22,22,22,41,43,60,64,64,50,33,33,35,35,33,33,36,36,36,36,36,55,57],"gold":47,"neow_bonus":"RANDOM_COMMON_RELIC","is_daily":false,"chose_seed":false,"campfire_upgraded":5,"win_rate":0.0,"timestamp":1612903381,"path_taken":["M","M","M","M","?","R","E","?","T","R","E","M","R","E","R","BOSS","M","?","?","?","M","R","E","R","T","M","$","R","?","$","R","BOSS","M","?","M","M","$","E","R","E","T","E","?","$","M","?","R","BOSS"],"items_purchased_type":["Card","Card","Card","Card","Potion","Card","Card","Card"],"build_version":"2020-12-22","purchased_purges":2,"victory":true,"max_hp_per_floor":[65,65,65,65,65,65,65,65,65,65,65,65,65,65,65,65,65,65,65,65,65,65,65,65,65,65,65,65,65,65,65,65,65,65,65,65,65,65,65,65,65,65,65,65,65,65,65,65,65,65],"card_choices":[{"not_picked":["CommonSense_AntiCommonSense_purple","SharpContractionReality_purple"],"picked":"EighthInstrument_OneDividesIntoTwo_purple","floor":1.0},{"not_picked":["AdvanceAttack_purple","Erosivefilter_purple"],"picked":"OmniscientAndOmnipotent_Monster_purple","floor":2.0},{"not_picked":["PurpleNeedle_purple","Erosivefilter_purple"],"picked":"Umbrella_purple","floor":3.0},{"not_picked":["StateDuplicate_purple","Realm_recovery_purpleEX","ExternalForce_HighSpeedFlying_purple"],"picked":"SKIP","floor":4.0},{"not_picked":["StateDuplicate_purple","OpenedBox_purple"],"picked":"LoveAcrossDimensions_purple","floor":7.0},{"not_picked":["SharpContractionReality_purple","MNeedle_purple"],"picked":"MeetDecomposer_purple","floor":11.0},{"not_picked":["Umbrella_purple","Boundary_LightAndDark_purple","Realm_recovery_purpleEX"],"picked":"SKIP","floor":12.0},{"not_picked":["AdvanceAttack_purple","LoveAcrossDimensions_purple"],"picked":"RuptureOfTimeAndSpace_purple","floor":14.0},{"not_picked":["ContainerChange_purple","D_absorption_purple"],"picked":"WangLiang_LineAndCurveDreams_purple","floor":16.0},{"not_picked":["Realm_recovery_purpleEX","RuleDissolution_purple"],"picked":"RuptureOfTimeAndSpace_purple+1","floor":18.0},{"not_picked":["WatchEChange_purple","Worldmountain_purple"],"picked":"Mirror_FourBoundary_purple","floor":20.0},{"not_picked":["MeetDecomposer_purple+1","Boundary_ObjectiveBoundary_purple"],"picked":"Umbrella_purple","floor":22.0},{"not_picked":["WeekHit_purple","D_absorption_purple"],"picked":"Nest_LightFlightworm_purple","floor":24.0},{"not_picked":["Realm_recovery_purpleEX","Erosivefilter_purple"],"picked":"Worldmountain_purple","floor":27.0},{"not_picked":["WasteWire_Metro_purple","BarrageBoundary_PipeDream_purple"],"picked":"WangLiang_OokamiKakushi_purple","floor":33.0},{"not_picked":["Realm_recovery_purpleEX+1","PurpleNeedle_purple"],"picked":"Nest_LightFlightworm_purple","floor":35.0},{"not_picked":["RuleDissolution_purple","Mirror_FormAndEmptin_purple","Worldmountain_purple"],"picked":"SKIP","floor":37.0},{"not_picked":["D_absorption_purple","Mirror_FourBoundary_purple","AdvanceAttack_purple"],"picked":"SKIP","floor":38.0},{"not_picked":["PurpleNeedle_purple+1","StretchesForeverDream_purple","Bait_Toxicbait_purple+1"],"picked":"SKIP","floor":40.0},{"not_picked":["RuptureOfTimeAndSpace_purple+1","StateDuplicate_purple"],"picked":"MonsterNeedle_purple+1","floor":42},{"not_picked":["MeetDecomposer_purple","Charmbait_purple"],"picked":"Bait_HighSpeedFlying_purple","floor":44},{"not_picked":["Fantasy_PerpetualMotionMachine_purple","Bait_Toxicbait_purple","Realm_recovery_purpleEX"],"picked":"SKIP","floor":47}],"player_experience":1092918,"relics_obtained":[{"floor":7.0,"key":"reliquary:RoseTintedGlasses"},{"floor":9.0,"key":"Bag of Preparation"},{"floor":11.0,"key":"Anchor"},{"floor":14.0,"key":"reliquary:Buckler"},{"floor":19.0,"key":"Nunchaku"},{"floor":24.0,"key":"Tiny Chest"},{"floor":26.0,"key":"Mercury Hourglass"},{"floor":36.0,"key":"reliquary:WeakTea"},{"floor":40.0,"key":"Pen Nib"},{"floor":42,"key":"reliquary:RosewoodLute"},{"floor":43,"key":"Thread and Needle"},{"floor":44,"key":"Ice Cream"},{"floor":48,"key":"ThegodofHakurei_purpleEX"}],"event_choices":[{"cards_removed":["AT_purpleEX"],"damage_healed":0.0,"max_hp_gain":0.0,"max_hp_loss":0.0,"gold_gain":0.0,"event_name":"The Cleric","player_choice":"Card Removal","floor":5.0,"gold_loss":75.0,"damage_taken":0.0},{"damage_healed":0.0,"max_hp_gain":0.0,"max_hp_loss":0.0,"gold_gain":0.0,"event_name":"Accursed Blacksmith","player_choice":"Forge","floor":8.0,"gold_loss":0.0,"damage_taken":0.0,"cards_upgraded":["LoveAcrossDimensions_purple"]},{"damage_healed":0.0,"max_hp_gain":0.0,"max_hp_loss":0.0,"gold_gain":0.0,"event_name":"Beggar","player_choice":"Ignored","floor":21.0,"gold_loss":0.0,"damage_taken":0.0},{"damage_healed":0.0,"max_hp_gain":0.0,"max_hp_loss":0.0,"gold_gain":0.0,"cards_transformed":["AT_purpleEX"],"event_name":"Transmorgrifier","player_choice":"Transformed","floor":30.0,"gold_loss":0.0,"damage_taken":0.0,"cards_obtained":["Human_Monster_Realm_purple"]}],"is_beta":false,"boss_relics":[{"not_picked":["reliquary:WritOfMandamus","Empty Cage"],"picked":"Philosopher\u0027s Stone"},{"not_picked":["Astrolabe","SacredBark"],"picked":"SlaversCollar"}],"items_purged_floors":[28,39],"is_endless":false,"potions_floor_spawned":[1,4,7,14,20,22,24,37,40,42],"ascension_level":17}}