{"host":"vit9b6u76k1y61sh","time":1612903600,"event":{"mods":["BaseMod","Block Reminder","Colored Powertips","Highlight Path","Minty Spire (QoL Compilation)","Quick Restart","Rare Cards Sparkle","Relic Sorter","Relic Stats","StSLib"],"gold_per_floor":[109,109,284,284,116,116,143,155,207,207,223,223,274,286,286,391,391,410,335,335,347,347,347],"floor_reached":22,"language":"ENG","playtime":668,"items_purged":["Doubt"],"score":255,"play_id":"61450d12-5af9-47a5-b8f6-e2eaeaf4e021","local_time":"20210209154640","is_ascension_mode":true,"campfire_choices":[{"data":"Infinite Blades","floor":6,"key":"SMITH"},{"data":"Dagger Spray","floor":15,"key":"SMITH"}],"circlet_count":0,"master_deck":["Strike_G","Strike_G","Strike_G","Strike_G","Defend_G","Defend_G","Defend_G","Defend_G","Survivor","Neutralize","Metamorphosis+1","Dodge and Roll","Infinite Blades+1","Quick Slash","Dagger Spray+1","Sucker Punch","Quick Slash","A Thousand Cuts","Slice","Cloak And Dagger"],"relics":["Ring of the Snake","Orichalcum","Ancient Tea Set","Oddly Smooth Stone","WristBlade","Enchiridion"],"acts_visited":["Exordium","TheCity"],"potions_floor_usage":[7,16,16],"damage_taken":[{"damage":0,"enemies":"Jaw Worm","floor":1,"turns":3},{"damage":18,"enemies":"3 Sentries","floor":7,"turns":7},{"damage":0,"enemies":"2 Louse","floor":8,"turns":3},{"damage":0,"enemies":"Small Slimes","floor":11,"turns":3},{"damage":12,"enemies":"Exordium Thugs","floor":14,"turns":4},{"damage":0,"enemies":"Slime Boss","floor":16,"turns":5},{"damage":7,"enemies":"Shell Parasite","floor":18,"turns":4},{"damage":29,"enemies":"2 Thieves","floor":21,"turns":3},{"damage":13,"enemies":"Sentry and Sphere","floor":22,"turns":3}],"seed_played":"4641596068821649820","potions_obtained":[{"floor":1,"key":"ColorlessPotion"},{"floor":11,"key":"AttackPotion"},{"floor":14,"key":"SpeedPotion"},{"floor":21,"key":"SteroidPotion"}],"is_trial":false,"path_per_floor":["M","?","?","?","$","R","E","M","T","?","M","?","T","M","R","B",null,"M","?","?","M","M"],"character_chosen":"THE_SILENT","items_purchased":["Infinite Blades","Quick Slash"],"campfire_rested":0,"item_purchase_floors":[5,5],"current_hp_per_floor":[70,63,63,63,63,63,45,45,45,45,45,27,27,15,15,15,70,63,63,47,18,5,5],"gold":347,"neow_bonus":"RANDOM_COLORLESS_2","is_daily":false,"chose_seed":false,"campfire_upgraded":2,"win_rate":0.0,"timestamp":1612903600,"path_taken":["M","?","?","?","$","R","E","M","T","?","?","?","?","M","R","BOSS","M","?","?","M","M"],"items_purchased_type":["Card","Card"],"build_version":"2020-12-22","purchased_purges":1,"victory":false,"max_hp_per_floor":[70,70,70,70,70,70,70,70,70,70,70,70,70,70,70,70,70,70,70,70,70,70,70],"relic_stats":{"counters":[9,35],"Orichalcum":[42],"obtain_stats":[{"WristBlade":17,"Oddly Smooth Stone":13,"Enchiridion":20,"Orichalcum":7,"Ancient Tea Set":12,"Ring of the Snake":0},{"WristBlade":6,"Oddly Smooth Stone":4,"Enchiridion":7,"Orichalcum":2,"Ancient Tea Set":4,"Ring of the Snake":0},{"WristBlade":25,"Oddly Smooth Stone":16,"Enchiridion":29,"Orichalcum":10,"Ancient Tea Set":16,"Ring of the Snake":0}],"Ring of the Snake":[18]},"card_choices":[{"not_picked":["Master of Strategy","Secret Technique"],"picked":"Metamorphosis","floor":0},{"not_picked":["Sucker Punch","Deadly Poison"],"picked":"Dodge and Roll","floor":1},{"not_picked":["Reflex","Dash"],"picked":"Dagger Spray","floor":7},{"not_picked":["Deadly Poison","Poisoned Stab"],"picked":"Sucker Punch","floor":8},{"not_picked":["Acrobatics","Flying Knee"],"picked":"Quick Slash","floor":11},{"not_picked":["Dagger Throw","Acrobatics","Heel Hook"],"picked":"SKIP","floor":14},{"not_picked":["Phantasmal Killer","Doppelganger"],"picked":"A Thousand Cuts","floor":16},{"not_picked":["Outmaneuver","Sucker Punch+1"],"picked":"Slice","floor":18},{"not_picked":["Outmaneuver","Heel Hook"],"picked":"Cloak And Dagger","floor":21}],"player_experience":169934,"relics_obtained":[{"floor":7,"key":"Orichalcum"},{"floor":13,"key":"Oddly Smooth Stone"},{"floor":20,"key":"Enchiridion"}],"event_choices":[{"cards_removed":["Strike_G"],"damage_healed":0,"gold_gain":0,"player_choice":"Card Removal","damage_taken":7,"max_hp_gain":0,"max_hp_loss":0,"event_name":"Golden Wing","floor":2,"gold_loss":0},{"damage_healed":0,"gold_gain":175,"player_choice":"AGREE","damage_taken":0,"max_hp_gain":0,"max_hp_loss":0,"event_name":"Liars Game","floor":3,"gold_loss":0,"cards_obtained":["Doubt"]},{"cards_removed":["Normality"],"damage_healed":0,"gold_gain":0,"player_choice":"Forget","damage_taken":0,"max_hp_gain":0,"max_hp_loss":0,"event_name":"Living Wall","floor":4,"gold_loss":0},{"damage_healed":0,"gold_gain":0,"player_choice":"Forge","damage_taken":0,"max_hp_gain":0,"max_hp_loss":0,"event_name":"Accursed Blacksmith","floor":10,"gold_loss":0,"cards_upgraded":["Metamorphosis"]},{"damage_healed":0,"gold_gain":0,"player_choice":"Success","damage_taken":18,"relics_obtained":["Ancient Tea Set"],"max_hp_gain":0,"max_hp_loss":0,"event_name":"Scrap Ooze","floor":12,"gold_loss":0},{"cards_removed":["Defend_G"],"damage_healed":0,"gold_gain":0,"player_choice":"Gave Gold","damage_taken":0,"max_hp_gain":0,"max_hp_loss":0,"event_name":"Beggar","floor":19,"gold_loss":75},{"damage_healed":0,"gold_gain":0,"player_choice":"Obtained Book","damage_taken":16,"max_hp_gain":0,"max_hp_loss":0,"event_name":"Cursed Tome","floor":20,"gold_loss":0}],"is_beta":false,"boss_relics":[{"not_picked":["Busted Crown","Coffee Dripper"],"picked":"WristBlade"}],"items_purged_floors":[5],"is_endless":false,"potions_floor_spawned":[1,11,14,21],"killed_by":"Sentry and Sphere","ascension_level":2}}