{"host":"v543qxxvvceaeui9","time":1612869357,"event":{"mods":["BaseMod","BetterRewards","Downfall","Hermit","Hubris","Infinite Spire","Marisa????????","Minty Spire (QoL Compilation)","Quick Restart","Replay The Spire","StSLib"],"gold_per_floor":[99,113,132,132,132,152,176,190,216,234,34,53,53,53,70,169,219,219,229,246,257,257,277,277,277,277,277],"floor_reached":25,"language":"ENG","playtime":1878,"items_purged":[],"score":257,"play_id":"0350f822-448e-451b-9ffd-3f435ed5d57f","local_time":"20210209061557","is_ascension_mode":false,"campfire_choices":[{"floor":1,"key":"RECALL"},{"floor":11,"key":"REST"},{"data":"Slimebound:Gluttony","floor":13,"key":"SMITH"},{"floor":18,"key":"DIG"}],"circlet_count":0,"master_deck":["Slimebound:Strike_Slimebound","Slimebound:Strike_Slimebound","Slimebound:Strike_Slimebound","Slimebound:Tackle","Slimebound:Defend_Slimebound","Slimebound:Defend_Slimebound","Slimebound:Defend_Slimebound","Slimebound:Defend_Slimebound","Slimebound:Split","Slimebound:CorrosiveSpit","Slimebound:AcidTongue","Slimebound:Gluttony+1","Slimebound:SplitMire","Slimebound:ViciousTackle","Slimebound:LeechingTouch+1","Slimebound:AcidTongue","Slimebound:LeechLife","Slimebound:GoopSpray","Slimebound:WasteNot","Slimebound:Repurpose","Slimebound:Gluttony","Slimebound:RainOfGoop","Slimebound:LevelUp"],"relics":["Slimebound:AbsorbEndCombat","hubris:Towel","Dream Catcher","downfall:HeartBlessingRed","downfall:HeartBlessingBlue","Tiny House","Counterbalance","infinitespire:Bottled Soul"],"acts_visited":["Exordium","TheCity"],"potions_floor_usage":[12,16,16,21,23,25],"damage_taken":[{"damage":0,"enemies":"2 Louse","floor":2,"turns":3},{"damage":5,"enemies":"Small Slimes","floor":3,"turns":5},{"damage":5,"enemies":"Cultist","floor":6,"turns":5},{"damage":11,"enemies":"Large Slime","floor":8,"turns":6},{"damage":22,"enemies":"Lagavulin","floor":9,"turns":8},{"damage":18,"enemies":"Gremlin Gang","floor":10,"turns":5},{"damage":6,"enemies":"Exordium Wildlife","floor":12,"turns":3},{"damage":32,"enemies":"Lots of Slimes","floor":15,"turns":5},{"damage":56,"enemies":"DF_ARCHETYPE_STREAMLINE","floor":16,"turns":11},{"damage":17,"enemies":"Shell Parasite","floor":19,"turns":7},{"damage":40,"enemies":"Chosen and Byrds","floor":20,"turns":7},{"damage":55,"enemies":"Sentry and Sphere","floor":21,"turns":6},{"damage":39,"enemies":"Shelled Parasite and Fungi","floor":23,"turns":5},{"damage":15,"enemies":"Centurion and Healer","floor":25,"turns":1}],"seed_played":"-7387934947525354010","potions_obtained":[{"floor":3,"key":"BlessingOfTheForge"},{"floor":6,"key":"Fruit Juice"},{"floor":9,"key":"Milkshake"},{"floor":12,"key":"Adrenaline Potion"},{"floor":16,"key":"sneckomod:MuddlingPotion"},{"floor":17,"key":"sneckomod:MuddlingPotion"},{"floor":19,"key":"hexamod:SoulburnPotion"},{"floor":20,"key":"Doom Potion"},{"floor":23,"key":"Death Potion"}],"is_trial":false,"path_per_floor":["R","M","M","?","?","M","T","M","E","M","R","M","R","?","M","B",null,"R","M","M","M","?","M","T","M"],"character_chosen":"SLIMEBOUND","items_purchased":[],"campfire_rested":1,"item_purchase_floors":[],"current_hp_per_floor":[71,71,70,75,75,73,73,68,50,38,73,78,78,78,58,25,96,96,83,65,16,48,15,15,0,0,0],"gold":277,"neow_bonus":"TEN_PERCENT_HP_BONUS","is_daily":false,"chose_seed":false,"campfire_upgraded":1,"win_rate":0.0,"timestamp":1612869357,"path_taken":["R","M","M","?","?","M","T","M","E","M","R","?","R","?","M","BOSS","R","M","M","?","?","M","T","M"],"items_purchased_type":[],"build_version":"2020-12-22","purchased_purges":0,"victory":false,"max_hp_per_floor":[71,71,71,76,76,76,76,76,76,76,86,91,91,91,91,91,96,96,96,96,96,96,96,96,96,96,96],"card_choices":[{"not_picked":["Slimebound:SlimeBrawl","Slimebound:FinishingTackle"],"picked":"Slimebound:AcidTongue","floor":2},{"not_picked":["Slimebound:HauntingLick","Slimebound:DisruptingSlam","Slimebound:LeechingTouch"],"picked":"SKIP","floor":3},{"not_picked":["Slimebound:FinishingTackle","Slimebound:ForwardTackle"],"picked":"Slimebound:Gluttony","floor":6},{"not_picked":["Slimebound:LivingWall","Slimebound:HauntingLick"],"picked":"Slimebound:SplitMire","floor":8},{"not_picked":["Slimebound:GoopTackle","Slimebound:Repurpose"],"picked":"Slimebound:ViciousTackle","floor":9},{"not_picked":["Slimebound:GoopTackle","Slimebound:SplitBruiser"],"picked":"Slimebound:LeechingTouch","floor":10},{"not_picked":["Slimebound:SplitLeeching","Slimebound:OneTwoCombo"],"picked":"Slimebound:AcidTongue","floor":11},{"not_picked":["Slimebound:SplitLeeching","Slimebound:HauntingLick"],"picked":"Slimebound:LeechLife","floor":12},{"not_picked":["Slimebound:SlimeTap","Slimebound:LeechEnergy"],"picked":"Slimebound:GoopSpray","floor":15},{"not_picked":["Slimebound:SelfFormingGoo","Slimebound:PrepareCrush"],"picked":"Slimebound:WasteNot","floor":16},{"not_picked":["Slimebound:ViciousTackle","Slimebound:SamplingLick"],"picked":"Slimebound:Repurpose","floor":17},{"not_picked":["Slimebound:GoopTackle","Slimebound:LeechEnergy","Slimebound:GrowthPunch+1"],"picked":"SKIP","floor":19},{"not_picked":["Slimebound:LeechEnergy","Slimebound:Dissolve+1"],"picked":"Slimebound:Gluttony","floor":20},{"not_picked":["Slimebound:GoopSpray","Slimebound:SamplingLick"],"picked":"Slimebound:RainOfGoop","floor":21},{"not_picked":["Slimebound:BestDefense","Slimebound:Grow"],"picked":"Slimebound:LevelUp","floor":23}],"player_experience":299158,"relics_obtained":[{"floor":9,"key":"Dream Catcher"},{"floor":18,"key":"Counterbalance"},{"floor":24,"key":"infinitespire:Bottled Soul"}],"event_choices":[{"damage_healed":0,"gold_gain":0,"player_choice":"Donut","damage_taken":0,"max_hp_gain":5,"max_hp_loss":0,"event_name":"Big Fish","floor":4,"gold_loss":0},{"damage_healed":0,"gold_gain":0,"player_choice":"Ignored","damage_taken":0,"max_hp_gain":0,"max_hp_loss":0,"event_name":"NoteForYourself","floor":14,"gold_loss":0},{"damage_healed":32,"gold_gain":0,"player_choice":"Heal","damage_taken":0,"max_hp_gain":0,"max_hp_loss":0,"event_name":"The Library","floor":22,"gold_loss":0}],"is_beta":false,"boss_relics":[{"not_picked":["Slimebound:TarBlob","Painkiller Herb"],"picked":"Tiny House"}],"items_purged_floors":[],"is_endless":false,"potions_floor_spawned":[3,6,9,12,16,19,20,23],"killed_by":"Centurion and Healer","ascension_level":0}}