{"host":"2e3z4r48quhw80cc","time":1612868121,"event":{"mods":["BaseMod","Minty Spire (QoL Compilation)","Quick Restart","StSLib","SuperFastMode"],"gold_per_floor":[113,63,63,30,44,71,84,113,140,151,170,190,190,190],"floor_reached":13,"language":"KOR","playtime":320,"items_purged":[],"score":180,"play_id":"93ab42ca-1a48-42eb-bdc1-bc6c91a92452","local_time":"20210209195521","is_ascension_mode":true,"campfire_choices":[],"circlet_count":0,"master_deck":["AscendersBane","Strike_G","Strike_G","Strike_G","Strike_G","Defend_G","Defend_G","Defend_G","Defend_G","Survivor","Neutralize","Dagger Throw","Tactician","Prepared","Noxious Fumes","Backstab","Dagger Spray"],"relics":["Ring of the Snake","NeowsBlessing","MealTicket","Ancient Tea Set","Toy Ornithopter","Odd Mushroom"],"acts_visited":["Exordium"],"potions_floor_usage":[8,12,12,13],"damage_taken":[{"damage":0,"enemies":"Jaw Worm","floor":1,"turns":1},{"damage":0,"enemies":"2 Louse","floor":5,"turns":1},{"damage":0,"enemies":"Lagavulin","floor":6,"turns":2},{"damage":0,"enemies":"Cultist","floor":7,"turns":4},{"damage":28,"enemies":"3 Sentries","floor":8,"turns":9},{"damage":6,"enemies":"2 Fungi Beasts","floor":10,"turns":4},{"damage":5,"enemies":"Large Slime","floor":11,"turns":5},{"damage":18,"enemies":"The Mushroom Lair","floor":12,"turns":3},{"damage":1,"enemies":"Gremlin Nob","floor":13,"turns":3}],"seed_played":"4498490369213763024","potions_obtained":[{"floor":1,"key":"SkillPotion"},{"floor":7,"key":"DistilledChaos"},{"floor":11,"key":"SneckoOil"},{"floor":12,"key":"PowerPotion"}],"is_trial":false,"path_per_floor":["M","?","?","$","M","E","M","E","T","M","M","?","E"],"character_chosen":"THE_SILENT","items_purchased":["Tactician"],"campfire_rested":0,"item_purchase_floors":[4],"current_hp_per_floor":[63,63,56,56,56,56,56,28,28,22,17,9,13,13],"gold":190,"neow_bonus":"THREE_ENEMY_KILL","is_daily":false,"chose_seed":false,"campfire_upgraded":0,"win_rate":0.0,"timestamp":1612868121,"path_taken":["M","?","?","?","M","E","M","E","T","?","M","?","E"],"items_purchased_type":["Card"],"build_version":"2020-12-22","purchased_purges":0,"victory":false,"max_hp_per_floor":[70,70,70,70,70,70,70,70,70,70,70,70,70,70],"card_choices":[{"not_picked":["Expertise","Accuracy"],"picked":"Dagger Throw","floor":1},{"not_picked":["Sucker Punch","Reflex"],"picked":"Prepared","floor":5},{"not_picked":["Dagger Spray","Burst"],"picked":"Noxious Fumes","floor":6},{"not_picked":["Finisher","Outmaneuver"],"picked":"Backstab","floor":7},{"not_picked":["Deadly Poison","Dodge and Roll","Caltrops"],"picked":"SKIP","floor":8},{"not_picked":["Quick Slash","Poisoned Stab"],"picked":"Dagger Spray","floor":10},{"not_picked":["Riddle With Holes","Expertise","Unload"],"picked":"SKIP","floor":11}],"player_experience":169227,"relics_obtained":[{"floor":6,"key":"MealTicket"},{"floor":8,"key":"Ancient Tea Set"},{"floor":9,"key":"Toy Ornithopter"},{"floor":12,"key":"Odd Mushroom"}],"event_choices":[{"cards_removed":["Strike_G"],"damage_healed":0,"gold_gain":0,"player_choice":"Card Removal","damage_taken":0,"max_hp_gain":0,"max_hp_loss":0,"event_name":"The Cleric","floor":2,"gold_loss":50},{"cards_removed":["Defend_G"],"damage_healed":0,"gold_gain":0,"player_choice":"Card Removal","damage_taken":7,"max_hp_gain":0,"max_hp_loss":0,"event_name":"Golden Wing","floor":3,"gold_loss":0},{"damage_healed":0,"gold_gain":0,"player_choice":"Fought Mushrooms","damage_taken":0,"max_hp_gain":0,"max_hp_loss":0,"event_name":"Mushrooms","floor":12,"gold_loss":0}],"is_beta":false,"boss_relics":[],"items_purged_floors":[],"is_endless":false,"potions_floor_spawned":[1,7,11,12],"killed_by":"Gremlin Nob","ascension_level":10}}