{"host":"tner83jrcdd0m6a5","time":1612850521,"event":{"mods":["AchievementEnabler","BaseMod","Bestiary","Colored Map","Colored Powertips","DeckTracker","Highlight Path","Keyboard Shortcuts","Minty Spire (QoL Compilation)","Quick Restart","Rare Cards Sparkle","Relic Stats","Slay-I","SuperFastMode"],"gold_per_floor":[114,39,51,51,66,66,91,91,91,8,8,8,18,46,46,150,150,170,170,170,189,8,33,33,61,61,61,87,87,103,117,117,221,221,237,0,10,10,10,10,37,37,37,37,49,64,89,160,160,160],"floor_reached":51,"language":"ENG","playtime":2295,"items_purged":["Strike_G","Decay"],"score":868,"play_id":"7ddfd255-1275-4487-be8e-dabe9f55b1fa","local_time":"20210209060201","is_ascension_mode":true,"campfire_choices":[{"data":"Neutralize","floor":6.0,"key":"SMITH"},{"data":"Infinite Blades","floor":8.0,"key":"SMITH"},{"data":"Survivor","floor":12.0,"key":"SMITH"},{"data":"Impatience","floor":15.0,"key":"SMITH"},{"data":"RitualDagger","floor":24,"key":"SMITH"},{"data":"Unload","floor":27,"key":"SMITH"},{"floor":29,"key":"REST"},{"floor":32,"key":"REST"},{"data":"Madness","floor":40,"key":"SMITH"},{"data":"Madness","floor":42,"key":"SMITH"},{"data":"Terror","floor":44,"key":"SMITH"},{"floor":49,"key":"REST"}],"circlet_count":0,"master_deck":["Strike_G","Strike_G","Strike_G","Strike_G","Defend_G+1","Defend_G","Defend_G","Defend_G","Defend_G","Survivor+1","Neutralize+1","Infinite Blades+1","Impatience+1","Unload+1","Prepared+1","RitualDagger+1","Noxious Fumes+1","Calculated Gamble+1","Terror+1","Backstab+1","Deflect+1","Madness+1","Madness+1","Flash of Steel","Impatience","Endless Agony+1","Prepared+1","Backstab+1"],"relics":["Ring of the Snake","NeowsBlessing","Tingsha","Akabeko","Letter Opener","Mummified Hand","Runic Pyramid","PreservedInsect","Kunai","Lizard Tail","War Paint","WristBlade","Red Mask","Molten Egg 2","Blue Candle","Tough Bandages","Paper Crane"],"acts_visited":["Exordium","TheCity","TheBeyond"],"potions_floor_usage":[16,23,23,33,33,45,45,50],"damage_taken":[{"damage":0.0,"enemies":"Cultist","floor":1.0,"turns":1.0},{"damage":0.0,"enemies":"Small Slimes","floor":3.0,"turns":1.0},{"damage":0.0,"enemies":"2 Louse","floor":5.0,"turns":1.0},{"damage":14.0,"enemies":"Gremlin Nob","floor":7.0,"turns":4.0},{"damage":5.0,"enemies":"Gremlin Gang","floor":13.0,"turns":7.0},{"damage":2.0,"enemies":"3 Sentries","floor":14.0,"turns":10.0},{"damage":38,"enemies":"The Guardian","floor":16,"turns":17},{"damage":1,"enemies":"Chosen","floor":18,"turns":4},{"damage":14,"enemies":"2 Thieves","floor":21,"turns":3},{"damage":22,"enemies":"Slavers","floor":23,"turns":6},{"damage":14,"enemies":"Book of Stabbing","floor":25,"turns":5},{"damage":11,"enemies":"Gremlin Leader","floor":28,"turns":8},{"damage":2,"enemies":"3 Cultists","floor":30,"turns":4},{"damage":13,"enemies":"Sentry and Sphere","floor":31,"turns":4},{"damage":42,"enemies":"Collector","floor":33,"turns":8},{"damage":0,"enemies":"3 Shapes","floor":35,"turns":2},{"damage":4,"enemies":"Orb Walker","floor":37,"turns":3},{"damage":0,"enemies":"Giant Head","floor":41,"turns":6},{"damage":5,"enemies":"Writhing Mass","floor":45,"turns":5},{"damage":0,"enemies":"3 Darklings","floor":46,"turns":4},{"damage":10,"enemies":"Nemesis","floor":47,"turns":3},{"damage":46,"enemies":"Awakened One","floor":50,"turns":12}],"seed_played":"-3481362748082013647","potions_obtained":[{"floor":3.0,"key":"FearPotion"},{"floor":5.0,"key":"SteroidPotion"},{"floor":13.0,"key":"Poison Potion"},{"floor":16,"key":"Regen Potion"},{"floor":18,"key":"Block Potion"},{"floor":28,"key":"ColorlessPotion"},{"floor":30,"key":"Block Potion"},{"floor":33,"key":"SneckoOil"},{"floor":35,"key":"ColorlessPotion"},{"floor":37,"key":"LiquidMemories"},{"floor":46,"key":"Strength Potion"}],"is_trial":false,"path_per_floor":["M","$","M","T","M","R","E","R","T","$","?","R","M","E","R","B",null,"M","?","?","M","$","E","R","E","T","R","E","R","M","M","R","B",null,"M","?","M","?","?","R","E","R","T","R","M","M","E","T","R","B",null],"character_chosen":"THE_SILENT","items_purchased":["Impatience","Calculated Gamble"],"campfire_rested":3,"item_purchase_floors":[10,22],"current_hp_per_floor":[70,70,70,70,70,70,56,56,56,56,70,70,65,63,63,25,70,69,63,63,49,49,42,42,28,28,28,17,38,36,23,44,2,70,70,70,66,57,47,47,47,47,47,47,42,42,32,32,53,7],"gold":160,"neow_bonus":"THREE_ENEMY_KILL","is_daily":false,"chose_seed":false,"campfire_upgraded":9,"win_rate":0.0,"timestamp":1612850521,"path_taken":["M","$","M","?","M","R","E","R","T","?","?","R","M","E","R","BOSS","M","?","?","M","$","E","R","E","T","R","E","R","M","?","R","BOSS","M","?","M","?","?","R","E","R","T","R","M","M","E","?","R","BOSS"],"items_purchased_type":["Card","Card"],"build_version":"2020-12-22","purchased_purges":2,"victory":true,"max_hp_per_floor":[70,70,70,70,70,70,70,70,70,70,70,70,70,70,70,70,70,70,70,70,70,70,70,70,70,70,70,70,70,70,70,70,70,70,70,70,70,70,70,70,70,70,70,70,70,70,70,70,70,70],"relic_stats":{"Lizard Tail":0,"Tough Bandages":[69],"counters":[22,118],"Mummified Hand":[27],"Blue Candle":[0],"Tingsha":[332],"PreservedInsect":260,"Letter Opener":[355],"Kunai":[35],"War Paint":["Calculated Gamble","Defend_G"],"obtain_stats":[{"NeowsBlessing":0,"Blue Candle":43,"Tingsha":4,"PreservedInsect":23,"Letter Opener":9,"War Paint":28,"Paper Crane":48,"Akabeko":7,"Lizard Tail":26,"Tough Bandages":47,"WristBlade":34,"Mummified Hand":14,"Molten Egg 2":41,"Red Mask":36,"Kunai":25,"Ring of the Snake":0,"Runic Pyramid":17},{"NeowsBlessing":0,"Blue Candle":18,"Tingsha":2,"PreservedInsect":10,"Letter Opener":4,"War Paint":12,"Paper Crane":21,"Akabeko":4,"Lizard Tail":11,"Tough Bandages":21,"WristBlade":15,"Mummified Hand":6,"Molten Egg 2":18,"Red Mask":16,"Kunai":11,"Ring of the Snake":0,"Runic Pyramid":7},{"NeowsBlessing":0,"Blue Candle":94,"Tingsha":2,"PreservedInsect":54,"Letter Opener":7,"War Paint":67,"Paper Crane":106,"Akabeko":7,"Lizard Tail":59,"Tough Bandages":106,"WristBlade":83,"Mummified Hand":24,"Molten Egg 2":94,"Red Mask":85,"Kunai":59,"Ring of the Snake":0,"Runic Pyramid":41}],"Ring of the Snake":[45]},"card_choices":[{"not_picked":["Blade Dance","Flying Knee","Dagger Throw"],"picked":"SKIP","floor":1.0},{"not_picked":["Prepared","Outmaneuver"],"picked":"Infinite Blades","floor":3.0},{"not_picked":["Sucker Punch","Masterful Stab","Dagger Spray"],"picked":"SKIP","floor":5.0},{"not_picked":["Crippling Poison","Riddle With Holes","Poisoned Stab"],"picked":"SKIP","floor":7.0},{"not_picked":["Bane","Dodge and Roll","Sucker Punch"],"picked":"SKIP","floor":13.0},{"not_picked":["Blade Dance","Heel Hook","Acrobatics"],"picked":"SKIP","floor":14.0},{"not_picked":["Blade Dance","Heel Hook","Acrobatics"],"picked":"SKIP","floor":14.0},{"not_picked":["Venomology","Burst"],"picked":"Unload","floor":16},{"not_picked":["Dagger Spray","Blade Dance"],"picked":"Prepared+1","floor":18},{"not_picked":["Outmaneuver","Blade Dance"],"picked":"Noxious Fumes+1","floor":21},{"not_picked":["Underhanded Strike+1","Distraction"],"picked":"Terror","floor":23},{"not_picked":["Deflect","Sucker Punch"],"picked":"Backstab+1","floor":25},{"not_picked":["Skewer","Concentrate","Outmaneuver+1"],"picked":"SKIP","floor":28},{"not_picked":["Prepared","Flying Knee","Deadly Poison+1"],"picked":"SKIP","floor":30},{"not_picked":["Acrobatics","Backflip"],"picked":"Deflect+1","floor":31},{"not_picked":["Flying Knee+1","Bouncing Flask","Slice"],"picked":"SKIP","floor":35},{"not_picked":["Terror+1","Dagger Spray","Dash"],"picked":"SKIP","floor":37},{"not_picked":["Metamorphosis","Swift Strike"],"picked":"Flash of Steel","floor":39},{"not_picked":["Trip","Bandage Up"],"picked":"Impatience","floor":39},{"not_picked":["PiercingWail","Calculated Gamble"],"picked":"Endless Agony+1","floor":41},{"not_picked":["Noxious Fumes","Flechettes+1"],"picked":"Prepared+1","floor":45},{"not_picked":["Underhanded Strike+1","Acrobatics+1","Quick Slash+1"],"picked":"SKIP","floor":46},{"not_picked":["Riddle With Holes+1","Reflex+1"],"picked":"Backstab+1","floor":47}],"player_experience":364873,"relics_obtained":[{"floor":4.0,"key":"Tingsha"},{"floor":7.0,"key":"Akabeko"},{"floor":9.0,"key":"Letter Opener"},{"floor":14.0,"key":"Mummified Hand"},{"floor":23,"key":"PreservedInsect"},{"floor":25,"key":"Kunai"},{"floor":26,"key":"Lizard Tail"},{"floor":28,"key":"War Paint"},{"floor":41,"key":"Molten Egg 2"},{"floor":43,"key":"Blue Candle"},{"floor":47,"key":"Tough Bandages"},{"floor":48,"key":"Paper Crane"}],"event_choices":[{"damage_healed":14.0,"max_hp_gain":0.0,"max_hp_loss":0.0,"gold_gain":0.0,"event_name":"Wheel of Change","player_choice":"Full Heal","floor":11.0,"gold_loss":0.0,"damage_taken":0.0},{"damage_healed":0,"gold_gain":0,"player_choice":"Joined the Cult","damage_taken":6,"max_hp_gain":0,"max_hp_loss":0,"event_name":"Nest","floor":19,"gold_loss":0,"cards_obtained":["RitualDagger"]},{"damage_healed":0,"gold_gain":0,"player_choice":"Cursed","damage_taken":0,"max_hp_gain":0,"max_hp_loss":0,"event_name":"Wheel of Change","floor":20,"gold_loss":0,"cards_obtained":["Decay"]},{"damage_healed":0,"gold_gain":0,"player_choice":"Paid","damage_taken":0,"relics_obtained":["Red Mask"],"max_hp_gain":0,"max_hp_loss":0,"event_name":"Tomb of Lord Red Mask","floor":36,"gold_loss":237},{"damage_healed":0,"gold_gain":0,"player_choice":"Embrace Madness","damage_taken":9,"max_hp_gain":0,"max_hp_loss":0,"event_name":"Winding Halls","floor":38,"gold_loss":0,"cards_obtained":["Madness","Madness"]},{"damage_healed":0,"gold_gain":0,"player_choice":"Memory 3","damage_taken":10,"max_hp_gain":0,"max_hp_loss":0,"event_name":"SensoryStone","floor":39,"gold_loss":0}],"is_beta":false,"boss_relics":[{"not_picked":["Astrolabe","Snecko Eye"],"picked":"Runic Pyramid"},{"not_picked":["Pandora\u0027s Box","Tiny House"],"picked":"WristBlade"}],"items_purged_floors":[2,22],"is_endless":false,"potions_floor_spawned":[3,5,13,16,18,28,30,33,35,37,46],"ascension_level":2}}