{"host":"cd25ms2o8pjhjp7m","time":1612863792,"event":{"mods":["Aspiration","BaseMod","Bestiary","Better Third Choice","BetterRewards","Conspire","Curses Come First","Friendly Minions","GifTheSpireLib","Hubris","Infinite Spire","Minty Spire (QoL Compilation)","Rare Cards Sparkle","Relic Stats","Reliquary","Replay The Spire","Robot Space Explorer","StSLib","The Poker Player","The Runesmith","Uncapped","[IsaacMod]????","??????REMEMod"],"gold_per_floor":[212,55,68,68,82,115,173,173,243,272,272,101,101,101,101,229,229,250,250,262,279,204,234,244,47,47,47,67,100,100,110,110,212,212,229,278,278,298,318,318,329,429,501,116,116,194,194,244,256,268,280,292,17,51,51,51],"floor_reached":55,"language":"DEU","playtime":2972,"items_purged":["Strike_R","Injury","hubris:Lust","REME_ShadowStrike","Bash","Spot Weakness+1"],"score":836,"play_id":"b3eedea5-8781-48a2-968e-ce7dec340496","local_time":"20210209104312","is_ascension_mode":false,"campfire_choices":[{"data":"REME_FearOfPain","floor":8.0,"key":"SMITH"},{"floor":11.0,"key":"REST"},{"data":"Apotheosis","floor":13.0,"key":"SMITH"},{"floor":27.0,"key":"RECALL"},{"data":"Underhanded Strike","floor":32.0,"key":"PURGE"},{"data":"True Grit","floor":40,"key":"SMITH"},{"data":"Armaments","floor":45,"key":"SMITH"},{"data":"Barricade","floor":49,"key":"SMITH"},{"data":"Abandon","floor":52,"key":"SMITH"}],"circlet_count":0,"master_deck":["DoctorFetus+1","REME_AllRoundStrike","Dark Embrace+1","Defy Death","REME_FearOfPain+1","Feel No Pain","Apotheosis+1","Sentinel","Shrug It Off","REME_Scribble","Abandon+1","Second Wind+1","Ghostly Armor","Offering","REME_FearOfPain","True Grit+1","ReplayTheSpireMod:Strike From Hell","Havoc","Ghostly Armor","ReplayTheSpireMod:From All Sides","Barricade+1","Armaments+1","ReplayTheSpireMod:Muscle Training+1","Flame Barrier+1","True Grit+1","Impervious","REME_AllRoundStrike","conspire:Banana","hubris:StunningStrike","Violence"],"relics":["Burning Blood","REME_ComplimentaryCards","HushsDoor","GuppysTail","Membership Card","Smiling Mask","SatanicBible","Iron Hammer","Replay:Bottled Steam","Bloody Idol","Pandora\u0027s Box","GuppysCollar","MyShadow","Bottled Flame","ReplayTheSpireMod:CursedCoin","infinitespire:FocusingShard","Juzu Bracelet","Peace Pipe","infinitespire:Magic Flask","reliquary:WritOfMandamus","conspire:GlowingRock","infinitespire:WardingShard","Runesmith:AutoHammer","Runesmith:Nanobots","Ring of Greed","MealTicket","MawBank","Ring of Panic","reliquary:Tamtam","hubris:CuriousFeather"],"acts_visited":["Exordium","TheCity","TheBeyond","TheEnding"],"potions_floor_usage":[55,55,55],"damage_taken":[{"damage":9.0,"enemies":"Cultist","floor":1.0,"turns":5.0},{"damage":15.0,"enemies":"Small Slimes","floor":3.0,"turns":5.0},{"damage":7.0,"enemies":"2 Louse","floor":5.0,"turns":3.0},{"damage":17.0,"enemies":"3 Sentries","floor":6.0,"turns":5.0},{"damage":34.0,"enemies":"Gremlin Nob","floor":10.0,"turns":4.0},{"damage":0.0,"enemies":"Fading Forest","floor":16.0,"turns":11.0},{"damage":3.0,"enemies":"3 Byrds","floor":18.0,"turns":2.0},{"damage":3.0,"enemies":"Shell Parasite","floor":20.0,"turns":2.0},{"damage":2.0,"enemies":"3 Cultists","floor":21.0,"turns":3.0},{"damage":22.0,"enemies":"Gremlin Leader","floor":23.0,"turns":4.0},{"damage":13.0,"enemies":"Snecko","floor":24.0,"turns":4.0},{"damage":5.0,"enemies":"Chosen and Byrds","floor":28.0,"turns":4.0},{"damage":9.0,"enemies":"Slavers","floor":29.0,"turns":3.0},{"damage":6.0,"enemies":"Centurion and Healer","floor":31.0,"turns":2.0},{"damage":31.0,"enemies":"hubris:MusketHawk","floor":33.0,"turns":5.0},{"damage":23.0,"enemies":"Orb Walker","floor":35.0,"turns":4.0},{"damage":34.0,"enemies":"2 Orb Walkers","floor":36.0,"turns":3.0},{"damage":9.0,"enemies":"3 Shapes","floor":38.0,"turns":3.0},{"damage":9,"enemies":"Sphere and 2 Shapes","floor":39,"turns":3},{"damage":7,"enemies":"Maw","floor":41,"turns":4},{"damage":16,"enemies":"Donu and Deca","floor":50,"turns":5},{"damage":37,"enemies":"Shield and Spear","floor":54,"turns":4},{"damage":98,"enemies":"Delirium","floor":55,"turns":12}],"seed_played":"7519274904410731778","potions_obtained":[{"floor":5.0,"key":"Fire Potion"},{"floor":7.0,"key":"Energy Potion"},{"floor":16.0,"key":"Strength Potion"},{"floor":23.0,"key":"EssenceOfSteel"},{"floor":28.0,"key":"Block Potion"},{"floor":29.0,"key":"conspire:TimeTravelPotion"},{"floor":36.0,"key":"Regen Potion"}],"is_trial":false,"path_per_floor":["M","$","M","?","M","E","?","R","T","E","R","$","R","?","R","B",null,"M","?","M","M","?","E","M","$","T","R","M","E","?","M","R","B",null,"M","?","?","M","M","R","M","?","T","$","R","T","?","?","R","B",null,"R","$","E","B"],"character_chosen":"IRONCLAD","items_purchased":["Membership Card","Feel No Pain","Apotheosis","GuppysCollar","MyShadow","ReplayTheSpireMod:CursedCoin","REME_FearOfPain","True Grit","ReplayTheSpireMod:Strike From Hell","Havoc","infinitespire:FocusingShard","Juzu Bracelet","Runesmith:AutoHammer","REME_AllRoundStrike","Runesmith:Nanobots","conspire:Banana","reliquary:Tamtam","hubris:StunningStrike","Violence"],"campfire_rested":1,"item_purchase_floors":[2,12,12,17,17,25,25,25,25,25,25,25,44,44,44,44,53,53,53],"current_hp_per_floor":[77,77,68,68,67,56,56,56,56,28,52,52,52,52,76,80,50,53,53,56,58,58,50,51,56,56,56,65,70,70,70,70,52,65,56,52,52,57,62,62,69,74,79,79,79,80,80,80,80,72,82,82,82,59,0,0],"gold":51,"neow_bonus":"HUNDRED_GOLD","is_daily":false,"chose_seed":false,"campfire_upgraded":6,"win_rate":0.0,"timestamp":1612863792,"path_taken":["M","?","M","?","?","E","?","R","T","E","R","$","R","?","R","BOSS","M","?","M","M","?","E","M","$","T","R","M","E","?","M","R","BOSS","M","?","?","M","M","R","M","?","T","?","R","?","?","?","R","BOSS","R","$","E","BOSS"],"items_purchased_type":["Relic","Card","Card","Relic","Relic","Relic","Card","Card","Card","Card","Relic","Relic","Relic","Card","Relic","Card","Relic","Card","Card"],"build_version":"2020-12-22","purchased_purges":6,"victory":false,"max_hp_per_floor":[80,80,80,80,80,80,80,80,80,80,80,80,80,80,80,80,50,53,53,56,58,58,61,64,64,64,64,67,70,70,70,70,72,65,68,71,71,74,77,77,80,80,80,80,80,80,80,80,80,82,82,82,82,85,88,88],"relic_stats":{"Peace Pipe":2,"counters":[35,146],"Bloody Idol":76,"Pandora\u0027s Box":["Dropkick","Headbutt","Sentinel","Shrug It Off","REME_Scribble","Blood for Blood","Abandon","hubris:CleavingFinish"],"MealTicket":0,"Juzu Bracelet":3,"Smiling Mask":26,"MawBank":60,"obtain_stats":[{"GuppysTail":0,"reliquary:PrincelyHelmet":21,"Juzu Bracelet":25,"reliquary:Tamtam":53,"Smiling Mask":6,"Burning Blood":0,"SatanicBible":7,"Blood Vial":7,"conspire:GlowingRock":36,"NineLifeCat":17,"MealTicket":48,"Iron Hammer":9,"MyShadow":17,"hubris:CuriousFeather":54,"Ring of Panic":48,"Replay:Bottled Steam":10,"KeepersGift":0,"Runesmith:Nanobots":44,"NeowsBlessing":0,"Golden Idol":14,"ReplayTheSpireMod:CursedCoin":25,"Thread and Needle":11,"infinitespire:FocusingShard":25,"infinitespire:Magic Flask":29,"Ring of Greed":48,"MawBank":48,"Peace Pipe":26,"D6":0,"Bottled Flame":23,"infinitespire:WardingShard":43,"Bloody Idol":19,"Pandora\u0027s Box":17,"reliquary:Stiletto":13,"Art of War":19,"Membership Card":2,"Runesmith:AutoHammer":44,"reliquary:WritOfMandamus":17,"HushsDoor":0,"GuppysCollar":17,"REME_ComplimentaryCards":0},{"GuppysTail":0,"reliquary:PrincelyHelmet":11,"Juzu Bracelet":23,"reliquary:Tamtam":33,"Smiling Mask":16,"Burning Blood":0,"SatanicBible":16,"Blood Vial":3,"conspire:GlowingRock":29,"NineLifeCat":9,"MealTicket":32,"Iron Hammer":16,"MyShadow":18,"hubris:CuriousFeather":34,"Ring of Panic":32,"Replay:Bottled Steam":17,"KeepersGift":0,"Runesmith:Nanobots":32,"NeowsBlessing":0,"Golden Idol":17,"ReplayTheSpireMod:CursedCoin":23,"Thread and Needle":5,"infinitespire:FocusingShard":23,"infinitespire:Magic Flask":25,"Ring of Greed":32,"MawBank":32,"Peace Pipe":23,"D6":0,"Bottled Flame":22,"infinitespire:WardingShard":32,"Bloody Idol":19,"Pandora\u0027s Box":18,"reliquary:Stiletto":7,"Art of War":10,"Membership Card":13,"Runesmith:AutoHammer":32,"reliquary:WritOfMandamus":9,"HushsDoor":0,"GuppysCollar":18,"REME_ComplimentaryCards":0},{"GuppysTail":0,"reliquary:PrincelyHelmet":39,"Juzu Bracelet":94,"reliquary:Tamtam":130,"Smiling Mask":64,"Burning Blood":0,"SatanicBible":64,"Blood Vial":3,"conspire:GlowingRock":115,"NineLifeCat":31,"MealTicket":125,"Iron Hammer":64,"MyShadow":79,"hubris:CuriousFeather":134,"Ring of Panic":125,"Replay:Bottled Steam":68,"KeepersGift":0,"Runesmith:Nanobots":125,"NeowsBlessing":0,"Golden Idol":68,"ReplayTheSpireMod:CursedCoin":94,"Thread and Needle":11,"infinitespire:FocusingShard":94,"infinitespire:Magic Flask":101,"Ring of Greed":125,"MawBank":125,"Peace Pipe":94,"D6":0,"Bottled Flame":90,"infinitespire:WardingShard":125,"Bloody Idol":81,"Pandora\u0027s Box":79,"reliquary:Stiletto":21,"Art of War":35,"Membership Card":51,"Runesmith:AutoHammer":125,"reliquary:WritOfMandamus":31,"HushsDoor":0,"GuppysCollar":79,"REME_ComplimentaryCards":0}],"Burning Blood":146},"card_choices":[{"not_picked":[],"picked":"DoctorFetus","floor":0.0},{"not_picked":["Cleave","Clothesline"],"picked":"Dark Embrace","floor":1.0},{"not_picked":["Shrug It Off","Rampage","Bomb"],"picked":"SKIP","floor":3.0},{"not_picked":["Cleave","Feed"],"picked":"Defy Death","floor":5.0},{"not_picked":["conspire:ExplosiveBarrier","Fire Breathing"],"picked":"REME_FearOfPain","floor":6.0},{"not_picked":["Pommel Strike","Twin Strike","Replay:Undeath\u0027s Touch"],"picked":"SKIP","floor":10.0},{"not_picked":["Shrug It Off+1","REME_Scribble+1"],"picked":"Second Wind+1","floor":18.0},{"not_picked":["Cleave","Havoc"],"picked":"Ghostly Armor","floor":20.0},{"not_picked":["Shrug It Off+1","Flex"],"picked":"Spot Weakness+1","floor":21.0},{"not_picked":["hubris:ReadiedAction+1","Shrug It Off"],"picked":"Rampage","floor":23.0},{"not_picked":["Iron Wave","Clash+1"],"picked":"Offering","floor":24.0},{"not_picked":["Evolve+1","Clothesline","Armaments"],"picked":"SKIP","floor":28.0},{"not_picked":["Armaments","Infernal Blade+1"],"picked":"Ghostly Armor","floor":29.0},{"not_picked":["infinitespire:OneForAll+1","Iron Wave+1","hubris:SharpeningStone"],"picked":"SKIP","floor":31.0},{"not_picked":["Juggernaut","Immolate"],"picked":"Barricade","floor":33.0},{"not_picked":["Burning Pact+1","Pommel Strike+1"],"picked":"Armaments","floor":35.0},{"not_picked":["Wild Strike","ReplayTheSpireMod:Strike From Hell"],"picked":"ReplayTheSpireMod:Muscle Training+1","floor":38.0},{"not_picked":["Massacre+1","Shrug It Off"],"picked":"Flame Barrier+1","floor":39},{"not_picked":["Dropkick","ReplayTheSpireMod:Stacked"],"picked":"True Grit+1","floor":41},{"not_picked":["Life Link+1","True Grit+1"],"picked":"Impervious","floor":42},{"not_picked":["Headbutt","Armaments+1","Whirlwind+1"],"picked":"SKIP","floor":54}],"player_experience":475972,"relics_obtained":[{"floor":6.0,"key":"Smiling Mask"},{"floor":7.0,"key":"SatanicBible"},{"floor":9.0,"key":"Iron Hammer"},{"floor":10.0,"key":"Replay:Bottled Steam"},{"floor":23.0,"key":"Bottled Flame"},{"floor":26.0,"key":"Peace Pipe"},{"floor":29.0,"key":"infinitespire:Magic Flask"},{"floor":36.0,"key":"conspire:GlowingRock"},{"floor":43,"key":"infinitespire:WardingShard"},{"floor":48,"key":"Ring of Greed"},{"floor":48,"key":"MealTicket"},{"floor":48,"key":"MawBank"},{"floor":48,"key":"Ring of Panic"},{"floor":54,"key":"hubris:CuriousFeather"}],"event_choices":[{"damage_healed":0.0,"max_hp_gain":0.0,"max_hp_loss":0.0,"gold_gain":0.0,"event_name":"Golden Idol","player_choice":"Take Wound","floor":14.0,"gold_loss":0.0,"damage_taken":0.0,"relics_obtained":["Golden Idol"],"cards_obtained":["Injury"]},{"damage_healed":0.0,"max_hp_gain":0.0,"max_hp_loss":0.0,"gold_gain":0.0,"event_name":"Forgotten Altar","player_choice":"Gave Idol","floor":19.0,"relics_lost":["Golden Idol"],"gold_loss":0.0,"damage_taken":0.0,"relics_obtained":["Bloody Idol"]},{"cards_removed":["Blood for Blood"],"damage_healed":0.0,"max_hp_gain":0.0,"max_hp_loss":0.0,"gold_gain":0.0,"event_name":"Beggar","player_choice":"Gave Gold","floor":22.0,"gold_loss":75.0,"damage_taken":0.0},{"damage_healed":0.0,"max_hp_gain":0.0,"max_hp_loss":0.0,"gold_gain":0.0,"event_name":"Mysterious Sphere","player_choice":"Fight","floor":36.0,"gold_loss":0.0,"damage_taken":0.0},{"damage_healed":0.0,"max_hp_gain":0.0,"max_hp_loss":0.0,"gold_gain":0.0,"event_name":"conspire:Investor","player_choice":"Leave","floor":37.0,"gold_loss":0.0,"damage_taken":0.0},{"cards_removed":["Rampage"],"damage_healed":0,"gold_gain":0,"player_choice":"Card Removal","damage_taken":0,"max_hp_gain":0,"max_hp_loss":0,"event_name":"Wheel of Change","floor":47,"gold_loss":0}],"is_beta":false,"boss_relics":[{"not_picked":["aspiration:RunicSpoon","conspire:SlowCooker"],"picked":"Pandora\u0027s Box"},{"not_picked":[]},{"not_picked":["Runic Cube","Abe\u0027s Treasure"],"picked":"reliquary:WritOfMandamus"},{"not_picked":[]}],"items_purged_floors":[12,17,25,34,44,53],"is_endless":false,"potions_floor_spawned":[5,16,20,21,23,28,29,33,36,39,41,54],"killed_by":"Delirium","ascension_level":0}}