{"host":"jpcy2bclvs7juczu","time":1612844196,"event":{"mods":["Alarm Clock","BaseMod","Bestiary","Block Reminder","Colored Map","Colored Powertips","Current Relic Mod","Curses Come First","Dark Map","Filter the Spire","Minty Spire (QoL Compilation)","Quick Restart","RNG Fix","Relic Stats","Slay the Relics Exporter","Smile Girya","StSLib","everything is the same but u backflip on backflip","ojb\u0027s Better Paths Mod","ojb\u0027s Info Mod","slay the spire mod where everything is the same but ironclad has a cowboy hat"],"gold_per_floor":[118,133,144,154,21,21,57,83,83,121,67,111,137,165,165,253,280,292,321,104,113,113,113],"floor_reached":22,"language":"ENG","playtime":795,"items_purged":[],"score":666,"play_id":"8eb12270-4a3b-4f66-af63-0c1b541c2b7b","local_time":"20210208231636","is_ascension_mode":true,"campfire_choices":[{"data":"Buffer","floor":6,"key":"SMITH"},{"data":"Beam Cell","floor":15,"key":"SMITH"}],"circlet_count":0,"master_deck":["AscendersBane","Strike_B","Defend_B","Defend_B","Defend_B","Defend_B","Zap","Dualcast","Go for the Eyes","Streamline","Buffer+1","Aggregate","Sunder","Doom and Gloom","Beam Cell+1","White Noise","Reinforced Body","Defragment+1","Rebound","Amplify","Reboot+1","Defragment+1","FTL+1","Fusion","Coolheaded","Decay"],"relics":["Runic Pyramid","CeramicFish","Gremlin Horn","Frozen Egg 2","Darkstone Periapt","Astrolabe","OrangePellets"],"acts_visited":["Exordium","TheCity"],"potions_floor_usage":[7,10,16,16],"damage_taken":[{"damage":1,"enemies":"2 Louse","floor":1,"turns":4},{"damage":0,"enemies":"Cultist","floor":2,"turns":3},{"damage":7,"enemies":"Jaw Worm","floor":3,"turns":3},{"damage":33,"enemies":"Exordium Thugs","floor":4,"turns":6},{"damage":0,"enemies":"Gremlin Nob","floor":7,"turns":4},{"damage":2,"enemies":"Exordium Wildlife","floor":8,"turns":4},{"damage":0,"enemies":"Lagavulin","floor":10,"turns":5},{"damage":0,"enemies":"Gremlin Nob","floor":12,"turns":4},{"damage":0,"enemies":"Blue Slaver","floor":13,"turns":4},{"damage":1,"enemies":"Lots of Slimes","floor":14,"turns":3},{"damage":0,"enemies":"Slime Boss","floor":16,"turns":5},{"damage":42,"enemies":"Shell Parasite","floor":18,"turns":6},{"damage":8,"enemies":"2 Thieves","floor":19,"turns":5},{"damage":25,"enemies":"Shelled Parasite and Fungi","floor":22,"turns":2}],"seed_played":"4721609051615587697","potions_obtained":[{"floor":3,"key":"GamblersBrew"},{"floor":8,"key":"PowerPotion"},{"floor":13,"key":"DistilledChaos"},{"floor":14,"key":"DistilledChaos"}],"is_trial":false,"path_per_floor":["M","M","M","M","$","R","E","M","T","E","$","E","M","M","R","B",null,"M","M","$","?","M"],"character_chosen":"DEFECT","items_purchased":["Sunder","Fire Potion","SpeedPotion","OrangePellets","Coolheaded"],"campfire_rested":0,"item_purchase_floors":[5,5,11,20,20],"current_hp_per_floor":[63,63,56,23,23,23,23,21,21,21,21,21,21,20,20,20,58,16,8,8,14,0,0],"gold":113,"neow_bonus":"BOSS_RELIC","is_daily":false,"chose_seed":false,"campfire_upgraded":2,"win_rate":0.0,"timestamp":1612844196,"path_taken":["M","M","M","M","$","R","E","M","T","E","$","E","?","M","R","BOSS","M","?","$","?","?"],"items_purchased_type":["Card","Potion","Potion","Relic","Card"],"build_version":"2020-12-22","purchased_purges":0,"victory":false,"max_hp_per_floor":[71,71,71,71,71,71,71,71,71,71,71,71,71,71,71,71,71,71,71,71,77,77,77],"relic_stats":{"Darkstone Periapt":6,"OrangePellets":[0],"Gremlin Horn":[7,8],"counters":[14,58],"CeramicFish":117,"Astrolabe":["Reboot","Defragment","FTL"],"obtain_stats":[{"Darkstone Periapt":12,"OrangePellets":20,"Gremlin Horn":9,"CeramicFish":7,"Astrolabe":17,"Frozen Egg 2":10,"Cracked Core":0,"Runic Pyramid":0},{"Darkstone Periapt":8,"OrangePellets":13,"Gremlin Horn":6,"CeramicFish":5,"Astrolabe":11,"Frozen Egg 2":7,"Cracked Core":0,"Runic Pyramid":0},{"Darkstone Periapt":33,"OrangePellets":56,"Gremlin Horn":24,"CeramicFish":20,"Astrolabe":45,"Frozen Egg 2":29,"Cracked Core":0,"Runic Pyramid":0}]},"card_choices":[{"not_picked":["Steam","Gash"],"picked":"Go for the Eyes","floor":1},{"not_picked":["Barrage","Steam"],"picked":"Streamline","floor":2},{"not_picked":["Steam","Heatsinks"],"picked":"Buffer","floor":3},{"not_picked":["Sweeping Beam","Beam Cell"],"picked":"Aggregate","floor":4},{"not_picked":["Tempest","Chaos"],"picked":"Doom and Gloom","floor":7},{"not_picked":["Coolheaded","Capacitor"],"picked":"Beam Cell","floor":8},{"not_picked":["BootSequence","Scrape"],"picked":"White Noise","floor":10},{"not_picked":["White Noise","Ball Lightning"],"picked":"Reinforced Body","floor":12},{"not_picked":["Turbo","Sweeping Beam"],"picked":"Defragment+1","floor":13},{"not_picked":["Conserve Battery","Leap"],"picked":"Rebound","floor":14},{"not_picked":["Buffer+1","Seek"],"picked":"Amplify","floor":16},{"not_picked":["Consume","Reprogram","Stack"],"picked":"SKIP","floor":18},{"not_picked":["White Noise","Barrage"],"picked":"Fusion","floor":19}],"player_experience":1608951,"relics_obtained":[{"floor":7,"key":"CeramicFish"},{"floor":9,"key":"Gremlin Horn"},{"floor":10,"key":"Frozen Egg 2"},{"floor":12,"key":"Darkstone Periapt"}],"event_choices":[{"damage_healed":0,"gold_gain":0,"player_choice":"Smashed Altar","damage_taken":0,"max_hp_gain":0,"max_hp_loss":0,"event_name":"Forgotten Altar","floor":21,"gold_loss":0,"cards_obtained":["Decay"]}],"is_beta":false,"boss_relics":[{"not_picked":["SacredBark","Coffee Dripper"],"picked":"Astrolabe"}],"items_purged_floors":[],"is_endless":false,"potions_floor_spawned":[3,8,13,14],"killed_by":"Shelled Parasite and Fungi","ascension_level":20}}