{"host":"kx8c7tq5jzvn4xri","time":1612838265,"event":{"mods":["AchievementEnabler","Astrologer","BaseMod","BetterRewards","Colored Map","Colored Powertips","Conspire","Downfall","Gremlin Mod","Hermit","Hubris","Infinite Spire","Minty Spire (QoL Compilation)","Quick Restart","Replay The Spire","Reworked Bosses","Shop Mod","StSLib","The Hierophant"],"gold_per_floor":[99,119,119,139,155,155,224,674,674,685,695,695,695,706,722,722,722,722],"floor_reached":16,"language":"ENG","playtime":681,"items_purged":[],"score":94,"play_id":"689ff440-9b97-4ebf-83d0-1e440242e359","local_time":"20210208213745","is_ascension_mode":false,"campfire_choices":[{"floor":1,"key":"DIG"},{"data":"hexamod:UnleashSpirits","floor":12,"key":"SMITH"}],"circlet_count":0,"master_deck":["hexamod:Strike","hexamod:Strike","hexamod:Strike","hexamod:Strike","hexamod:Defend","hexamod:Defend","hexamod:Defend","hexamod:Sear","hexamod:Float","hexamod:HeatMetal","hexamod:HeatMetal","hexamod:HeatMetal","Decay","hexamod:GhostLash","hexamod:UnleashSpirits+1"],"relics":["hexamod:SpiritBrand","infinitespire:ShieldingShard","downfall:BrokenWingStatue","hubris:MobiusCoin","hubris:EvacipatedBox","hubris:Metronome"],"acts_visited":["Exordium"],"potions_floor_usage":[],"damage_taken":[{"damage":0,"enemies":"2 Louse","floor":2,"turns":3},{"damage":1,"enemies":"Cultist","floor":4,"turns":4},{"damage":0,"enemies":"Small Slimes","floor":5,"turns":2},{"damage":3,"enemies":"2 Fungi Beasts","floor":10,"turns":4},{"damage":10,"enemies":"Lots of Slimes","floor":11,"turns":4},{"damage":0,"enemies":"Exordium Wildlife","floor":14,"turns":3},{"damage":0,"enemies":"Gremlin Gang","floor":15,"turns":2},{"damage":43,"enemies":"IC_STATUS_ARCHETYPE","floor":16,"turns":4}],"seed_played":"-3012298093308723482","potions_obtained":[{"floor":2,"key":"Elixir"},{"floor":4,"key":"Milkshake"},{"floor":10,"key":"hexamod:DoubleChargePotion"},{"floor":14,"key":"Toxic Potion"}],"is_trial":false,"path_per_floor":["R_BF","M","?","M","M","?","T","?","?","M","M","R","$","M","M","B"],"character_chosen":"THE_SPIRIT","items_purchased":["hubris:EvacipatedBox","hubris:Metronome"],"campfire_rested":0,"item_purchase_floors":[13,13],"current_hp_per_floor":[77,77,77,76,76,76,76,76,76,73,63,63,28,28,28,0,0,0],"gold":722,"neow_bonus":"TEN_PERCENT_HP_BONUS","is_daily":false,"chose_seed":false,"campfire_upgraded":1,"win_rate":0.0,"timestamp":1612838265,"path_taken":["R_BF","M","?","?","M","?","T","?","?","?","M","R","?","M","M","BOSS"],"items_purchased_type":["Relic","Relic"],"build_version":"2020-12-22","purchased_purges":0,"victory":false,"max_hp_per_floor":[77,77,77,77,77,77,77,77,77,77,77,77,77,77,77,77,77,77],"card_choices":[{"not_picked":["hexamod:FastForward","hexamod:Firestarter"],"picked":"hexamod:HeatMetal","floor":2},{"not_picked":["hexamod:SwordOfDarkness","hexamod:GhostShield"],"picked":"hexamod:HeatMetal","floor":4},{"not_picked":["hexamod:BacktrackSmack","hexamod:RecurringNightmare"],"picked":"hexamod:HeatMetal","floor":5},{"not_picked":["hexamod:SwordOfDarkness","hexamod:AdvancingGuard"],"picked":"hexamod:GhostLash","floor":10},{"not_picked":["hexamod:SwordOfDarkness","hexamod:AdvancingGuard"],"picked":"hexamod:UnleashSpirits","floor":11},{"not_picked":["hexamod:Hexaguard","hexamod:HeatCrush","hexamod:NightmareGuise"],"picked":"SKIP","floor":14},{"not_picked":["hexamod:DynamicBlow","hexamod:Hexaguard","hexamod:HauntingEcho"],"picked":"SKIP","floor":15}],"player_experience":167180,"relics_obtained":[{"floor":1,"key":"infinitespire:ShieldingShard"},{"floor":7,"key":"hubris:MobiusCoin"}],"event_choices":[{"cards_removed":["hexamod:Defend"],"damage_healed":0,"gold_gain":0,"player_choice":"Offered Basic","damage_taken":0,"max_hp_gain":0,"max_hp_loss":0,"event_name":"Bonfire Elementals","floor":3,"gold_loss":0}],"is_beta":false,"boss_relics":[],"items_purged_floors":[],"is_endless":false,"potions_floor_spawned":[2,4,10,14],"killed_by":"IC_STATUS_ARCHETYPE","ascension_level":0}}