{"host":"am551fa6890rb9vo","time":1612883876,"event":{"mods":["BaseMod","DeckTracker","Minty Spire (QoL Compilation)","Morshu Shopkeeper - ENHANCED","Rare Cards Sparkle","Relic Stats","Smile Girya","StSLib","The IronCluck","everything is the same but u backflip on backflip","slay the spire mod where everything is the same but ironclad has a cowboy hat"],"gold_per_floor":[116,131,131,142,67,67,102,114,114,131,142,42,42,52,52,154,154,173,173,1,19,38,38,38],"floor_reached":23,"language":"ENG","playtime":1680,"items_purged":["Strike_B","Strike_B"],"score":195,"play_id":"55419f81-840a-45e5-af03-c33d3ca20aed","local_time":"20210209151756","is_ascension_mode":false,"campfire_choices":[{"data":"Hologram","floor":6,"key":"SMITH"},{"data":"Streamline","floor":13,"key":"SMITH"},{"floor":15,"key":"REST"}],"circlet_count":0,"master_deck":["Strike_B","Defend_B","Defend_B","Defend_B","Defend_B","Zap","Dualcast","Ball Lightning","Streamline+1","Sweeping Beam","Hologram+1","BootSequence","Hologram","Scrape","Reboot","Streamline","Streamline+1","Auto Shields"],"relics":["FrozenCore","Shuriken","Ornamental Fan","Question Card","DollysMirror"],"acts_visited":["Exordium","TheCity"],"potions_floor_usage":[],"damage_taken":[{"damage":2,"enemies":"Jaw Worm","floor":1,"turns":4},{"damage":1,"enemies":"Cultist","floor":2,"turns":3},{"damage":5,"enemies":"Small Slimes","floor":4,"turns":3},{"damage":21,"enemies":"3 Sentries","floor":7,"turns":7},{"damage":0,"enemies":"Exordium Wildlife","floor":8,"turns":2},{"damage":9,"enemies":"Blue Slaver","floor":10,"turns":3},{"damage":13,"enemies":"Lots of Slimes","floor":11,"turns":5},{"damage":15,"enemies":"Exordium Wildlife","floor":14,"turns":4},{"damage":5,"enemies":"Hexaghost","floor":16,"turns":8},{"damage":11,"enemies":"Shell Parasite","floor":18,"turns":6},{"damage":16,"enemies":"Spheric Guardian","floor":21,"turns":7},{"damage":10,"enemies":"Snake Plant","floor":22,"turns":4},{"damage":49,"enemies":"Book of Stabbing","floor":23,"turns":7}],"seed_played":"-2442898139129526288","potions_obtained":[{"floor":2,"key":"SkillPotion"},{"floor":8,"key":"SpeedPotion"},{"floor":11,"key":"BlessingOfTheForge"}],"is_trial":false,"path_per_floor":["M","M","?","M","$","R","E","M","T","M","M","$","R","M","R","B",null,"M","?","$","M","M","E"],"character_chosen":"DEFECT","items_purchased":["Streamline","DollysMirror"],"campfire_rested":1,"item_purchase_floors":[20,20],"current_hp_per_floor":[80,79,79,74,74,74,53,53,53,44,31,31,31,16,40,35,82,71,71,71,55,45,0,0],"gold":38,"neow_bonus":"TEN_PERCENT_HP_BONUS","is_daily":false,"chose_seed":false,"campfire_upgraded":2,"win_rate":0.0,"timestamp":1612883876,"path_taken":["M","M","?","M","$","R","E","M","T","M","?","$","R","M","R","BOSS","M","?","$","M","M","E"],"items_purchased_type":["Card","Relic"],"build_version":"2020-12-22","purchased_purges":2,"victory":false,"max_hp_per_floor":[82,82,82,82,82,82,82,82,82,82,82,82,82,82,82,82,82,82,82,82,82,82,82,82],"relic_stats":{"counters":[13,63],"Shuriken":[3],"Ornamental Fan":[12],"Question Card":2,"obtain_stats":[{"Shuriken":7,"Ornamental Fan":9,"DollysMirror":20,"Cracked Core":0,"Question Card":19,"FrozenCore":17},{"Shuriken":4,"Ornamental Fan":5,"DollysMirror":10,"Cracked Core":0,"Question Card":10,"FrozenCore":9},{"Shuriken":17,"Ornamental Fan":19,"DollysMirror":45,"Cracked Core":0,"Question Card":45,"FrozenCore":39}],"FrozenCore":[10]},"card_choices":[{"not_picked":["Redo","Barrage"],"picked":"Ball Lightning","floor":1},{"not_picked":["Defragment","Cold Snap"],"picked":"Streamline","floor":2},{"not_picked":["Beam Cell","Streamline"],"picked":"Hologram","floor":4},{"not_picked":["Beam Cell","Chaos"],"picked":"BootSequence","floor":7},{"not_picked":["Go for the Eyes","Lockon"],"picked":"Hologram","floor":8},{"not_picked":["Chill","Coolheaded"],"picked":"Scrape","floor":10},{"not_picked":["Consume","Barrage","Beam Cell"],"picked":"SKIP","floor":11},{"not_picked":["Darkness","Loop","Heatsinks"],"picked":"SKIP","floor":14},{"not_picked":["Biased Cognition","Electrodynamics"],"picked":"Reboot","floor":16},{"not_picked":["Compile Driver","Barrage","Leap"],"picked":"SKIP","floor":18},{"not_picked":["Darkness+1","Hologram+1","Biased Cognition","Beam Cell"],"picked":"SKIP","floor":21},{"not_picked":["Steam","Loop","Redo+1"],"picked":"Auto Shields","floor":22}],"player_experience":59717,"relics_obtained":[{"floor":7,"key":"Shuriken"},{"floor":9,"key":"Ornamental Fan"}],"event_choices":[{"damage_healed":0,"gold_gain":0,"cards_transformed":["Strike_B"],"player_choice":"Transformed","damage_taken":0,"max_hp_gain":0,"max_hp_loss":0,"event_name":"Transmorgrifier","floor":3,"gold_loss":0,"cards_obtained":["Sweeping Beam"]},{"damage_healed":0,"gold_gain":0,"player_choice":"Opened","damage_taken":0,"relics_obtained":["Question Card"],"max_hp_gain":0,"max_hp_loss":0,"event_name":"The Mausoleum","floor":19,"gold_loss":0}],"is_beta":false,"boss_relics":[{"not_picked":["Cursed Key","Coffee Dripper"],"picked":"FrozenCore"}],"items_purged_floors":[5,12],"is_endless":false,"potions_floor_spawned":[2,8,11],"killed_by":"Book of Stabbing","ascension_level":0}}