{"host":"s24sb66hw4a4sfft","time":1612890325,"event":{"mods":["AchievementEnabler","BaseMod","Colored Map","Colored Powertips","Googly Eyes","Hermit","Hubris","Minty Spire (QoL Compilation)","Quick Restart","Shop Mod","StSLib"],"gold_per_floor":[109,109,109,109,109,109,142,159,159,171,181,18,18,33,33,33,33],"floor_reached":16,"language":"ENG","playtime":469,"items_purged":["hermit:Strike_Hermit","hermit:Defend_Hermit"],"score":125,"play_id":"a43e2328-ce06-4dec-8d77-00fb50e74e69","local_time":"20210209120525","is_ascension_mode":false,"campfire_choices":[{"floor":6,"key":"REST"},{"floor":15,"key":"REST"}],"circlet_count":0,"master_deck":["hermit:Strike_Hermit","hermit:Strike_Hermit+1","hermit:Strike_Hermit","hermit:Defend_Hermit","hermit:Defend_Hermit","hermit:Defend_Hermit","hermit:Snapshot","hermit:Covet+1","Regret","hermit:Horror","Forethought"],"relics":["hermit:Momento","NeowsBlessing","hubris:EvacipatedBox","hubris:FruitBowl","Mercury Hourglass","Pen Nib","Matryoshka","hubris:TenFootPole","Art of War","Omamori","hubris:CrystalStatue"],"acts_visited":["Exordium"],"potions_floor_usage":[14,16,16],"damage_taken":[{"damage":0.0,"enemies":"Cultist","floor":1.0,"turns":1.0},{"damage":0,"enemies":"3 Sentries","floor":7,"turns":1},{"damage":0,"enemies":"Jaw Worm","floor":8,"turns":1},{"damage":0,"enemies":"2 Louse","floor":10,"turns":2},{"damage":0,"enemies":"Looter","floor":11,"turns":2},{"damage":3,"enemies":"Exordium Thugs","floor":14,"turns":4},{"damage":57,"enemies":"The Guardian","floor":16,"turns":11}],"seed_played":"1297109385135768947","potions_obtained":[{"floor":1.0,"key":"EssenceOfSteel"},{"floor":8,"key":"SteroidPotion"},{"floor":10,"key":"Strength Potion"}],"is_trial":false,"path_per_floor":["M","$","T","?","?","R","E","M","T","M","M","$","$","M","R","B"],"character_chosen":"HERMIT","items_purchased":["hubris:EvacipatedBox","hubris:FruitBowl","FairyPotion","Mercury Hourglass","Pen Nib","Forethought"],"campfire_rested":2,"item_purchase_floors":[2,2,2,2,2,12],"current_hp_per_floor":[75,22,22,22,15,37,37,37,37,37,37,37,37,34,56,0,0],"gold":33,"neow_bonus":"THREE_ENEMY_KILL","is_daily":false,"chose_seed":false,"campfire_upgraded":0,"win_rate":0.0,"timestamp":1612890325,"path_taken":["M","?","?","?","?","R","E","M","T","M","?","?","$","M","R","BOSS"],"items_purchased_type":["Relic","Relic","Potion","Relic","Relic","Card"],"build_version":"2020-12-22","purchased_purges":2,"victory":false,"max_hp_per_floor":[75,75,75,75,75,75,75,75,75,75,75,75,75,75,75,75,75],"card_choices":[{"not_picked":["hermit:Combo","hermit:Glare","hermit:NoHoldsBarred"],"picked":"SKIP","floor":1.0},{"not_picked":["hermit:BodyArmor","hermit:Vantage","hermit:TrackingShot"],"picked":"SKIP","floor":7},{"not_picked":["hermit:Misfire","hermit:BodyArmor","hermit:Glare"],"picked":"SKIP","floor":8},{"not_picked":["hermit:TakeAim","hermit:Coalescence"],"picked":"hermit:Horror","floor":10},{"not_picked":["hermit:LowProfile","hermit:Vantage","hermit:Headshot"],"picked":"SKIP","floor":11},{"not_picked":["hermit:Combo","hermit:Vantage","hermit:Virtue"],"picked":"SKIP","floor":14}],"player_experience":597639,"relics_obtained":[{"floor":3,"key":"Matryoshka"},{"floor":7,"key":"Art of War"},{"floor":9,"key":"Omamori"},{"floor":9,"key":"hubris:CrystalStatue"}],"event_choices":[{"damage_healed":0,"gold_gain":0,"player_choice":"Box","damage_taken":0,"relics_obtained":["hubris:TenFootPole"],"max_hp_gain":0,"max_hp_loss":0,"event_name":"Big Fish","floor":4,"gold_loss":0,"cards_obtained":["Regret"]},{"damage_healed":0,"gold_gain":0,"player_choice":"Entered Light","damage_taken":15,"max_hp_gain":0,"max_hp_loss":0,"event_name":"Shining Light","floor":5,"gold_loss":0,"cards_upgraded":["hermit:Strike_Hermit","hermit:Covet"]}],"is_beta":false,"boss_relics":[],"items_purged_floors":[2,12],"is_endless":false,"potions_floor_spawned":[1,8,10,11],"killed_by":"The Guardian","ascension_level":0}}