{"host":"lklj3eidp7g5an38","time":1612914308,"event":{"mods":["AchievementEnabler","BaseMod","Colored Map","Colored Powertips","Curses Come First","DeckTracker","Highlight Path","Minty Spire (QoL Compilation)","Relic Stats","StSLib"],"gold_per_floor":[116,136,61,61,71,103,103,133,187,187,204,217,242,297,297,370,370,345,356,71,71,106,106,106,106,106,134,161,173,198,217,217,292,292,310,310,310],"floor_reached":36,"language":"ENG","playtime":3002,"items_purged":[],"score":805,"play_id":"d7690b1e-3354-4ed7-b45c-201325341520","local_time":"20210209234508","is_ascension_mode":true,"campfire_choices":[{"floor":7,"key":"REST"},{"data":"Malaise","floor":15,"key":"SMITH"},{"floor":23,"key":"REST"},{"floor":25,"key":"REST"},{"data":"Calculated Gamble","floor":32,"key":"SMITH"}],"circlet_count":0,"master_deck":["AscendersBane","Strike_G","Strike_G","Strike_G","Strike_G","Defend_G+1","Defend_G+1","Defend_G","Defend_G","Defend_G","Survivor","Neutralize+1","Footwork+1","Skewer","All Out Attack","PiercingWail","Escape Plan","Cloak And Dagger","Crippling Poison","Malaise+1","Venomology","Blade Dance+1","Writhe","Calculated Gamble+1","Acrobatics","Backflip","Calculated Gamble","Adrenaline","Footwork"],"relics":["Ring of the Snake","Tiny Chest","Odd Mushroom","Vajra","Turnip","Potion Belt","Akabeko","Busted Crown","Paper Crane","Red Mask","Mummified Hand","Question Card","Ginger","War Paint","Bottled Lightning","SlaversCollar"],"acts_visited":["Exordium","TheCity","TheBeyond"],"potions_floor_usage":[6,12,19,19,22,27,27,29,30,30,31,33,33,33,33,33],"damage_taken":[{"damage":0,"enemies":"Cultist","floor":1,"turns":4},{"damage":4,"enemies":"Jaw Worm","floor":2,"turns":6},{"damage":6,"enemies":"2 Louse","floor":5,"turns":3},{"damage":26,"enemies":"3 Sentries","floor":6,"turns":7},{"damage":8,"enemies":"The Mushroom Lair","floor":8,"turns":4},{"damage":3,"enemies":"Looter","floor":11,"turns":3},{"damage":4,"enemies":"Gremlin Gang","floor":12,"turns":5},{"damage":1,"enemies":"Lagavulin","floor":13,"turns":10},{"damage":1,"enemies":"Hexaghost","floor":16,"turns":17},{"damage":7,"enemies":"2 Thieves","floor":18,"turns":4},{"damage":28,"enemies":"Chosen","floor":19,"turns":9},{"damage":12,"enemies":"Masked Bandits","floor":22,"turns":5},{"damage":5,"enemies":"Gremlin Leader","floor":27,"turns":4},{"damage":4,"enemies":"Shelled Parasite and Fungi","floor":29,"turns":6},{"damage":0,"enemies":"Book of Stabbing","floor":30,"turns":6},{"damage":1,"enemies":"3 Cultists","floor":31,"turns":5},{"damage":55,"enemies":"Champ","floor":33,"turns":19},{"damage":48,"enemies":"3 Shapes","floor":35,"turns":11},{"damage":5,"enemies":"3 Darklings","floor":36,"turns":2}],"seed_played":"-1437899986941363906","potions_obtained":[{"floor":5,"key":"DuplicationPotion"},{"floor":6,"key":"Block Potion"},{"floor":13,"key":"Weak Potion"},{"floor":16,"key":"FearPotion"},{"floor":18,"key":"LiquidBronze"},{"floor":27,"key":"Regen Potion"},{"floor":29,"key":"SpeedPotion"},{"floor":30,"key":"AttackPotion"},{"floor":31,"key":"GamblersBrew"},{"floor":35,"key":"SmokeBomb"}],"is_trial":false,"path_per_floor":["M","M","?","?","M","E","R","?","T","T","M","M","E","T","R","B",null,"M","M","$","?","?","R","?","R","T","E","T","M","E","M","R","B",null,"M","M"],"character_chosen":"THE_SILENT","items_purchased":["Paper Crane"],"campfire_rested":3,"item_purchase_floors":[20],"current_hp_per_floor":[59,55,55,55,49,23,42,34,34,34,31,27,26,26,26,25,56,49,21,21,21,9,28,28,47,47,42,42,53,53,52,52,9,52,4,0,0],"gold":310,"neow_bonus":"UPGRADE_CARD","is_daily":false,"chose_seed":false,"campfire_upgraded":2,"win_rate":0.0,"timestamp":1612914308,"path_taken":["M","M","?","?","M","E","R","?","T","?","?","M","E","?","R","BOSS","M","M","$","?","?","R","?","R","T","E","?","M","E","M","R","BOSS","M","?"],"items_purchased_type":["Relic"],"build_version":"2020-12-22","purchased_purges":0,"victory":false,"max_hp_per_floor":[66,66,66,66,66,66,66,66,66,66,66,66,66,66,66,66,66,66,66,66,66,66,66,66,66,66,66,66,66,66,66,66,66,66,66,66,66],"relic_stats":{"Busted Crown":18,"counters":[19,130],"Mummified Hand":[9],"Tiny Chest":2,"Turnip":[13],"Ginger":[4],"War Paint":["Defend_G","Defend_G"],"Question Card":6,"obtain_stats":[{"Potion Belt":13,"Vajra":9,"Ginger":27,"Odd Mushroom":8,"Paper Crane":20,"War Paint":28,"Question Card":26,"Akabeko":14,"SlaversCollar":34,"Busted Crown":17,"Mummified Hand":24,"Tiny Chest":6,"Turnip":10,"Red Mask":22,"Bottled Lightning":30,"Ring of the Snake":0},{"Potion Belt":8,"Vajra":5,"Ginger":13,"Odd Mushroom":5,"Paper Crane":11,"War Paint":13,"Question Card":12,"Akabeko":8,"SlaversCollar":17,"Busted Crown":9,"Mummified Hand":12,"Tiny Chest":4,"Turnip":5,"Red Mask":12,"Bottled Lightning":15,"Ring of the Snake":0},{"Potion Belt":42,"Vajra":24,"Ginger":81,"Odd Mushroom":24,"Paper Crane":72,"War Paint":81,"Question Card":77,"Akabeko":42,"SlaversCollar":117,"Busted Crown":59,"Mummified Hand":77,"Tiny Chest":20,"Turnip":24,"Red Mask":77,"Bottled Lightning":93,"Ring of the Snake":0}],"Ring of the Snake":[38]},"card_choices":[{"not_picked":["Cloak And Dagger","Prepared"],"picked":"Footwork","floor":1},{"not_picked":["Bane","Riddle With Holes"],"picked":"Skewer","floor":2},{"not_picked":["Dagger Spray","Catalyst"],"picked":"All Out Attack","floor":5},{"not_picked":["Dagger Throw","Acrobatics"],"picked":"PiercingWail","floor":6},{"not_picked":["Masterful Stab","Outmaneuver"],"picked":"Escape Plan","floor":8},{"not_picked":["Dash","Bullet Time"],"picked":"Cloak And Dagger","floor":11},{"not_picked":["Blur","Backflip"],"picked":"Crippling Poison","floor":12},{"not_picked":["Bullet Time","Dagger Throw"],"picked":"Malaise","floor":13},{"not_picked":["Die Die Die","Bullet Time"],"picked":"Venomology","floor":16},{"not_picked":["Deflect"],"picked":"SKIP","floor":18},{"not_picked":[],"picked":"Blade Dance+1","floor":19},{"not_picked":["Distraction"],"picked":"Calculated Gamble","floor":27},{"not_picked":["Endless Agony"],"picked":"Acrobatics","floor":29},{"not_picked":["Acrobatics"],"picked":"Backflip","floor":30},{"not_picked":["Underhanded Strike"],"picked":"Calculated Gamble","floor":31},{"not_picked":["Die Die Die"],"picked":"Adrenaline","floor":33},{"not_picked":["Dagger Spray"],"picked":"Footwork","floor":35}],"player_experience":946814,"relics_obtained":[{"floor":6,"key":"Tiny Chest"},{"floor":8,"key":"Odd Mushroom"},{"floor":9,"key":"Vajra"},{"floor":10,"key":"Turnip"},{"floor":13,"key":"Potion Belt"},{"floor":14,"key":"Akabeko"},{"floor":22,"key":"Red Mask"},{"floor":26,"key":"Question Card"},{"floor":27,"key":"Ginger"},{"floor":28,"key":"War Paint"},{"floor":30,"key":"Bottled Lightning"}],"event_choices":[{"cards_removed":["Strike_G"],"damage_healed":0,"gold_gain":0,"player_choice":"Card Removal","damage_taken":0,"max_hp_gain":0,"max_hp_loss":0,"event_name":"The Cleric","floor":3,"gold_loss":75},{"damage_healed":0,"gold_gain":0,"player_choice":"Grow","damage_taken":0,"max_hp_gain":0,"max_hp_loss":0,"event_name":"Living Wall","floor":4,"gold_loss":0,"cards_upgraded":["Footwork"]},{"damage_healed":0,"gold_gain":0,"player_choice":"Fought Mushrooms","damage_taken":0,"max_hp_gain":0,"max_hp_loss":0,"event_name":"Mushrooms","floor":8,"gold_loss":0},{"damage_healed":0,"gold_gain":0,"player_choice":"Ignored","damage_taken":0,"max_hp_gain":0,"max_hp_loss":0,"event_name":"Vampires","floor":21,"gold_loss":0},{"damage_healed":0,"gold_gain":0,"player_choice":"Fought Bandits","damage_taken":0,"max_hp_gain":0,"max_hp_loss":0,"event_name":"Masked Bandits","floor":22,"gold_loss":0},{"damage_healed":0,"gold_gain":0,"player_choice":"Opened","damage_taken":0,"relics_obtained":["Mummified Hand"],"max_hp_gain":0,"max_hp_loss":0,"event_name":"The Mausoleum","floor":24,"gold_loss":0,"cards_obtained":["Writhe"]}],"is_beta":false,"boss_relics":[{"not_picked":["Cursed Key","Sozu"],"picked":"Busted Crown"},{"not_picked":["Philosopher\u0027s Stone","Snecko Eye"],"picked":"SlaversCollar"}],"items_purged_floors":[],"is_endless":false,"potions_floor_spawned":[5,6,13,16,18,27,29,30,31,35],"killed_by":"3 Darklings","ascension_level":17}}