{"host":"yqw1zpryoutrnocq","time":1612915137,"event":{"mods":["2.2 Compatiblity","AchievementEnabler","BaseMod","Colored Map","Custom Start","DeckTracker","Minty Spire (QoL Compilation)","StSLib","SuperFastMode"],"gold_per_floor":[111,130,146,0,18,49,63,63,63,63,63],"floor_reached":10,"language":"KOR","playtime":279,"items_purged":["Strike_P"],"score":84,"play_id":"3f74eca6-4964-4b1d-965a-94bcf3cb3a4f","local_time":"20210209175857","is_ascension_mode":true,"campfire_choices":[{"data":"Eruption","floor":8,"key":"SMITH"}],"circlet_count":0,"master_deck":["Strike_P","Strike_P","Strike_P","Defend_P","Defend_P","Defend_P","Defend_P","Eruption+1","Vigilance","Ragnarok","FlyingSleeves","MentalFortress","CarveReality","Crescendo","Vault"],"relics":["PureWater","TungstenRod","Frozen Egg 2"],"acts_visited":["Exordium"],"potions_floor_usage":[10],"damage_taken":[{"damage":0,"enemies":"Cultist","floor":1,"turns":3},{"damage":0,"enemies":"Jaw Worm","floor":2,"turns":3},{"damage":6,"enemies":"2 Louse","floor":3,"turns":3},{"damage":16,"enemies":"Lots of Slimes","floor":5,"turns":3},{"damage":16,"enemies":"Gremlin Nob","floor":6,"turns":3},{"damage":9,"enemies":"Gremlin Gang","floor":7,"turns":2},{"damage":27,"enemies":"3 Sentries","floor":10,"turns":4}],"seed_played":"-6687778015238485113","potions_obtained":[{"floor":5,"key":"LiquidBronze"},{"floor":6,"key":"ColorlessPotion"}],"is_trial":false,"path_per_floor":["M","M","M","$","M","E","M","R","T","E"],"character_chosen":"WATCHER","items_purchased":["CarveReality"],"campfire_rested":0,"item_purchase_floors":[4],"current_hp_per_floor":[65,65,59,59,43,27,18,18,18,0,0],"gold":63,"neow_bonus":"THREE_RARE_CARDS","is_daily":false,"chose_seed":false,"campfire_upgraded":1,"win_rate":0.0,"timestamp":1612915137,"path_taken":["M","?","M","$","M","E","M","R","T","E"],"items_purchased_type":["Card"],"build_version":"2020-12-22","purchased_purges":1,"victory":false,"max_hp_per_floor":[65,65,65,65,65,65,65,65,65,65,65],"card_choices":[{"not_picked":["Devotion","Alpha"],"picked":"Ragnarok","floor":0},{"not_picked":["SashWhip","LikeWater"],"picked":"FlyingSleeves","floor":1},{"not_picked":["BowlingBash","EmptyBody"],"picked":"MentalFortress","floor":2},{"not_picked":["WreathOfFlame","Evaluate","CutThroughFate"],"picked":"SKIP","floor":3},{"not_picked":["Pray","JustLucky"],"picked":"Crescendo","floor":5},{"not_picked":["BowlingBash","FlurryOfBlows","ForeignInfluence"],"picked":"SKIP","floor":6},{"not_picked":["Prostrate","JustLucky"],"picked":"Vault","floor":7}],"player_experience":323065,"relics_obtained":[{"floor":6,"key":"TungstenRod"},{"floor":9,"key":"Frozen Egg 2"}],"event_choices":[],"is_beta":false,"boss_relics":[],"items_purged_floors":[4],"is_endless":false,"potions_floor_spawned":[5,6],"killed_by":"3 Sentries","ascension_level":4}}