{"host":"8f5cu9y0fpol72qs","time":1612839519,"event":{"mods":["AlwaysNeverKeys","BaseMod","Colored Map","Colored Powertips","Curses Come First","Highlight Path","Key Reminder","Minty Spire (QoL Compilation)","StSLib"],"gold_per_floor":[119,136,150,169,169,201,201,227,250,250,283,300,300,330,330,401,401,417,428,441,315,331,331,365,365,365],"floor_reached":25,"language":"ENG","playtime":1153,"items_purged":["Strike_G"],"score":431,"play_id":"644d8e01-ae39-4915-8555-5a6f213793f3","local_time":"20210208185839","is_ascension_mode":true,"campfire_choices":[{"data":"Glass Knife","floor":7.0,"key":"SMITH"},{"floor":10.0,"key":"REST"},{"data":"Footwork","floor":15,"key":"SMITH"},{"floor":23,"key":"REST"}],"circlet_count":0,"master_deck":["AscendersBane","Strike_G","Strike_G","Strike_G","Defend_G","Defend_G","Defend_G+1","Defend_G","Defend_G","Survivor+1","Neutralize","Glass Knife+1","Endless Agony","Quick Slash","Poisoned Stab","Backstab","Deadly Poison","Well Laid Plans","Dagger Spray","Footwork+1","Wraith Form v2","Blade Dance+1","Deadly Poison+1","Blade Dance+1","PiercingWail+1","Noxious Fumes","PiercingWail+1"],"relics":["Ring of the Snake","Singing Bowl","Omamori","Bag of Marbles","Ancient Tea Set","Toxic Egg 2","Sozu","Red Mask"],"acts_visited":["Exordium","TheCity"],"potions_floor_usage":[14,16,24],"damage_taken":[{"damage":0.0,"enemies":"Small Slimes","floor":1.0,"turns":4.0},{"damage":0.0,"enemies":"2 Louse","floor":2.0,"turns":2.0},{"damage":1.0,"enemies":"Cultist","floor":3.0,"turns":3.0},{"damage":0.0,"enemies":"Gremlin Gang","floor":4.0,"turns":3.0},{"damage":3.0,"enemies":"3 Sentries","floor":6.0,"turns":9.0},{"damage":14.0,"enemies":"Lagavulin","floor":8.0,"turns":5.0},{"damage":4.0,"enemies":"Gremlin Nob","floor":11.0,"turns":3.0},{"damage":0.0,"enemies":"Blue Slaver","floor":12.0,"turns":2.0},{"damage":1,"enemies":"Lagavulin","floor":14,"turns":5},{"damage":21,"enemies":"Slime Boss","floor":16,"turns":7},{"damage":0,"enemies":"Chosen","floor":18,"turns":2},{"damage":9,"enemies":"2 Thieves","floor":19,"turns":3},{"damage":20,"enemies":"Cultist and Chosen","floor":20,"turns":6},{"damage":13,"enemies":"Centurion and Healer","floor":22,"turns":6},{"damage":1,"enemies":"Masked Bandits","floor":24,"turns":4},{"damage":36,"enemies":"Slavers","floor":25,"turns":4}],"seed_played":"-2458663505765159065","potions_obtained":[{"floor":2.0,"key":"Swift Potion"},{"floor":3.0,"key":"Dexterity Potion"},{"floor":4.0,"key":"CunningPotion"},{"floor":11.0,"key":"EssenceOfSteel"},{"floor":13.0,"key":"LiquidMemories"},{"floor":16,"key":"Swift Potion"}],"is_trial":false,"path_per_floor":["M","M","M","M","?","E","R","E","T","R","E","M","?","E","R","B",null,"M","M","M","$","M","R","?","E"],"character_chosen":"THE_SILENT","items_purchased":["PiercingWail+1"],"campfire_rested":2,"item_purchase_floors":[21],"current_hp_per_floor":[59,59,58,58,38,35,35,21,21,40,38,38,38,37,37,16,55,55,46,26,26,13,33,32,0,0],"gold":365,"neow_bonus":"TRANSFORM_CARD","is_daily":false,"chose_seed":false,"campfire_upgraded":2,"win_rate":0.0,"timestamp":1612839519,"path_taken":["M","M","M","M","?","E","R","E","T","R","E","M","?","E","R","BOSS","M","M","M","?","?","R","?","E"],"items_purchased_type":["Card"],"build_version":"2020-12-22","purchased_purges":1,"victory":false,"max_hp_per_floor":[66,66,66,66,66,66,66,66,66,66,68,68,68,68,68,68,68,68,68,68,68,68,68,68,68,68],"card_choices":[{"not_picked":["Dagger Throw","Prepared"],"picked":"Endless Agony","floor":1.0},{"not_picked":["Outmaneuver","Finisher"],"picked":"Quick Slash","floor":2.0},{"not_picked":["Sucker Punch","Caltrops"],"picked":"Poisoned Stab","floor":3.0},{"not_picked":["Setup","Deadly Poison"],"picked":"Backstab","floor":4.0},{"not_picked":["Endless Agony","Grand Finale"],"picked":"Deadly Poison","floor":6.0},{"not_picked":["Blade Dance","Slice"],"picked":"Well Laid Plans","floor":8.0},{"not_picked":["Deadly Poison","Deflect","Dagger Throw"],"picked":"Singing Bowl","floor":11.0},{"not_picked":["Setup","Grand Finale"],"picked":"Dagger Spray","floor":12.0},{"not_picked":["Well Laid Plans","Deadly Poison+1"],"picked":"Footwork","floor":14},{"not_picked":["Night Terror+1","A Thousand Cuts"],"picked":"Wraith Form v2","floor":16},{"not_picked":["Acrobatics+1","Tactician+1"],"picked":"Blade Dance+1","floor":18},{"not_picked":["Predator","Dagger Spray"],"picked":"Deadly Poison+1","floor":19},{"not_picked":["Flying Knee","Prepared+1"],"picked":"Blade Dance+1","floor":20},{"not_picked":["Sucker Punch","Outmaneuver+1"],"picked":"Noxious Fumes","floor":22},{"not_picked":["Poisoned Stab","Quick Slash+1"],"picked":"PiercingWail+1","floor":24}],"player_experience":1053324,"relics_obtained":[{"floor":6.0,"key":"Singing Bowl"},{"floor":8.0,"key":"Omamori"},{"floor":9.0,"key":"Bag of Marbles"},{"floor":11.0,"key":"Ancient Tea Set"},{"floor":14,"key":"Toxic Egg 2"},{"floor":24,"key":"Red Mask"}],"event_choices":[{"damage_healed":0.0,"max_hp_gain":0.0,"max_hp_loss":0.0,"gold_gain":0.0,"event_name":"Shining Light","player_choice":"Entered Light","floor":5.0,"gold_loss":0.0,"damage_taken":20.0,"cards_upgraded":["Defend_G","Survivor"]},{"damage_healed":0.0,"max_hp_gain":0.0,"max_hp_loss":0.0,"gold_gain":0.0,"event_name":"Lab","player_choice":"Got Potions","floor":13.0,"gold_loss":0.0,"damage_taken":0.0},{"damage_healed":0,"gold_gain":0,"player_choice":"Fought Bandits","damage_taken":0,"max_hp_gain":0,"max_hp_loss":0,"event_name":"Masked Bandits","floor":24,"gold_loss":0}],"is_beta":false,"boss_relics":[{"not_picked":["Philosopher\u0027s Stone","SlaversCollar"],"picked":"Sozu"}],"items_purged_floors":[21],"is_endless":false,"potions_floor_spawned":[2,3,4,11,16,18,19,24],"killed_by":"Slavers","ascension_level":17}}