{"host":"04x9isxu4s2lvye3","time":1612840340,"event":{"mods":["BaseMod","Colored Powertips","Highlight Path","Minty Spire (QoL Compilation)"],"gold_per_floor":[113,130,130,130,145,145,164,164,188,217,22,48,48,60,60,156,156,170,170,170,8,26,26,41,41,41,67,67,79,106,318,330,342,342],"floor_reached":33,"language":"ENG","playtime":1554,"items_purged":["Strike_G","Decay"],"score":369,"play_id":"01fc5803-a3f5-4888-8007-d644adaa89c7","local_time":"20210208221220","is_ascension_mode":true,"campfire_choices":[{"data":"Neutralize","floor":6,"key":"SMITH"},{"floor":13,"key":"REST"},{"data":"Footwork","floor":15,"key":"SMITH"},{"floor":23,"key":"REST"},{"data":"Noxious Fumes","floor":25,"key":"SMITH"},{"data":"Leg Sweep","floor":29,"key":"SMITH"},{"floor":32,"key":"REST"}],"circlet_count":0,"master_deck":["Strike_G","Defend_G+1","Defend_G+1","Defend_G","Defend_G+1","Defend_G","Survivor+1","Neutralize+1","Deadly Poison","PiercingWail","Infinite Blades","Slice","Backstab","Poisoned Stab","Footwork+1","Glass Knife","Deflect+1","Noxious Fumes+1","Leg Sweep+1","Bane+1","Blade Dance+1","PiercingWail+1"],"relics":["SlaversCollar","War Paint","Oddly Smooth Stone","Membership Card","Centennial Puzzle","Empty Cage","TwistedFunnel","Ornamental Fan","Snake Skull","MawBank"],"acts_visited":["Exordium","TheCity"],"potions_floor_usage":[10,12,12,16,27,33],"damage_taken":[{"damage":11,"enemies":"Jaw Worm","floor":1,"turns":8},{"damage":1,"enemies":"2 Louse","floor":2,"turns":4},{"damage":2,"enemies":"Cultist","floor":5,"turns":4},{"damage":5,"enemies":"Blue Slaver","floor":7,"turns":4},{"damage":19,"enemies":"Lagavulin","floor":10,"turns":6},{"damage":7,"enemies":"Gremlin Nob","floor":12,"turns":4},{"damage":0,"enemies":"Exordium Thugs","floor":14,"turns":5},{"damage":23,"enemies":"Slime Boss","floor":16,"turns":10},{"damage":2,"enemies":"Spheric Guardian","floor":18,"turns":6},{"damage":16,"enemies":"2 Thieves","floor":22,"turns":5},{"damage":6,"enemies":"Cultist and Chosen","floor":24,"turns":7},{"damage":20,"enemies":"Book of Stabbing","floor":27,"turns":5},{"damage":3,"enemies":"Snake Plant","floor":30,"turns":4},{"damage":53,"enemies":"Automaton","floor":33,"turns":12}],"seed_played":"-1124305218181015503","potions_obtained":[{"floor":5,"key":"FearPotion"},{"floor":7,"key":"Dexterity Potion"},{"floor":10,"key":"SteroidPotion"},{"floor":12,"key":"PowerPotion"},{"floor":24,"key":"SteroidPotion"},{"floor":30,"key":"CunningPotion"}],"is_trial":false,"path_per_floor":["M","M","?","?","M","R","M","?","T","E","$","E","R","M","R","B",null,"M","?","?","$","M","R","M","R","T","E","T","R","M","?","R","B"],"character_chosen":"THE_SILENT","items_purchased":["Membership Card","TwistedFunnel","Noxious Fumes"],"campfire_rested":3,"item_purchase_floors":[11,21,21],"current_hp_per_floor":[52,51,51,70,68,68,63,49,49,30,30,23,44,44,44,21,58,56,56,56,56,40,61,55,55,55,35,35,35,32,32,53,0,0],"gold":342,"neow_bonus":"BOSS_RELIC","is_daily":false,"chose_seed":false,"campfire_upgraded":4,"win_rate":0.0,"timestamp":1612840340,"path_taken":["M","M","?","?","M","R","M","?","T","E","?","E","R","M","R","BOSS","M","?","?","$","M","R","M","R","T","E","?","R","?","?","R","BOSS"],"items_purchased_type":["Relic","Relic","Card"],"build_version":"2020-12-22","purchased_purges":2,"victory":false,"max_hp_per_floor":[70,70,70,70,70,70,70,70,70,70,70,70,70,70,70,70,70,70,70,70,70,70,70,70,70,70,70,70,70,70,70,70,70,70],"card_choices":[{"not_picked":["Deflect","Quick Slash"],"picked":"Deadly Poison","floor":1},{"not_picked":["Flechettes","Choke"],"picked":"PiercingWail","floor":2},{"not_picked":["Deflect","Riddle With Holes"],"picked":"Infinite Blades","floor":5},{"not_picked":["Wraith Form v2","Finisher"],"picked":"Slice","floor":7},{"not_picked":["Infinite Blades","Eviscerate"],"picked":"Backstab","floor":10},{"not_picked":["Quick Slash","Crippling Poison"],"picked":"Poisoned Stab","floor":12},{"not_picked":["Outmaneuver","Prepared"],"picked":"Footwork","floor":14},{"not_picked":["After Image","Night Terror"],"picked":"Glass Knife","floor":16},{"not_picked":["Underhanded Strike","Acrobatics"],"picked":"Deflect+1","floor":18},{"not_picked":["Underhanded Strike","Distraction"],"picked":"Leg Sweep","floor":22},{"not_picked":["Backflip","Slice"],"picked":"Bane+1","floor":24},{"not_picked":["Bane","Well Laid Plans"],"picked":"Blade Dance+1","floor":27},{"not_picked":["Acrobatics+1","Predator"],"picked":"PiercingWail+1","floor":30}],"player_experience":255354,"relics_obtained":[{"floor":9,"key":"War Paint"},{"floor":10,"key":"Oddly Smooth Stone"},{"floor":12,"key":"Centennial Puzzle"},{"floor":26,"key":"Ornamental Fan"},{"floor":27,"key":"Snake Skull"},{"floor":28,"key":"MawBank"}],"event_choices":[{"damage_healed":0,"gold_gain":0,"player_choice":"Ignored","damage_taken":0,"max_hp_gain":0,"max_hp_loss":0,"event_name":"Liars Game","floor":3,"gold_loss":0},{"damage_healed":23,"gold_gain":0,"player_choice":"Banana","damage_taken":0,"max_hp_gain":0,"max_hp_loss":0,"event_name":"Big Fish","floor":4,"gold_loss":0},{"damage_healed":0,"gold_gain":0,"player_choice":"Entered Light","damage_taken":14,"max_hp_gain":0,"max_hp_loss":0,"event_name":"Shining Light","floor":8,"gold_loss":0,"cards_upgraded":["Defend_G","Survivor"]},{"cards_removed":["Strike_G"],"damage_healed":0,"gold_gain":0,"player_choice":"Elegance","damage_taken":0,"max_hp_gain":0,"max_hp_loss":0,"event_name":"Back to Basics","floor":19,"gold_loss":0},{"damage_healed":0,"gold_gain":0,"player_choice":"Smashed Altar","damage_taken":0,"max_hp_gain":0,"max_hp_loss":0,"event_name":"Forgotten Altar","floor":20,"gold_loss":0,"cards_obtained":["Decay"]},{"damage_healed":0,"gold_gain":200,"player_choice":"Gold","damage_taken":0,"max_hp_gain":0,"max_hp_loss":0,"event_name":"Wheel of Change","floor":31,"gold_loss":0}],"is_beta":false,"boss_relics":[{"not_picked":["Astrolabe","Fusion Hammer"],"picked":"Empty Cage"}],"items_purged_floors":[11,21],"is_endless":false,"potions_floor_spawned":[5,7,10,12,24,30],"killed_by":"Automaton","ascension_level":7}}