{"host":"qy1e0kd24tpj3i2m","time":1612899493,"event":{"mods":["Act Like it!","BaseMod","Better Skull","Better Vampires","Colored Map","Colored Powertips","Custom Start","Displayed Cursed Tome","Faster Ascension Climbing","Friendly Minions","GifTheSpireLib","Gremlin Skip","Highlight Path","Minty Spire (QoL Compilation)","Permanent Neow","Poor People Problems","Quick Restart","Red Circlet Mod","Relic Filter Mod","Relic Sorter","Reorder Act Four","SacredBarkPlus","Shop Mod","StSLib","SuperFastMode","Transform Curses","没有小屋子和绿帽子啦"],"gold_per_floor":[116,41,41,41,61,61,89,89,89,89,89,14,14,14,14,89,89,109,124,24,24,79,79,79,79],"floor_reached":24,"language":"ZHS","playtime":423,"items_purged":["Bash","Strike_R"],"score":426,"play_id":"f5af50a5-30bb-463f-8c0d-71e83f9ef6dd","local_time":"20210210043813","is_ascension_mode":true,"campfire_choices":[{"data":"Rampage","floor":6.0,"key":"SMITH"},{"data":"True Grit","floor":8.0,"key":"SMITH"},{"floor":11.0,"key":"RECALL"},{"floor":15.0,"key":"REST"},{"data":"Flex","floor":23,"key":"SMITH"}],"circlet_count":0,"master_deck":["AscendersBane","Strike_R","Strike_R","Strike_R","Defend_R","Defend_R","Defend_R+1","Defend_R","Rampage+1","Pommel Strike+1","True Grit+1","Offering","Flex+1","Dual Wield","Ghostly","Ghostly","Ghostly"],"relics":["Burning Blood","NeowsBlessing","Nunchaku","Akabeko","Mark of Pain","Lantern"],"acts_visited":["Exordium","TheCity"],"potions_floor_usage":[],"damage_taken":[{"damage":0.0,"enemies":"Cultist","floor":1.0,"turns":1.0},{"damage":0.0,"enemies":"Jaw Worm","floor":5.0,"turns":1.0},{"damage":0.0,"enemies":"Gremlin Nob","floor":7.0,"turns":1.0},{"damage":26.0,"enemies":"The Guardian","floor":16.0,"turns":10.0},{"damage":40,"enemies":"3 Byrds","floor":18,"turns":8},{"damage":34,"enemies":"Shell Parasite","floor":19,"turns":8},{"damage":23,"enemies":"Snecko","floor":24,"turns":3}],"seed_played":"2406525035234303942","potions_obtained":[{"floor":7.0,"key":"PowerPotion"},{"floor":19,"key":"SpeedPotion"}],"is_trial":false,"path_per_floor":["M","$","T","?","M","R","E","R","T","?","R","?","$","$","R","B",null,"M","M","$","?","T","R","M"],"character_chosen":"IRONCLAD","items_purchased":[],"campfire_rested":1,"item_purchase_floors":[],"current_hp_per_floor":[74,74,74,74,75,75,75,75,75,52,52,52,52,52,74,54,70,36,8,8,8,8,8,0,0],"gold":79,"neow_bonus":"THREE_ENEMY_KILL","is_daily":false,"chose_seed":false,"campfire_upgraded":3,"win_rate":0.0,"timestamp":1612899493,"path_taken":["M","$","?","?","?","R","E","R","T","?","R","?","?","$","R","BOSS","M","M","$","?","?","R","?"],"items_purchased_type":[],"build_version":"2020-12-22","purchased_purges":2,"victory":false,"max_hp_per_floor":[75,75,75,75,75,75,75,75,75,75,75,75,75,75,75,75,75,75,75,75,37,37,37,37,37],"card_choices":[{"not_picked":["Perfected Strike","Clash"],"picked":"Rampage","floor":1.0},{"not_picked":["Sentinel","Thunderclap"],"picked":"Pommel Strike","floor":5.0},{"not_picked":["Clash","Armaments"],"picked":"True Grit","floor":7.0},{"not_picked":["Limit Break","Immolate"],"picked":"Offering","floor":16.0},{"not_picked":["Iron Wave+1","Heavy Blade"],"picked":"Flex","floor":18},{"not_picked":["Body Slam","Headbutt"],"picked":"Dual Wield","floor":19}],"player_experience":1002577,"relics_obtained":[{"floor":7.0,"key":"Nunchaku"},{"floor":9.0,"key":"Akabeko"},{"floor":22,"key":"Lantern"}],"event_choices":[{"damage_healed":0.0,"max_hp_gain":0.0,"max_hp_loss":0.0,"gold_gain":0.0,"event_name":"Match and Keep!","player_choice":"0 cards matched","floor":4.0,"gold_loss":0.0,"damage_taken":0.0,"cards_obtained":[]},{"damage_healed":0.0,"max_hp_gain":0.0,"max_hp_loss":0.0,"gold_gain":0.0,"event_name":"Shining Light","player_choice":"Entered Light","floor":10.0,"gold_loss":0.0,"damage_taken":23.0,"cards_upgraded":["Pommel Strike","Defend_R"]},{"cards_removed":["Strike_R"],"damage_healed":0.0,"max_hp_gain":0.0,"max_hp_loss":0.0,"gold_gain":0.0,"event_name":"The Cleric","player_choice":"Card Removal","floor":12.0,"gold_loss":75.0,"damage_taken":0.0},{"damage_healed":0,"gold_gain":0,"player_choice":"Became a Ghost","damage_taken":0,"max_hp_gain":0,"max_hp_loss":38,"event_name":"Ghosts","floor":21,"gold_loss":0,"cards_obtained":["Ghostly","Ghostly","Ghostly"]}],"is_beta":false,"boss_relics":[{"not_picked":["Sozu","Coffee Dripper"],"picked":"Mark of Pain"}],"items_purged_floors":[2,20],"is_endless":false,"potions_floor_spawned":[7,19],"killed_by":"Snecko","ascension_level":20}}