{"host":"kpyf5rnb72uwap8k","time":1612861814,"event":{"mods":["AchievementEnabler","BaseMod","Colored Map","Colored Powertips","DeckTracker","Minty Spire (QoL Compilation)","Permanent Neow","Quick Restart","StSLib","SuperFastMode"],"gold_per_floor":[115,125,200,211,54,54,80,90,90,90,101,101,114,129,129,234,234,244,257,257,275,86,86,118,43,43,56,56,72,86,101,101,101,101],"floor_reached":33,"language":"KOR","playtime":841,"items_purged":["Strike_P","Strike_P+1"],"score":300,"play_id":"0f11342b-f75f-4045-8928-e983e1e30785","local_time":"20210209181014","is_ascension_mode":true,"campfire_choices":[{"data":"PathToVictory","floor":6.0,"key":"SMITH"},{"data":"Ragnarok","floor":12.0,"key":"SMITH"},{"data":"Vigilance","floor":15.0,"key":"SMITH"},{"data":"Judgement","floor":23.0,"key":"SMITH"},{"floor":32,"key":"REST"}],"circlet_count":0,"master_deck":["Strike_P","Defend_P","Defend_P","Defend_P","Defend_P","Eruption+1","Vigilance+1","PathToVictory+1","FearNoEvil","CutThroughFate+1","Ragnarok+1","Judgement+1","Finesse","CutThroughFate","Pain"],"relics":["PureWater","Bag of Marbles","Whetstone","Cursed Key","Enchiridion","Meat on the Bone","Kunai"],"acts_visited":["Exordium","TheCity"],"potions_floor_usage":[33,33,33],"damage_taken":[{"damage":2.0,"enemies":"Small Slimes","floor":1.0,"turns":4.0},{"damage":2.0,"enemies":"Cultist","floor":2.0,"turns":3.0},{"damage":5.0,"enemies":"2 Louse","floor":4.0,"turns":3.0},{"damage":30.0,"enemies":"Gremlin Nob","floor":7.0,"turns":4.0},{"damage":3.0,"enemies":"Looter","floor":8.0,"turns":2.0},{"damage":1.0,"enemies":"3 Louse","floor":11.0,"turns":3.0},{"damage":0.0,"enemies":"2 Fungi Beasts","floor":13.0,"turns":1.0},{"damage":6.0,"enemies":"Red Slaver","floor":14.0,"turns":3.0},{"damage":36.0,"enemies":"Hexaghost","floor":16.0,"turns":8.0},{"damage":0.0,"enemies":"Chosen","floor":18.0,"turns":2.0},{"damage":6.0,"enemies":"3 Byrds","floor":19.0,"turns":3.0},{"damage":0.0,"enemies":"Sentry and Sphere","floor":21.0,"turns":2.0},{"damage":19.0,"enemies":"Slavers","floor":24.0,"turns":4.0},{"damage":9,"enemies":"Centurion and Healer","floor":27,"turns":3},{"damage":5,"enemies":"Snake Plant","floor":29,"turns":2},{"damage":14,"enemies":"Shelled Parasite and Fungi","floor":30,"turns":4},{"damage":22,"enemies":"Centurion and Healer","floor":31,"turns":3},{"damage":58,"enemies":"Collector","floor":33,"turns":6}],"seed_played":"4319679935049899276","potions_obtained":[{"floor":8.0,"key":"FearPotion"},{"floor":11.0,"key":"Explosive Potion"},{"floor":13.0,"key":"SneckoOil"}],"is_trial":false,"path_per_floor":["M","M","?","M","$","R","E","M","T","?","M","R","M","M","R","B",null,"M","M","?","M","$","R","E","?","T","M","?","M","M","M","R","B"],"character_chosen":"WATCHER","items_purchased":["FearNoEvil","Finesse"],"campfire_rested":1,"item_purchase_floors":[5,22],"current_hp_per_floor":[70,68,61,56,56,56,26,23,23,47,46,46,46,40,40,4,72,72,66,50,50,50,50,31,31,31,34,34,41,39,29,50,0,0],"gold":101,"neow_bonus":"UPGRADE_CARD","is_daily":false,"chose_seed":false,"campfire_upgraded":4,"win_rate":0.0,"timestamp":1612861814,"path_taken":["M","M","?","M","$","R","E","?","T","?","M","R","M","M","R","BOSS","M","M","?","M","$","R","E","?","T","M","?","M","?","?","R","BOSS"],"items_purchased_type":["Card","Card"],"build_version":"2020-12-22","purchased_purges":2,"victory":false,"max_hp_per_floor":[72,72,72,72,72,72,72,72,72,72,72,72,72,72,72,72,72,72,72,72,72,72,72,72,72,72,72,72,72,72,72,72,72,72],"card_choices":[{"not_picked":["FlurryOfBlows","CutThroughFate"],"picked":"PathToVictory","floor":1.0},{"not_picked":["ClearTheMind","ThirdEye","JustLucky"],"picked":"SKIP","floor":2.0},{"not_picked":["Pray","LikeWater","ReachHeaven"],"picked":"SKIP","floor":4.0},{"not_picked":["FlurryOfBlows","Wireheading"],"picked":"CutThroughFate","floor":7.0},{"not_picked":["Prostrate","BowlingBash"],"picked":"Ragnarok","floor":8.0},{"not_picked":["JustLucky","ForeignInfluence","SashWhip"],"picked":"SKIP","floor":11.0},{"not_picked":["Prostrate","LikeWater","FlyingSleeves"],"picked":"SKIP","floor":13.0},{"not_picked":["ClearTheMind","WheelKick","Establishment"],"picked":"SKIP","floor":14.0},{"not_picked":["SpiritShield","MasterReality"],"picked":"Judgement","floor":16.0},{"not_picked":["Nirvana+1","ThirdEye+1","Wallop+1"],"picked":"SKIP","floor":18.0},{"not_picked":["Consecrate+1","CrushJoints","Fasting2"],"picked":"SKIP","floor":19.0},{"not_picked":["CrushJoints","ForeignInfluence","Collect"],"picked":"SKIP","floor":21.0},{"not_picked":["EmptyFist","FollowUp"],"picked":"CutThroughFate","floor":24.0},{"not_picked":["WheelKick+1","Halt","Blasphemy"],"picked":"SKIP","floor":27},{"not_picked":["FlurryOfBlows","JustLucky","FearNoEvil+1"],"picked":"SKIP","floor":29},{"not_picked":["Protect","Consecrate","WreathOfFlame"],"picked":"SKIP","floor":30},{"not_picked":["Halt","Consecrate","FlurryOfBlows"],"picked":"SKIP","floor":31}],"player_experience":260521,"relics_obtained":[{"floor":7.0,"key":"Bag of Marbles"},{"floor":9.0,"key":"Whetstone"},{"floor":20.0,"key":"Enchiridion"},{"floor":24.0,"key":"Meat on the Bone"},{"floor":26.0,"key":"Kunai"}],"event_choices":[{"damage_healed":0.0,"max_hp_gain":0.0,"max_hp_loss":0.0,"gold_gain":75.0,"event_name":"FaceTrader","player_choice":"Touch","floor":3.0,"gold_loss":0.0,"damage_taken":7.0},{"damage_healed":24.0,"max_hp_gain":0.0,"max_hp_loss":0.0,"gold_gain":0.0,"event_name":"Big Fish","player_choice":"Banana","floor":10.0,"gold_loss":0.0,"damage_taken":0.0},{"damage_healed":0.0,"max_hp_gain":0.0,"max_hp_loss":0.0,"gold_gain":0.0,"event_name":"Cursed Tome","player_choice":"Obtained Book","floor":20.0,"gold_loss":0.0,"damage_taken":16.0},{"cards_removed":["Strike_P"],"damage_healed":0.0,"max_hp_gain":0.0,"max_hp_loss":0.0,"gold_gain":0.0,"event_name":"Beggar","player_choice":"Gave Gold","floor":25.0,"gold_loss":75.0,"damage_taken":0.0},{"damage_healed":0,"gold_gain":0,"cards_transformed":["Normality"],"player_choice":"Transformed","damage_taken":0,"max_hp_gain":0,"max_hp_loss":0,"event_name":"Transmorgrifier","floor":28,"gold_loss":0,"cards_obtained":["Pain"]}],"is_beta":false,"boss_relics":[{"not_picked":["Philosopher\u0027s Stone","SacredBark"],"picked":"Cursed Key"}],"items_purged_floors":[5,22],"is_endless":false,"potions_floor_spawned":[8,11,13,16,21,24],"killed_by":"Collector","ascension_level":2}}