{"host":"mydft8i2zzydgggw","time":1612861172,"event":{"mods":["AchievementEnabler","BaseMod","Colored Map","Colored Powertips","DeckTracker","Keyboard Shortcuts","Minty Spire (QoL Compilation)","Rare Cards Sparkle","StSLib","SuperFastMode","everything is the same but u backflip on backflip"],"gold_per_floor":[17,36,36,47,60,60,89,89,170,181,131,188,199,212,212,212,212],"floor_reached":16,"language":"KOR","playtime":350,"items_purged":[],"score":140,"play_id":"86781b15-bd6a-44eb-83a2-c3e133c25be7","local_time":"20210209175932","is_ascension_mode":true,"campfire_choices":[{"data":"Prepared","floor":6,"key":"SMITH"},{"data":"Neutralize","floor":8,"key":"SMITH"},{"floor":15,"key":"REST"}],"circlet_count":0,"master_deck":["Strike_G","Strike_G","Strike_G","Strike_G","Defend_G","Defend_G","Defend_G","Defend_G","Defend_G","Survivor","Neutralize+1","Die Die Die","PiercingWail","Prepared+1","Predator","Underhanded Strike","Prepared","Concentrate","Backflip"],"relics":["Ring of the Snake","Ice Cream","Blue Candle","Smiling Mask"],"acts_visited":["Exordium"],"potions_floor_usage":[7,16,16,16],"damage_taken":[{"damage":0,"enemies":"Jaw Worm","floor":1,"turns":4},{"damage":0,"enemies":"2 Louse","floor":2,"turns":1},{"damage":0,"enemies":"Small Slimes","floor":4,"turns":2},{"damage":4,"enemies":"2 Fungi Beasts","floor":5,"turns":3},{"damage":14,"enemies":"3 Sentries","floor":7,"turns":6},{"damage":4,"enemies":"Exordium Wildlife","floor":10,"turns":3},{"damage":28,"enemies":"Gremlin Nob","floor":12,"turns":4},{"damage":3,"enemies":"Looter","floor":13,"turns":3},{"damage":6,"enemies":"Lots of Slimes","floor":14,"turns":3},{"damage":27,"enemies":"Slime Boss","floor":16,"turns":8}],"seed_played":"1467274168373073388","potions_obtained":[{"floor":1,"key":"Block Potion"},{"floor":5,"key":"AttackPotion"},{"floor":10,"key":"LiquidBronze"},{"floor":14,"key":"LiquidMemories"}],"is_trial":false,"path_per_floor":["M","M","?","M","M","R","E","R","T","M","?","?","M","M","R","B"],"character_chosen":"THE_SILENT","items_purchased":[],"campfire_rested":1,"item_purchase_floors":[],"current_hp_per_floor":[63,63,63,63,59,59,45,45,45,41,41,13,10,4,25,0,0],"gold":212,"neow_bonus":"THREE_RARE_CARDS","is_daily":false,"chose_seed":false,"campfire_upgraded":2,"win_rate":0.0,"timestamp":1612861172,"path_taken":["M","M","?","M","M","R","E","R","T","M","?","?","?","M","R","BOSS"],"items_purchased_type":[],"build_version":"2020-12-22","purchased_purges":0,"victory":false,"max_hp_per_floor":[70,70,70,70,70,70,70,70,70,70,70,70,70,70,70,70,70],"card_choices":[{"not_picked":["Bullet Time","Envenom"],"picked":"Die Die Die","floor":0},{"not_picked":["All Out Attack","Sucker Punch","Bane"],"picked":"SKIP","floor":1},{"not_picked":["Bane","Dodge and Roll"],"picked":"PiercingWail","floor":2},{"not_picked":["Deadly Poison","Flechettes"],"picked":"Prepared","floor":4},{"not_picked":["Deflect","Dodge and Roll"],"picked":"Predator","floor":5},{"not_picked":["Cloak And Dagger","Noxious Fumes"],"picked":"Underhanded Strike","floor":7},{"not_picked":["All Out Attack","Blur"],"picked":"Prepared","floor":10},{"not_picked":["Deflect","Dagger Spray"],"picked":"Concentrate","floor":12},{"not_picked":["Flechettes","Skewer","Riddle With Holes"],"picked":"SKIP","floor":13},{"not_picked":["Leg Sweep","Blade Dance"],"picked":"Backflip","floor":14}],"player_experience":253387,"relics_obtained":[{"floor":7,"key":"Ice Cream"},{"floor":9,"key":"Blue Candle"},{"floor":12,"key":"Smiling Mask"}],"event_choices":[{"damage_healed":0,"gold_gain":0,"player_choice":"Ignored","damage_taken":0,"max_hp_gain":0,"max_hp_loss":0,"event_name":"Liars Game","floor":3,"gold_loss":0},{"cards_removed":["Strike_G"],"damage_healed":0,"gold_gain":0,"player_choice":"Card Removal","damage_taken":0,"max_hp_gain":0,"max_hp_loss":0,"event_name":"The Cleric","floor":11,"gold_loss":50},{"damage_healed":0,"gold_gain":30,"player_choice":"Searched \u00272\u0027 times","damage_taken":0,"max_hp_gain":0,"max_hp_loss":0,"event_name":"Dead Adventurer","floor":12,"gold_loss":0}],"is_beta":false,"boss_relics":[],"items_purged_floors":[],"is_endless":false,"potions_floor_spawned":[1,5,10,14],"killed_by":"Slime Boss","ascension_level":7}}