{"host":"s21r9c1cdih2g0le","time":1612859778,"event":{"mods":["Aspiration","BaseMod","BetterRewards","Colored Map","Conspire","Downfall","Energized Spire","Friendly Minions","GifTheSpireLib","Hubris","Infinite Spire","Ironclad Rager","Mimic Mod","Minty Spire (QoL Compilation)","Replay The Spire","StSLib","Stuff the Spire","SuperFastMode","The Mystic","Wandering Minibosses"],"gold_per_floor":[99,118,131,131,150,181,181,193,204,204,204,204,4,17,121,121,135,232,232,232,250,270,155,166,178,203,3,127,150,302,314,326,354,380,392,392,392],"floor_reached":35,"language":"ENG","playtime":1686,"items_purged":["bronze:Goto","bronze:Strike"],"score":338,"play_id":"c24c7f42-1195-4dba-8c47-eba4448120e7","local_time":"20210209093618","is_ascension_mode":false,"campfire_choices":[{"data":"bronze:Replicate","floor":1,"key":"SMITH"},{"data":"bronze:AlphaBuild","floor":20,"key":"SMITH"},{"floor":27,"key":"REST"},{"floor":31,"key":"REST"}],"circlet_count":0,"master_deck":["bronze:Strike","bronze:Strike","bronze:Strike","bronze:Defend","bronze:Defend","bronze:Replicate+1","bronze:DelayedSlice","bronze:DelayedSlice","bronze:Terminator","bronze:DelayedGuard","bronze:Branch","bronze:Iterate","bronze:Virus","bronze:ClassDefault","bronze:WhirlingStrike+1","bronze:WhirlingStrike","bronze:Repulsor","bronze:Return","bronze:AlphaBuild+1","bronze:OilSpill","bronze:Separator+1","bronze:ItsAFeature","bronze:Optimize","bronze:ItsAFeature","bronze:OilSpill","bronze:OilSpill","bronze:Boost"],"relics":["bronze:BronzeCore","hubris:Towel","StuffTheSpire:TintedRock","infinitespire:Lucky Rock","ReplayFunnel","ReplayTheSpireMod:DimensionalGlitch","ReplayTheSpireMod:TigerMarble","downfall:HeartBlessingGreen","downfall:HeartBlessingBlue","MawBank","Bottled Flame"],"acts_visited":["Exordium","TheCity"],"potions_floor_usage":[6,18,23,30],"damage_taken":[{"damage":1,"enemies":"2 Louse","floor":2,"turns":3},{"damage":7,"enemies":"Jaw Worm","floor":3,"turns":4},{"damage":6,"enemies":"conspire:RoseBush","floor":5,"turns":2},{"damage":0,"enemies":"Gremlin Nob","floor":6,"turns":3},{"damage":1,"enemies":"Gremlin Gang","floor":8,"turns":4},{"damage":0,"enemies":"Blue Slaver","floor":9,"turns":2},{"damage":2,"enemies":"downfall:FleeingMerchant","floor":13,"turns":4},{"damage":0,"enemies":"2 Fungi Beasts","floor":14,"turns":2},{"damage":1,"enemies":"3 Sentries","floor":15,"turns":2},{"damage":7,"enemies":"conspire:2 RoseBushes","floor":17,"turns":4},{"damage":41,"enemies":"IC_STATUS_ARCHETYPE","floor":18,"turns":5},{"damage":0,"enemies":"Spheric Guardian","floor":21,"turns":4},{"damage":6,"enemies":"Chosen","floor":22,"turns":3},{"damage":6,"enemies":"downfall:FleeingMerchant","floor":23,"turns":4},{"damage":11,"enemies":"Centurion and Healer","floor":24,"turns":4},{"damage":37,"enemies":"Snake Plant","floor":25,"turns":4},{"damage":9,"enemies":"Gremlin Leader","floor":28,"turns":6},{"damage":0,"enemies":"Shelled Parasite and Fungi","floor":29,"turns":2},{"damage":22,"enemies":"conspire:SneckoGhost","floor":30,"turns":7},{"damage":3,"enemies":"Cultist and Chosen","floor":33,"turns":3},{"damage":13,"enemies":"conspire:HollyBat","floor":34,"turns":8},{"damage":51,"enemies":"DF_ARCHETYPE_CLAW","floor":35,"turns":5}],"seed_played":"-872446892953043616","potions_obtained":[{"floor":5,"key":"Guardian:BlockOnCardUsePotion"},{"floor":6,"key":"BlessingOfTheForge"},{"floor":8,"key":"Adrenaline Potion"},{"floor":15,"key":"AttackPotion"},{"floor":18,"key":"Venom Potion"},{"floor":28,"key":"BlessingOfTheForge"},{"floor":29,"key":"Energy Potion"},{"floor":30,"key":"bronze:FreeFunctionsPotion"}],"is_trial":false,"path_per_floor":["R","M","M","?","M","E","T","M","M","PTL","PTL","T","$","M","E","?","M","B",null,"R","M","M","$","M","M","T","R","E","M","E","R","?","M","M","B"],"character_chosen":"THE_AUTOMATON","items_purchased":["bronze:ClassDefault","bronze:WhirlingStrike+1"],"campfire_rested":2,"item_purchase_floors":[13,13],"current_hp_per_floor":[70,69,62,62,56,56,56,55,55,55,55,55,53,53,52,52,45,4,70,70,70,64,58,47,10,10,44,35,35,13,37,37,34,21,0,0,0],"gold":392,"neow_bonus":"REMOVE_CARD","is_daily":false,"chose_seed":false,"campfire_upgraded":2,"win_rate":0.0,"timestamp":1612859778,"path_taken":["R","M","M","?","M","E","T","M","M","PTL","PTL","?","$","M","E","?","M","BOSS","R","M","M","$","M","M","T","R","E","?","E","R","?","M","M","BOSS"],"items_purchased_type":["Card","Card"],"build_version":"2020-12-22","purchased_purges":2,"victory":false,"max_hp_per_floor":[70,70,70,70,70,70,70,70,70,70,70,70,70,70,70,70,70,70,70,70,70,70,70,70,70,70,80,80,80,80,80,80,80,80,80,80,80],"card_choices":[{"not_picked":["bronze:Turbo","bronze:Refactor"],"picked":"bronze:DelayedSlice","floor":2},{"not_picked":["bronze:BitShift","bronze:BugBarrage"],"picked":"bronze:DelayedSlice","floor":3},{"not_picked":["bronze:WildBeam","bronze:DigitalCarnage"],"picked":"bronze:Terminator","floor":5},{"not_picked":["bronze:ChildClass","bronze:BugBarrage"],"picked":"bronze:DelayedGuard","floor":6},{"not_picked":["bronze:Frontload","bronze:BitShift"],"picked":"bronze:Branch","floor":8},{"not_picked":["bronze:Break","bronze:Constructor"],"picked":"bronze:Iterate","floor":9},{"not_picked":["bronze:BitShift","bronze:Deprecate"],"picked":"bronze:Virus","floor":13},{"not_picked":["bronze:DelayedSlice","bronze:Overload"],"picked":"bronze:WhirlingStrike","floor":14},{"not_picked":["bronze:Frontload","bronze:Refactor"],"picked":"bronze:Repulsor","floor":15},{"not_picked":["bronze:BugBarrage","bronze:Repulsor"],"picked":"bronze:Return","floor":17},{"not_picked":["bronze:HyperBeam","bronze:FindAndReplace"],"picked":"bronze:AlphaBuild","floor":18},{"not_picked":["bronze:Shield","bronze:WildBeam","bronze:Frontload"],"picked":"SKIP","floor":21},{"not_picked":["bronze:ItsAFeature+1","bronze:Deprecate"],"picked":"bronze:OilSpill","floor":22},{"not_picked":["bronze:ForceShield","bronze:Shell"],"picked":"bronze:Separator+1","floor":23},{"not_picked":["bronze:ChosenStrike","bronze:BurnOut"],"picked":"bronze:ItsAFeature","floor":24},{"not_picked":["bronze:MaxOutput","bronze:Return","bronze:BuggyMess+1"],"picked":"SKIP","floor":25},{"not_picked":["bronze:Shield","bronze:WhirlingStrike"],"picked":"bronze:Optimize","floor":28},{"not_picked":["bronze:Branch","bronze:WhirlingStrike"],"picked":"bronze:ItsAFeature","floor":29},{"not_picked":["bronze:BronzeOrb","bronze:Backtrace+1"],"picked":"bronze:OilSpill","floor":30},{"not_picked":["bronze:Terminator+1","bronze:Optimize"],"picked":"bronze:OilSpill","floor":33},{"not_picked":["bronze:Safeguard","bronze:ItsAFeature"],"picked":"bronze:Boost","floor":34}],"player_experience":333347,"relics_obtained":[{"floor":6,"key":"StuffTheSpire:TintedRock"},{"floor":12,"key":"infinitespire:Lucky Rock"},{"floor":15,"key":"ReplayFunnel"},{"floor":26,"key":"ReplayTheSpireMod:TigerMarble"},{"floor":28,"key":"MawBank"},{"floor":30,"key":"Bottled Flame"}],"event_choices":[{"damage_healed":0,"gold_gain":0,"player_choice":"Ignored","damage_taken":0,"max_hp_gain":0,"max_hp_loss":0,"event_name":"NoteForYourself","floor":16,"gold_loss":0}],"is_beta":false,"boss_relics":[{"not_picked":["hubris:ScarierMask","StuffTheSpire:RunicHypercube"],"picked":"ReplayTheSpireMod:DimensionalGlitch"}],"items_purged_floors":[13,23],"is_endless":false,"potions_floor_spawned":[5,6,8,15,17,18,22,28,29,30],"killed_by":"DF_ARCHETYPE_CLAW","ascension_level":0}}