{"host":"og21o26alpnbwmz8","time":1612905256,"event":{"mods":["Act Like it!","Aspiration","BaseMod","Beaked The Cultist","Conspire","Downfall","Gensokyo","Halation","Hubris","Jedi Mod","Mimic Mod","Minty Spire (QoL Compilation)","Pale of the Ancients","Reliquary","Replay The Spire","Shop Mod","Spikes Relics","StSLib","The Alterego","The Blackbeard","The Blue Laboratory","The Bug Knight","The Hierophant","The Spell Scribe","Waifu the Spire"],"gold_per_floor":[110,40,55,55,75,0,0,18,44,44,75,92,121,133,133,229,229,247,247,69,69,69,69,103,121,121,141,168,168,168,179,179,280,280,294,88,88,148,148,175,175,175,215,243,255,284,294,328,328,328,328,348,359,56,56,78,78,78,78,78],"floor_reached":3,"language":"ENG","playtime":2584,"items_purged":["beaked:Strike_Y","beaked:Strike_Y","Grand Finale","beaked:Sacrifice"],"score":1274,"play_id":"c69cb217-cd16-4e15-adb3-6b00ec96c4a0","local_time":"20210209161416","is_ascension_mode":false,"campfire_choices":[{"data":"beaked:CrazyRituals","floor":7,"key":"SMITH"},{"data":"hubris:Counter","floor":10,"key":"SMITH"},{"data":"beaked:Windmill","floor":15,"key":"SMITH"},{"data":"beaked:WarriorSpirit","floor":23,"key":"SMITH"},{"data":"beaked:AwakenedForm","floor":32,"key":"SMITH"},{"data":"conspire:Banana","floor":41,"key":"SMITH"},{"data":"beaked:Overpower","floor":49,"key":"SMITH"},{"data":"Flechettes","floor":55,"key":"SMITH"},{"data":"beaked:Defend_Y","floor":57,"key":"SMITH"}],"circlet_count":0,"master_deck":["beaked:Defend_Y+1","beaked:Defend_Y","beaked:Ceremony","beaked:CrazyRituals+1","beaked:CrazyRituals+1","beaked:DigDeep","Flechettes+1","hubris:Counter+1","beaked:Windmill+1","beaked:AwakenedForm+1","beaked:Overpower+1","beaked:WarriorSpirit+1","beaked:MachineSpirit+1","Grand Finale","jedi:collectorvenom","beaked:Poke+1","conspire:Banana+1","beaked:FeelMyPain+1","beaked:Poke+1"],"relics":["beaked:MendingPlumage","NeowsBlessing","reliquary:Stiletto","Bottled Flame","FossilizedHelix","Sozu","Strawberry","hubris:Potato","BrokenLever","ReplayTheSpireMod:TigerMarble","halation:PinkAlligatorPlush","conspire:TopHat","conspire:GlowingRock","Bottled Tornado","Gambling Chip","aspiration:FetidBarrel","Nunchaku","paleoftheancients:Timepiece","paleoftheancients:KeyRelic","Anchor","Gremlin Horn","paleoftheancients:SoulOfTheIroncluck","paleoftheancients:BlurryLens","Toolbox","Lantern"],"acts_visited":["Exordium","Gensokyo:Gensokyo","Gensokyo:Gensokyoer","Gensokyo:Gensokyoest"],"potions_floor_usage":[],"damage_taken":[{"damage":0,"enemies":"Gensokyo:2_Kodama","floor":1,"turns":1},{"damage":4,"enemies":"Gensokyo:3_Fairies","floor":3,"turns":2},{"damage":0,"enemies":"Gensokyo:Gryphon","floor":5,"turns":1},{"damage":7,"enemies":"Gensokyo:3_Kodama","floor":8,"turns":3},{"damage":50,"enemies":"Gensokyo:Mamizou","floor":11,"turns":8},{"damage":12,"enemies":"Gensokyo:Gryphon_and_Rabbit","floor":12,"turns":5},{"damage":12,"enemies":"Gensokyo:Cirno","floor":13,"turns":7},{"damage":22,"enemies":"Gensokyo:5_Fairies","floor":14,"turns":6},{"damage":38,"enemies":"Gensokyo:Kokoro","floor":16,"turns":11},{"damage":0,"enemies":"Gensokyo:2_Gloops","floor":18,"turns":4},{"damage":6,"enemies":"Gensokyo:Reisen","floor":24,"turns":6},{"damage":19,"enemies":"Gensokyo:CosmicMonolith","floor":25,"turns":4},{"damage":26,"enemies":"Gensokyo:3_Gloops","floor":27,"turns":5},{"damage":23,"enemies":"Gensokyo:Tenshi","floor":28,"turns":5},{"damage":17,"enemies":"Gensokyo:Chomper_and_Gloop","floor":31,"turns":5},{"damage":13,"enemies":"Gensokyo:Eiki","floor":33,"turns":7},{"damage":19,"enemies":"Gensokyo:3_Bats","floor":35,"turns":5},{"damage":76,"enemies":"Gensokyo:Marisa","floor":40,"turns":5},{"damage":3,"enemies":"Gensokyo:3_Boulders","floor":43,"turns":7},{"damage":9,"enemies":"Gensokyo:Doremy","floor":44,"turns":6},{"damage":0,"enemies":"Gensokyo:3_Boulders","floor":45,"turns":4},{"damage":18,"enemies":"Gensokyo:Kasen","floor":46,"turns":5},{"damage":31,"enemies":"Gensokyo:Rafflesia","floor":47,"turns":5},{"damage":29,"enemies":"Gensokyo:Marisa","floor":48,"turns":4},{"damage":24,"enemies":"Gensokyo:Shinki","floor":50,"turns":5},{"damage":146,"enemies":"Gensokyo:Shinki","floor":51,"turns":6},{"damage":47,"enemies":"Gensokyo:Shinki","floor":52,"turns":4},{"damage":0,"enemies":"paleoftheancients:BASlime1","floor":53,"turns":1},{"damage":28,"enemies":"paleoftheancients:BASlime1","floor":56,"turns":13},{"damage":13,"enemies":"paleoftheancients:N","floor":87,"turns":6}],"seed_played":"623021532139443944","potions_obtained":[{"floor":1,"key":"LiquidBronze"},{"floor":12,"key":"blueLaboratory:AbyssPotion"},{"floor":13,"key":"blueLaboratory:BubblePotion"}],"is_trial":false,"path_per_floor":["M","?","M","?","M","$","R","M","T","R","E","M","E","M","R","B",null,"M","?","$","?","$","R","E","M","T","M","E","?","?","M","R","B",null,"M","$","?","?","?","E","R","T","MIM","E","M","E","M","E","R","B","M","M","M","$","R","M","R","T","?","B",null],"character_chosen":"BEAKED_THE_CULTIST","items_purchased":["beaked:Overpower","conspire:Banana","Toolbox"],"campfire_rested":0,"item_purchase_floors":[20,36,54],"current_hp_per_floor":[50,50,49,49,50,50,50,48,48,48,21,33,50,50,50,50,52,52,52,52,52,52,52,59,52,52,46,59,55,55,51,51,55,55,58,58,58,35,35,59,59,59,64,75,80,85,81,83,83,94,96,83,95,95,95,102,102,102,102,106],"gold":78,"neow_bonus":"THREE_ENEMY_KILL","is_daily":false,"chose_seed":false,"campfire_upgraded":9,"win_rate":0.0,"timestamp":1612905256,"path_taken":["M","?","M","?","?","$","R","M","T","R","E","M","E","M","R","BOSS","M","?","$","?","?","R","E","M","T","?","E","?","?","?","R","BOSS","M","$","?","?","?","E","R","?","MIM","E","M","E","M","E","R","BOSS","M","M","?","$","R","M","R","T","?","BOSS"],"items_purchased_type":["Card","Card","Relic"],"build_version":"2020-12-22","purchased_purges":4,"victory":true,"max_hp_per_floor":[50,50,50,50,50,50,50,50,50,50,50,50,50,50,50,52,52,52,52,52,52,52,52,59,59,59,59,59,55,55,55,55,55,55,58,58,58,58,58,59,59,59,64,75,80,85,90,92,92,94,96,98,100,100,100,102,102,102,102,106],"card_choices":[{"not_picked":["beaked:Cower","beaked:Recite"],"picked":"beaked:DigDeep","floor":1},{"not_picked":["beaked:WarriorEssence","beaked:Daydream","beaked:Foresight"],"picked":"SKIP","floor":3},{"not_picked":["beaked:WarriorEssence","beaked:Redirect","beaked:FakeOut"],"picked":"SKIP","floor":5},{"not_picked":["beaked:SurvivalInstinct","beaked:HuntressEssence","beaked:Redirect"],"picked":"SKIP","floor":8},{"not_picked":["beaked:Redirect","beaked:MimicWarrior"],"picked":"beaked:Windmill","floor":11},{"not_picked":["beaked:TuckingFeathers","beaked:Evade","beaked:StickSmack"],"picked":"SKIP","floor":12},{"not_picked":["beaked:Cower","beaked:Insight"],"picked":"beaked:AwakenedForm","floor":13},{"not_picked":["beaked:DesperateSwing","beaked:Resilience","beaked:Struggle"],"picked":"SKIP","floor":14},{"not_picked":["beaked:WarriorEssence","beaked:Insight","beaked:FeelMyPain"],"picked":"SKIP","floor":18},{"not_picked":["beaked:MaddeningMurmurs","beaked:Evade","beaked:Poke"],"picked":"SKIP","floor":24},{"not_picked":["beaked:Evade","beaked:BraceForImpact+1","beaked:Overpower+1"],"picked":"SKIP","floor":25},{"not_picked":["beaked:Foresight+1","beaked:Redirect+1"],"picked":"beaked:MachineSpirit","floor":27},{"not_picked":["beaked:Tweet","beaked:Recite","ReplayTheSpireMod:Prepare the Ceremony"],"picked":"SKIP","floor":28},{"not_picked":["beaked:Insight","beaked:RitualOfBody","beaked:MimicHuntress"],"picked":"SKIP","floor":31},{"not_picked":["jedi:collectorvenom","beaked:WildInstinct"],"picked":"beaked:Sacrifice","floor":33},{"not_picked":["beaked:Molting","beaked:Redirect"],"picked":"beaked:Poke+1","floor":35},{"not_picked":["beaked:WarriorEssence+1","beaked:Flinch+1"],"picked":"beaked:FeelMyPain+1","floor":38},{"not_picked":["beaked:DesperateSwing","beaked:Flinch"],"picked":"jedi:collectorvenom","floor":40},{"not_picked":["beaked:DigDeeper","beaked:Devastation"],"picked":"jedi:collectorvenom","floor":44},{"not_picked":["beaked:Evade","beaked:MimicHuntress+1"],"picked":"jedi:collectorvenom","floor":45},{"not_picked":["beaked:SacrificialAttack+1","beaked:BraceForImpact+1"],"picked":"jedi:collectorvenom","floor":46},{"not_picked":["beaked:HuntressSpirit","ReplayTheSpireMod:Wings of Steel+1"],"picked":"jedi:collectorvenom","floor":47},{"not_picked":["beaked:MimicWarrior","beaked:DigDeep"],"picked":"beaked:Poke+1","floor":48},{"not_picked":["beaked:MaddeningMurmurs","beaked:DigDeep"],"picked":"jedi:collectorvenom","floor":52},{"not_picked":["beaked:Caw","beaked:Poke"],"picked":"jedi:collectorvenom","floor":53},{"not_picked":["beaked:Insight","ReplayTheSpireMod:RavenHex"],"picked":"jedi:collectorvenom","floor":56}],"player_experience":320616,"relics_obtained":[{"floor":9,"key":"reliquary:Stiletto"},{"floor":11,"key":"Bottled Flame"},{"floor":13,"key":"FossilizedHelix"},{"floor":24,"key":"Strawberry"},{"floor":26,"key":"hubris:Potato"},{"floor":28,"key":"BrokenLever"},{"floor":38,"key":"conspire:TopHat"},{"floor":40,"key":"conspire:GlowingRock"},{"floor":42,"key":"Bottled Tornado"},{"floor":43,"key":"Gambling Chip"},{"floor":44,"key":"aspiration:FetidBarrel"},{"floor":46,"key":"reliquary:FerryPass"},{"floor":48,"key":"Nunchaku"},{"floor":52,"key":"paleoftheancients:SoulOfTheIroncluck"},{"floor":53,"key":"paleoftheancients:BlurryLens"},{"floor":58,"key":"Lantern"}],"event_choices":[],"is_beta":false,"boss_relics":[{"not_picked":["reliquary:Craggleroot","Replay:Bronze Core"],"picked":"Sozu"},{"not_picked":["reliquary:Ember","bronze:MakeshiftBattery"],"picked":"halation:PinkAlligatorPlush"}],"items_purged_floors":[6,20,36,54],"is_endless":false,"potions_floor_spawned":[1,12,13,18,28,33,35,45,47,53],"ascension_level":0}}