{"host":"phniwng9zo19jwdb","time":1612897398,"event":{"mods":["AchievementEnabler","BaseMod","Colored Powertips","Dark Map","Faster Ascension Climbing","GifTheSpireLib","Minty Spire (QoL Compilation)","Permanent Neow","Rare Cards Sparkle","Relic Filter Mod","StSLib","Weighted Paths"],"gold_per_floor":[113,130,148,167,182,208,223,248,274,294,294,306,336,351,351,351,351],"floor_reached":16,"language":"ENG","playtime":620,"items_purged":[],"score":306,"play_id":"06acda84-62be-468b-a4d1-6e412385dda7","local_time":"20210209200318","is_ascension_mode":true,"campfire_choices":[{"floor":11.0,"key":"REST"},{"data":"Bullet Time","floor":15.0,"key":"SMITH"}],"circlet_count":0,"master_deck":["AscendersBane","Strike_G","Strike_G","Strike_G","Strike_G","Strike_G","Defend_G","Defend_G","Defend_G","Defend_G","Defend_G","Survivor","Neutralize","Backstab","Noxious Fumes","Dagger Spray","Endless Agony","Predator","Leg Sweep","Blade Dance","Bullet Time+1","Predator","Bouncing Flask"],"relics":["SlaversCollar","FossilizedHelix","Oddly Smooth Stone","Bag of Preparation","Smiling Mask"],"acts_visited":["Exordium"],"potions_floor_usage":[16,16],"damage_taken":[{"damage":9.0,"enemies":"Cultist","floor":1.0,"turns":5.0},{"damage":2.0,"enemies":"Jaw Worm","floor":2.0,"turns":5.0},{"damage":1.0,"enemies":"Small Slimes","floor":3.0,"turns":5.0},{"damage":2.0,"enemies":"Gremlin Gang","floor":4.0,"turns":7.0},{"damage":12.0,"enemies":"Blue Slaver","floor":5.0,"turns":5.0},{"damage":7.0,"enemies":"3 Sentries","floor":6.0,"turns":8.0},{"damage":4.0,"enemies":"Exordium Wildlife","floor":7.0,"turns":4.0},{"damage":12.0,"enemies":"Lagavulin","floor":8.0,"turns":8.0},{"damage":3.0,"enemies":"Exordium Thugs","floor":10.0,"turns":4.0},{"damage":0.0,"enemies":"2 Fungi Beasts","floor":12.0,"turns":3.0},{"damage":0.0,"enemies":"Gremlin Nob","floor":13.0,"turns":2.0},{"damage":0.0,"enemies":"Looter","floor":14.0,"turns":3.0},{"damage":34,"enemies":"Slime Boss","floor":16,"turns":8}],"seed_played":"-730128033730424474","potions_obtained":[{"floor":3.0,"key":"Energy Potion"},{"floor":5.0,"key":"Weak Potion"},{"floor":6.0,"key":"Weak Potion"},{"floor":7.0,"key":"Energy Potion"},{"floor":8.0,"key":"Dexterity Potion"},{"floor":12.0,"key":"Fruit Juice"},{"floor":14.0,"key":"SteroidPotion"}],"is_trial":false,"path_per_floor":["M","M","M","M","M","E","M","E","T","M","R","M","E","M","R","B"],"character_chosen":"THE_SILENT","items_purchased":[],"campfire_rested":1,"item_purchase_floors":[],"current_hp_per_floor":[50,48,47,45,33,26,22,10,10,7,26,31,31,31,31,0,0],"gold":351,"neow_bonus":"BOSS_RELIC","is_daily":false,"chose_seed":false,"campfire_upgraded":1,"win_rate":0.0,"timestamp":1612897398,"path_taken":["M","?","M","M","M","E","M","E","T","M","R","M","E","M","R","BOSS"],"items_purchased_type":[],"build_version":"2020-12-22","purchased_purges":0,"victory":false,"max_hp_per_floor":[66,66,66,66,66,66,66,66,66,66,66,71,71,71,71,71,71],"card_choices":[{"not_picked":["Dodge and Roll","All Out Attack"],"picked":"Backstab","floor":1.0},{"not_picked":["Outmaneuver","Choke"],"picked":"Noxious Fumes","floor":2.0},{"not_picked":["Crippling Poison","Deflect"],"picked":"Dagger Spray","floor":3.0},{"not_picked":["Dagger Throw","Finisher"],"picked":"Endless Agony","floor":4.0},{"not_picked":["Deadly Poison","Cloak And Dagger"],"picked":"Predator","floor":5.0},{"not_picked":["Grand Finale","Sucker Punch"],"picked":"Leg Sweep","floor":6.0},{"not_picked":["Poisoned Stab","Escape Plan"],"picked":"Blade Dance","floor":7.0},{"not_picked":["Poisoned Stab","Riddle With Holes"],"picked":"Bullet Time","floor":8.0},{"not_picked":["Dagger Spray","Outmaneuver","Poisoned Stab"],"picked":"SKIP","floor":10.0},{"not_picked":["Dagger Throw","Catalyst"],"picked":"Predator","floor":12.0},{"not_picked":["Slice","Dodge and Roll","Dagger Spray"],"picked":"SKIP","floor":13.0},{"not_picked":["Flying Knee","Skewer"],"picked":"Bouncing Flask","floor":14.0}],"player_experience":91008,"relics_obtained":[{"floor":6.0,"key":"FossilizedHelix"},{"floor":8.0,"key":"Oddly Smooth Stone"},{"floor":9.0,"key":"Bag of Preparation"},{"floor":13.0,"key":"Smiling Mask"}],"event_choices":[],"is_beta":false,"boss_relics":[],"items_purged_floors":[],"is_endless":false,"potions_floor_spawned":[3,5,6,7,8,12,14],"killed_by":"Slime Boss","ascension_level":20}}