{"host":"skr63qsdfgeey3it","time":1612837513,"event":{"mods":["BaseMod","Colored Map","Hubris","Minty Spire (QoL Compilation)","Monster B Gone","Reliquary","Replay The Spire","Spicy Shops","StSLib"],"gold_per_floor":[113,388,10,25,25,51,51,85,111,111,111,123,123,139,139,217,217,228,228,242,242,242,277,295,307,307,163,163,163,163,176,176,176,176],"floor_reached":33,"language":"ENG","playtime":1282,"items_purged":["Regret"],"score":590,"play_id":"e7c34014-36e8-40d1-812a-88fdecb9fe12","local_time":"20210208202513","is_ascension_mode":true,"campfire_choices":[{"data":"Zap","floor":7,"key":"SMITH"},{"data":"Auto Shields","floor":10,"key":"SMITH"},{"floor":13,"key":"REST"},{"floor":15,"key":"REST"},{"floor":28,"key":"REST"},{"floor":30,"key":"REST"},{"floor":32,"key":"DIG"}],"circlet_count":0,"master_deck":["AscendersBane","Defend_B","Defend_B","Defend_B","Defend_B","Zap+1","Dualcast","Auto Shields+1","FIFO Queue","Streamline","Consume","Electrodynamics","Echo Form","Scrape","Machine Learning","Bite","Bite","Bite","Bite","Bite","Tempest","FIFO Queue","Biased Cognition","Double Energy","Glacier","Leap+1"],"relics":["Cracked Core","NeowsBlessing","reliquary:NewFriend","reliquary:RedPaperclip","Nloth\u0027s Gift","Ancient Tea Set","Bird Faced Urn","Membership Card","Replay:Ringing Soul"],"acts_visited":["Exordium","TheCity"],"potions_floor_usage":[8,16,24,24,33,33],"damage_taken":[{"damage":0,"enemies":"Cultist","floor":1,"turns":1},{"damage":0,"enemies":"2 Louse","floor":4,"turns":1},{"damage":0,"enemies":"Lagavulin","floor":6,"turns":1},{"damage":35,"enemies":"Gremlin Nob","floor":8,"turns":5},{"damage":7,"enemies":"Small Slimes","floor":12,"turns":2},{"damage":10,"enemies":"Gremlin Gang","floor":14,"turns":4},{"damage":38,"enemies":"Slime Boss","floor":16,"turns":7},{"damage":15,"enemies":"Chosen","floor":18,"turns":6},{"damage":26,"enemies":"Shell Parasite","floor":20,"turns":4},{"damage":0,"enemies":"Gremlin Leader","floor":23,"turns":7},{"damage":21,"enemies":"Snake Plant","floor":24,"turns":4},{"damage":23,"enemies":"Centurion and Healer","floor":25,"turns":2},{"damage":19,"enemies":"Chosen and Byrds","floor":31,"turns":7},{"damage":92,"enemies":"Champ","floor":33,"turns":15}],"seed_played":"7476953484104975884","potions_obtained":[{"floor":6,"key":"Adrenaline Potion"},{"floor":8,"key":"SpeedPotion"},{"floor":12,"key":"Flashbang"},{"floor":23,"key":"Regen Potion"},{"floor":25,"key":"Ancient Potion"},{"floor":31,"key":"Dexterity Potion"}],"is_trial":false,"path_per_floor":["M","?","$","M","$","E","R","E","T","R","?","M","R","M","R","B",null,"M","?","M","?","?","E","M","M","T","$","R","?","R","M","R_BF","B"],"character_chosen":"DEFECT","items_purchased":["Letter Opener","Static Discharge","Membership Card"],"campfire_rested":4,"item_purchase_floors":[3,3,27],"current_hp_per_floor":[64,64,64,64,64,64,64,29,29,29,29,22,43,33,54,16,57,42,42,16,16,16,36,31,12,12,12,26,26,40,43,43,1,1],"gold":176,"neow_bonus":"THREE_ENEMY_KILL","is_daily":false,"chose_seed":false,"campfire_upgraded":2,"win_rate":0.0,"timestamp":1612837513,"path_taken":["M","?","?","M","$","E","R","E","T","R","?","M","R","M","R","BOSS","M","?","?","?","?","E","M","M","T","$","R","?","R","?","R_BF","BOSS"],"items_purchased_type":["Relic","Card","Relic"],"build_version":"2020-12-22","purchased_purges":1,"victory":false,"max_hp_per_floor":[71,71,71,71,71,71,71,71,71,71,71,71,71,71,71,71,71,71,71,71,49,49,49,49,49,49,49,49,49,49,49,49,49,49],"card_choices":[{"not_picked":["Panic Button","Barrage"],"picked":"Auto Shields","floor":1},{"not_picked":["Stack","Genetic Algorithm"],"picked":"FIFO Queue","floor":4},{"not_picked":["Conserve Battery","Sweeping Beam"],"picked":"Streamline","floor":6},{"not_picked":["Coolheaded","Genetic Algorithm"],"picked":"Echo Form","floor":8},{"not_picked":["Gash","ReplayGash"],"picked":"Scrape","floor":12},{"not_picked":["Steam","BasicCrystalCard","Static Discharge"],"picked":"SKIP","floor":14},{"not_picked":["Fission","Biased Cognition"],"picked":"Electrodynamics","floor":16},{"not_picked":["Compile Driver","Streamline","Turbo"],"picked":"SKIP","floor":18},{"not_picked":["Compile Driver","Streamline","Turbo"],"picked":"SKIP","floor":18},{"not_picked":["Electrodynamics","Panic Button"],"picked":"Machine Learning","floor":20},{"not_picked":["ReplayTheSpireMod:Omega Cannon","Meteor Strike"],"picked":"Biased Cognition","floor":23},{"not_picked":["ReplayTheSpireMod:Repulse","Steam Power"],"picked":"Double Energy","floor":24},{"not_picked":["Skim","Beam Cell+1"],"picked":"Glacier","floor":25},{"not_picked":["ReplayTheSpireMod:System Scan","Barrage"],"picked":"Leap+1","floor":31}],"player_experience":912539,"relics_obtained":[{"floor":6,"key":"reliquary:Sideboard"},{"floor":8,"key":"reliquary:NewFriend"},{"floor":9,"key":"Akabeko"},{"floor":23,"key":"Ancient Tea Set"},{"floor":26,"key":"Bird Faced Urn"},{"floor":32,"key":"Replay:Ringing Soul"}],"event_choices":[{"damage_healed":0,"gold_gain":275,"player_choice":"Desecrate","damage_taken":0,"max_hp_gain":0,"max_hp_loss":0,"event_name":"Golden Shrine","floor":2,"gold_loss":0,"cards_obtained":["Regret"]},{"damage_healed":0,"gold_gain":0,"player_choice":"Traded Relic","damage_taken":0,"relics_obtained":["Nloth\u0027s Gift"],"max_hp_gain":0,"max_hp_loss":0,"event_name":"N\u0027loth","floor":19,"relics_lost":["reliquary:Sideboard"],"gold_loss":0},{"damage_healed":0,"gold_gain":0,"player_choice":"Became a vampire","damage_taken":0,"max_hp_gain":0,"max_hp_loss":22,"event_name":"Vampires","floor":21,"gold_loss":0,"cards_obtained":["Bite","Bite","Bite","Bite","Bite"]},{"damage_healed":0,"gold_gain":0,"cards_transformed":["Static Discharge","Static Discharge"],"player_choice":"Became Test Subject","damage_taken":0,"max_hp_gain":0,"max_hp_loss":0,"event_name":"Drug Dealer","floor":22,"gold_loss":0,"cards_obtained":["Tempest","FIFO Queue"]}],"is_beta":false,"boss_relics":[{"not_picked":["reliquary:RedCape","SlaversCollar"],"picked":"reliquary:RedPaperclip"}],"items_purged_floors":[3],"is_endless":false,"potions_floor_spawned":[6,8,12,14,23,25,31],"killed_by":"Champ","ascension_level":15}}