{"host":"o3n4et6u1y1w2h5j","time":1612867033,"event":{"mods":["AchievementEnabler","BaseMod","Block Reminder","Minty Spire (QoL Compilation)","Rare Cards Sparkle","Relic Stats","StSLib"],"gold_per_floor":[111,111,128,83,83,116,116,129,129,140,165,185,217,242,242,338,338,351,203,219,134,134,159,173,203,251,251,267,267,294,394,394,497,497,517,534,534,553,177,211,211,231,279,290,310,324,340,356,356,356,356,356,61,91,91],"floor_reached":56,"language":"ENG","playtime":5306,"items_purged":[],"score":1284,"play_id":"09a00143-0720-4579-889b-60868cfd486d","local_time":"20210209023713","is_ascension_mode":true,"campfire_choices":[{"data":"Hello World","floor":7,"key":"SMITH"},{"floor":15,"key":"REST"},{"floor":27,"key":"REST"},{"data":"Hologram","floor":29,"key":"SMITH"},{"data":"Biased Cognition","floor":32,"key":"SMITH"},{"data":"Discovery","floor":41,"key":"SMITH"},{"floor":49,"key":"RECALL"},{"data":"Heatsinks","floor":52,"key":"SMITH"}],"circlet_count":0,"master_deck":["Defend_B+1","Defend_B+1","Defend_B+1","Defend_B+1","Zap","Dualcast","Machine Learning","Capacitor","Reboot","Rebound","Conserve Battery","Hello World+1","Glacier+1","Cold Snap","Barrage","Beam Cell","Melter","Biased Cognition+1","Redo+1","Genetic Algorithm+1","Ball Lightning+1","Hologram+1","Hologram+1","Ball Lightning","Electrodynamics","Cold Snap+1","Storm+1","Glacier+1","Discovery+1","Heatsinks+1","Streamline+1","Chill","Echo Form"],"relics":["Cracked Core","Thread and Needle","Letter Opener","Art of War","Orichalcum","Odd Mushroom","Inserter","Happy Flower","Matryoshka","Centennial Puzzle","Anchor","Toy Ornithopter","Bag of Preparation","Oddly Smooth Stone","Astrolabe","Mummified Hand","MealTicket","War Paint","Bag of Marbles","Frozen Eye","Pantograph"],"acts_visited":["Exordium","TheCity","TheBeyond","TheEnding"],"potions_floor_usage":[5,6,8,16,23,30,30,38,54,55,55],"damage_taken":[{"damage":5,"enemies":"Cultist","floor":1,"turns":4},{"damage":0,"enemies":"2 Louse","floor":3,"turns":2},{"damage":25,"enemies":"Lagavulin","floor":6,"turns":6},{"damage":0,"enemies":"Small Slimes","floor":8,"turns":3},{"damage":3,"enemies":"3 Louse","floor":10,"turns":4},{"damage":7,"enemies":"3 Sentries","floor":11,"turns":10},{"damage":0,"enemies":"Blue Slaver","floor":12,"turns":3},{"damage":1,"enemies":"Gremlin Nob","floor":13,"turns":4},{"damage":9,"enemies":"The Mushroom Lair","floor":14,"turns":4},{"damage":22,"enemies":"The Guardian","floor":16,"turns":13},{"damage":4,"enemies":"2 Thieves","floor":18,"turns":4},{"damage":0,"enemies":"Chosen","floor":20,"turns":4},{"damage":46,"enemies":"Slavers","floor":23,"turns":7},{"damage":2,"enemies":"Centurion and Healer","floor":24,"turns":6},{"damage":7,"enemies":"Book of Stabbing","floor":25,"turns":6},{"damage":0,"enemies":"Chosen and Byrds","floor":28,"turns":6},{"damage":0,"enemies":"Slavers","floor":30,"turns":4},{"damage":42,"enemies":"Automaton","floor":33,"turns":13},{"damage":0,"enemies":"3 Shapes","floor":35,"turns":4},{"damage":0,"enemies":"Orb Walker","floor":36,"turns":3},{"damage":0,"enemies":"4 Shapes","floor":38,"turns":4},{"damage":31,"enemies":"Giant Head","floor":40,"turns":7},{"damage":0,"enemies":"Jaw Worm Horde","floor":42,"turns":3},{"damage":0,"enemies":"3 Darklings","floor":44,"turns":3},{"damage":0,"enemies":"4 Shapes","floor":45,"turns":3},{"damage":0,"enemies":"Sphere and 2 Shapes","floor":46,"turns":4},{"damage":0,"enemies":"Maw","floor":47,"turns":5},{"damage":0,"enemies":"4 Shapes","floor":48,"turns":5},{"damage":3,"enemies":"Awakened One","floor":50,"turns":20},{"damage":28,"enemies":"Shield and Spear","floor":54,"turns":8},{"damage":46,"enemies":"The Heart","floor":55,"turns":8}],"seed_played":"6620979463541552458","potions_obtained":[{"floor":1,"key":"Block Potion"},{"floor":5,"key":"Fruit Juice"},{"floor":5,"key":"LiquidBronze"},{"floor":5,"key":"SkillPotion"},{"floor":6,"key":"PotionOfCapacity"},{"floor":12,"key":"SkillPotion"},{"floor":18,"key":"DistilledChaos"},{"floor":28,"key":"Energy Potion"},{"floor":35,"key":"Regen Potion"},{"floor":36,"key":"Energy Potion"},{"floor":38,"key":"FearPotion"},{"floor":44,"key":"BlessingOfTheForge"}],"is_trial":false,"path_per_floor":["M","?","M","$","?","E","R","M","T","M","E","M","E","?","R","B",null,"M","$","M","?","?","E","M","E","T","R","M","R","E","?","R","B",null,"M","M","?","M","$","E","R","M","T","M","M","M","M","M","R","B",null,"R","$","E","B",null],"character_chosen":"DEFECT","items_purchased":["Conserve Battery","Happy Flower","Mummified Hand","Discovery","Heatsinks","Bag of Marbles","Frozen Eye"],"campfire_rested":2,"item_purchase_floors":[4,19,39,39,39,53,53],"current_hp_per_floor":[63,63,63,63,68,43,43,43,43,40,33,33,32,23,44,22,73,69,69,69,69,69,23,21,14,14,35,35,35,45,45,45,3,73,73,73,73,73,73,42,42,42,42,42,42,42,42,42,42,39,73,73,73,62,32],"gold":91,"neow_bonus":"THREE_RARE_CARDS","is_daily":false,"chose_seed":false,"campfire_upgraded":5,"win_rate":0.0,"timestamp":1612867033,"path_taken":["M","?","M","$","?","E","R","M","T","?","E","M","E","?","R","BOSS","M","$","M","?","?","E","M","E","T","R","M","R","E","?","R","BOSS","M","?","?","M","?","E","R","M","T","M","M","M","M","M","R","BOSS","R","$","E","BOSS"],"items_purchased_type":["Card","Relic","Relic","Card","Card","Relic","Relic"],"build_version":"2020-12-22","purchased_purges":0,"victory":true,"max_hp_per_floor":[68,68,68,68,73,73,73,73,73,73,73,73,73,73,73,73,73,73,73,73,73,73,73,73,73,73,73,73,73,73,73,73,73,73,73,73,73,73,73,73,73,73,73,73,73,73,73,73,73,73,73,73,73,73,73],"relic_stats":{"Inserter":[61],"Happy Flower":[41],"counters":[31,180],"Astrolabe":["Cold Snap","Storm","Glacier"],"Bag of Preparation":[32],"Letter Opener":[291],"Orichalcum":[102],"War Paint":["Genetic Algorithm","Glacier"],"Centennial Puzzle":[21],"Mummified Hand":[83],"Pantograph":11,"MealTicket":0,"Art of War":[16],"obtain_stats":[{"Inserter":17,"Happy Flower":19,"Astrolabe":34,"Oddly Smooth Stone":30,"Thread and Needle":6,"Bag of Preparation":26,"Letter Opener":9,"Orichalcum":13,"Odd Mushroom":14,"War Paint":43,"Frozen Eye":53,"Centennial Puzzle":23,"Anchor":25,"Matryoshka":21,"Mummified Hand":39,"Pantograph":54,"MealTicket":40,"Art of War":11,"Bag of Marbles":53,"Cracked Core":0,"Toy Ornithopter":26},{"Inserter":10,"Happy Flower":11,"Astrolabe":18,"Oddly Smooth Stone":17,"Thread and Needle":3,"Bag of Preparation":15,"Letter Opener":4,"Orichalcum":8,"Odd Mushroom":9,"War Paint":23,"Frozen Eye":29,"Centennial Puzzle":13,"Anchor":15,"Matryoshka":12,"Mummified Hand":21,"Pantograph":30,"MealTicket":22,"Art of War":6,"Bag of Marbles":29,"Cracked Core":0,"Toy Ornithopter":15},{"Inserter":53,"Happy Flower":57,"Astrolabe":103,"Oddly Smooth Stone":90,"Thread and Needle":12,"Bag of Preparation":80,"Letter Opener":15,"Orichalcum":36,"Odd Mushroom":40,"War Paint":124,"Frozen Eye":164,"Centennial Puzzle":68,"Anchor":80,"Matryoshka":61,"Mummified Hand":114,"Pantograph":172,"MealTicket":121,"Art of War":29,"Bag of Marbles":164,"Cracked Core":0,"Toy Ornithopter":80}],"Toy Ornithopter":20},"card_choices":[{"not_picked":["Fission","Thunder Strike"],"picked":"Machine Learning","floor":0},{"not_picked":["Go for the Eyes","Auto Shields"],"picked":"Capacitor","floor":1},{"not_picked":["Steam Power","Compile Driver"],"picked":"Rebound","floor":3},{"not_picked":["Compile Driver","Go for the Eyes"],"picked":"Hello World","floor":6},{"not_picked":["Steam","Aggregate"],"picked":"Glacier","floor":8},{"not_picked":["Gash","Conserve Battery"],"picked":"Cold Snap","floor":10},{"not_picked":["Force Field","Beam Cell"],"picked":"Barrage","floor":11},{"not_picked":["Coolheaded","White Noise","Undo"],"picked":"SKIP","floor":12},{"not_picked":["Gash","Darkness"],"picked":"Beam Cell","floor":13},{"not_picked":["Beam Cell","Coolheaded"],"picked":"Melter","floor":14},{"not_picked":["Fission","Rainbow"],"picked":"Biased Cognition","floor":16},{"not_picked":["Barrage+1","Doom and Gloom"],"picked":"Redo+1","floor":18},{"not_picked":["Coolheaded","Redo+1"],"picked":"Genetic Algorithm","floor":20},{"not_picked":["White Noise","Auto Shields+1"],"picked":"Ball Lightning+1","floor":23},{"not_picked":["Steam+1","Force Field","Beam Cell"],"picked":"SKIP","floor":24},{"not_picked":["Sweeping Beam","Stack+1"],"picked":"Hologram","floor":25},{"not_picked":["Rip and Tear","Defragment"],"picked":"Hologram+1","floor":28},{"not_picked":["Gash","Coolheaded"],"picked":"Ball Lightning","floor":30},{"not_picked":["Reboot","Biased Cognition"],"picked":"Electrodynamics","floor":33},{"not_picked":["Gash","Steam Power+1","Go for the Eyes+1"],"picked":"SKIP","floor":35},{"not_picked":["Rebound+1","Gash+1","Self Repair"],"picked":"SKIP","floor":36},{"not_picked":["Compile Driver","Melter+1","Coolheaded"],"picked":"SKIP","floor":38},{"not_picked":["Ball Lightning+1","Conserve Battery+1"],"picked":"Streamline+1","floor":40},{"not_picked":["Electrodynamics","Leap+1","Hologram"],"picked":"SKIP","floor":42},{"not_picked":["Sweeping Beam+1","Compile Driver+1"],"picked":"Chill","floor":44},{"not_picked":["Force Field+1","Beam Cell","Reboot"],"picked":"SKIP","floor":45},{"not_picked":["Heatsinks","Beam Cell","Stack+1"],"picked":"SKIP","floor":46},{"not_picked":["Redo+1","Undo","Leap+1"],"picked":"SKIP","floor":47},{"not_picked":["Reprogram","Rebound","Stack"],"picked":"SKIP","floor":48},{"not_picked":["Blizzard+1","Force Field+1"],"picked":"Echo Form","floor":54}],"player_experience":59152,"relics_obtained":[{"floor":6,"key":"Thread and Needle"},{"floor":9,"key":"Letter Opener"},{"floor":11,"key":"Art of War"},{"floor":13,"key":"Orichalcum"},{"floor":14,"key":"Odd Mushroom"},{"floor":23,"key":"Centennial Puzzle"},{"floor":25,"key":"Anchor"},{"floor":26,"key":"Toy Ornithopter"},{"floor":26,"key":"Bag of Preparation"},{"floor":30,"key":"Oddly Smooth Stone"},{"floor":40,"key":"MealTicket"},{"floor":43,"key":"War Paint"},{"floor":54,"key":"Pantograph"}],"event_choices":[{"damage_healed":0,"gold_gain":0,"cards_transformed":["Strike_B"],"player_choice":"Change","damage_taken":0,"max_hp_gain":0,"max_hp_loss":0,"event_name":"Living Wall","floor":2,"gold_loss":0,"cards_obtained":["Reboot"]},{"damage_healed":0,"gold_gain":0,"player_choice":"Got Potions","damage_taken":0,"max_hp_gain":0,"max_hp_loss":0,"event_name":"Lab","floor":5,"gold_loss":0},{"damage_healed":0,"gold_gain":0,"player_choice":"Fought Mushrooms","damage_taken":0,"max_hp_gain":0,"max_hp_loss":0,"event_name":"Mushrooms","floor":14,"gold_loss":0},{"damage_healed":0,"gold_gain":0,"player_choice":"Obtained Relic","damage_taken":0,"relics_obtained":["Matryoshka"],"max_hp_gain":0,"max_hp_loss":0,"event_name":"Addict","floor":21,"gold_loss":85},{"damage_healed":0,"gold_gain":0,"player_choice":"Simplicity","damage_taken":0,"max_hp_gain":0,"max_hp_loss":0,"event_name":"Back to Basics","floor":22,"gold_loss":0,"cards_upgraded":["Strike_B","Strike_B","Strike_B","Defend_B","Defend_B","Defend_B","Defend_B"]},{"damage_healed":0,"gold_gain":100,"player_choice":"Pray","damage_taken":0,"max_hp_gain":0,"max_hp_loss":0,"event_name":"Golden Shrine","floor":31,"gold_loss":0},{"damage_healed":0,"gold_gain":0,"player_choice":"Bought 0 Potions","damage_taken":0,"max_hp_gain":0,"max_hp_loss":0,"event_name":"The Woman in Blue","floor":37,"gold_loss":0}],"is_beta":false,"boss_relics":[{"not_picked":["Snecko Eye","Runic Dome"],"picked":"Inserter"},{"not_picked":["Sozu","Empty Cage"],"picked":"Astrolabe"}],"items_purged_floors":[],"is_endless":false,"potions_floor_spawned":[1,6,12,18,28,35,36,38,44,45],"ascension_level":1}}