{"host":"g907ck67u7c3hrs6","time":1612832001,"event":{"mods":["BaseMod","Colored Map","DeckTracker","Highlight Path","Keyboard Shortcuts","Minty Spire (QoL Compilation)","Permanent Neow","Say the Spire","SuperFastMode"],"gold_per_floor":[117,392,409,421,421,421,5,5,5,22,52,67,100,113,113,113,113,113],"floor_reached":17,"language":"KOR","playtime":440,"items_purged":["Defend_G"],"score":191,"play_id":"df144204-72cb-45e0-8205-94e73c3dfdb0","local_time":"20210209095321","daily_mods":["Specialized","Blue Cards","Terminal"],"is_ascension_mode":false,"campfire_choices":[{"data":"Buffer","floor":6,"key":"SMITH"},{"data":"Apotheosis","floor":8,"key":"SMITH"},{"data":"Infinite Blades","floor":16,"key":"SMITH"}],"circlet_count":0,"master_deck":["Strike_G","Strike_G","Strike_G","Strike_G","Strike_G","Defend_G","Defend_G","Defend_G","Defend_G","Survivor","Neutralize","Buffer+1","Buffer","Buffer","Buffer","Buffer","Backstab","Turbo","Apotheosis+1","Riddle With Holes","Core Surge","Heatsinks","Infinite Blades+1"],"relics":["Ring of the Snake","Spirit Poop","Bag of Preparation","Blue Candle","Meat on the Bone","Bag of Marbles"],"acts_visited":["Exordium"],"potions_floor_usage":[],"damage_taken":[{"damage":0.0,"enemies":"Cultist","floor":1.0,"turns":6.0},{"damage":3,"enemies":"Jaw Worm","floor":3,"turns":7},{"damage":3,"enemies":"Small Slimes","floor":4,"turns":4},{"damage":0,"enemies":"Blue Slaver","floor":10,"turns":4},{"damage":0,"enemies":"3 Sentries","floor":11,"turns":9},{"damage":0,"enemies":"Looter","floor":12,"turns":2},{"damage":0,"enemies":"Gremlin Nob","floor":13,"turns":5},{"damage":0,"enemies":"Large Slime","floor":14,"turns":3},{"damage":0,"enemies":"The Guardian","floor":17,"turns":2}],"seed_played":"4322249910530357388","potions_obtained":[{"floor":1.0,"key":"SkillPotion"},{"floor":10,"key":"DistilledChaos"},{"floor":13,"key":"Block Potion"}],"is_trial":true,"path_per_floor":["M","?","M","M","?","R","$","R","T","M","E","M","E","M","M","R","B"],"character_chosen":"THE_SILENT","items_purchased":["Apotheosis","Bag of Preparation"],"campfire_rested":0,"item_purchase_floors":[7,7],"current_hp_per_floor":[68,67,64,61,61,61,61,61,60,59,58,57,56,55,54,53,53,53],"gold":113,"neow_bonus":"","is_daily":false,"chose_seed":false,"campfire_upgraded":3,"win_rate":0.0,"timestamp":1612832001,"path_taken":["M","?","M","?","?","R","$","R","T","M","E","M","E","M","M","R","BOSS"],"items_purchased_type":["Card","Relic"],"build_version":"2020-12-22","purchased_purges":1,"victory":false,"max_hp_per_floor":[68,67,66,65,64,63,62,61,60,59,58,57,56,55,54,53,53,53],"card_choices":[{"not_picked":["Deflect","Compile Driver","Coolheaded"],"picked":"SKIP","floor":1.0},{"not_picked":["Loop","Setup"],"picked":"Backstab","floor":3},{"not_picked":["Prepared","Recycle"],"picked":"Turbo","floor":4},{"not_picked":["Lockon","Footwork"],"picked":"Riddle With Holes","floor":10},{"not_picked":["White Noise","Backflip"],"picked":"Core Surge","floor":11},{"not_picked":["Backflip","Acrobatics"],"picked":"Heatsinks","floor":12},{"not_picked":["Stack","Compile Driver"],"picked":"Infinite Blades","floor":13},{"not_picked":["Slice","Sucker Punch","Go for the Eyes"],"picked":"SKIP","floor":14}],"player_experience":270781,"relics_obtained":[{"floor":9,"key":"Blue Candle"},{"floor":11,"key":"Meat on the Bone"},{"floor":13,"key":"Bag of Marbles"}],"event_choices":[{"damage_healed":0,"gold_gain":275,"player_choice":"Desecrate","damage_taken":0,"max_hp_gain":0,"max_hp_loss":0,"event_name":"Golden Shrine","floor":2,"gold_loss":0,"cards_obtained":["Regret"]},{"cards_removed":["Regret"],"damage_healed":0,"gold_gain":0,"player_choice":"Offered Curse","damage_taken":0,"relics_obtained":["Spirit Poop"],"max_hp_gain":0,"max_hp_loss":0,"event_name":"Bonfire Elementals","floor":5,"gold_loss":0}],"is_beta":false,"boss_relics":[],"items_purged_floors":[7],"is_endless":false,"potions_floor_spawned":[1,10,13,14],"killed_by":"The Guardian","ascension_level":0}}