{"host":"xltl1aroowo69o4n","time":1612835826,"event":{"mods":["BaseMod","Colored Map","Colored Powertips","Downfall","Marisa????????","Minty Spire (QoL Compilation)","Replay The Spire","StSLib","The Cursed","The Hierophant","The Mystic","The Necromancer","The Servant 0.9.4"],"gold_per_floor":[113,12,27,38,53,53,86,86,86,86,100,100,114,32,32,127,127,137,155,155,169,69,69,69,17,17,29,44,44,250,81,81,181,181,193,212,41,53,67,67,78,78,78,2,2,15,15,15],"floor_reached":47,"language":"ENG","playtime":2737,"items_purged":["Replay:Sluggish","downfall:Bewildered"],"score":604,"play_id":"b8c743a2-27dc-459e-a209-79d6498a2090","local_time":"20210208205706","is_ascension_mode":false,"campfire_choices":[{"data":"Deny","floor":6.0,"key":"SMITH"},{"floor":8.0,"key":"REST"},{"floor":15.0,"key":"REST"},{"floor":23.0,"key":"REST"},{"floor":29.0,"key":"REST"},{"floor":32.0,"key":"REST"},{"floor":40.0,"key":"REST"},{"floor":42.0,"key":"REST"},{"data":"Jack Of All Trades","floor":45.0,"key":"SMITH"}],"circlet_count":0,"master_deck":["Strike_S","Strike_S","Strike_S","Strike_S","Defend_S","Defend_S","Defend_S","Defend_S","KidneyShot","Exchange","Ricochet","Spin","FastForward","Deny+1","Revamp+1","ShatteredReality","Snipe","LightFlow","Jack Of All Trades","Embodiment","Replay:Sssssssssshield","Sunlight","Luminosity+1","Rearm+1","Spin","Alleviate","Contraction","Sabotage+1","Defy+1","Poisoned Strike","Dilation","Alleviate+1","StarChef","SurpressingFire","Jack Of All Trades+1","Misdirection+1","FastForward+1","KillingDoll","Moonlight","Defy"],"relics":["SplendidAttire","Pondfish Scales","Pocketwatch","Bottled Flame","Ring of Chaos","sneckomod:BabySnecko","Meat on the Bone","ReplayTheSpireMod:Lightbulb"],"acts_visited":["Exordium","TheCity","TheBeyond"],"potions_floor_usage":[],"damage_taken":[{"damage":0.0,"enemies":"Small Slimes","floor":1.0,"turns":4.0},{"damage":4.0,"enemies":"Cultist","floor":3.0,"turns":4.0},{"damage":0.0,"enemies":"2 Louse","floor":4.0,"turns":2.0},{"damage":8.0,"enemies":"Exordium Wildlife","floor":5.0,"turns":4.0},{"damage":34.0,"enemies":"Lagavulin","floor":7.0,"turns":10.0},{"damage":0.0,"enemies":"Looter","floor":11.0,"turns":5.0},{"damage":1.0,"enemies":"Large Slime","floor":13.0,"turns":4.0},{"damage":37.0,"enemies":"The Guardian","floor":16.0,"turns":12.0},{"damage":19.0,"enemies":"Spheric Guardian","floor":18.0,"turns":6.0},{"damage":10.0,"enemies":"Chosen","floor":19.0,"turns":3.0},{"damage":24.0,"enemies":"Snake Plant","floor":21.0,"turns":5.0},{"damage":24.0,"enemies":"Snecko","floor":27.0,"turns":6.0},{"damage":17.0,"enemies":"Centurion and Healer","floor":28.0,"turns":5.0},{"damage":11.0,"enemies":"Pondfish","floor":33.0,"turns":13.0},{"damage":2.0,"enemies":"Orb Walker","floor":35.0,"turns":5.0},{"damage":31.0,"enemies":"3 Darklings","floor":36.0,"turns":5.0},{"damage":37.0,"enemies":"4 Shapes","floor":38.0,"turns":5.0},{"damage":8.0,"enemies":"Spire Growth","floor":39.0,"turns":7.0},{"damage":18.0,"enemies":"3 Darklings","floor":41.0,"turns":6.0},{"damage":18,"enemies":"Transient","floor":46,"turns":5},{"damage":53,"enemies":"Reptomancer","floor":47,"turns":3}],"seed_played":"-9190451526333013743","potions_obtained":[{"floor":4.0,"key":"Block Potion"},{"floor":5.0,"key":"SkillPotion"},{"floor":7.0,"key":"GamblersBrew"},{"floor":16.0,"key":"sneckomod:MuddlingPotion"},{"floor":18.0,"key":"Elixir"},{"floor":35.0,"key":"Dexterity Potion"},{"floor":38.0,"key":"champ:CounterPotion"}],"is_trial":false,"path_per_floor":["M","$","M","M","M","R","E","R","T","?","M","?","M","$","R","B",null,"M","M","?","M","$","R","?","$","T","M","M","R","?","$","R","B",null,"M","M","$","M","M","R","M","R","T","$","R","M","E"],"character_chosen":"THE_SERVANT","items_purchased":["Spin","Replay:Sssssssssshield","Alleviate","Poisoned Strike","SurpressingFire","Jack Of All Trades","Moonlight"],"campfire_rested":7,"item_purchase_floors":[2,14,25,31,37,37,44],"current_hp_per_floor":[65,65,61,61,53,53,19,38,38,38,38,38,37,37,56,19,65,46,36,36,12,12,31,52,52,52,40,35,54,38,38,57,46,65,63,44,44,19,23,42,36,55,55,55,55,37,0,0],"gold":15,"neow_bonus":"ONE_RARE_RELIC","is_daily":false,"chose_seed":false,"campfire_upgraded":2,"win_rate":0.0,"timestamp":1612835826,"path_taken":["M","$","M","M","M","R","E","R","T","?","M","?","?","$","R","BOSS","M","M","?","M","$","R","?","?","T","?","M","R","?","$","R","BOSS","M","M","$","M","M","R","M","R","T","$","R","M","E"],"items_purchased_type":["Card","Card","Card","Card","Card","Card","Card"],"build_version":"2020-12-13","purchased_purges":2,"victory":false,"max_hp_per_floor":[65,65,65,65,65,65,65,65,65,65,65,65,65,65,65,65,65,65,65,65,65,65,65,65,65,65,65,65,65,65,65,65,65,65,65,65,65,65,65,65,65,65,65,65,65,65,65,65],"card_choices":[{"not_picked":["Rewind","TimeWarp"],"picked":"Ricochet","floor":1.0},{"not_picked":["ReturningBlade","Alleviate"],"picked":"FastForward","floor":3.0},{"not_picked":["Collapse","Alleviate"],"picked":"Deny","floor":4.0},{"not_picked":["RealityMarble","Foresight"],"picked":"Revamp","floor":5.0},{"not_picked":["Advance","DoubleEdge"],"picked":"ShatteredReality","floor":7.0},{"not_picked":["FastForward","Reset"],"picked":"Snipe","floor":11.0},{"not_picked":["Potential","InstantArmor"],"picked":"Embodiment","floor":13.0},{"not_picked":["MurderousAura","Duplication"],"picked":"Sunlight","floor":16.0},{"not_picked":["Unruled","Starlight"],"picked":"Luminosity+1","floor":18.0},{"not_picked":["Ricochet","ShatteredReality"],"picked":"Rearm+1","floor":19.0},{"not_picked":["ShatteredReality","FastForward"],"picked":"Spin","floor":21.0},{"not_picked":["Dilation","SurpressingFire+1"],"picked":"Contraction","floor":27.0},{"not_picked":["Advance","Unruled"],"picked":"Sabotage+1","floor":28.0},{"not_picked":["ReturningBlade","Alleviate"],"picked":"Defy+1","floor":30.0},{"not_picked":["Solidify","FloweringNight"],"picked":"Dilation","floor":33.0},{"not_picked":["Hightail","DoubleEdge"],"picked":"Alleviate+1","floor":35.0},{"not_picked":["Desolation","Moonlight+1"],"picked":"StarChef","floor":36.0},{"not_picked":["ShiftingGears","Alleviate+1"],"picked":"Misdirection+1","floor":38.0},{"not_picked":["Rewind","ShatteredReality"],"picked":"FastForward+1","floor":39.0},{"not_picked":["StarChef+1","ShatteredReality"],"picked":"KillingDoll","floor":41.0},{"not_picked":["Revamp+1","Alleviate"],"picked":"Defy","floor":46}],"player_experience":152401,"relics_obtained":[{"floor":7.0,"key":"Pocketwatch"},{"floor":9.0,"key":"Bottled Flame"},{"floor":26.0,"key":"Meat on the Bone"},{"floor":43.0,"key":"ReplayTheSpireMod:Lightbulb"}],"event_choices":[{"damage_healed":0.0,"max_hp_gain":0.0,"max_hp_loss":0.0,"gold_gain":0.0,"event_name":"Living Wall","player_choice":"Grow","floor":10.0,"gold_loss":0.0,"damage_taken":0.0,"cards_upgraded":["Revamp"]},{"damage_healed":0.0,"max_hp_gain":0.0,"max_hp_loss":0.0,"gold_gain":0.0,"event_name":"Match and Keep!","player_choice":"2 cards matched","floor":12.0,"gold_loss":0.0,"damage_taken":0.0,"cards_obtained":["LightFlow","Jack Of All Trades"]},{"damage_healed":21.0,"max_hp_gain":0.0,"max_hp_loss":0.0,"gold_gain":0.0,"event_name":"The Library","player_choice":"Heal","floor":24.0,"gold_loss":0.0,"damage_taken":0.0}],"is_beta":false,"boss_relics":[{"not_picked":["MysterySword","Black Star"],"picked":"Ring of Chaos"},{"not_picked":["Replay:Grab Bag","Busted Crown"],"picked":"SplendidAttire"}],"items_purged_floors":[2,22],"is_endless":false,"potions_floor_spawned":[4,5,7,16,18,28,35,38],"killed_by":"Reptomancer","ascension_level":0}}