{"host":"z7aqijtw6ph01z7j","time":1612868827,"event":{"mods":["AchievementEnabler","BaseMod","BetterRewards","Card Forge","Colored Map","Energized Spire","Hermit","Koishi","KomeijiMod","Marisa£¨Ùöéë¡¡Øª×âÞÞ£©","Minty Spire (QoL Compilation)","Reimu£¨ÚÏ???£©","Remilia£¨?Ú·×é?£©","Replay The Spire","StSLib","SuperFastMode","Td1madao Mod","The Cursed","The Hierophant","The Mystic","The Necromancer","The Runesmith","The Servant 0.9.4","TheSwordswoman"],"gold_per_floor":[111,122,1,18,35,63,73,106,176,176,176,196,211,225,225,330,330,345,47,47,60,60,89,89,101,128,139,173,173,200,219,219,314,314,324,324,324,38,57,88,88,113,113,131,143,178,229,282,282,282,282,282,97,127,127],"floor_reached":56,"language":"KOR","playtime":3778,"items_purged":[],"score":1813,"play_id":"b0de26b2-1671-4726-96e0-b0046444d0f1","local_time":"20210209200707","is_ascension_mode":true,"campfire_choices":[{"floor":15.0,"key":"RECALL"},{"floor":24.0,"key":"REST"},{"floor":29.0,"key":"REST"},{"floor":32.0,"key":"REST"},{"floor":41.0,"key":"REST"},{"floor":49.0,"key":"REST"},{"floor":52.0,"key":"REST"}],"circlet_count":0,"master_deck":["Defend_R+1","Feed+1","Headbutt+1","Spot Weakness+1","Exhume+1","Shrug It Off+1","Reaper+1","Flex+1","Infernal Blade+1","Flex+1","Barricade+1","Bloodletting+1","Armaments+1","Heavy Blade+1","Spot Weakness+1","Twin Strike+1","Twin Strike+1","Sword Boomerang+1","Shrug It Off+1","Entrench+1","Headbutt+1","Metallicize+1","Pommel Strike+1","Battle Trance+1","Searing Blow+5","Pummel+1","Double Tap+1"],"relics":["Burning Blood","Hammer of Thor","Seething Fire","Anvil of the Gods","Iron Hammer","Lantern","Mercury Hourglass","Ring of Searing","ReplayTheSpireMod:Ring of Collecting","YidongShenshe:ReiMu","Replay:Bronze Core","Sundial","ShirouKen","Tea:ReiMu","ReplayTheSpireMod:Ring of Exchange","Centennial Puzzle","Ornamental Fan","Membership Card","InkBottle","Potion Belt","BargainBundle","Question Card","Golden Egg","Ring of Fury","Bag of Preparation","Whetstone","Toy Ornithopter","FossilizedHelix","Ginger","Vajra"],"acts_visited":["Exordium","TheCity","TheBeyond","TheEnding"],"potions_floor_usage":[],"damage_taken":[{"damage":9.0,"enemies":"Small Slimes","floor":1.0,"turns":4.0},{"damage":2.0,"enemies":"Jaw Worm","floor":2.0,"turns":3.0},{"damage":10.0,"enemies":"2 Louse","floor":4.0,"turns":3.0},{"damage":14.0,"enemies":"Exordium Thugs","floor":5.0,"turns":3.0},{"damage":57.0,"enemies":"Gremlin Nob","floor":6.0,"turns":5.0},{"damage":12.0,"enemies":"Red Slaver","floor":7.0,"turns":5.0},{"damage":5.0,"enemies":"3 Sentries","floor":8.0,"turns":4.0},{"damage":23.0,"enemies":"Large Slime","floor":12.0,"turns":7.0},{"damage":0.0,"enemies":"3 Louse","floor":13.0,"turns":1.0},{"damage":0.0,"enemies":"Red Slaver","floor":14.0,"turns":1.0},{"damage":89.0,"enemies":"Slime Boss","floor":16.0,"turns":11.0},{"damage":20.0,"enemies":"2 Thieves","floor":18.0,"turns":3.0},{"damage":28.0,"enemies":"3 Byrds","floor":21.0,"turns":4.0},{"damage":43.0,"enemies":"Gremlin Leader","floor":23.0,"turns":7.0},{"damage":41.0,"enemies":"Snecko","floor":25.0,"turns":5.0},{"damage":0.0,"enemies":"3 Cultists","floor":27.0,"turns":3.0},{"damage":103.0,"enemies":"Book of Stabbing","floor":28.0,"turns":7.0},{"damage":58.0,"enemies":"Gremlin Leader","floor":30.0,"turns":5.0},{"damage":18.0,"enemies":"Centurion and Healer","floor":31.0,"turns":4.0},{"damage":68.0,"enemies":"Automaton","floor":33.0,"turns":8.0},{"damage":44.0,"enemies":"Orb Walker","floor":35.0,"turns":4.0},{"damage":72.0,"enemies":"Orb Walker","floor":36.0,"turns":6.0},{"damage":0.0,"enemies":"3 Darklings","floor":39.0,"turns":3.0},{"damage":60.0,"enemies":"Giant Head","floor":40.0,"turns":6.0},{"damage":54.0,"enemies":"Nemesis","floor":42.0,"turns":11.0},{"damage":23.0,"enemies":"Writhing Mass","floor":44.0,"turns":3.0},{"damage":2.0,"enemies":"Jaw Worm Horde","floor":45.0,"turns":3.0},{"damage":44.0,"enemies":"R_Hoarder","floor":46.0,"turns":7.0},{"damage":101.0,"enemies":"2 Orb Walkers","floor":48.0,"turns":8.0},{"damage":45.0,"enemies":"Awakened One","floor":50.0,"turns":6.0},{"damage":32.0,"enemies":"Shield and Spear","floor":54.0,"turns":5.0},{"damage":200,"enemies":"The Heart","floor":55,"turns":8}],"seed_played":"-533540704510931031","potions_obtained":[{"floor":2.0,"key":"PowerPotion"},{"floor":4.0,"key":"Reflective Coating"},{"floor":8.0,"key":"AttackPotion"},{"floor":12.0,"key":"LiquidBronze"},{"floor":13.0,"key":"SpeedPotion"},{"floor":27.0,"key":"DuplicationPotion"},{"floor":30.0,"key":"CultistPotion"},{"floor":35.0,"key":"DuplicationPotion"},{"floor":42.0,"key":"Strength Potion"},{"floor":45.0,"key":"Languid Potion"},{"floor":48.0,"key":"SteroidPotion"}],"is_trial":false,"path_per_floor":["M","M","$","M","M","E","M","E","T","?","?","M","M","M","R","B",null,"M","$","?","M","$","E","R","M","T","M","E","R","E","M","R","B",null,"M","?","?","$","M","E","R","E","T","M","M","E","T","?","R","B",null,"R","$","E","B",null],"character_chosen":"IRONCLAD","items_purchased":["Reaper+1","Sundial","Armaments+1","InkBottle","Potion Belt","BargainBundle","SpeedPotion","BloodPotion","Pummel","Ginger"],"campfire_rested":6,"item_purchase_floors":[3,19,19,38,38,38,38,38,53,53],"current_hp_per_floor":[80,88,88,92,102,60,67,97,97,97,97,88,120,130,130,55,121,111,111,111,93,93,79,125,111,111,125,67,117,69,100,152,112,162,128,91,91,91,97,122,178,134,134,121,133,100,100,13,76,140,199,219,219,197,20],"gold":127,"neow_bonus":"TEN_PERCENT_HP_BONUS","is_daily":false,"chose_seed":false,"campfire_upgraded":0,"win_rate":0.0,"timestamp":1612868827,"path_taken":["M","M","$","M","M","E","M","E","T","?","?","M","M","M","R","BOSS","M","$","?","M","?","E","R","M","T","?","E","R","E","M","R","BOSS","M","?","?","$","?","E","R","E","T","M","M","E","?","?","R","BOSS","R","$","E","BOSS"],"items_purchased_type":["Card","Relic","Card","Relic","Relic","Relic","Potion","Potion","Card","Relic"],"build_version":"2020-12-22","purchased_purges":0,"victory":true,"max_hp_per_floor":[91,95,95,103,111,115,119,123,123,123,123,131,131,135,135,143,143,147,147,147,151,151,155,155,159,159,167,167,167,171,175,175,179,179,183,187,187,187,187,187,187,191,191,195,203,203,203,211,211,219,219,219,219,223,223],"card_choices":[{"not_picked":["Iron Wave","ReplayTheSpireMod:Muscle Training"],"picked":"Spot Weakness","floor":1.0},{"not_picked":["True Grit","Heavy Blade"],"picked":"Shrug It Off","floor":2.0},{"not_picked":["Ghostly Armor","Thunderclap"],"picked":"Flex","floor":4.0},{"not_picked":["Dark Embrace","Body Slam"],"picked":"Infernal Blade","floor":5.0},{"not_picked":["Combust","Heavy Blade","Bludgeon"],"picked":"SKIP","floor":6.0},{"not_picked":["Dropkick","Blood for Blood"],"picked":"Flex","floor":7.0},{"not_picked":["Havoc","Clothesline","Body Slam"],"picked":"SKIP","floor":8.0},{"not_picked":["Perfected Strike","Cleave","ReplayReversal"],"picked":"SKIP","floor":12.0},{"not_picked":["Body Slam","True Grit","Perfected Strike"],"picked":"SKIP","floor":13.0},{"not_picked":["Pommel Strike","ReplayTheSpireMod:Limb From Limb"],"picked":"Flex","floor":14.0},{"not_picked":["Immolate","Demonic Infusion"],"picked":"Barricade","floor":16.0},{"not_picked":["Warcry","Clothesline+1"],"picked":"Bloodletting+1","floor":18.0},{"not_picked":["ReplayTheSpireMod:Strike From Hell","True Grit"],"picked":"Heavy Blade+1","floor":21.0},{"not_picked":["Clash","Thunderclap"],"picked":"Spot Weakness","floor":23.0},{"not_picked":["Run Through","Abandon","Combust+1"],"picked":"SKIP","floor":25.0},{"not_picked":["Entrench+1","Hemokinesis"],"picked":"Twin Strike","floor":27.0},{"not_picked":["Replay:Many Hands","Immolate"],"picked":"Twin Strike","floor":28.0},{"not_picked":["Flex","Clothesline"],"picked":"Sword Boomerang","floor":30.0},{"not_picked":["Rampage","Abandon+1"],"picked":"Shrug It Off","floor":31.0},{"not_picked":["Brutality","Eclipse"],"picked":"Berserk","floor":33.0},{"not_picked":["Body Slam+1","ReplayTheSpireMod:Muscle Training+1"],"picked":"Entrench","floor":35.0},{"not_picked":["Twin Strike","Replay:Undeath\u0027s Touch"],"picked":"Headbutt","floor":39.0},{"not_picked":["Berserk","Hemokinesis+1"],"picked":"Metallicize","floor":40.0},{"not_picked":["Cleave+1","ReplayTheSpireMod:Muscle Training+1","Massacre"],"picked":"Pommel Strike","floor":42.0},{"not_picked":["Body Slam","Second Wind","Sentinel+1","ReplayTheSpireMod:Strike From Hell+1"],"picked":"SKIP","floor":44.0},{"not_picked":["Anger","Clothesline+1","Run Through+1"],"picked":"Battle Trance","floor":45.0},{"not_picked":["Perfected Strike+1","Cleave+1","Uppercut+1"],"picked":"Searing Blow+1","floor":46.0},{"not_picked":["Run Through","Twin Strike+1","Sentinel"],"picked":"Second Wind","floor":48.0},{"not_picked":["Havoc+1","Eclipse","Run Through+1"],"picked":"Double Tap","floor":54.0}],"player_experience":366895,"relics_obtained":[{"floor":6.0,"key":"Iron Hammer"},{"floor":8.0,"key":"Lantern"},{"floor":9.0,"key":"Mercury Hourglass"},{"floor":10.0,"key":"Ring of Searing"},{"floor":10.0,"key":"ReplayTheSpireMod:Ring of Collecting"},{"floor":23.0,"key":"Tea:ReiMu"},{"floor":26.0,"key":"ReplayTheSpireMod:Ring of Exchange"},{"floor":28.0,"key":"Centennial Puzzle"},{"floor":30.0,"key":"Ornamental Fan"},{"floor":40.0,"key":"Question Card"},{"floor":42.0,"key":"Golden Egg"},{"floor":43.0,"key":"Ring of Fury"},{"floor":43.0,"key":"Bag of Preparation"},{"floor":46.0,"key":"Whetstone"},{"floor":47.0,"key":"Toy Ornithopter"},{"floor":48.0,"key":"FossilizedHelix"},{"floor":54.0,"key":"Vajra"}],"event_choices":[{"damage_healed":0.0,"max_hp_gain":0.0,"max_hp_loss":0.0,"gold_gain":0.0,"event_name":"yidonshenshe","player_choice":"Take Tiny Shrine away","floor":11.0,"gold_loss":0.0,"damage_taken":0.0,"relics_obtained":["YidongShenshe:ReiMu"],"cards_obtained":["Poor:ReiMu"]},{"cards_removed":["Defend_R"],"damage_healed":0.0,"max_hp_gain":0.0,"max_hp_loss":0.0,"gold_gain":0.0,"event_name":"Purifier","player_choice":"Purged","floor":37.0,"gold_loss":0.0,"damage_taken":0.0},{"damage_healed":0.0,"max_hp_gain":0.0,"max_hp_loss":0.0,"gold_gain":0.0,"event_name":"Mysterious Sphere","player_choice":"Fight","floor":48.0,"gold_loss":0.0,"damage_taken":0.0}],"is_beta":false,"boss_relics":[{"not_picked":["ChewingGum","ReplayTheSpireMod:DimensionalGlitch"],"picked":"Replay:Bronze Core"},{"not_picked":["Cursed Key","Chemical X"],"picked":"Membership Card"}],"items_purged_floors":[],"is_endless":false,"potions_floor_spawned":[2,4,8,12,13,27,30,31,35,42,45,48],"ascension_level":9}}