{"host":"ydg0vn0pu4pubmdt","time":1612868607,"event":{"mods":["AchievementEnabler","BaseMod","Colored Map","Gold Saver","Minty Spire (QoL Compilation)","Quick Restart","SuperFastMode"],"gold_per_floor":[1035,1050,1050,770,780,780,810,810,810,837,837,866,688,705,705,801,801,811,840,840,715,467,497,497,529,529,548,85,85,0,20,20,125,125,136,35,35,45,63,74,100,100,100,129,129,44,266,282,282,282],"floor_reached":51,"language":"KOR","playtime":1541,"items_purged":["Strike_P","Defend_P","Defend_P","Strike_P","Defend_P","FollowUp","LikeWater+1"],"score":1298,"play_id":"a057c7e9-3812-42b6-9de1-e9bee9f06f6e","local_time":"20210209200327","is_ascension_mode":true,"campfire_choices":[{"data":"FearNoEvil","floor":6.0,"key":"SMITH"},{"data":"Vigilance","floor":8.0,"key":"SMITH"},{"floor":11.0,"key":"REST"},{"data":"LikeWater","floor":15.0,"key":"SMITH"},{"data":"FlurryOfBlows","floor":29.0,"key":"SMITH"},{"data":"InnerPeace","floor":32.0,"key":"SMITH"},{"data":"Fasting2","floor":45,"key":"SMITH"},{"data":"Adaptation","floor":49,"key":"SMITH"}],"circlet_count":0,"master_deck":["Eruption+1","Vigilance+1","FearNoEvil+1","EmptyFist+1","InnerPeace+1","MentalFortress+1","FlurryOfBlows+1","MentalFortress+1","CrushJoints+1","Fasting2+1","Adaptation+1"],"relics":["HolyWater","Bag of Marbles","Gremlin Horn","Pear","Thread and Needle","Lantern","Red Mask","Ice Cream","Smiling Mask","Strawberry","OrangePellets","Toxic Egg 2","Art of War","Empty Cage","Damaru","Kunai","Anchor"],"acts_visited":["Exordium","TheCity","TheBeyond"],"potions_floor_usage":[40,41,50,50],"damage_taken":[{"damage":0.0,"enemies":"2 Louse","floor":1.0,"turns":3.0},{"damage":7.0,"enemies":"Cultist","floor":2.0,"turns":3.0},{"damage":0.0,"enemies":"Jaw Worm","floor":5.0,"turns":1.0},{"damage":22.0,"enemies":"3 Sentries","floor":7.0,"turns":6.0},{"damage":23.0,"enemies":"Lagavulin","floor":10.0,"turns":6.0},{"damage":0.0,"enemies":"Gremlin Nob","floor":12.0,"turns":3.0},{"damage":0.0,"enemies":"Looter","floor":14.0,"turns":2.0},{"damage":1.0,"enemies":"The Guardian","floor":16.0,"turns":12.0},{"damage":0.0,"enemies":"Spheric Guardian","floor":18.0,"turns":4.0},{"damage":0.0,"enemies":"Masked Bandits","floor":19.0,"turns":3.0},{"damage":2.0,"enemies":"Slavers","floor":23.0,"turns":6.0},{"damage":0.0,"enemies":"Gremlin Leader","floor":25.0,"turns":6.0},{"damage":0.0,"enemies":"Shell Parasite","floor":27.0,"turns":3.0},{"damage":0.0,"enemies":"Snecko","floor":31.0,"turns":4.0},{"damage":6.0,"enemies":"Collector","floor":33.0,"turns":9.0},{"damage":8.0,"enemies":"3 Shapes","floor":35.0,"turns":2.0},{"damage":0.0,"enemies":"Orb Walker","floor":38.0,"turns":2.0},{"damage":0.0,"enemies":"Sphere and 2 Shapes","floor":39.0,"turns":3.0},{"damage":0,"enemies":"Writhing Mass","floor":40,"turns":3},{"damage":0,"enemies":"Giant Head","floor":41,"turns":5},{"damage":0,"enemies":"Reptomancer","floor":44,"turns":3},{"damage":0,"enemies":"3 Darklings","floor":48,"turns":2},{"damage":2,"enemies":"Time Eater","floor":50,"turns":4}],"seed_played":"9089665703257483116","potions_obtained":[{"floor":0.0,"key":"Ancient Potion"},{"floor":0.0,"key":"Energy Potion"},{"floor":0.0,"key":"GamblersBrew"},{"floor":7.0,"key":"AttackPotion"},{"floor":10.0,"key":"LiquidMemories"},{"floor":14.0,"key":"AttackPotion"},{"floor":23.0,"key":"DistilledChaos"},{"floor":25.0,"key":"Energy Potion"},{"floor":31.0,"key":"Dexterity Potion"},{"floor":41,"key":"Fruit Juice"},{"floor":48,"key":"Dexterity Potion"}],"is_trial":false,"path_per_floor":["M","M","?","$","M","R","E","R","T","E","R","E","$","M","R","B",null,"M","?","?","$","$","E","?","E","T","M","$","R","?","M","R","B",null,"M","$","?","M","M","M","E","?","T","E","R","$","?","M","R","B",null],"character_chosen":"WATCHER","items_purchased":["Bag of Marbles","EmptyFist","LikeWater","Block Potion","Explosive Potion","OrangePellets","Toxic Egg 2","PowerPotion","Adaptation"],"campfire_rested":1,"item_purchase_floors":[4,4,13,22,22,28,28,36,46],"current_hp_per_floor":[65,58,58,58,58,58,36,36,46,23,47,47,47,47,47,46,73,73,73,73,73,73,71,71,71,78,78,78,78,78,78,78,72,85,77,77,77,77,77,77,82,82,82,82,82,82,82,82,82,80],"gold":282,"neow_bonus":"THREE_SMALL_POTIONS","is_daily":false,"chose_seed":false,"campfire_upgraded":7,"win_rate":0.0,"timestamp":1612868607,"path_taken":["M","M","?","$","M","R","E","R","T","E","R","E","$","?","R","BOSS","M","?","?","?","$","E","?","E","T","?","$","R","?","M","R","BOSS","M","$","?","M","?","M","E","?","T","E","R","$","?","M","R","BOSS"],"items_purchased_type":["Relic","Card","Card","Potion","Potion","Relic","Relic","Potion","Card"],"build_version":"2020-12-22","purchased_purges":7,"victory":true,"max_hp_per_floor":[72,72,72,72,72,72,72,72,82,82,82,82,82,82,82,82,82,82,82,82,82,82,82,82,82,89,89,89,89,89,89,89,89,89,89,89,89,89,89,89,94,89,89,89,89,89,89,89,89,89],"card_choices":[{"not_picked":["Consecrate","Vengeance","Protect"],"picked":"SKIP","floor":1.0},{"not_picked":["BattleHymn","Consecrate"],"picked":"FearNoEvil","floor":2.0},{"not_picked":["ClearTheMind","CrushJoints","FearNoEvil"],"picked":"SKIP","floor":5.0},{"not_picked":["FlyingSleeves","PathToVictory"],"picked":"InnerPeace","floor":7.0},{"not_picked":["Worship","SashWhip","FearNoEvil"],"picked":"SKIP","floor":10.0},{"not_picked":["ForeignInfluence","FearNoEvil","SpiritShield"],"picked":"SKIP","floor":12.0},{"not_picked":["Prostrate","CarveReality","WaveOfTheHand"],"picked":"SKIP","floor":14.0},{"not_picked":["Swivel+1","CrushJoints"],"picked":"FollowUp","floor":18.0},{"not_picked":["BowlingBash","FearNoEvil"],"picked":"MentalFortress+1","floor":19.0},{"not_picked":["Pray","FearNoEvil"],"picked":"FlurryOfBlows","floor":23.0},{"not_picked":["Consecrate","LessonLearned","DeceiveReality"],"picked":"SKIP","floor":25.0},{"not_picked":["ThirdEye","ClearTheMind+1","PathToVictory+1"],"picked":"SKIP","floor":27.0},{"not_picked":["Protect+1","LikeWater+1","JustLucky"],"picked":"SKIP","floor":31.0},{"not_picked":["Halt+1","Evaluate+1","WreathOfFlame+1"],"picked":"SKIP","floor":35.0},{"not_picked":["SashWhip","JustLucky+1"],"picked":"CrushJoints+1","floor":38.0},{"not_picked":["BattleHymn+1","ClearTheMind+1","FlyingSleeves"],"picked":"SKIP","floor":39.0},{"not_picked":["BattleHymn+1","ClearTheMind+1","FlyingSleeves"],"picked":"SKIP","floor":39.0},{"not_picked":["EmptyBody+1","PathToVictory+1","WheelKick+1"],"picked":"SKIP","floor":40},{"not_picked":["PathToVictory+1","ThirdEye+1","Prostrate+1"],"picked":"SKIP","floor":41},{"not_picked":["LessonLearned","CrushJoints"],"picked":"Fasting2","floor":44},{"not_picked":["Prostrate+1","ThirdEye+1","FearNoEvil"],"picked":"SKIP","floor":48}],"player_experience":514017,"relics_obtained":[{"floor":7.0,"key":"Gremlin Horn"},{"floor":9.0,"key":"Pear"},{"floor":10.0,"key":"Thread and Needle"},{"floor":12.0,"key":"Lantern"},{"floor":19.0,"key":"Red Mask"},{"floor":23.0,"key":"Ice Cream"},{"floor":25.0,"key":"Smiling Mask"},{"floor":26.0,"key":"Strawberry"},{"floor":41,"key":"Damaru"},{"floor":43,"key":"Kunai"},{"floor":44,"key":"Anchor"}],"event_choices":[{"damage_healed":0.0,"max_hp_gain":0.0,"max_hp_loss":0.0,"gold_gain":0.0,"event_name":"Upgrade Shrine","player_choice":"Upgraded","floor":3.0,"gold_loss":0.0,"damage_taken":0.0,"cards_upgraded":["Eruption"]},{"damage_healed":0.0,"max_hp_gain":0.0,"max_hp_loss":0.0,"gold_gain":0.0,"event_name":"Masked Bandits","player_choice":"Fought Bandits","floor":19.0,"gold_loss":0.0,"damage_taken":0.0},{"cards_removed":["Strike_P"],"damage_healed":0.0,"max_hp_gain":0.0,"max_hp_loss":0.0,"gold_gain":0.0,"event_name":"Back to Basics","player_choice":"Elegance","floor":20.0,"gold_loss":0.0,"damage_taken":0.0},{"damage_healed":0.0,"max_hp_gain":0.0,"max_hp_loss":0.0,"gold_gain":0.0,"event_name":"Duplicator","player_choice":"Copied","floor":24.0,"gold_loss":0.0,"damage_taken":0.0,"cards_obtained":["MentalFortress"]},{"damage_healed":0.0,"max_hp_gain":0.0,"max_hp_loss":0.0,"gold_gain":0.0,"event_name":"Addict","player_choice":"Obtained Relic","floor":30.0,"gold_loss":85.0,"damage_taken":0.0,"relics_obtained":["Art of War"]},{"damage_healed":0.0,"max_hp_gain":0.0,"max_hp_loss":0.0,"gold_gain":0.0,"event_name":"Upgrade Shrine","player_choice":"Upgraded","floor":37.0,"gold_loss":0.0,"damage_taken":0.0,"cards_upgraded":["EmptyFist"]},{"damage_healed":0,"gold_gain":0,"player_choice":"Max HP","damage_taken":0,"max_hp_gain":0,"max_hp_loss":5,"event_name":"Winding Halls","floor":42,"gold_loss":0},{"damage_healed":0,"gold_gain":222,"player_choice":"Wore Mask","damage_taken":0,"max_hp_gain":0,"max_hp_loss":0,"event_name":"Tomb of Lord Red Mask","floor":47,"gold_loss":0}],"is_beta":false,"boss_relics":[{"not_picked":["Astrolabe","Philosopher\u0027s Stone"],"picked":"HolyWater"},{"not_picked":["SacredBark","Snecko Eye"],"picked":"Empty Cage"}],"items_purged_floors":[4,13,21,22,28,36,46],"is_endless":false,"potions_floor_spawned":[7,10,14,23,25,31,35,41,48],"ascension_level":9}}