{"host":"3y2rtlgteqp2nuo3","time":1612870034,"event":{"mods":["2.2 Compatiblity","AchievementEnabler","BaseMod","Colored Map","DeckTracker","Highlight Path","Keyboard Shortcuts","Minty Spire (QoL Compilation)","Permanent Neow","Quick Restart","StSLib","SuperFastMode","everything is the same but u backflip on backflip"],"gold_per_floor":[116,127,143,318,334,334,259,259,333,135,135,160,178,193,193,193,193],"floor_reached":16,"language":"KOR","playtime":258,"items_purged":["Strike_R","Strike_R"],"score":153,"play_id":"f950a2e3-6076-4ee8-939b-cf7d9608520a","local_time":"20210209202714","is_ascension_mode":true,"campfire_choices":[{"data":"Enlightenment","floor":6.0,"key":"SMITH"},{"data":"Bash","floor":8.0,"key":"SMITH"},{"data":"Whirlwind","floor":11.0,"key":"SMITH"},{"data":"Searing Blow+1","floor":15.0,"key":"SMITH"}],"circlet_count":0,"master_deck":["AscendersBane","Strike_R","Strike_R","Strike_R","Defend_R","Defend_R","Defend_R","Defend_R","Bash+1","Enlightenment+1","Twin Strike","Whirlwind+1","Carnage","Doubt","Blood for Blood","Pommel Strike+1","Shrug It Off","Searing Blow+2","Seeing Red"],"relics":["Burning Blood","Molten Egg 2","Boot"],"acts_visited":["Exordium"],"potions_floor_usage":[],"damage_taken":[{"damage":0.0,"enemies":"Small Slimes","floor":1.0,"turns":3.0},{"damage":1.0,"enemies":"2 Louse","floor":2.0,"turns":2.0},{"damage":1.0,"enemies":"Cultist","floor":3.0,"turns":3.0},{"damage":30.0,"enemies":"Exordium Wildlife","floor":5.0,"turns":6.0},{"damage":28.0,"enemies":"Gremlin Nob","floor":12.0,"turns":4.0},{"damage":3.0,"enemies":"Blue Slaver","floor":13.0,"turns":2.0},{"damage":2.0,"enemies":"2 Fungi Beasts","floor":14.0,"turns":3.0},{"damage":43,"enemies":"The Guardian","floor":16,"turns":7}],"seed_played":"2665947907330069606","potions_obtained":[{"floor":2.0,"key":"LiquidBronze"},{"floor":12.0,"key":"EssenceOfSteel"},{"floor":14.0,"key":"PowerPotion"}],"is_trial":false,"path_per_floor":["M","M","M","?","M","R","$","R","T","$","R","E","M","M","R","B"],"character_chosen":"IRONCLAD","items_purchased":["Pommel Strike+1","Shrug It Off"],"campfire_rested":0,"item_purchase_floors":[10,10],"current_hp_per_floor":[78,80,80,80,56,56,56,56,56,56,56,34,37,41,41,0,0],"gold":193,"neow_bonus":"RANDOM_COLORLESS","is_daily":false,"chose_seed":false,"campfire_upgraded":4,"win_rate":0.0,"timestamp":1612870034,"path_taken":["M","M","M","?","M","R","$","R","T","$","R","E","M","M","R","BOSS"],"items_purchased_type":["Card","Card"],"build_version":"2020-12-22","purchased_purges":2,"victory":false,"max_hp_per_floor":[80,80,80,80,80,80,80,80,80,80,80,80,80,80,80,80,80],"card_choices":[{"not_picked":["Deep Breath","Good Instincts"],"picked":"Enlightenment","floor":0.0},{"not_picked":["Thunderclap","Second Wind"],"picked":"Twin Strike","floor":1.0},{"not_picked":["Carnage","Seeing Red"],"picked":"Whirlwind","floor":2.0},{"not_picked":["Seeing Red","Thunderclap"],"picked":"Carnage","floor":3.0},{"not_picked":["Flex","Battle Trance"],"picked":"Blood for Blood","floor":5.0},{"not_picked":["Cleave+1","Burning Pact"],"picked":"Searing Blow+1","floor":12.0},{"not_picked":["Pommel Strike+1","Intimidate","Shrug It Off"],"picked":"SKIP","floor":13.0},{"not_picked":["Body Slam+1","Ghostly Armor"],"picked":"Seeing Red","floor":14.0}],"player_experience":772312,"relics_obtained":[{"floor":9.0,"key":"Molten Egg 2"},{"floor":12.0,"key":"Boot"}],"event_choices":[{"damage_healed":0.0,"max_hp_gain":0.0,"max_hp_loss":0.0,"gold_gain":175.0,"event_name":"Liars Game","player_choice":"AGREE","floor":4.0,"gold_loss":0.0,"damage_taken":0.0,"cards_obtained":["Doubt"]}],"is_beta":false,"boss_relics":[],"items_purged_floors":[7,10],"is_endless":false,"potions_floor_spawned":[2,12,14],"killed_by":"The Guardian","ascension_level":10}}