{"host":"lly094a91h6n5nv5","time":1612864397,"event":{"mods":["AchievementEnabler","BaseMod","Block Reminder","Colored Map","Minty Spire (QoL Compilation)"],"gold_per_floor":[110,110,121,121,43,78,78,110,165,180,180,180,180,215,215,215,215],"floor_reached":16,"language":"ENG","playtime":698,"items_purged":[],"score":162,"play_id":"1a5fd3a5-99d5-4fb1-95da-c98f889647da","local_time":"20210209035317","is_ascension_mode":true,"campfire_choices":[{"floor":7,"key":"REST"},{"data":"White Noise","floor":13,"key":"SMITH"},{"floor":15,"key":"REST"}],"circlet_count":0,"master_deck":["Strike_B","Strike_B","Defend_B","Defend_B","Defend_B","Defend_B","Zap","Dualcast","Gash","Melter","Conserve Battery","Defragment","Gash","White Noise+1","Reprogram","Parasite","Gash"],"relics":["SlaversCollar","Pen Nib","Toy Ornithopter","MealTicket","Golden Idol"],"acts_visited":["Exordium"],"potions_floor_usage":[6,10,14],"damage_taken":[{"damage":12.0,"enemies":"Jaw Worm","floor":1.0,"turns":3.0},{"damage":1.0,"enemies":"Cultist","floor":3.0,"turns":4.0},{"damage":47,"enemies":"Gremlin Nob","floor":6,"turns":5},{"damage":25,"enemies":"Lagavulin","floor":8,"turns":7},{"damage":0,"enemies":"Small Slimes","floor":10,"turns":3},{"damage":32,"enemies":"3 Sentries","floor":14,"turns":11},{"damage":32,"enemies":"Slime Boss","floor":16,"turns":3}],"seed_played":"3759363462859626502","potions_obtained":[{"floor":1.0,"key":"SteroidPotion"},{"floor":6,"key":"PowerPotion"},{"floor":10,"key":"SpeedPotion"}],"is_trial":false,"path_per_floor":["M","?","M","?","$","E","R","E","T","M","?","?","R","E","R","B"],"character_chosen":"DEFECT","items_purchased":["Defragment"],"campfire_rested":2,"item_purchase_floors":[5],"current_hp_per_floor":[56,56,55,55,55,8,30,5,5,10,28,28,28,1,21,0,0],"gold":215,"neow_bonus":"BOSS_RELIC","is_daily":false,"chose_seed":false,"campfire_upgraded":1,"win_rate":0.0,"timestamp":1612864397,"path_taken":["M","?","?","?","$","E","R","E","T","?","?","?","R","E","R","BOSS"],"items_purchased_type":["Card"],"build_version":"2020-12-22","purchased_purges":0,"victory":false,"max_hp_per_floor":[75,75,75,75,75,75,75,75,75,75,75,69,69,69,69,69,69],"card_choices":[{"not_picked":["Steam Power","Doom and Gloom"],"picked":"Gash","floor":1.0},{"not_picked":["Leap","Auto Shields"],"picked":"Conserve Battery","floor":3.0},{"not_picked":["Amplify","Compile Driver"],"picked":"Gash","floor":6},{"not_picked":["Turbo","Ball Lightning"],"picked":"White Noise","floor":8},{"not_picked":["Leap","Conserve Battery"],"picked":"Reprogram","floor":10},{"not_picked":["Steam","Storm"],"picked":"Gash","floor":14}],"player_experience":193286,"relics_obtained":[{"floor":6,"key":"Pen Nib"},{"floor":8,"key":"Toy Ornithopter"},{"floor":9,"key":"MealTicket"}],"event_choices":[{"damage_healed":0.0,"max_hp_gain":0.0,"max_hp_loss":0.0,"gold_gain":0.0,"cards_transformed":["Strike_B"],"event_name":"Transmorgrifier","player_choice":"Transformed","floor":2.0,"gold_loss":0.0,"damage_taken":0.0,"cards_obtained":["Melter"]},{"cards_removed":["Strike_B"],"damage_healed":0.0,"max_hp_gain":0.0,"max_hp_loss":0.0,"gold_gain":0.0,"event_name":"Bonfire Elementals","player_choice":"Offered Basic","floor":4.0,"gold_loss":0.0,"damage_taken":0.0},{"damage_healed":18,"gold_gain":0,"player_choice":"Healed and dodged fight","damage_taken":0,"max_hp_gain":0,"max_hp_loss":0,"event_name":"Mushrooms","floor":11,"gold_loss":0,"cards_obtained":["Parasite"]},{"damage_healed":0,"gold_gain":0,"player_choice":"Lose Max HP","damage_taken":0,"relics_obtained":["Golden Idol"],"max_hp_gain":0,"max_hp_loss":6,"event_name":"Golden Idol","floor":12,"gold_loss":0}],"is_beta":false,"boss_relics":[],"items_purged_floors":[],"is_endless":false,"potions_floor_spawned":[1,6,10],"killed_by":"Slime Boss","ascension_level":8}}