{"host":"88gj1a6q1iuldet9","time":1612849162,"event":{"mods":["Act Like it!","Arknights","BaseMod","Better Note","Better Third Choice","BetterRewards","Conspire","Downfall","Energized Spire","Gensokyo","GungeonMod","Hubris","Jorbs\u0027s Wanderer Trilogy","Magitek Elite","Minty Spire (QoL Compilation)","Quick Restart","Replay The Spire","Robot Space Explorer","Shop Mod","StSLib","The Administrix","The Dragon Tamer","The Hayseed","The Jungle","The Marked","The Mystic","The Necromancer","The Runesmith","The Sage","The Senshi","The Wild Card","TheFirefly","Wandering Minibosses"],"gold_per_floor":[113,132,132,150,169,202,202,202,202,219,219,219,237,271,282,299,299,299,299],"floor_reached":18,"language":"ENG","playtime":8638,"items_purged":[],"score":176,"play_id":"8a844ce4-4223-41d1-b4c4-bae93c7b305c","local_time":"20210209003922","is_ascension_mode":false,"campfire_choices":[{"data":"theSenshi:SailorUranusAssists","floor":7,"key":"SMITH"},{"data":"theSenshi:SailorBlock","floor":12,"key":"SMITH"},{"data":"theSenshi:SailorStarHealerAssists","floor":17,"key":"SMITH"}],"circlet_count":0,"master_deck":["theSenshi:SailorKick","theSenshi:SailorKick","theSenshi:SailorKick","theSenshi:SailorKick","theSenshi:SailorBlock","theSenshi:SailorBlock","theSenshi:SailorBlock","theSenshi:SailorBlock+1","theSenshi:RoseThrow","theSenshi:MoonPrismPowerMakeUp","theSenshi:PlutosSolemnity","theSenshi:SailorUranusAssists+1","theSenshi:MoonPunch","theSenshi:PlutosSolemnity","theSenshi:MercurysCunning","theSenshi:MoonsReflection","theSenshi:SailorStarHealerAssists+1","theSenshi:SupersonicWaves","theSenshi:UranusStrength"],"relics":["theSenshi:TransformationBroochRelic","NeowsBlessing","Bronze Scales","ReplayTheSpireMod:Ninjato","Mythril_Glove"],"acts_visited":["Exordium"],"potions_floor_usage":[6,13],"damage_taken":[{"damage":0,"enemies":"Jaw Worm","floor":1,"turns":1},{"damage":0,"enemies":"Cultist","floor":2,"turns":1},{"damage":0,"enemies":"Small Slimes","floor":4,"turns":1},{"damage":19,"enemies":"Exordium Thugs","floor":5,"turns":6},{"damage":47,"enemies":"3 Sentries","floor":6,"turns":9},{"damage":3,"enemies":"Looter","floor":10,"turns":3},{"damage":0,"enemies":"Large Slime","floor":13,"turns":5},{"damage":4,"enemies":"Replay:BlueRogue","floor":14,"turns":5},{"damage":2,"enemies":"Blue Slaver","floor":15,"turns":3},{"damage":0,"enemies":"Exordium Wildlife","floor":16,"turns":3}],"seed_played":"8065740945624793120","potions_obtained":[{"floor":1,"key":"AttackPotion"},{"floor":2,"key":"hexamod:SoulburnPotion"},{"floor":5,"key":"DemoMod:LeadSkinPotion"},{"floor":6,"key":"hexamod:SoulburnPotion"},{"floor":13,"key":"Weak Potion"},{"floor":14,"key":"LifebloodPotion"},{"floor":16,"key":"ColorlessPotion"}],"is_trial":false,"path_per_floor":["M","M","?","M","M","E","R","PTL","PTL","M","T","R","M","E","M","M","R","B"],"character_chosen":"THE_SENSHI","items_purchased":[],"campfire_rested":0,"item_purchase_floors":[],"current_hp_per_floor":[75,75,75,75,56,9,9,9,9,6,6,6,6,7,10,10,10,0,0],"gold":299,"neow_bonus":"THREE_ENEMY_KILL","is_daily":false,"chose_seed":false,"campfire_upgraded":3,"win_rate":0.0,"timestamp":1612849162,"path_taken":["M","M","?","M","M","E","R","PTL","PTL","M","T","R","M","E","?","M","R","BOSS"],"items_purchased_type":[],"build_version":"2020-12-22","purchased_purges":0,"victory":false,"max_hp_per_floor":[75,75,75,75,75,75,75,75,75,75,75,75,75,75,75,75,75,75,75],"card_choices":[{"not_picked":["theSenshi:EncouragingSpeech","theSenshi:Sidestep"],"picked":"theSenshi:PlutosSolemnity","floor":1},{"not_picked":["theSenshi:SailorPlanetPower","theSenshi:EncouragingSpeech"],"picked":"theSenshi:SailorUranusAssists","floor":2},{"not_picked":["theSenshi:SailorPlanetAttack","theSenshi:CrisisMakeUp"],"picked":"theSenshi:MoonPunch","floor":4},{"not_picked":["theSenshi:SchoolBag","theSenshi:SailorMarsAssists"],"picked":"theSenshi:PlutosSolemnity","floor":5},{"not_picked":["theSenshi:SailorChibiMoonAssists","theSenshi:SailorCosmosAssists"],"picked":"theSenshi:MercurysCunning","floor":6},{"not_picked":["theSenshi:MoonPrincessHalation","theSenshi:Sidestep"],"picked":"theSenshi:MoonsReflection","floor":10},{"not_picked":["theSenshi:VenusGlamour","theSenshi:GatheringStrength"],"picked":"theSenshi:SailorStarHealerAssists","floor":13},{"not_picked":["theSenshi:LunasBite","theSenshi:MercurysCunning"],"picked":"theSenshi:SupersonicWaves","floor":14},{"not_picked":["theSenshi:TuxedoSmokingBomber","theSenshi:LateForSchool","theSenshi:SailorPlanetPower"],"picked":"SKIP","floor":15},{"not_picked":["theSenshi:MoonKick","theSenshi:TallSilhouette"],"picked":"theSenshi:UranusStrength","floor":16}],"player_experience":1053393,"relics_obtained":[{"floor":6,"key":"Bronze Scales"},{"floor":11,"key":"ReplayTheSpireMod:Ninjato"},{"floor":14,"key":"Mythril_Glove"}],"event_choices":[{"damage_healed":0,"gold_gain":0,"player_choice":"Full Heal","damage_taken":0,"max_hp_gain":0,"max_hp_loss":0,"event_name":"Wheel of Change","floor":3,"gold_loss":0}],"is_beta":false,"boss_relics":[],"items_purged_floors":[],"is_endless":false,"potions_floor_spawned":[1,2,5,6,13,14,16],"killed_by":"The Guardian","ascension_level":0}}