{"host":"eft627g0ddukeijo","time":1612894818,"event":{"mods":["AchievementEnabler","BaseMod","Bestiary","Better Note","Block Reminder","Colored Powertips","Highlight Path","Minty Spire (QoL Compilation)","Permanent Neow","Rare Cards Sparkle","Relic Stats","StSLib","Weighted Paths"],"gold_per_floor":[112,112,125,143,143,143,155,182,182,193,193,205,205,283,283,380,380,390,169,184,46,65,85,85,104,152,152,171,86,105,124,124,220,220,235,195,209,209,220,220,231,231,285,297,297,297],"floor_reached":45,"language":"ENG","playtime":2198,"items_purged":["Strike_R"],"score":638,"play_id":"f5c0eb66-c01a-4ec8-9ab4-9d435df19b62","local_time":"20210210032018","is_ascension_mode":true,"campfire_choices":[{"floor":6.0,"key":"REST"},{"floor":15.0,"key":"REST"},{"floor":24.0,"key":"REST"},{"floor":27.0,"key":"RECALL"},{"floor":32.0,"key":"REST"},{"floor":40.0,"key":"REST"},{"floor":42.0,"key":"REST"}],"circlet_count":0,"master_deck":["Strike_R+1","Strike_R","Strike_R","Defend_R","Defend_R","Defend_R","Defend_R","Bash","Flex+1","Entrench","Pummel","Inflame+1","Cleave+1","Pain","Offering","Iron Wave","Impervious","Seeing Red","Metallicize+1","Twin Strike+1","Demon Form","Sword Boomerang+1"],"relics":["Burning Blood","Calipers","Pear","Akabeko","Self Forming Clay","WarpedTongs","Singing Bowl","Fusion Hammer","MealTicket","Pen Nib","Molten Egg 2","Philosopher\u0027s Stone"],"acts_visited":["Exordium","TheCity","TheBeyond"],"potions_floor_usage":[45],"damage_taken":[{"damage":16.0,"enemies":"Cultist","floor":1.0,"turns":4.0},{"damage":10.0,"enemies":"Small Slimes","floor":3.0,"turns":4.0},{"damage":7.0,"enemies":"Jaw Worm","floor":4.0,"turns":3.0},{"damage":18.0,"enemies":"Red Slaver","floor":7.0,"turns":3.0},{"damage":27.0,"enemies":"Gremlin Nob","floor":8.0,"turns":4.0},{"damage":8.0,"enemies":"2 Fungi Beasts","floor":10.0,"turns":3.0},{"damage":3.0,"enemies":"Blue Slaver","floor":12.0,"turns":4.0},{"damage":46.0,"enemies":"Hexaghost","floor":16.0,"turns":9.0},{"damage":17.0,"enemies":"Shell Parasite","floor":18.0,"turns":4.0},{"damage":11.0,"enemies":"Spheric Guardian","floor":20.0,"turns":3.0},{"damage":20.0,"enemies":"3 Cultists","floor":22.0,"turns":6.0},{"damage":14.0,"enemies":"Snake Plant","floor":23.0,"turns":4.0},{"damage":26.0,"enemies":"Centurion and Healer","floor":25.0,"turns":5.0},{"damage":24.0,"enemies":"Sentry and Sphere","floor":28.0,"turns":7.0},{"damage":9.0,"enemies":"3 Cultists","floor":30.0,"turns":4.0},{"damage":13.0,"enemies":"Centurion and Healer","floor":31.0,"turns":6.0},{"damage":54.0,"enemies":"Collector","floor":33.0,"turns":13.0},{"damage":21.0,"enemies":"3 Darklings","floor":35.0,"turns":4.0},{"damage":13.0,"enemies":"3 Shapes","floor":37.0,"turns":4.0},{"damage":13.0,"enemies":"3 Darklings","floor":39.0,"turns":6.0},{"damage":31.0,"enemies":"4 Shapes","floor":41.0,"turns":6.0},{"damage":33.0,"enemies":"Sphere and 2 Shapes","floor":44.0,"turns":6.0},{"damage":70,"enemies":"Giant Head","floor":45,"turns":7}],"seed_played":"-2580217744843758095","potions_obtained":[{"floor":3.0,"key":"DuplicationPotion"},{"floor":8.0,"key":"Energy Potion"},{"floor":10.0,"key":"Fire Potion"},{"floor":16.0,"key":"SmokeBomb"},{"floor":20.0,"key":"SkillPotion"},{"floor":28.0,"key":"FearPotion"},{"floor":33.0,"key":"Explosive Potion"},{"floor":35.0,"key":"GamblersBrew"},{"floor":38.0,"key":"Ancient Potion"},{"floor":38.0,"key":"ColorlessPotion"},{"floor":39.0,"key":"Regen Potion"}],"is_trial":false,"path_per_floor":["M","T","M","M","?","R","M","E","T","M","?","M","?","T","R","B",null,"M","$","M","$","M","M","R","M","T","R","M","?","M","M","R","B",null,"M","?","M","?","M","R","M","R","T","M","E"],"character_chosen":"IRONCLAD","items_purchased":["MealTicket","Impervious"],"campfire_rested":6,"item_purchase_floors":[19,21],"current_hp_per_floor":[62,72,68,67,51,75,63,42,42,40,40,43,36,36,60,20,67,58,58,53,68,54,48,73,55,55,55,39,39,36,29,56,8,70,57,57,52,52,47,75,52,81,81,54,0,0],"gold":297,"neow_bonus":"ONE_RARE_RELIC","is_daily":false,"chose_seed":false,"campfire_upgraded":0,"win_rate":0.0,"timestamp":1612894818,"path_taken":["M","?","M","M","?","R","M","E","T","M","?","?","?","?","R","BOSS","M","$","M","$","M","M","R","M","T","R","?","?","M","M","R","BOSS","M","?","?","?","M","R","M","R","T","M","E"],"items_purchased_type":["Relic","Card"],"build_version":"2020-12-22","purchased_purges":1,"victory":false,"max_hp_per_floor":[72,82,82,82,82,82,82,82,82,82,82,82,82,82,82,82,82,84,84,84,84,84,86,86,88,88,88,90,90,90,90,90,90,90,92,92,94,94,96,96,98,98,98,98,98,98],"relic_stats":{"Singing Bowl":16,"counters":[23,119],"Self Forming Clay":[450],"MealTicket":15,"Pen Nib":[11],"obtain_stats":[{"Calipers":0,"Pear":2,"Singing Bowl":14,"Self Forming Clay":9,"MealTicket":19,"Molten Egg 2":29,"Philosopher\u0027s Stone":34,"Fusion Hammer":17,"Pen Nib":26,"Burning Blood":0,"Akabeko":8,"WarpedTongs":11},{"Calipers":0,"Pear":1,"Singing Bowl":7,"Self Forming Clay":5,"MealTicket":9,"Molten Egg 2":14,"Philosopher\u0027s Stone":17,"Fusion Hammer":8,"Pen Nib":13,"Burning Blood":0,"Akabeko":5,"WarpedTongs":6},{"Calipers":0,"Pear":4,"Singing Bowl":25,"Self Forming Clay":18,"MealTicket":38,"Molten Egg 2":63,"Philosopher\u0027s Stone":86,"Fusion Hammer":34,"Pen Nib":56,"Burning Blood":0,"Akabeko":18,"WarpedTongs":21}],"Burning Blood":132,"WarpedTongs":[96]},"card_choices":[{"not_picked":["Warcry","True Grit","Hemokinesis"],"picked":"SKIP","floor":1.0},{"not_picked":["Body Slam","Dropkick"],"picked":"Flex","floor":3.0},{"not_picked":["Fire Breathing","Dark Embrace"],"picked":"Entrench","floor":4.0},{"not_picked":["Rage","Thunderclap"],"picked":"Pummel","floor":7.0},{"not_picked":["Shrug It Off","Clash"],"picked":"Inflame","floor":8.0},{"not_picked":["Thunderclap","Perfected Strike"],"picked":"Cleave","floor":10.0},{"not_picked":["Perfected Strike","Rage","Rupture"],"picked":"SKIP","floor":12.0},{"not_picked":["Brutality","Bludgeon"],"picked":"Offering","floor":16.0},{"not_picked":["Clash","Cleave","Dual Wield+1"],"picked":"Singing Bowl","floor":18.0},{"not_picked":["Anger","Rage"],"picked":"Iron Wave","floor":20.0},{"not_picked":["Iron Wave","Ghostly Armor"],"picked":"Seeing Red","floor":22.0},{"not_picked":["Dropkick","Inflame","Clothesline"],"picked":"Singing Bowl","floor":23.0},{"not_picked":["Wild Strike","Burning Pact","Anger+1"],"picked":"Singing Bowl","floor":25.0},{"not_picked":["Feel No Pain","Flex","Seeing Red"],"picked":"Singing Bowl","floor":28.0},{"not_picked":["Sever Soul+1","Offering"],"picked":"Metallicize+1","floor":30.0},{"not_picked":["Blood for Blood+1","Flex"],"picked":"Twin Strike+1","floor":31.0},{"not_picked":["Bludgeon+1","Double Tap"],"picked":"Demon Form","floor":33.0},{"not_picked":["Headbutt+1","Twin Strike+1","Armaments+1"],"picked":"Singing Bowl","floor":35.0},{"not_picked":["Sever Soul+1","Rampage+1","True Grit"],"picked":"Singing Bowl","floor":37.0},{"not_picked":["Clothesline+1","Seeing Red","Combust+1"],"picked":"Singing Bowl","floor":39.0},{"not_picked":["Havoc","Warcry+1","Headbutt+1"],"picked":"Singing Bowl","floor":41.0},{"not_picked":["Headbutt+1","Sentinel"],"picked":"Sword Boomerang+1","floor":44.0}],"player_experience":545772,"relics_obtained":[{"floor":2.0,"key":"Pear"},{"floor":8.0,"key":"Akabeko"},{"floor":9.0,"key":"Self Forming Clay"},{"floor":14.0,"key":"Singing Bowl"},{"floor":26.0,"key":"Pen Nib"}],"event_choices":[{"damage_healed":0.0,"max_hp_gain":0.0,"max_hp_loss":0.0,"gold_gain":0.0,"event_name":"Shining Light","player_choice":"Entered Light","floor":5.0,"gold_loss":0.0,"damage_taken":16.0,"cards_upgraded":["Flex","Strike_R"]},{"damage_healed":0.0,"max_hp_gain":0.0,"max_hp_loss":0.0,"gold_gain":0.0,"event_name":"Accursed Blacksmith","player_choice":"Rummage","floor":11.0,"gold_loss":0.0,"damage_taken":0.0,"relics_obtained":["WarpedTongs"],"cards_obtained":["Pain"]},{"cards_removed":["Strike_R"],"damage_healed":0.0,"max_hp_gain":0.0,"max_hp_loss":0.0,"gold_gain":0.0,"event_name":"Golden Wing","player_choice":"Card Removal","floor":13.0,"gold_loss":0.0,"damage_taken":7.0},{"damage_healed":0.0,"max_hp_gain":0.0,"max_hp_loss":0.0,"gold_gain":0.0,"event_name":"Addict","player_choice":"Obtained Relic","floor":29.0,"gold_loss":85.0,"damage_taken":0.0,"relics_obtained":["Molten Egg 2"]},{"damage_healed":0.0,"max_hp_gain":0.0,"max_hp_loss":0.0,"gold_gain":0.0,"event_name":"Designer","player_choice":"Upgraded Two","floor":36.0,"gold_loss":40.0,"damage_taken":0.0,"cards_upgraded":["Cleave","Inflame"]},{"damage_healed":0.0,"max_hp_gain":0.0,"max_hp_loss":0.0,"gold_gain":0.0,"event_name":"Lab","player_choice":"Got Potions","floor":38.0,"gold_loss":0.0,"damage_taken":0.0}],"is_beta":false,"boss_relics":[{"not_picked":["Mark of Pain","Empty Cage"],"picked":"Fusion Hammer"},{"not_picked":["Sozu","Runic Pyramid"],"picked":"Philosopher\u0027s Stone"}],"items_purged_floors":[19],"is_endless":false,"potions_floor_spawned":[3,8,10,16,20,22,28,31,33,35,39,41],"killed_by":"Giant Head","ascension_level":9}}