{"host":"xhy9gc4eyomy2i9o","time":1612849045,"event":{"mods":["AchievementEnabler","Act Like it!","BaseMod","Better Vampires","Minty Spire (QoL Compilation)","Permanent Neow","Quick Restart","Shop Mod","StSLib","Waifu the Spire"],"gold_per_floor":[115,115,132,132,149,149,180,199,199,199,199,199],"floor_reached":11,"language":"ZHS","playtime":421,"items_purged":[],"score":117,"play_id":"a26d3a9d-e4c5-4a57-9ede-23c3ea86eedb","local_time":"20210209133725","is_ascension_mode":true,"campfire_choices":[{"data":"Electrodynamics","floor":6.0,"key":"SMITH"},{"data":"Consume","floor":10.0,"key":"SMITH"}],"circlet_count":0,"master_deck":["AscendersBane","Strike_B","Strike_B","Strike_B","Defend_B","Defend_B","Defend_B","Defend_B","Zap","Dualcast","Electrodynamics+1","Coolheaded","White Noise","Consume+1"],"relics":["Cracked Core","Anchor","MealTicket"],"acts_visited":["Exordium"],"potions_floor_usage":[],"damage_taken":[{"damage":0.0,"enemies":"Small Slimes","floor":1.0,"turns":3.0},{"damage":0.0,"enemies":"Cultist","floor":3.0,"turns":4.0},{"damage":0.0,"enemies":"2 Louse","floor":5.0,"turns":3.0},{"damage":37.0,"enemies":"Lagavulin","floor":7.0,"turns":10.0},{"damage":4.0,"enemies":"Exordium Thugs","floor":8.0,"turns":2.0},{"damage":48,"enemies":"Gremlin Nob","floor":11,"turns":4}],"seed_played":"5620025592281867899","potions_obtained":[{"floor":2.0,"key":"BlessingOfTheForge"},{"floor":2.0,"key":"Explosive Potion"}],"is_trial":false,"path_per_floor":["M","?","M","?","M","R","E","M","T","R","E"],"character_chosen":"DEFECT","items_purchased":[],"campfire_rested":0,"item_purchase_floors":[],"current_hp_per_floor":[68,68,68,68,68,68,31,27,27,27,0,0],"gold":199,"neow_bonus":"THREE_RARE_CARDS","is_daily":false,"chose_seed":false,"campfire_upgraded":2,"win_rate":0.0,"timestamp":1612849045,"path_taken":["M","?","?","?","M","R","E","M","T","R","E"],"items_purchased_type":[],"build_version":"2020-12-22","purchased_purges":0,"victory":false,"max_hp_per_floor":[68,68,68,68,68,68,68,68,68,68,68,68],"card_choices":[{"not_picked":["Reboot","Core Surge"],"picked":"Electrodynamics","floor":0.0},{"not_picked":["Leap","Self Repair"],"picked":"Coolheaded","floor":1.0},{"not_picked":["Coolheaded","Chaos"],"picked":"White Noise","floor":3.0},{"not_picked":["Steam","Conserve Battery","Auto Shields"],"picked":"SKIP","floor":5.0},{"not_picked":["Force Field","Compile Driver","Rebound"],"picked":"SKIP","floor":7.0},{"not_picked":["Fusion","Turbo"],"picked":"Consume","floor":8.0}],"player_experience":546048,"relics_obtained":[{"floor":7.0,"key":"Anchor"},{"floor":9.0,"key":"MealTicket"}],"event_choices":[{"damage_healed":0.0,"max_hp_gain":0.0,"max_hp_loss":0.0,"gold_gain":0.0,"event_name":"Lab","player_choice":"Got Potions","floor":2.0,"gold_loss":0.0,"damage_taken":0.0},{"cards_removed":["Strike_B"],"damage_healed":0.0,"max_hp_gain":0.0,"max_hp_loss":0.0,"gold_gain":0.0,"event_name":"Bonfire Elementals","player_choice":"Offered Basic","floor":4.0,"gold_loss":0.0,"damage_taken":0.0}],"is_beta":false,"boss_relics":[],"items_purged_floors":[],"is_endless":false,"potions_floor_spawned":[3],"killed_by":"Gremlin Nob","ascension_level":12}}