{"host":"xltl1aroowo69o4n","time":1612844651,"event":{"mods":["BaseMod","Colored Map","Colored Powertips","Downfall","Marisa????????","Minty Spire (QoL Compilation)","Replay The Spire","StSLib","The Cursed","The Hierophant","The Mystic","The Necromancer","The Servant 0.9.4"],"gold_per_floor":[119,69,69,89,89,117,129,129,129,98,115,115,142,159,159,262,262,274,287,21,21,21,21],"floor_reached":22,"language":"ENG","playtime":2448,"items_purged":["Voices"],"score":271,"play_id":"2dc9002d-dfaf-41a8-8622-85bedc07361d","local_time":"20210208232411","is_ascension_mode":false,"campfire_choices":[{"floor":8.0,"key":"REST"},{"floor":12,"key":"REST"},{"floor":15,"key":"REST"}],"circlet_count":0,"master_deck":["Strike_S","Strike_S","Strike_S","Defend_S","Defend_S","Defend_S","Defend_S","KidneyShot","Exchange","Defy","Regret","RealityMarble","BestPractice","BottledTime","Spin","Rewind","SilverBlades","Read","MurderousAura","Unruled","Starlight","Shuttle"],"relics":["SplendidAttire","Bronze Scales","Boot","Ring of Peace","Ring of Fangs","Replay:Kaleidoscope","Darkstone Periapt","Replay:Baseball","Replay:Grab Bag","MysterySword","ReplayTheSpireMod:Onyx Gauntlets","Gremlin Food"],"acts_visited":["Exordium","TheCity"],"potions_floor_usage":[13,13,22,22],"damage_taken":[{"damage":0.0,"enemies":"Small Slimes","floor":1.0,"turns":5.0},{"damage":2.0,"enemies":"Jaw Worm","floor":4.0,"turns":5.0},{"damage":43.0,"enemies":"3 Sentries","floor":6.0,"turns":13.0},{"damage":9.0,"enemies":"2 Louse","floor":7.0,"turns":2.0},{"damage":10.0,"enemies":"Exordium Thugs","floor":10.0,"turns":5.0},{"damage":6,"enemies":"Large Slime","floor":11,"turns":8},{"damage":0,"enemies":"Replay:BlueRogue","floor":13,"turns":8},{"damage":2,"enemies":"Red Slaver","floor":14,"turns":4},{"damage":0,"enemies":"Hexaghost","floor":16,"turns":13},{"damage":27,"enemies":"Chosen","floor":18,"turns":6},{"damage":28,"enemies":"2 Thieves","floor":19,"turns":4},{"damage":14,"enemies":"Centurion and Healer","floor":22,"turns":2}],"seed_played":"-2345305206699824933","potions_obtained":[{"floor":10.0,"key":"Elixir"},{"floor":11,"key":"LiquidBronze"},{"floor":13,"key":"sneckomod:MuddlingPotion"},{"floor":14,"key":"EssenceOfSteel"},{"floor":19,"key":"Toxic Potion"},{"floor":21,"key":"Doom Potion"}],"is_trial":false,"path_per_floor":["M","?","?","M","?","E","M","R","T","M","M","R","E","M","R","B",null,"M","M","$","?","M"],"character_chosen":"THE_SERVANT","items_purchased":["Gremlin Food","Shuttle"],"campfire_rested":3,"item_purchase_floors":[20,20],"current_hp_per_floor":[65,65,65,63,63,20,11,30,30,20,14,33,33,31,50,50,65,38,10,10,10,0,0],"gold":21,"neow_bonus":"RANDOM_COMMON_RELIC","is_daily":false,"chose_seed":false,"campfire_upgraded":0,"win_rate":0.0,"timestamp":1612844651,"path_taken":["M","?","?","M","?","E","M","R","T","?","M","R","E","M","R","BOSS","M","M","$","?","M"],"items_purchased_type":["Relic","Card"],"build_version":"2020-12-13","purchased_purges":1,"victory":false,"max_hp_per_floor":[65,65,65,65,65,65,65,65,65,65,65,65,65,65,65,65,65,65,65,65,65,65,65],"card_choices":[{"not_picked":["TimeWarp","Revamp"],"picked":"Defy","floor":1.0},{"not_picked":["BottledTime","Reset"],"picked":"RealityMarble","floor":4.0},{"not_picked":["Dilation","Replace"],"picked":"BestPractice","floor":6.0},{"not_picked":["Revamp","Collapse"],"picked":"BottledTime","floor":7.0},{"not_picked":["Rewind","DualDimension"],"picked":"Spin","floor":10.0},{"not_picked":["DualDimension","Rearm"],"picked":"Rewind","floor":11},{"not_picked":["Hightail","Alleviate"],"picked":"SilverBlades","floor":13},{"not_picked":["SpecialFormula","TimeWarp"],"picked":"Read","floor":14},{"not_picked":["ForgedInTime","Deny"],"picked":"MurderousAura","floor":16},{"not_picked":["Revamp+1","Comet+1"],"picked":"Unruled","floor":18},{"not_picked":["Spin","Revamp"],"picked":"Starlight","floor":19}],"player_experience":159745,"relics_obtained":[{"floor":5.0,"key":"Ring of Peace"},{"floor":5.0,"key":"Ring of Fangs"},{"floor":6.0,"key":"Replay:Kaleidoscope"},{"floor":9.0,"key":"Darkstone Periapt"},{"floor":13,"key":"Replay:Baseball"}],"event_choices":[{"cards_removed":["Strike_S"],"damage_healed":0.0,"max_hp_gain":0.0,"max_hp_loss":0.0,"gold_gain":0.0,"event_name":"The Cleric","player_choice":"Card Removal","floor":2.0,"gold_loss":50.0,"damage_taken":0.0},{"damage_healed":0.0,"max_hp_gain":0.0,"max_hp_loss":0.0,"gold_gain":0.0,"event_name":"Big Fish","player_choice":"Box","floor":3.0,"gold_loss":0.0,"damage_taken":0.0,"relics_obtained":["Boot"],"cards_obtained":["Regret"]},{"damage_healed":0,"gold_gain":0,"player_choice":"Got Potions","damage_taken":0,"max_hp_gain":0,"max_hp_loss":0,"event_name":"Lab","floor":21,"gold_loss":0}],"is_beta":false,"boss_relics":[{"not_picked":["Replay:Drink Me","Fusion Hammer"],"picked":"Replay:Grab Bag"},{"not_picked":["Replay:Bronze Core","Velvet Choker"],"picked":"MysterySword"},{"not_picked":["Replay:Wanted Poster","ReplayTheSpireMod:DimensionalGlitch"],"picked":"ReplayTheSpireMod:Onyx Gauntlets"},{"not_picked":["Runic Pyramid","StoneMask"],"picked":"SplendidAttire"}],"items_purged_floors":[20],"is_endless":false,"potions_floor_spawned":[10,11,13,14,19],"killed_by":"Centurion and Healer","ascension_level":0}}