{"host":"coame8l8goqx0svj","time":1612881386,"event":{"mods":["BaseMod","Downfall","Minty Spire (QoL Compilation)","StSLib"],"gold_per_floor":[199,219,61,161,261,261,261,272,299,334,134,192,192,220,237,237,237,237],"floor_reached":16,"language":"ENG","playtime":710,"items_purged":[],"score":111,"play_id":"a09b8ae9-aa38-4e78-993e-612941547bb6","local_time":"20210209153626","is_ascension_mode":true,"campfire_choices":[{"floor":1,"key":"RECALL"},{"data":"bronze:Replicate","floor":11,"key":"SMITH"},{"data":"bronze:Flail","floor":13,"key":"SMITH"}],"circlet_count":0,"master_deck":["bronze:Strike","bronze:Strike","bronze:Strike","bronze:Strike","bronze:Defend","bronze:Defend","bronze:Defend+1","bronze:Defend+1","bronze:Replicate+1","bronze:Goto","bronze:MaxOutput","bronze:BuggyMess","bronze:Flail+1","bronze:GetLatest","bronze:FollowUp","bronze:BuggyMess","bronze:Return"],"relics":["bronze:BronzeCore","Tiny Chest","downfall:BrokenWingStatue","Juzu Bracelet","War Paint","downfall:HeartBlessingBlue","downfall:HeartBlessingRed","Akabeko","PreservedInsect"],"acts_visited":["Exordium"],"potions_floor_usage":[10,16],"damage_taken":[{"damage":0,"enemies":"2 Louse","floor":2,"turns":3},{"damage":0,"enemies":"downfall:FleeingMerchant","floor":3,"turns":4},{"damage":0,"enemies":"Small Slimes","floor":8,"turns":5},{"damage":7,"enemies":"3 Sentries","floor":10,"turns":6},{"damage":0,"enemies":"3 Sentries","floor":12,"turns":2},{"damage":20,"enemies":"Lagavulin","floor":14,"turns":4},{"damage":0,"enemies":"Jaw Worm","floor":15,"turns":2},{"damage":56,"enemies":"DF_ARCHETYPE_STREAMLINE","floor":16,"turns":7}],"seed_played":"-3135673876976062334","potions_obtained":[{"floor":2,"key":"Energy Potion"},{"floor":8,"key":"DistilledChaos"},{"floor":14,"key":"Fire Potion"}],"is_trial":false,"path_per_floor":["R","M","$","?","?","?","T","M","T","E","R","?","R","E","M","B"],"character_chosen":"THE_AUTOMATON","items_purchased":["Tiny Chest"],"campfire_rested":0,"item_purchase_floors":[3],"current_hp_per_floor":[70,70,70,70,70,70,70,70,70,63,73,73,73,53,53,0,0,0],"gold":237,"neow_bonus":"HUNDRED_GOLD","is_daily":false,"chose_seed":false,"campfire_upgraded":2,"win_rate":0.0,"timestamp":1612881386,"path_taken":["R","M","$","?","?","?","T","M","?","E","R","?","R","E","M","BOSS"],"items_purchased_type":["Relic"],"build_version":"2020-12-22","purchased_purges":0,"victory":false,"max_hp_per_floor":[70,70,70,70,70,70,70,70,70,70,80,80,80,80,80,80,80,80],"card_choices":[{"not_picked":["bronze:BronzeArmor","bronze:Branch"],"picked":"bronze:MaxOutput","floor":2},{"not_picked":["bronze:Shield","bronze:ChildClass"],"picked":"bronze:BuggyMess","floor":3},{"not_picked":["bronze:GetLatest","bronze:Invalidate"],"picked":"bronze:Flail","floor":8},{"not_picked":["bronze:ForceShield","bronze:Turbo"],"picked":"bronze:GetLatest","floor":10},{"not_picked":["bronze:BronzeArmor","bronze:Optimize"],"picked":"bronze:FollowUp","floor":12},{"not_picked":["bronze:Frontload","bronze:HyperBeam"],"picked":"bronze:BuggyMess","floor":14},{"not_picked":["bronze:Branch","bronze:Shell"],"picked":"bronze:Return","floor":15}],"player_experience":1758323,"relics_obtained":[{"floor":9,"key":"Juzu Bracelet"},{"floor":10,"key":"War Paint"},{"floor":14,"key":"PreservedInsect"}],"event_choices":[],"is_beta":false,"boss_relics":[],"items_purged_floors":[],"is_endless":false,"potions_floor_spawned":[2,8,14],"killed_by":"DF_ARCHETYPE_STREAMLINE","ascension_level":1}}