{"host":"oehe2dxjvdgux73m","time":1612890566,"event":{"mods":["AchievementEnabler","BaseMod","Colored Map","Colored Powertips","DeckTracker","Keyboard Shortcuts","Minty Spire (QoL Compilation)","Permanent Neow","Quick Restart","StSLib","SuperFastMode"],"gold_per_floor":[115,133,148,148,47,47,86,86,113,113,113,126,126,141,141,232,232,211,126,145,60,85,85,10,29,76,76,99,99,99],"floor_reached":29,"language":"KOR","playtime":697,"items_purged":["Strike_G"],"score":450,"play_id":"df8f0c4f-685f-40b7-9928-222d2127fc58","local_time":"20210210020926","is_ascension_mode":true,"campfire_choices":[{"data":"Blade Dance","floor":6.0,"key":"SMITH"},{"floor":10.0,"key":"REST"},{"data":"Cloak And Dagger","floor":13.0,"key":"SMITH"},{"floor":15.0,"key":"REST"},{"floor":23,"key":"REST"}],"circlet_count":0,"master_deck":["AscendersBane","Defend_G","Defend_G","Defend_G","Defend_G","Survivor","Neutralize","Accuracy","Blade Dance+1","Cloak And Dagger+1","Well Laid Plans","Dagger Spray","Noxious Fumes","Acrobatics","Leg Sweep","Phantasmal Killer","Wraith Form v2+1","Finisher+1","PiercingWail+1","Backflip","PiercingWail","Cloak And Dagger","Footwork","Cloak And Dagger+1"],"relics":["Ring of the Snake","Golden Idol","Strawberry","Omamori","Astrolabe","Torii","Happy Flower"],"acts_visited":["Exordium","TheCity"],"potions_floor_usage":[22,22,25],"damage_taken":[{"damage":21.0,"enemies":"Jaw Worm","floor":1.0,"turns":8.0},{"damage":1.0,"enemies":"Small Slimes","floor":2.0,"turns":3.0},{"damage":0.0,"enemies":"2 Louse","floor":3.0,"turns":4.0},{"damage":32.0,"enemies":"Gremlin Nob","floor":7.0,"turns":4.0},{"damage":1.0,"enemies":"Blue Slaver","floor":12.0,"turns":2.0},{"damage":12.0,"enemies":"Exordium Wildlife","floor":14.0,"turns":6.0},{"damage":26.0,"enemies":"The Guardian","floor":16.0,"turns":9.0},{"damage":17.0,"enemies":"2 Thieves","floor":18.0,"turns":4.0},{"damage":14.0,"enemies":"3 Byrds","floor":20.0,"turns":5.0},{"damage":9,"enemies":"Snake Plant","floor":22,"turns":5},{"damage":2,"enemies":"3 Cultists","floor":25,"turns":5},{"damage":12,"enemies":"Snecko","floor":28,"turns":8},{"damage":16,"enemies":"Book of Stabbing","floor":29,"turns":5}],"seed_played":"2865483434608549966","potions_obtained":[{"floor":2.0,"key":"EssenceOfSteel"},{"floor":7.0,"key":"SkillPotion"},{"floor":16.0,"key":"BlessingOfTheForge"},{"floor":20.0,"key":"EssenceOfSteel"},{"floor":22,"key":"Swift Potion"}],"is_trial":false,"path_per_floor":["M","M","M","?","$","R","E","$","T","R","?","M","R","M","R","B",null,"M","$","M","?","M","R","?","M","T","$","M","E"],"character_chosen":"THE_SILENT","items_purchased":["Dagger Spray","PiercingWail","Cloak And Dagger"],"campfire_rested":3,"item_purchase_floors":[5,19,19],"current_hp_per_floor":[38,37,37,37,37,37,12,12,12,30,30,29,29,17,35,9,48,31,31,17,17,8,26,26,24,24,24,12,0,0],"gold":99,"neow_bonus":"TRANSFORM_TWO_CARDS","is_daily":false,"chose_seed":false,"campfire_upgraded":2,"win_rate":0.0,"timestamp":1612890566,"path_taken":["M","M","M","?","$","R","E","$","T","R","?","M","R","M","R","BOSS","M","$","M","?","M","R","?","M","T","?","?","E"],"items_purchased_type":["Card","Card","Card"],"build_version":"2020-12-22","purchased_purges":1,"victory":false,"max_hp_per_floor":[60,60,60,54,54,54,61,61,61,61,61,61,61,61,61,61,61,61,61,61,61,61,61,61,61,61,61,61,61,61],"card_choices":[{"not_picked":["Flying Knee","Backstab"],"picked":"Blade Dance","floor":1.0},{"not_picked":["Outmaneuver","Quick Slash"],"picked":"Cloak And Dagger","floor":2.0},{"not_picked":["Slice","Storm of Steel"],"picked":"Well Laid Plans","floor":3.0},{"not_picked":["Cloak And Dagger","Dagger Throw"],"picked":"Noxious Fumes","floor":7.0},{"not_picked":["Expertise","Well Laid Plans"],"picked":"Acrobatics","floor":12.0},{"not_picked":["Backstab","Catalyst"],"picked":"Leg Sweep","floor":14.0},{"not_picked":["Unload","Burst"],"picked":"Phantasmal Killer","floor":16.0},{"not_picked":["Dodge and Roll","Outmaneuver+1"],"picked":"Backflip","floor":18.0},{"not_picked":["Bane","Noxious Fumes","Catalyst"],"picked":"SKIP","floor":20.0},{"not_picked":["Acrobatics+1","Noxious Fumes","Prepared"],"picked":"SKIP","floor":22},{"not_picked":["Dodge and Roll+1","Choke"],"picked":"Footwork","floor":25},{"not_picked":["Dodge and Roll","Choke"],"picked":"Cloak And Dagger+1","floor":28}],"player_experience":445172,"relics_obtained":[{"floor":7.0,"key":"Strawberry"},{"floor":9.0,"key":"Omamori"},{"floor":26,"key":"Happy Flower"}],"event_choices":[{"damage_healed":0.0,"max_hp_gain":0.0,"max_hp_loss":6.0,"gold_gain":0.0,"event_name":"Golden Idol","player_choice":"Lose Max HP","floor":4.0,"gold_loss":0.0,"damage_taken":0.0,"relics_obtained":["Golden Idol"]},{"damage_healed":0.0,"max_hp_gain":0.0,"max_hp_loss":0.0,"gold_gain":0.0,"event_name":"Liars Game","player_choice":"Ignored","floor":11.0,"gold_loss":0.0,"damage_taken":0.0},{"damage_healed":0.0,"max_hp_gain":0.0,"max_hp_loss":0.0,"gold_gain":0.0,"event_name":"Addict","player_choice":"Obtained Relic","floor":21.0,"gold_loss":85.0,"damage_taken":0.0,"relics_obtained":["Torii"]},{"cards_removed":["A Thousand Cuts"],"damage_healed":0,"gold_gain":0,"player_choice":"Gave Gold","damage_taken":0,"max_hp_gain":0,"max_hp_loss":0,"event_name":"Beggar","floor":24,"gold_loss":75}],"is_beta":false,"boss_relics":[{"not_picked":["Tiny House","Fusion Hammer"],"picked":"Astrolabe"}],"items_purged_floors":[5],"is_endless":false,"potions_floor_spawned":[2,7,16,18,20,22],"killed_by":"Book of Stabbing","ascension_level":20}}