{"host":"jvowh0ebc6z3ohxd","time":1612851277,"event":{"mods":["2.2 Compatiblity","Aspiration","BaseMod","BetterRewards","Colored Map","Colored Powertips","Conspire","Downfall","Friendly Minions","GifTheSpireLib","Hubris","Infinite Spire","Minty Spire (QoL Compilation)","Permanent Neow","Quick Restart","Reliquary","Replay The Spire","Shop Mod","StSLib","Stuff the Spire","The Animator","The Cursed","The Dragon Tamer","The Gatherer","The Marked","The Senshi"],"gold_per_floor":[112,112,112,136,136,136,68,85,85,110,127,141,141,161,161,259,259,269,288,288,288,350,350,350],"floor_reached":23,"language":"ENG","playtime":1563,"items_purged":["theMarked:Strike"],"score":189,"play_id":"9f445a2b-962e-4e56-b6ad-6a7fe46cd657","local_time":"20210209011437","is_ascension_mode":false,"campfire_choices":[{"data":"theMarked:Improvise","floor":6,"key":"SMITH"},{"floor":13,"key":"REST"},{"floor":15,"key":"REST"}],"circlet_count":0,"master_deck":["theMarked:Strike","theMarked:Strike+1","theMarked:Strike+1","theMarked:Strike","theMarked:Defend","theMarked:Defend","theMarked:Defend","theMarked:Defend","theMarked:SoldierOfQuellstein","theMarked:ChainLightning","theMarked:MuscleMemory","theMarked:Improvise+1","theMarked:Aftermath","theMarked:ResourceFulStrike","Decay","theMarked:ChannelForce","theMarked:SwordAndMagic","theMarked:SwordAndMagic+1","theMarked:Reabsorb","theMarked:EmpowerWeapon+1","theMarked:Abjuration","theMarked:RepellingDischarge","theMarked:Improvise+1"],"relics":["theMarked:ArtifactOfAir","Ice Cream","MerchantsRug","StuffTheSpire:EmeraldSignet","Gremlin Food","Black Star","hubris:BottledHeart","StuffTheSpire:OldFever"],"acts_visited":["Exordium","TheCity"],"potions_floor_usage":[10,16,16,19,19,19,23],"damage_taken":[{"damage":2,"enemies":"Jaw Worm","floor":1,"turns":4},{"damage":1,"enemies":"Cultist","floor":8,"turns":3},{"damage":8,"enemies":"Gremlin Nob","floor":10,"turns":3},{"damage":15,"enemies":"Small Slimes","floor":11,"turns":2},{"damage":12,"enemies":"Exordium Wildlife","floor":12,"turns":4},{"damage":2,"enemies":"Blue Slaver","floor":14,"turns":3},{"damage":12,"enemies":"Fading Forest","floor":16,"turns":11},{"damage":38,"enemies":"3 Byrds","floor":18,"turns":6},{"damage":26,"enemies":"Shell Parasite","floor":19,"turns":7},{"damage":6,"enemies":"Book of Stabbing","floor":23,"turns":4}],"seed_played":"-8179804299471257375","potions_obtained":[{"floor":1,"key":"Strength Potion"},{"floor":10,"key":"PowerPotion"},{"floor":11,"key":"theMarked:ChargePotion"},{"floor":14,"key":"Weak Potion"},{"floor":16,"key":"sneckomod:MuddlingPotion"},{"floor":18,"key":"Energy Potion"},{"floor":22,"key":"LiquidMemories"}],"is_trial":false,"path_per_floor":["M","?","$","T","?","R","$","M","T","E","M","M","R","M","R","B",null,"M","M","?","?","?","E"],"character_chosen":"THE_DEFAULT","items_purchased":["Ice Cream","MerchantsRug","theMarked:ChainLightning","theMarked:MuscleMemory","theMarked:Improvise","theMarked:Aftermath","theMarked:ChannelForce"],"campfire_rested":2,"item_purchase_floors":[0,0,0,0,0,0,7],"current_hp_per_floor":[36,36,36,36,51,51,51,50,50,42,27,15,36,38,59,59,70,32,6,1,1,1,0,0],"gold":350,"neow_bonus":"","is_daily":false,"chose_seed":false,"campfire_upgraded":1,"win_rate":0.0,"timestamp":1612851277,"path_taken":["M","?","?","?","?","R","$","M","T","E","M","M","R","?","R","BOSS","M","M","?","?","?","E"],"items_purchased_type":["Relic","Relic","Card","Card","Card","Card","Card"],"build_version":"2020-12-22","purchased_purges":1,"victory":false,"max_hp_per_floor":[70,70,70,70,70,70,70,70,70,70,70,70,70,70,70,70,70,70,70,1,1,1,1,1],"card_choices":[{"not_picked":["theMarked:ChainLightning","theMarked:StartUp"],"picked":"theMarked:ResourceFulStrike","floor":1},{"not_picked":["theMarked:Parkour","theMarked:TwofoldDefense"],"picked":"theMarked:SwordAndMagic","floor":8},{"not_picked":["theMarked:Panic","theMarked:ChainLightning"],"picked":"theMarked:SwordAndMagic","floor":10},{"not_picked":["theMarked:ResourceFulStrike","theMarked:ChainLightning","theMarked:Improvise"],"picked":"SKIP","floor":11},{"not_picked":["theMarked:RepellingDischarge","theMarked:ResourceFulStrike"],"picked":"theMarked:Reabsorb","floor":12},{"not_picked":["theMarked:Overthink","theMarked:MysticalArsenal"],"picked":"theMarked:EmpowerWeapon","floor":14},{"not_picked":["theMarked:Levitate","theMarked:Challenge"],"picked":"theMarked:Abjuration","floor":16},{"not_picked":["theMarked:ContemptForTheProud+1","theMarked:Determination"],"picked":"theMarked:RepellingDischarge","floor":18},{"not_picked":["theMarked:Parkour","theMarked:RogueSparks"],"picked":"theMarked:Improvise+1","floor":19}],"player_experience":366863,"relics_obtained":[{"floor":4,"key":"Whetstone"},{"floor":9,"key":"StuffTheSpire:EmeraldSignet"},{"floor":10,"key":"Gremlin Food"},{"floor":22,"key":"StuffTheSpire:OldFever"}],"event_choices":[{"damage_healed":0,"gold_gain":0,"player_choice":"Cursed","damage_taken":0,"max_hp_gain":0,"max_hp_loss":0,"event_name":"Wheel of Change","floor":2,"gold_loss":0,"cards_obtained":["Decay"]},{"damage_healed":0,"gold_gain":0,"player_choice":"Leave","damage_taken":0,"max_hp_gain":0,"max_hp_loss":0,"event_name":"conspire:Investor","floor":21,"gold_loss":0}],"is_beta":false,"boss_relics":[{"not_picked":["Ectoplasm","hubris:Backtick"],"picked":"Black Star"}],"items_purged_floors":[0],"is_endless":false,"potions_floor_spawned":[1,10,11,14,16,18],"killed_by":"Book of Stabbing","ascension_level":0}}