{"host":"df48i9djcn92c5sx","time":1612876956,"event":{"mods":["Act Like it!","Arknights","BaseMod","Decade(王小明)","Downfall","Gensokyo","Marisa（F雨　魔理沙）","Minty Spire (QoL Compilation)","READ ME - Guardian Mod","READ ME - Snecko Mod","Reimu（博丽灵梦）","Remilia（蕾米莉亚）","Shop Mod","StSLib","The Jungle","The Servant 0.9.4"],"gold_per_floor":[99,99,99,99,99,99,123,123,155,171,187,201,201,218,234,336,336,336,165,182,282,293,293,293,293,393,422,438,438,191,208,221,317,317,317,332,342,393,403,103,185,325,325,325,344,230,230,104,114,114,114,149,0,0,0,0],"floor_reached":57,"language":"ZHS","playtime":3088,"items_purged":["bronze:Strike","bronze:Strike"],"score":1470,"play_id":"656ca6c6-602b-4e43-b0c8-88332cc5c693","local_time":"20210209212236","is_ascension_mode":true,"campfire_choices":[{"data":"bronze:Replicate","floor":1.0,"key":"SMITH"},{"data":"bronze:InfiniteBeams","floor":8.0,"key":"SMITH"},{"data":"bronze:Format","floor":13.0,"key":"SMITH"},{"data":"bronze:FindAndReplace","floor":18.0,"key":"SMITH"},{"data":"bronze:ChosenStrike","floor":23.0,"key":"SMITH"},{"data":"bronze:Flail","floor":29.0,"key":"SMITH"},{"floor":35.0,"key":"RECALL"},{"data":"bronze:Assembly","floor":40.0,"key":"SMITH"},{"data":"bronze:RecursiveStrike","floor":43.0,"key":"SMITH"},{"data":"bronze:Overload","floor":47.0,"key":"SMITH"},{"data":"bronze:SpaghettiCode","floor":54,"key":"SMITH"}],"circlet_count":0,"master_deck":["bronze:Strike","bronze:Strike","bronze:Defend","bronze:Defend","bronze:Defend","bronze:Defend","bronze:Replicate+1","bronze:Goto+1","bronze:Constructor+1","bronze:Separator+1","bronze:InfiniteBeams+1","bronze:Shell","bronze:ChildClass","bronze:BronzeOrb","bronze:Format+1","bronze:Overload+1","bronze:Fortify","bronze:FindAndReplace+1","bronze:Branch+1","bronze:ChosenStrike+1","bronze:Flail+1","bronze:Boost+1","Necronomicurse","bronze:FollowUp","bronze:Assembly+1","bronze:DigitalCarnage+1","bronze:FineTuning+1","bronze:HardenedForm+1","bronze:RecursiveStrike+1","bronze:SpaghettiCode+1","expansioncontent:InvincibleStrength+1"],"relics":["bronze:BronzeCore","downfall:HeartsMalice","InkBottle","Coffee Dripper","Ice Cream","Ornamental Fan","Bottled Tornado","Necronomicon","Toy Ornithopter","The Courier","Ginger","bronze:ElectromagneticCoil","CatCart","downfall:HeartBlessingRed","downfall:HeartBlessingGreen","downfall:HeartBlessingBlue","Frozen Egg 2","Chemical X","Lee\u0027s Waffle","Guardian:PocketSentry"],"acts_visited":["Exordium","TheCity","TheBeyond","TheEnding"],"potions_floor_usage":[55,56],"damage_taken":[{"damage":0.0,"enemies":"Jaw Worm","floor":2.0,"turns":1.0},{"damage":0.0,"enemies":"Cultist","floor":4.0,"turns":1.0},{"damage":0.0,"enemies":"2 Louse","floor":6.0,"turns":1.0},{"damage":0.0,"enemies":"Lagavulin","floor":9.0,"turns":6.0},{"damage":8.0,"enemies":"2 Fungi Beasts","floor":10.0,"turns":4.0},{"damage":6.0,"enemies":"3 Louse","floor":11.0,"turns":3.0},{"damage":0.0,"enemies":"Red Slaver","floor":12.0,"turns":3.0},{"damage":0.0,"enemies":"Blue Slaver","floor":14.0,"turns":4.0},{"damage":0.0,"enemies":"2 Fungi Beasts","floor":15.0,"turns":3.0},{"damage":0.0,"enemies":"SI_SHIV_ARCHETYPE","floor":16.0,"turns":7.0},{"damage":0.0,"enemies":"downfall:FleeingMerchant","floor":19.0,"turns":4.0},{"damage":0.0,"enemies":"Spheric Guardian","floor":20.0,"turns":3.0},{"damage":0.0,"enemies":"IC_STATUS_ARCHETYPE","floor":21.0,"turns":6.0},{"damage":0.0,"enemies":"Snake Plant","floor":22.0,"turns":4.0},{"damage":0.0,"enemies":"downfall:LadyInBlue","floor":26.0,"turns":6.0},{"damage":0.0,"enemies":"Gremlin Leader","floor":27.0,"turns":5.0},{"damage":0.0,"enemies":"Sentry and Sphere","floor":28.0,"turns":4.0},{"damage":6.0,"enemies":"downfall:FleeingMerchant","floor":30.0,"turns":4.0},{"damage":18.0,"enemies":"Shelled Parasite and Fungi","floor":31.0,"turns":3.0},{"damage":0.0,"enemies":"Snake Plant","floor":32.0,"turns":2.0},{"damage":0.0,"enemies":"WA_ARCHETYPE_CALM","floor":33.0,"turns":5.0},{"damage":7.0,"enemies":"3 Shapes","floor":36.0,"turns":3.0},{"damage":0.0,"enemies":"Orb Walker","floor":37.0,"turns":3.0},{"damage":0.0,"enemies":"Orin","floor":38.0,"turns":6.0},{"damage":0.0,"enemies":"Jaw Worm Horde","floor":39.0,"turns":2.0},{"damage":0.0,"enemies":"downfall:FleeingMerchant","floor":42.0,"turns":3.0},{"damage":0.0,"enemies":"Spire Growth","floor":45.0,"turns":3.0},{"damage":0.0,"enemies":"Transient","floor":49.0,"turns":5.0},{"damage":59,"enemies":"DF_ARCHETYPE_ORBS","floor":50,"turns":5},{"damage":17,"enemies":"downfall:CharBossMerchant","floor":52,"turns":6},{"damage":14,"enemies":"downfall:NeowBoss","floor":55,"turns":10},{"damage":8,"enemies":"downfall:NeowBossFinal","floor":56,"turns":6}],"seed_played":"3828327342274735029","potions_obtained":[{"floor":3.0,"key":"ZuzhouPotion:ReiMu"},{"floor":3.0,"key":"LiquidMemories"},{"floor":3.0,"key":"SteroidPotion"},{"floor":9.0,"key":"Weak Potion"},{"floor":10.0,"key":"Fire Potion"},{"floor":11.0,"key":"MagicPotion:ReiMu"},{"floor":16.0,"key":"Block Potion"},{"floor":20.0,"key":"EntropicBrew"},{"floor":21.0,"key":"ZuzhouPotion:ReiMu"},{"floor":26.0,"key":"Slimebound:ThreeZeroPotion"},{"floor":26.0,"key":"Dexterity Potion"},{"floor":26.0,"key":"PowerPotion"},{"floor":26.0,"key":"SkillPotion"},{"floor":32.0,"key":"SmokeBomb"},{"floor":36.0,"key":"Fire Potion"},{"floor":39.0,"key":"Guardian:BlockOnCardUsePotion"},{"floor":49.0,"key":"FearPotion"},{"floor":52,"key":"Fire Potion"}],"is_trial":false,"path_per_floor":["R","M","?","M","?","M","T","R","E","M","M","M","R","M","M","B",null,"R","$","M","?","M","R","T","?","?","E","M","R","$","M","M","B",null,"R","M","M","?","M","R","T","$","R","?","M","$","R","$","M","B",null,"E","$","R","B","B",null],"character_chosen":"THE_AUTOMATON","items_purchased":["bronze:ChosenStrike","Ginger","bronze:HardenedForm+1","bronze:RecursiveStrike","Chemical X","Lee\u0027s Waffle","expansioncontent:InvincibleStrength"],"campfire_rested":0,"item_purchase_floors":[19,30,42,42,46,48,53],"current_hp_per_floor":[70,70,70,70,70,70,70,70,70,62,56,56,56,56,56,56,70,70,70,70,70,70,70,70,54,69,70,70,70,64,46,46,46,70,70,63,63,63,68,78,78,78,78,78,78,78,78,87,87,28,87,70,70,70,61,58],"gold":0,"neow_bonus":"THREE_ENEMY_KILL","is_daily":false,"chose_seed":false,"campfire_upgraded":10,"win_rate":0.0,"timestamp":1612876956,"path_taken":["R","M","?","?","?","M","T","R","E","?","M","M","R","M","M","BOSS","R","$","M","?","M","R","T","?","?","E","?","R","$","M","M","BOSS","R","M","M","?","M","R","T","$","R","?","M","$","R","$","M","BOSS","E","$","R","BOSS","BOSS"],"items_purchased_type":["Card","Relic","Card","Card","Relic","Relic","Card"],"build_version":"2020-12-22","purchased_purges":2,"victory":true,"max_hp_per_floor":[70,70,70,70,70,70,70,70,70,70,70,70,70,70,70,70,70,70,70,70,70,70,70,70,70,70,70,70,70,70,70,70,70,70,70,70,70,70,70,80,80,80,80,80,80,80,80,87,87,87,87,87,87,87,87,87],"card_choices":[{"not_picked":["bronze:Flail","bronze:BugBarrage"],"picked":"bronze:Constructor","floor":2.0},{"not_picked":["bronze:WhirlingStrike","bronze:WildBeam"],"picked":"bronze:Separator","floor":4.0},{"not_picked":["bronze:Deprecate","bronze:FineTuning"],"picked":"bronze:InfiniteBeams","floor":6.0},{"not_picked":["bronze:NullPointer","bronze:Separator"],"picked":"bronze:Shell","floor":9.0},{"not_picked":["bronze:DelayedGuard","bronze:WildBeam"],"picked":"bronze:ChildClass","floor":10.0},{"not_picked":["bronze:WhirlingStrike","bronze:OilSpill"],"picked":"bronze:BronzeOrb","floor":11.0},{"not_picked":["bronze:ClassDefault","bronze:Allocate"],"picked":"bronze:Format","floor":12.0},{"not_picked":["bronze:Frontload","bronze:Iterate"],"picked":"bronze:Overload","floor":14.0},{"not_picked":["bronze:DelayedSlice","bronze:Optimize"],"picked":"bronze:Fortify","floor":15.0},{"not_picked":["bronze:AlphaBuild","bronze:ShipIt"],"picked":"bronze:FindAndReplace","floor":16.0},{"not_picked":["bronze:DelayedGuard+1","bronze:Constructor+1"],"picked":"bronze:Branch+1","floor":19.0},{"not_picked":["bronze:ClassDefault","bronze:Allocate+1"],"picked":"bronze:Flail","floor":20.0},{"not_picked":["bronze:FollowUp","bronze:BitShift"],"picked":"bronze:Boost+1","floor":21.0},{"not_picked":["bronze:Branch","bronze:Invalidate","bronze:WildBeam"],"picked":"SKIP","floor":22.0},{"not_picked":["bronze:WildBeam","bronze:DigitalCarnage"],"picked":"bronze:FollowUp","floor":26.0},{"not_picked":["bronze:Shield+1","bronze:Format","bronze:ForLoop"],"picked":"SKIP","floor":27.0},{"not_picked":["bronze:Deprecate+1","bronze:BuggyMess+1","bronze:BugBarrage"],"picked":"SKIP","floor":28.0},{"not_picked":["bronze:BronzeArmor","bronze:Iterate","bronze:OilSpill"],"picked":"SKIP","floor":30.0},{"not_picked":["bronze:MaxOutput","bronze:Overheat+1","bronze:ItsAFeature+1"],"picked":"SKIP","floor":31.0},{"not_picked":["bronze:BitShift","bronze:Iterate","bronze:Branch"],"picked":"SKIP","floor":32.0},{"not_picked":["bronze:ShipIt","bronze:FindAndReplace"],"picked":"bronze:Assembly","floor":33.0},{"not_picked":["bronze:Repulsor","bronze:ForLoop+1","bronze:BugBarrage"],"picked":"SKIP","floor":36.0},{"not_picked":["bronze:Separator+1","bronze:BitShift+1"],"picked":"bronze:DigitalCarnage","floor":37.0},{"not_picked":["bronze:DigitalCarnage+1","bronze:BronzeArmor+1"],"picked":"bronze:FineTuning+1","floor":39.0},{"not_picked":["bronze:WhirlingStrike","bronze:OilSpill","bronze:Overheat+1"],"picked":"SKIP","floor":45.0},{"not_picked":["bronze:WhirlingStrike+1","bronze:BuggyMess"],"picked":"bronze:SpaghettiCode","floor":49.0},{"not_picked":["bronze:CutThrough","bronze:Frontload","bronze:Repulsor+1"],"picked":"SKIP","floor":52}],"player_experience":1530220,"relics_obtained":[{"floor":9.0,"key":"InkBottle"},{"floor":21.0,"key":"Ice Cream"},{"floor":21.0,"key":"Ornamental Fan"},{"floor":24.0,"key":"Bottled Tornado"},{"floor":25.0,"key":"Necronomicon"},{"floor":26.0,"key":"Toy Ornithopter"},{"floor":27.0,"key":"The Courier"},{"floor":38.0,"key":"CatCart"},{"floor":41.0,"key":"Frozen Egg 2"},{"floor":52,"key":"Guardian:PocketSentry"}],"event_choices":[{"damage_healed":0.0,"max_hp_gain":0.0,"max_hp_loss":0.0,"gold_gain":0.0,"event_name":"Lab","player_choice":"Got Potions","floor":3.0,"gold_loss":0.0,"damage_taken":0.0},{"damage_healed":0.0,"max_hp_gain":0.0,"max_hp_loss":0.0,"gold_gain":0.0,"event_name":"OrinTheCat","player_choice":"Fight","floor":38.0,"gold_loss":0.0,"damage_taken":0.0}],"is_beta":false,"boss_relics":[{"not_picked":["Tiny House","Calling Bell"],"picked":"Coffee Dripper"},{"not_picked":["Sozu","Pandora\u0027s Box"],"picked":"bronze:ElectromagneticCoil"}],"items_purged_floors":[19,53],"is_endless":false,"potions_floor_spawned":[9,10,11,16,20,21,26,32,36,39,49,52],"ascension_level":1}}