{"host":"grwexcir7mx5yvgg","time":1612882018,"event":{"mods":["AchievementEnabler","Aspiration","BaseMod","Better Vampires","Colored Powertips","Custom Start","Energized Spire","Googly Eyes","Minty Spire (QoL Compilation)","MostiFishMod","Reliquary","Remilia（蕾米莉亚）","Replay The Spire","Shop Mod","Spicy Shops","StSLib","SuperFastMode","TestMod","UnlockEverythingMod","[IsaacMod]以撒尖塔","篝火指南"],"gold_per_floor":[119,170,170,189,114,144,144,176,176,207,207,235,249,268,268,368,368,379,379,379,379,379,379,397,430,479,479,490,490,393,408,408,507,507,525,525,575,311,328,363,363,137,137,166,166,166,166,191,191,315,315,331,349,299,306,105,105,145,167,167,204,204,247,262,292,292,527,527,553,318,318,352,390,390,438,438,480,480,520,546,292,292,292,306,306],"floor_reached":84,"language":"ZHS","playtime":2821,"items_purged":[],"score":1514,"play_id":"8d98f3a4-0c1a-4029-bfbb-368c6077c792","local_time":"20210209224658","daily_mods":["Shiny","Specialized","Vintage","Heirloom","Time Dilation","Elite Swarm","Binary"],"is_ascension_mode":true,"campfire_choices":[{"data":"QueenOfMidnight","floor":7,"key":"SMITH"},{"data":"BloodRain","floor":11,"key":"SMITH"},{"data":"FitfulNightmare","floor":15,"key":"SMITH"},{"floor":23,"key":"REST"},{"data":"EquivalentExchange","floor":27,"key":"SMITH"},{"data":"BloodyCatastrophe","floor":29,"key":"SMITH"},{"data":"DemonKingCradle","floor":32,"key":"SMITH"},{"floor":41,"key":"REST"},{"data":"MillenniumVampire","floor":45,"key":"SMITH"},{"data":"ForbiddenFruit","floor":57,"key":"SMITH"},{"floor":74,"key":"REST"},{"floor":76,"key":"REST"},{"floor":78,"key":"REST"},{"floor":83,"key":"REST"}],"circlet_count":0,"master_deck":["TricksterDevil","BloodRain+1","EquivalentExchange+1","KillingBlow+1","BatForm","BloodyCatastrophe+1","ChaoticDestiny+1","BloodySeventeenLaser+1","HellCatastrophe+1","ScarletCoffin+1","DemonKingCradle+1","ForecastOfChange+1","CurseOfVladTepes","TransientEternity","ScarletMeister+1","QueenOfMidnight+1","BloodyHallows+1","CeilingFear+1","BombardNight","BombardNight","BombardNight+1","BloodAndWine+1","FitfulNightmare+1","FitfulNightmare+1","ForbiddenFruit+1","MillenniumVampire+1","KillingBlow+1","MillenniumVampire","ScarletNetherworld","MastersStateliness+1","Ultimatum","ScarletNetherworld+1","UnstableMagic+1","CeilingFear","VampirishNight","RedRainbow+1","UnstableMagic"],"relics":["ScarletHat","Busted Crown","testmod-TestBox","HushsDoor","DaveBox","TungstenRod","testmod-CardMagician","SharpPlug","SynthV:C4","Blue Doll","reliquary:SilkGlove","aspiration:ArtOfWarUpgrade","Whetstone","Blue Candle","Kunai","Pantograph","reliquary:PrincelyHelmet","Whetstone","Centennial Puzzle","Replay:WaspNest","MerchantsRug","Sozu","GnawedLeaf","GuppysTail","testmod-Hope","Ornamental Fan","reliquary:FerryPass","BFFS","Pear","Blood Vial","MagicMushroom","Omamori","SalivaCoin","reliquary:Buckler","reliquary:ExpiredCoupon","Replay:PocketPolymizer","Vajra","Mummified Hand","Toy Ornithopter","MoneyPower","Gremlin Food","reliquary:Boomerang","Bottled Tornado"],"acts_visited":["Exordium","TheCity","TheBeyond","Exordium","TheCity"],"potions_floor_usage":[],"damage_taken":[{"damage":0,"enemies":"Small Slimes","floor":1,"turns":1},{"damage":0,"enemies":"2 Louse","floor":4,"turns":2},{"damage":21,"enemies":"3 Sentries","floor":6,"turns":4},{"damage":0,"enemies":"Gremlin Nob","floor":8,"turns":2},{"damage":6,"enemies":"3 Sentries","floor":10,"turns":2},{"damage":0,"enemies":"Gremlin Nob","floor":12,"turns":2},{"damage":0,"enemies":"Jaw Worm","floor":13,"turns":1},{"damage":0,"enemies":"Large Slime","floor":14,"turns":2},{"damage":4,"enemies":"The Guardian","floor":16,"turns":3},{"damage":15,"enemies":"2 Thieves","floor":18,"turns":2},{"damage":3,"enemies":"Spheric Guardian","floor":24,"turns":2},{"damage":19,"enemies":"Replay:Snechameleon","floor":25,"turns":4},{"damage":1,"enemies":"Snecko","floor":28,"turns":2},{"damage":5,"enemies":"Cultist and Chosen","floor":31,"turns":2},{"damage":18,"enemies":"Collector","floor":33,"turns":5},{"damage":12,"enemies":"3 Darklings","floor":35,"turns":2},{"damage":35,"enemies":"Hiden Room Battle","floor":37,"turns":2},{"damage":6,"enemies":"Orb Walker","floor":39,"turns":2},{"damage":14,"enemies":"Giant Head","floor":40,"turns":7},{"damage":43,"enemies":"Nemesis","floor":44,"turns":3},{"damage":49,"enemies":"Giant Head","floor":48,"turns":2},{"damage":79,"enemies":"Awakened One","floor":50,"turns":5},{"damage":0,"enemies":"Small Slimes","floor":52,"turns":2},{"damage":4,"enemies":"Cultist","floor":53,"turns":1},{"damage":5,"enemies":"3 Sentries","floor":58,"turns":2},{"damage":11,"enemies":"Jaw Worm","floor":59,"turns":2},{"damage":17,"enemies":"Gremlin Nob","floor":61,"turns":2},{"damage":31,"enemies":"Lagavulin","floor":63,"turns":1},{"damage":0,"enemies":"2 Fungi Beasts","floor":64,"turns":2},{"damage":5,"enemies":"Looter","floor":65,"turns":1},{"damage":121,"enemies":"Delirium","floor":67,"turns":3},{"damage":28,"enemies":"2 Thieves","floor":69,"turns":2},{"damage":27,"enemies":"Chosen","floor":72,"turns":2},{"damage":32,"enemies":"Snake Plant","floor":73,"turns":2},{"damage":41,"enemies":"Slavers","floor":75,"turns":2},{"damage":7,"enemies":"Gremlin Leader","floor":77,"turns":2},{"damage":7,"enemies":"Slavers","floor":79,"turns":1},{"damage":26,"enemies":"Shelled Parasite and Fungi","floor":80,"turns":2},{"damage":119,"enemies":"Delirium","floor":84,"turns":2}],"seed_played":"6346259224642794788","potions_obtained":[],"is_trial":true,"path_per_floor":["M","?","?","M","$","E","R","E","T","E","R","E","M","M","R","B",null,"M","?","?","?","?","R","M","E","T","R","M","R","$","M","R","B",null,"M","?","?","$","M","E","R","$","T","E","R","?","?","E","R","B",null,"M","M","?","?","$","R","E","M","T","E","R","E","M","M","R","B",null,"M","$","?","M","M","R","E","R","E","R","E","M","$","?","R","B"],"character_chosen":"REMILIA","items_purchased":["FitfulNightmare","ForbiddenFruit","MerchantsRug","KillingBlow","MillenniumVampire","ScarletNetherworld","MastersStateliness+1","testmod-Hope","BFFS","Ultimatum","reliquary:Buckler","ScarletNetherworld+1","UnstableMagic","CeilingFear","VampirishNight","RedRainbow","UnstableMagic","MoneyPower","Bottled Tornado"],"campfire_rested":6,"item_purchase_floors":[5,5,30,34,34,34,38,38,42,42,56,56,56,68,68,70,70,70,81],"current_hp_per_floor":[75,75,75,75,75,64,64,68,68,65,65,67,67,67,67,75,75,63,57,45,32,32,56,56,47,47,47,51,51,51,56,56,80,71,59,59,20,20,14,31,52,52,62,81,81,81,81,81,81,75,88,88,88,88,71,71,71,69,62,62,69,69,74,77,79,88,75,81,53,53,53,49,29,53,17,41,44,68,81,62,62,62,81,0,0],"gold":306,"neow_bonus":"","is_daily":false,"chose_seed":false,"campfire_upgraded":8,"win_rate":0.0,"timestamp":1612882018,"path_taken":["M","?","?","M","$","E","R","E","T","E","R","E","M","M","R","BOSS","M","?","?","?","?","R","M","E","T","R","?","R","$","M","R","BOSS","M","?","?","?","M","E","R","$","T","E","R","?","?","E","R","BOSS","M","M","?","?","$","R","E","M","T","E","R","E","M","M","R","BOSS","M","?","?","M","M","R","E","R","E","R","E","?","$","?","R","BOSS"],"items_purchased_type":["Card","Card","Relic","Card","Card","Card","Card","Relic","Relic","Card","Relic","Card","Card","Card","Card","Card","Card","Relic","Relic"],"build_version":"2020-12-22","purchased_purges":0,"victory":false,"max_hp_per_floor":[75,75,75,75,75,75,75,75,75,75,75,75,75,75,75,75,75,75,75,75,80,80,80,80,80,80,80,80,80,80,80,80,80,71,71,71,71,71,71,71,71,71,81,81,81,81,81,81,81,81,88,88,88,88,88,88,88,88,88,88,88,88,88,88,88,88,88,81,81,81,81,81,81,81,81,81,81,81,81,81,81,81,81,81,81],"card_choices":[],"player_experience":107833,"relics_obtained":[{"floor":1,"key":"Blue Doll"},{"floor":4,"key":"reliquary:SilkGlove"},{"floor":6,"key":"Art of War"},{"floor":8,"key":"Whetstone"},{"floor":9,"key":"Blue Candle"},{"floor":12,"key":"Kunai"},{"floor":13,"key":"Pantograph"},{"floor":14,"key":"reliquary:PrincelyHelmet"},{"floor":18,"key":"Diplopia"},{"floor":20,"key":"Nilry\u0027s Codex"},{"floor":25,"key":"Centennial Puzzle"},{"floor":28,"key":"Replay:WaspNest"},{"floor":35,"key":"GnawedLeaf"},{"floor":37,"key":"GuppysTail"},{"floor":39,"key":"Ornamental Fan"},{"floor":40,"key":"reliquary:FerryPass"},{"floor":43,"key":"Pear"},{"floor":48,"key":"Blood Vial"},{"floor":52,"key":"Omamori"},{"floor":53,"key":"SalivaCoin"},{"floor":59,"key":"reliquary:ExpiredCoupon"},{"floor":60,"key":"Replay:PocketPolymizer"},{"floor":64,"key":"Vajra"},{"floor":65,"key":"Mummified Hand"},{"floor":69,"key":"Toy Ornithopter"},{"floor":73,"key":"Gremlin Food"},{"floor":80,"key":"reliquary:Boomerang"}],"event_choices":[{"damage_healed":0,"gold_gain":51,"player_choice":"Gained Gold","damage_taken":0,"max_hp_gain":0,"max_hp_loss":0,"event_name":"Golden Wing","floor":2,"gold_loss":0},{"damage_healed":0,"gold_gain":0,"player_choice":"Ignored","damage_taken":7,"max_hp_gain":0,"max_hp_loss":0,"event_name":"恩洛斯的盘子","floor":19,"gold_loss":0},{"damage_healed":0,"gold_gain":0,"player_choice":"Obtained Book","damage_taken":16,"max_hp_gain":0,"max_hp_loss":0,"event_name":"Cursed Tome","floor":20,"gold_loss":0},{"damage_healed":0,"gold_gain":0,"player_choice":"Shed Blood","damage_taken":19,"max_hp_gain":5,"max_hp_loss":0,"event_name":"Forgotten Altar","floor":21,"gold_loss":0},{"damage_healed":0,"gold_gain":0,"player_choice":"Read","damage_taken":0,"max_hp_gain":0,"max_hp_loss":0,"event_name":"The Library","floor":22,"gold_loss":0,"cards_obtained":["MillenniumVampire"]},{"cards_removed":["BombardNight"],"damage_healed":0,"gold_gain":0,"player_choice":"Removed Attack","damage_taken":0,"max_hp_gain":0,"max_hp_loss":0,"event_name":"Falling","floor":36,"gold_loss":0},{"damage_healed":0,"gold_gain":0,"player_choice":"Fight","damage_taken":0,"max_hp_gain":0,"max_hp_loss":0,"event_name":"HidenRoomEvent","floor":37,"gold_loss":0},{"damage_healed":0,"gold_gain":0,"player_choice":"Memory 1","damage_taken":0,"max_hp_gain":0,"max_hp_loss":0,"event_name":"SensoryStone","floor":46,"gold_loss":0},{"cards_removed":["BombardNight"],"damage_healed":0,"gold_gain":0,"player_choice":"Card Removal","damage_taken":0,"max_hp_gain":0,"max_hp_loss":0,"event_name":"The Cleric","floor":54,"gold_loss":50},{"damage_healed":0,"gold_gain":0,"player_choice":"Entered Light","damage_taken":18,"max_hp_gain":0,"max_hp_loss":0,"event_name":"Shining Light","floor":55,"gold_loss":0,"cards_upgraded":["ScarletMeister","FitfulNightmare"]},{"damage_healed":0,"gold_gain":0,"player_choice":"Ignored","damage_taken":0,"max_hp_gain":0,"max_hp_loss":0,"event_name":"WeMeetAgain","floor":82,"gold_loss":0}],"is_beta":false,"boss_relics":[{"not_picked":["Velvet Choker","testmod-Temperance","testmod-DreamHouse"]},{"not_picked":["FeatherPendant","reliquary:Ember"],"picked":"Sozu"},{"not_picked":[]},{"not_picked":["reliquary:KinkedSpring","energizedSpire:RedRose"],"picked":"MagicMushroom"},{"not_picked":[]},{"not_picked":["Replay:Wanted Poster","Honey Jar"],"picked":"Cursed Key"},{"not_picked":[]}],"items_purged_floors":[],"is_endless":true,"potions_floor_spawned":[1,12,13,18,24,35,44,48,53,58,61,64,69,73,80],"killed_by":"Delirium","ascension_level":1}}