{"host":"t7tlgebqkr0de6rl","time":1612865699,"event":{"mods":["BaseMod","Gold Saver","Hero for Fun","Minty Spire (QoL Compilation)","Quick Restart","Shop Mod","Spicy Shops","StSLib","The Alterego","Thieving Mod","Uncapped","[IsaacMod]ÒÔÈö¼âËþ"],"gold_per_floor":[119,134,71,146,107,107,132,63,87,87,101,117,132,149,149,252,252,269,282,60,70,70,101,101,126,126,140,167,167,201,215,215,317,317,335,137,152,162,179,160,160,177,177,0,59,88,103,122,122,122,122,122,122,159,173],"floor_reached":56,"language":"ZHS","playtime":2014,"items_purged":["Strike_R","Strike_R","Strike_R","Shame","Strike_R","Defend_R","Pain","Reaper"],"score":1537,"play_id":"7c036620-3572-49f8-8b18-79fc1e60ce90","local_time":"20210209181458","is_ascension_mode":true,"campfire_choices":[{"data":"Twin Strike","floor":6,"key":"SMITH"},{"data":"EpicFetus","floor":15,"key":"SMITH"},{"floor":24,"key":"REST"},{"data":"Pommel Strike","floor":32,"key":"SMITH"},{"floor":41,"key":"RECALL"},{"data":"Limit Break","floor":49,"key":"SMITH"},{"data":"Offering","floor":52,"key":"SMITH"}],"circlet_count":0,"master_deck":["Defend_R","Defend_R","Bash","EpicFetus+1","Twin Strike+1","Pommel Strike","Feed","Shrug It Off","Dropkick","Flex","Pommel Strike+1","Flex","Limit Break+1","Pommel Strike","Twin Strike","Twin Strike+1","Pommel Strike+1","Offering","Twin Strike+1","Offering+1","Demon Form","Pommel Strike+1","alterego_mod:STier"],"relics":["Burning Blood","HushsDoor","SteamSale","Void","MerchantsRug","Vajra","Philosopher\u0027s Stone","Torii","Red Skull","SharpPlug","Bronze Scales","NineVolt","Incense Burner","GuppysCollar","Singing Bowl","Membership Card","Boot","TungstenRod","TheBean","Brimstone","Lantern","Red Mask","Ancient Tea Set","TheBible","Art of War","SalivaCoin","Habit","PrismaticShard","PokeGo","DeadEye"],"acts_visited":["Exordium","TheCity","TheBeyond","TheEnding"],"potions_floor_usage":[5,16,16,16,23,27,28,36,36,38,50,55],"damage_taken":[{"damage":0,"enemies":"2 Louse","floor":1,"turns":1},{"damage":0,"enemies":"Small Slimes","floor":2,"turns":2},{"damage":0,"enemies":"3 Sentries","floor":7,"turns":2},{"damage":0,"enemies":"Cultist","floor":11,"turns":2},{"damage":5,"enemies":"Looter","floor":12,"turns":2},{"damage":21,"enemies":"Exordium Wildlife","floor":13,"turns":3},{"damage":23,"enemies":"Gremlin Gang","floor":14,"turns":5},{"damage":16,"enemies":"The Guardian","floor":16,"turns":6},{"damage":35,"enemies":"Shell Parasite","floor":18,"turns":5},{"damage":6,"enemies":"Spheric Guardian","floor":19,"turns":3},{"damage":41,"enemies":"Snake Plant","floor":21,"turns":3},{"damage":56,"enemies":"Slavers","floor":23,"turns":5},{"damage":23,"enemies":"Book of Stabbing","floor":25,"turns":4},{"damage":7,"enemies":"Chosen and Byrds","floor":27,"turns":3},{"damage":25,"enemies":"Slavers","floor":28,"turns":5},{"damage":31,"enemies":"Gremlin Leader","floor":30,"turns":4},{"damage":11,"enemies":"Snecko","floor":31,"turns":3},{"damage":18,"enemies":"Collector","floor":33,"turns":6},{"damage":11,"enemies":"3 Shapes","floor":35,"turns":4},{"damage":36,"enemies":"3 Darklings","floor":37,"turns":4},{"damage":1,"enemies":"Transient","floor":38,"turns":5},{"damage":25,"enemies":"Writhing Mass","floor":39,"turns":4},{"damage":18,"enemies":"Spire Growth","floor":42,"turns":3},{"damage":45,"enemies":"Reptomancer","floor":46,"turns":4},{"damage":37,"enemies":"Maw","floor":47,"turns":3},{"damage":10,"enemies":"Sphere and 2 Shapes","floor":48,"turns":1},{"damage":57,"enemies":"Time Eater","floor":50,"turns":5},{"damage":5,"enemies":"Shield and Spear","floor":54,"turns":1},{"damage":6,"enemies":"The Heart","floor":55,"turns":5}],"seed_played":"1495979832805287128","potions_obtained":[{"floor":1,"key":"Dexterity Potion"},{"floor":5,"key":"Energy Potion"},{"floor":5,"key":"Fruit Juice"},{"floor":5,"key":"Weak Potion"},{"floor":13,"key":"DistilledChaos"},{"floor":16,"key":"Weak Potion"},{"floor":19,"key":"SteroidPotion"},{"floor":23,"key":"AttackPotion"},{"floor":27,"key":"SpeedPotion"},{"floor":31,"key":"SpeedPotion"},{"floor":35,"key":"EntropicBrew"},{"floor":38,"key":"Fruit Juice"}],"is_trial":false,"path_per_floor":["M","M","$","?","$","R","E","$","T","?","M","M","M","M","R","B",null,"M","M","$","M","$","E","R","E","T","M","E","?","E","M","R","B",null,"M","$","M","M","M","$","R","M","T","?","$","E","M","M","R","B",null,"R","$","E","B",null],"character_chosen":"IRONCLAD","items_purchased":["Twin Strike","Cauldron","Frozen Eye","MerchantsRug","Torii","Red Skull","GuppysCollar","Pear","Twin Strike","Fruit Juice","Singing Bowl","Membership Card","Boot","TungstenRod","TheBean","Brimstone","Lantern","DistilledChaos","ColorlessPotion","Strength Potion","BlessingOfTheForge","Ancient Tea Set","TheBible","Pantograph","Medical Kit","Orrery","Bottled Tornado","Demon Form","Energy Potion","DistilledChaos","SpeedPotion","BloodPotion","Art of War","SalivaCoin","Habit","PrismaticShard","PokeGo","DeadEye","AttackPotion"],"campfire_rested":1,"item_purchase_floors":[3,5,8,8,20,20,34,36,36,36,36,40,40,40,40,40,40,40,40,40,40,45,45,45,45,45,45,45,45,45,45,45,53,53,53,53,53,53,53],"current_hp_per_floor":[80,80,80,69,74,74,80,80,80,85,90,90,78,64,64,54,96,70,70,70,35,35,15,45,28,28,30,56,56,52,56,56,82,90,88,105,94,104,87,87,87,77,77,77,81,64,38,36,36,13,133,133,133,136,136],"gold":173,"neow_bonus":"THREE_ENEMY_KILL","is_daily":false,"chose_seed":false,"campfire_upgraded":5,"win_rate":0.0,"timestamp":1612865698,"path_taken":["M","M","$","?","?","R","E","$","T","?","?","M","M","M","R","BOSS","M","M","$","M","$","E","R","E","T","?","E","?","E","M","R","BOSS","M","$","M","?","M","$","R","M","T","?","?","E","M","M","R","BOSS","R","$","E","BOSS"],"items_purchased_type":["Card","Relic","Relic","Relic","Relic","Relic","Relic","Relic","Card","Potion","Relic","Relic","Relic","Relic","Relic","Relic","Relic","Potion","Potion","Potion","Potion","Relic","Relic","Relic","Relic","Relic","Relic","Card","Potion","Potion","Potion","Potion","Relic","Relic","Relic","Relic","Relic","Relic","Potion"],"build_version":"2020-12-22","purchased_purges":8,"victory":true,"max_hp_per_floor":[80,80,80,80,85,85,85,85,85,90,90,90,93,96,96,96,96,99,99,99,99,99,102,102,102,102,105,108,108,108,108,108,108,90,93,110,110,115,117,117,117,119,119,119,123,123,128,130,130,133,133,133,133,136,136],"card_choices":[{"not_picked":[],"picked":"EpicFetus","floor":0},{"not_picked":["Wild Strike","Entrench","Hemokinesis"],"picked":"SKIP","floor":1},{"not_picked":["Clash","Hemokinesis","Shrug It Off"],"picked":"SKIP","floor":2},{"not_picked":["Body Slam","Iron Wave"],"picked":"Pommel Strike","floor":7},{"not_picked":["Clothesline","True Grit","Fire Breathing"],"picked":"SKIP","floor":11},{"not_picked":["Infernal Blade","Havoc"],"picked":"Feed","floor":12},{"not_picked":["Iron Wave","Battle Trance","Dual Wield"],"picked":"SKIP","floor":13},{"not_picked":["Perfected Strike","Evolve","Wild Strike"],"picked":"SKIP","floor":14},{"not_picked":["Fiend Fire","Impervious"],"picked":"Reaper","floor":16},{"not_picked":["Rage+1","Pummel"],"picked":"Shrug It Off","floor":18},{"not_picked":["Blood for Blood","Perfected Strike","Armaments"],"picked":"SKIP","floor":19},{"not_picked":["Anger","Evolve+1","Body Slam"],"picked":"SKIP","floor":21},{"not_picked":["Twin Strike","Heavy Blade"],"picked":"Dropkick","floor":23},{"not_picked":["Rage+1","Hemokinesis+1"],"picked":"Flex","floor":25},{"not_picked":["Warcry","Clothesline","Bloodletting+1"],"picked":"SKIP","floor":27},{"not_picked":["Barricade","Rage","Inflame+1"],"picked":"SKIP","floor":28},{"not_picked":["Disarm","Rampage"],"picked":"Pommel Strike","floor":30},{"not_picked":["Body Slam","Warcry+1"],"picked":"Flex","floor":31},{"not_picked":["Corruption","Immolate"],"picked":"Limit Break","floor":33},{"not_picked":["Clothesline+1","Wild Strike+1"],"picked":"Pommel Strike","floor":35},{"not_picked":["Sword Boomerang+1","Combust+1"],"picked":"Twin Strike+1","floor":37},{"not_picked":["Bloodletting+1","Infernal Blade+1"],"picked":"Pommel Strike+1","floor":38},{"not_picked":["Havoc+1","Warcry","Headbutt"],"picked":"Singing Bowl","floor":39},{"not_picked":["Spot Weakness","Perfected Strike","Warcry+1"],"picked":"Singing Bowl","floor":42},{"not_picked":["Dark Embrace+1","Feel No Pain"],"picked":"Offering","floor":45},{"not_picked":["Flex+1","Clash+1"],"picked":"Twin Strike+1","floor":45},{"not_picked":["Sword Boomerang+1","Shrug It Off","Inflame"],"picked":"Singing Bowl","floor":45},{"not_picked":["Bloodletting","Iron Wave"],"picked":"Offering","floor":45},{"not_picked":["Flex","Ghostly Armor","Cleave+1"],"picked":"Singing Bowl","floor":45},{"not_picked":["Combust+1","Whirlwind"],"picked":"Pommel Strike+1","floor":46},{"not_picked":["Flex","Iron Wave+1","Shockwave+1"],"picked":"Singing Bowl","floor":47},{"not_picked":["True Grit+1","Anger+1","Feel No Pain"],"picked":"Singing Bowl","floor":48},{"not_picked":["Feel No Pain","Thunderclap"],"picked":"alterego_mod:STier","floor":54}],"player_experience":36322,"relics_obtained":[{"floor":7,"key":"Void"},{"floor":9,"key":"Vajra"},{"floor":23,"key":"SharpPlug"},{"floor":25,"key":"Bronze Scales"},{"floor":26,"key":"NineVolt"},{"floor":28,"key":"UnicornStump"},{"floor":30,"key":"Incense Burner"},{"floor":46,"key":"Bottled Lightning"},{"floor":54,"key":"Bag of Preparation"}],"event_choices":[{"damage_healed":0,"gold_gain":75,"player_choice":"Gather Gold","damage_taken":11,"max_hp_gain":0,"max_hp_loss":0,"event_name":"World of Goop","floor":4,"gold_loss":0},{"damage_healed":0,"gold_gain":0,"player_choice":"Donut","damage_taken":0,"max_hp_gain":5,"max_hp_loss":0,"event_name":"Big Fish","floor":10,"gold_loss":0},{"damage_healed":0,"gold_gain":0,"player_choice":"Paid","damage_taken":0,"relics_obtained":["Red Mask"],"max_hp_gain":0,"max_hp_loss":0,"event_name":"Tomb of Lord Red Mask","floor":44,"gold_loss":177}],"is_beta":false,"boss_relics":[{"not_picked":["Tiny House","Runic Cube"],"picked":"Philosopher\u0027s Stone"},{"not_picked":[]},{"not_picked":["Velvet Choker","Runic Dome"],"picked":"Empty Cage"},{"not_picked":[]}],"items_purged_floors":[3,34,36,40,45,45,53,53],"is_endless":false,"potions_floor_spawned":[1,13,16,19,23,27,31,35,38,46,54],"ascension_level":1}}