{"host":"c3lc60y5x60jlt1y","time":1612889859,"event":{"mods":["AchievementEnabler","BaseMod","Bestiary","Colored Map","Minty Spire (QoL Compilation)","Quick Restart","StSLib","ojb\u0027s Info Mod"],"gold_per_floor":[39,39,39,90,120,182,182,242,267,267,335,344,417,441,441,547,547,598,642,696,723,133,192,192,192,192,212,260,260,260],"floor_reached":29,"language":"ENG","playtime":22329,"items_purged":["Defend_P"],"score":584,"play_id":"9115ba59-16f0-44d2-abad-8423617f01ed","local_time":"20210209185739","is_ascension_mode":true,"campfire_choices":[{"data":"Eruption","floor":7.0,"key":"SMITH"},{"data":"HandOfGreed","floor":10.0,"key":"SMITH"},{"data":"PathToVictory","floor":15.0,"key":"SMITH"},{"floor":25.0,"key":"REST"}],"circlet_count":0,"master_deck":["AscendersBane","Strike_P","Strike_P","Strike_P","Strike_P+1","Defend_P","Defend_P","Defend_P+1","Eruption+1","Vigilance","HandOfGreed+1","Consecrate+1","CrushJoints","Adaptation","FlurryOfBlows","CutThroughFate","EmptyBody","Omniscience","PathToVictory+1","CutThroughFate","LessonLearned+1","Tantrum","Protect+1","Indignation","InnerPeace","MentalFortress","CutThroughFate","Halt"],"relics":["HolyWater","CeramicFish","Oddly Smooth Stone","Happy Flower","Nunchaku","Mercury Hourglass","HandDrill","Bag of Preparation","Enchiridion"],"acts_visited":["Exordium","TheCity"],"potions_floor_usage":[],"damage_taken":[{"damage":3.0,"enemies":"2 Louse","floor":1.0,"turns":4.0},{"damage":6.0,"enemies":"Small Slimes","floor":4.0,"turns":5.0},{"damage":2.0,"enemies":"Cultist","floor":5.0,"turns":5.0},{"damage":8.0,"enemies":"Gremlin Nob","floor":6.0,"turns":3.0},{"damage":15.0,"enemies":"3 Sentries","floor":8.0,"turns":4.0},{"damage":0.0,"enemies":"Lagavulin","floor":11.0,"turns":4.0},{"damage":0.0,"enemies":"3 Louse","floor":13.0,"turns":7.0},{"damage":0.0,"enemies":"Blue Slaver","floor":14.0,"turns":4.0},{"damage":30.0,"enemies":"The Guardian","floor":16.0,"turns":9.0},{"damage":0.0,"enemies":"Chosen","floor":18.0,"turns":3.0},{"damage":21.0,"enemies":"3 Byrds","floor":19.0,"turns":5.0},{"damage":1.0,"enemies":"Centurion and Healer","floor":20.0,"turns":7.0},{"damage":0.0,"enemies":"Snecko","floor":21.0,"turns":2.0},{"damage":2.0,"enemies":"Slavers","floor":23.0,"turns":3.0},{"damage":5.0,"enemies":"Cultist and Chosen","floor":27.0,"turns":5.0},{"damage":5.0,"enemies":"Centurion and Healer","floor":28.0,"turns":3.0},{"damage":28,"enemies":"Gremlin Leader","floor":29,"turns":4}],"seed_played":"1933236921401921949","potions_obtained":[{"floor":1.0,"key":"BottledMiracle"},{"floor":6.0,"key":"FearPotion"},{"floor":8.0,"key":"ColorlessPotion"},{"floor":16.0,"key":"FearPotion"},{"floor":19.0,"key":"AttackPotion"},{"floor":20.0,"key":"StancePotion"},{"floor":28.0,"key":"BottledMiracle"}],"is_trial":false,"path_per_floor":["M","?","$","M","M","E","R","E","T","R","E","?","M","M","R","B",null,"M","M","M","M","$","E","?","R","T","M","M","E"],"character_chosen":"WATCHER","items_purchased":["Mercury Hourglass","HandDrill","MentalFortress","BlessingOfTheForge"],"campfire_rested":1,"item_purchase_floors":[22,22,22,22],"current_hp_per_floor":[58,63,63,57,55,47,47,32,32,32,32,32,32,32,32,2,55,55,34,33,33,33,31,10,31,31,26,21,0,0],"gold":260,"neow_bonus":"RANDOM_COLORLESS_2","is_daily":false,"chose_seed":false,"campfire_upgraded":3,"win_rate":0.0,"timestamp":1612889859,"path_taken":["M","?","$","M","M","E","R","E","T","R","E","?","M","M","R","BOSS","M","M","M","?","$","E","?","R","T","M","M","E"],"items_purchased_type":["Relic","Relic","Card","Potion"],"build_version":"2020-12-22","purchased_purges":1,"victory":false,"max_hp_per_floor":[68,73,73,73,73,73,73,73,73,73,73,73,73,73,73,73,73,73,73,73,73,73,73,73,73,73,73,73,73,73],"card_choices":[{"not_picked":["Violence","Apotheosis"],"picked":"HandOfGreed","floor":0.0},{"not_picked":["Perseverance","BattleHymn"],"picked":"Consecrate","floor":1.0},{"not_picked":["Protect","CarveReality"],"picked":"CrushJoints","floor":4.0},{"not_picked":["Crescendo","CutThroughFate"],"picked":"Adaptation","floor":5.0},{"not_picked":["ClearTheMind","FlyingSleeves"],"picked":"FlurryOfBlows","floor":6.0},{"not_picked":["Pray","Protect"],"picked":"CutThroughFate","floor":8.0},{"not_picked":["Wish","BattleHymn"],"picked":"EmptyBody","floor":11.0},{"not_picked":["Protect","ThirdEye"],"picked":"PathToVictory","floor":13.0},{"not_picked":["Collect","Evaluate"],"picked":"CutThroughFate","floor":14.0},{"not_picked":["Scrawl","DevaForm"],"picked":"LessonLearned","floor":16.0},{"not_picked":["Consecrate","Pray"],"picked":"Tantrum","floor":18.0},{"not_picked":["CrushJoints","Pray"],"picked":"Protect","floor":19.0},{"not_picked":["Conclude","FlurryOfBlows"],"picked":"Indignation","floor":20.0},{"not_picked":["Collect+1","Nirvana"],"picked":"InnerPeace","floor":21.0},{"not_picked":["Indignation","EmptyFist"],"picked":"CutThroughFate","floor":23.0},{"not_picked":["BowlingBash","Nirvana","ClearTheMind"],"picked":"SKIP","floor":27.0},{"not_picked":["Protect","Crescendo"],"picked":"Halt","floor":28.0}],"player_experience":9172389,"relics_obtained":[{"floor":6.0,"key":"CeramicFish"},{"floor":8.0,"key":"Oddly Smooth Stone"},{"floor":9.0,"key":"Happy Flower"},{"floor":11.0,"key":"Nunchaku"},{"floor":23.0,"key":"Bag of Preparation"},{"floor":24.0,"key":"Enchiridion"}],"event_choices":[{"damage_healed":0.0,"max_hp_gain":5.0,"max_hp_loss":0.0,"gold_gain":0.0,"event_name":"Big Fish","player_choice":"Donut","floor":2.0,"gold_loss":0.0,"damage_taken":0.0},{"damage_healed":0.0,"max_hp_gain":0.0,"max_hp_loss":0.0,"gold_gain":0.0,"event_name":"Match and Keep!","player_choice":"1 cards matched","floor":12.0,"gold_loss":0.0,"damage_taken":0.0,"cards_obtained":["Omniscience"]},{"damage_healed":0.0,"max_hp_gain":0.0,"max_hp_loss":0.0,"gold_gain":0.0,"event_name":"Match and Keep!","player_choice":"1 cards matched","floor":12.0,"gold_loss":0.0,"damage_taken":0.0,"cards_obtained":["Omniscience"]},{"damage_healed":0.0,"max_hp_gain":0.0,"max_hp_loss":0.0,"gold_gain":0.0,"event_name":"Cursed Tome","player_choice":"Obtained Book","floor":24.0,"gold_loss":0.0,"damage_taken":21.0}],"is_beta":false,"boss_relics":[{"not_picked":["Sozu","Tiny House"],"picked":"HolyWater"}],"items_purged_floors":[22],"is_endless":false,"potions_floor_spawned":[1,6,8,13,16,19,20,28],"killed_by":"Gremlin Leader","ascension_level":20}}