{"host":"Oniwa","time":1612861305,"event":{"mods":["BaseMod","Colored Map","Colored Powertips","Minty Spire (QoL Compilation)","Relic Stats","Slay the Relics Exporter","SpireBot","StSLib","ojb\u0027s Better Paths Mod","ojb\u0027s Info Mod"],"gold_per_floor":[114,124,124,143,143,143,171,189,189,189,189,189,114,142,142,214,214,214,214,49,49,49,49,49,49,49,49,49,49,49,49,49,49,49],"floor_reached":33,"language":"JPN","playtime":1994,"items_purged":[],"score":550,"play_id":"8dfc035c-80cb-4b8f-83a9-0d45fee8bb15","local_time":"20210209180145","is_ascension_mode":true,"campfire_choices":[{"data":"Bash","floor":6,"key":"SMITH"},{"data":"Carnage","floor":10,"key":"SMITH"},{"floor":15,"key":"DIG"},{"floor":23,"key":"REST"},{"floor":32,"key":"REST"}],"circlet_count":0,"master_deck":["AscendersBane","Strike_R","Defend_R","Defend_R","Defend_R","Defend_R","Bash+1","Twin Strike","Armaments+1","Headbutt","Clothesline","Carnage+1","Double Tap","Burning Pact","Warcry","Offering","Flame Barrier","Anger+1","RitualDagger","True Grit+1","Burning Pact","Disarm","Feel No Pain+1"],"relics":["Runic Cube","Centennial Puzzle","Mercury Hourglass","Shovel","Regal Pillow","Ectoplasm","Kunai","The Courier"],"acts_visited":["Exordium","TheCity"],"potions_floor_usage":[7,21,31,33],"damage_taken":[{"damage":9,"enemies":"2 Louse","floor":1,"turns":3},{"damage":14,"enemies":"Jaw Worm","floor":2,"turns":5},{"damage":4,"enemies":"Small Slimes","floor":4,"turns":4},{"damage":15,"enemies":"Lagavulin","floor":7,"turns":5},{"damage":1,"enemies":"Looter","floor":8,"turns":3},{"damage":15,"enemies":"3 Sentries","floor":14,"turns":6},{"damage":37,"enemies":"Hexaghost","floor":16,"turns":8},{"damage":19,"enemies":"Spheric Guardian","floor":18,"turns":4},{"damage":10,"enemies":"Shell Parasite","floor":21,"turns":4},{"damage":9,"enemies":"Centurion and Healer","floor":25,"turns":3},{"damage":6,"enemies":"Snecko","floor":27,"turns":3},{"damage":6,"enemies":"Cultist and Chosen","floor":28,"turns":5},{"damage":13,"enemies":"Centurion and Healer","floor":30,"turns":4},{"damage":9,"enemies":"Book of Stabbing","floor":31,"turns":5},{"damage":70,"enemies":"Automaton","floor":33,"turns":10}],"seed_played":"-7190030539996372047","potions_obtained":[{"floor":1,"key":"FairyPotion"},{"floor":4,"key":"AttackPotion"},{"floor":7,"key":"FairyPotion"},{"floor":18,"key":"Weak Potion"},{"floor":21,"key":"Dexterity Potion"}],"is_trial":false,"path_per_floor":["M","M","?","M","?","R","E","M","T","R","?","?","?","E","R","B",null,"M","?","$","M","$","R","?","M","T","M","M","$","M","E","R","B"],"character_chosen":"IRONCLAD","items_purchased":["Flame Barrier","DuplicationPotion"],"campfire_rested":2,"item_purchase_floors":[20,20],"current_hp_per_floor":[59,45,45,41,34,34,19,18,18,18,18,18,18,3,3,16,60,41,41,41,31,31,68,62,53,53,47,41,41,28,19,56,0,0],"gold":49,"neow_bonus":"BOSS_RELIC","is_daily":false,"chose_seed":false,"campfire_upgraded":2,"win_rate":0.0,"timestamp":1612861305,"path_taken":["M","M","?","M","?","R","E","M","T","R","?","?","?","E","R","BOSS","M","?","$","M","$","R","?","M","T","M","M","?","?","E","R","BOSS"],"items_purchased_type":["Card","Potion"],"build_version":"2020-12-18","purchased_purges":0,"victory":false,"max_hp_per_floor":[75,75,75,75,75,75,75,75,75,75,75,75,75,75,75,75,75,75,75,75,75,75,75,75,75,75,75,75,75,75,75,75,75,75],"relic_stats":{"Centennial Puzzle":[33],"Regal Pillow":30,"Shovel":1,"counters":[15,71],"Ectoplasm":127,"Kunai":[5],"obtain_stats":[{"Centennial Puzzle":7,"Regal Pillow":15,"Shovel":14,"Ectoplasm":17,"The Courier":31,"Kunai":26,"Burning Blood":0,"Runic Cube":0,"Mercury Hourglass":9},{"Centennial Puzzle":4,"Regal Pillow":6,"Shovel":6,"Ectoplasm":7,"The Courier":14,"Kunai":10,"Burning Blood":0,"Runic Cube":0,"Mercury Hourglass":5},{"Centennial Puzzle":17,"Regal Pillow":25,"Shovel":25,"Ectoplasm":33,"The Courier":61,"Kunai":44,"Burning Blood":0,"Runic Cube":0,"Mercury Hourglass":20}],"Runic Cube":[38],"Mercury Hourglass":[166]},"card_choices":[{"not_picked":["Wild Strike","Clash"],"picked":"Twin Strike","floor":1},{"not_picked":["Havoc","Dropkick"],"picked":"Armaments","floor":2},{"not_picked":["Intimidate","Iron Wave"],"picked":"Headbutt","floor":4},{"not_picked":["Wild Strike","Entrench"],"picked":"Clothesline","floor":7},{"not_picked":["Searing Blow","Flex"],"picked":"Carnage","floor":8},{"not_picked":["Carnage","Combust","Wild Strike"],"picked":"SKIP","floor":14},{"not_picked":["Limit Break","Berserk"],"picked":"Double Tap","floor":16},{"not_picked":["Iron Wave","Intimidate"],"picked":"Burning Pact","floor":18},{"not_picked":["Metallicize","Shrug It Off"],"picked":"Anger+1","floor":21},{"not_picked":["Entrench","Pommel Strike"],"picked":"True Grit+1","floor":25},{"not_picked":["Twin Strike","Clothesline","Armaments"],"picked":"SKIP","floor":27},{"not_picked":["Clash","Fiend Fire"],"picked":"Burning Pact","floor":28},{"not_picked":["Dual Wield","Flame Barrier"],"picked":"Disarm","floor":30},{"not_picked":["True Grit","Clash"],"picked":"Feel No Pain+1","floor":31}],"player_experience":2683805,"relics_obtained":[{"floor":7,"key":"Centennial Puzzle"},{"floor":9,"key":"Mercury Hourglass"},{"floor":14,"key":"Shovel"},{"floor":15,"key":"Regal Pillow"},{"floor":26,"key":"Kunai"},{"floor":31,"key":"The Courier"}],"event_choices":[{"damage_healed":0,"gold_gain":0,"player_choice":"Grow","damage_taken":0,"max_hp_gain":0,"max_hp_loss":0,"event_name":"Living Wall","floor":3,"gold_loss":0,"cards_upgraded":["Armaments"]},{"cards_removed":["Strike_R"],"damage_healed":0,"gold_gain":0,"player_choice":"Card Removal","damage_taken":7,"max_hp_gain":0,"max_hp_loss":0,"event_name":"Golden Wing","floor":5,"gold_loss":0},{"damage_healed":0,"gold_gain":0,"player_choice":"Searched \u00270\u0027 times","damage_taken":0,"max_hp_gain":0,"max_hp_loss":0,"event_name":"Dead Adventurer","floor":11,"gold_loss":0},{"damage_healed":0,"gold_gain":0,"player_choice":"Ignored","damage_taken":0,"max_hp_gain":0,"max_hp_loss":0,"event_name":"Liars Game","floor":12,"gold_loss":0},{"cards_removed":["Strike_R"],"damage_healed":0,"gold_gain":0,"player_choice":"Card Removal","damage_taken":0,"max_hp_gain":0,"max_hp_loss":0,"event_name":"The Cleric","floor":13,"gold_loss":75},{"damage_healed":0,"gold_gain":0,"cards_transformed":["Strike_R","Strike_R"],"player_choice":"Became Test Subject","damage_taken":0,"max_hp_gain":0,"max_hp_loss":0,"event_name":"Drug Dealer","floor":19,"gold_loss":0,"cards_obtained":["Warcry","Offering"]},{"damage_healed":0,"gold_gain":0,"player_choice":"Joined the Cult","damage_taken":6,"max_hp_gain":0,"max_hp_loss":0,"event_name":"Nest","floor":24,"gold_loss":0,"cards_obtained":["RitualDagger"]}],"is_beta":true,"boss_relics":[{"not_picked":["SacredBark","Black Star"],"picked":"Ectoplasm"}],"items_purged_floors":[],"is_endless":false,"potions_floor_spawned":[1,4,7,18,21,27],"killed_by":"Automaton","ascension_level":20}}