{"host":"psytf3wd8ccrk52d","time":1612899453,"event":{"mods":["100% Spire Juice","2.2 Compatiblity","A Magickal Journey","Act Like it!","Arknights","Astrologer","Bartender","BaseMod","Beaked The Cultist","Bestiary","Better Note","Better Third Choice","BetterRewards","CapriCore","Challenge The Spire","Clockwork Mod","Colored Map","Colored Powertips","Conspire","Curses Come First","Dio Mod","Downfall","Ekko","Fiend Mod","Friendly Minions","FutureSeer","Halation","Hermit","Hubris","Infinite Spire","JesterMod","Marisa????????","Mimic Mod","Minty Spire (QoL Compilation)","Permanent Neow","Poor People Problems","Reliquary","Remilia??????","Replay The Spire","Robot Space Explorer","SOS???????","Shade Mod","Shop Mod","Somnambulant","Spicy Shops","Spikes Relics","Spire Arcade","StSLib","The Accelerator","The Alterego","The Blackbeard","The Bug Knight","The Clintock","The Cursed","The Death Knight","The Dragon Tamer","The Exalted","The Florist","The Forsaken","The Gatherer","The Hayseed","The Hierophant","The Immortal","The Judge","The Marked","The Mystic","The Necromancer","The Problem Sleuth","The Runesmith","The Sage","The Saiyan","The Senshi","The Spell Scribe","The Valiant","TheFirefly","TheVacant","Waifu the Spire","Wide Potions","Yohane!","Yuri Mod","thorton"],"gold_per_floor":[116,76,88,88,88,88,88,88,124,44,63,73,73,88,88,88,88],"floor_reached":16,"language":"ENG","playtime":866,"items_purged":[],"score":90,"play_id":"8ebeb697-8cf1-4b13-a1d2-3ef7072cdfc6","local_time":"20210209193733","is_ascension_mode":false,"campfire_choices":[{"data":"Agrypnos:Rose","floor":6,"key":"SMITH"},{"data":"Agrypnos:Dandelion","floor":8,"key":"SMITH"},{"data":"Agrypnos:SeedPacket","floor":13,"key":"SMITH"},{"data":"Agrypnos:CorpseFlower","floor":15,"key":"SMITH"}],"circlet_count":0,"master_deck":["Agrypnos:BasicStrike","Agrypnos:BasicStrike","Agrypnos:BasicStrike","Agrypnos:BasicStrike","Agrypnos:BasicDefend","Agrypnos:BasicDefend","Agrypnos:BasicDefend","Agrypnos:BasicDefend","Agrypnos:Dandelion+1","Agrypnos:Trowel","Agrypnos:Pollen+1","Agrypnos:Rose+1","Agrypnos:CombTheEarth+1","Agrypnos:Hoe","Agrypnos:CorpseFlower+1","Agrypnos:SeedPacket+1","Agrypnos:Wolfsbane"],"relics":["Agrypnos:Floristry","ReplayTheSpireMod:Shallot","Agrypnos:Miniature Garden","Gremlin Food","ReplayTheSpireMod:Lightbulb"],"acts_visited":["Exordium"],"potions_floor_usage":[],"damage_taken":[{"damage":0,"enemies":"2 Louse","floor":1,"turns":3},{"damage":2,"enemies":"Cultist","floor":3,"turns":4},{"damage":0,"enemies":"Jaw Worm","floor":9,"turns":7},{"damage":0,"enemies":"Jaw Worm","floor":11,"turns":4},{"damage":0,"enemies":"Looter","floor":12,"turns":4},{"damage":8,"enemies":"2 Fungi Beasts","floor":14,"turns":4},{"damage":90,"enemies":"Fading Forest","floor":16,"turns":7}],"seed_played":"-7692032129641570492","potions_obtained":[{"floor":2,"key":"SkillPotion"},{"floor":2,"key":"DistilledChaos"},{"floor":2,"key":"SpeedPotion"}],"is_trial":false,"path_per_floor":["M","?","M","?","?","R","?","R","MIM","$","M","M","R","M","R","B"],"character_chosen":"THE_FLORIST","items_purchased":["Agrypnos:Pollen","ReplayTheSpireMod:Shallot","Agrypnos:Miniature Garden","Gremlin Food","Agrypnos:CorpseFlower"],"campfire_rested":0,"item_purchase_floors":[0,0,0,0,10],"current_hp_per_floor":[70,70,68,68,68,68,68,68,68,68,68,68,68,60,60,0,0],"gold":88,"neow_bonus":"","is_daily":false,"chose_seed":false,"campfire_upgraded":4,"win_rate":0.0,"timestamp":1612899453,"path_taken":["M","?","?","?","?","R","?","R","MIM","$","M","M","R","?","R","BOSS"],"items_purchased_type":["Card","Relic","Relic","Relic","Card"],"build_version":"2020-12-22","purchased_purges":0,"victory":false,"max_hp_per_floor":[70,70,70,70,70,70,70,70,70,70,70,70,70,70,70,70,70],"card_choices":[{"not_picked":["Agrypnos:Snapdragon","Agrypnos:Restock"],"picked":"Agrypnos:Rose","floor":1},{"not_picked":["Agrypnos:Replanting","Agrypnos:Azalea"],"picked":"Agrypnos:CombTheEarth","floor":3},{"not_picked":["Agrypnos:NaturalNutrition","Agrypnos:Tumbleweed"],"picked":"Agrypnos:Hoe","floor":9},{"not_picked":["Agrypnos:Rake","Agrypnos:Bramble"],"picked":"Agrypnos:SeedPacket","floor":11},{"not_picked":["Agrypnos:Cattail","Agrypnos:Shell"],"picked":"Agrypnos:Wolfsbane","floor":12},{"not_picked":["Agrypnos:Tumbleweed","Agrypnos:Replanting","Agrypnos:SeedPacket"],"picked":"SKIP","floor":14}],"player_experience":267312,"relics_obtained":[{"floor":9,"key":"ReplayTheSpireMod:Lightbulb"}],"event_choices":[{"damage_healed":0,"gold_gain":0,"player_choice":"Bought 3 Potions","damage_taken":0,"max_hp_gain":0,"max_hp_loss":0,"event_name":"The Woman in Blue","floor":2,"gold_loss":0},{"damage_healed":0,"gold_gain":0,"player_choice":"Grow","damage_taken":0,"max_hp_gain":0,"max_hp_loss":0,"event_name":"Living Wall","floor":5,"gold_loss":0,"cards_upgraded":["Agrypnos:Pollen"]}],"is_beta":false,"boss_relics":[],"items_purged_floors":[],"is_endless":false,"potions_floor_spawned":[3,11,12],"killed_by":"Fading Forest","ascension_level":0}}