{"host":"4rvakrj1idbgia3f","time":1612899827,"event":{"mods":["BaseMod","Colored Map","Colored Powertips","DeckTracker","Highlight Path","Minty Spire (QoL Compilation)","Random Character Button","StSLib"],"gold_per_floor":[19,37,37,37,47,47,78,146,173,173,186,197,197,215,215,286,286,306,356,406,419,469,469,488,518,569,639,658,658,672,687,687,758,758,790,123,142,154,166,166,194,194,194,194,194],"floor_reached":44,"language":"JPN","playtime":2579,"items_purged":["Strike_B"],"score":892,"play_id":"a86ad1b9-ea4f-4915-ae16-6ebdfefeb3db","local_time":"20210210044347","is_ascension_mode":true,"campfire_choices":[{"data":"Zap","floor":6.0,"key":"SMITH"},{"data":"Biased Cognition","floor":10,"key":"SMITH"},{"data":"Defragment","floor":13,"key":"SMITH"},{"data":"Chill","floor":15,"key":"SMITH"},{"data":"Genetic Algorithm","floor":23,"key":"SMITH"},{"data":"Seek","floor":29,"key":"SMITH"},{"data":"Hologram","floor":32,"key":"SMITH"},{"data":"Defragment","floor":40,"key":"SMITH"},{"data":"Amplify","floor":42,"key":"SMITH"}],"circlet_count":0,"master_deck":["AscendersBane","Strike_B","Defend_B","Defend_B","Defend_B","Defend_B","Zap+1","Dualcast","Biased Cognition+1","Redo","Chill+1","Hologram+1","Rebound","Coolheaded","Defragment+1","Cold Snap","Amplify+1","Melter","Hyperbeam","Self Repair","Genetic Algorithm+1","White Noise","Conserve Battery","Seek+1","Coolheaded","Reboot","CurseOfTheBell","Loop","Capacitor","Ball Lightning","Ball Lightning+1","Defragment+1"],"relics":["Cracked Core","SsserpentHead","Bag of Marbles","DataDisk","Coffee Dripper","Pen Nib","Calling Bell","MawBank","Pantograph","Unceasing Top","Happy Flower","PreservedInsect","Omamori"],"acts_visited":["Exordium","TheCity","TheBeyond"],"potions_floor_usage":[7,8,28,33,39,44],"damage_taken":[{"damage":0.0,"enemies":"Cultist","floor":1.0,"turns":3.0},{"damage":3.0,"enemies":"2 Louse","floor":2.0,"turns":3.0},{"damage":7.0,"enemies":"Jaw Worm","floor":5.0,"turns":2.0},{"damage":20,"enemies":"Lagavulin","floor":7,"turns":7},{"damage":4,"enemies":"Red Slaver","floor":8,"turns":3},{"damage":0,"enemies":"3 Louse","floor":11,"turns":3},{"damage":0,"enemies":"Blue Slaver","floor":12,"turns":3},{"damage":9,"enemies":"Red Slaver","floor":14,"turns":2},{"damage":15,"enemies":"Hexaghost","floor":16,"turns":10},{"damage":0,"enemies":"3 Byrds","floor":18,"turns":8},{"damage":0,"enemies":"Spheric Guardian","floor":21,"turns":3},{"damage":11,"enemies":"3 Cultists","floor":24,"turns":6},{"damage":0,"enemies":"Cultist and Chosen","floor":27,"turns":7},{"damage":7,"enemies":"Snake Plant","floor":28,"turns":4},{"damage":4,"enemies":"Centurion and Healer","floor":30,"turns":6},{"damage":0,"enemies":"Snecko","floor":31,"turns":3},{"damage":40,"enemies":"Champ","floor":33,"turns":20},{"damage":12,"enemies":"3 Darklings","floor":35,"turns":7},{"damage":0,"enemies":"Orb Walker","floor":37,"turns":5},{"damage":0,"enemies":"4 Shapes","floor":38,"turns":7},{"damage":10,"enemies":"Jaw Worm Horde","floor":39,"turns":7},{"damage":53,"enemies":"Giant Head","floor":41,"turns":11},{"damage":22,"enemies":"Maw","floor":44,"turns":7}],"seed_played":"604725348549813386","potions_obtained":[{"floor":5.0,"key":"EssenceOfSteel"},{"floor":7,"key":"Block Potion"},{"floor":8,"key":"BlessingOfTheForge"},{"floor":12,"key":"Dexterity Potion"},{"floor":18,"key":"DistilledChaos"},{"floor":25,"key":"Weak Potion"},{"floor":41,"key":"PowerPotion"}],"is_trial":false,"path_per_floor":["M","M","?","?","M","R","E","M","T","R","M","M","R","M","R","B",null,"M","?","?","M","?","R","M","?","T","M","M","R","M","M","R","B",null,"M","$","M","M","M","R","E","R","T","M"],"character_chosen":"DEFECT","items_purchased":["Capacitor","Happy Flower","FocusPotion","LiquidBronze","Ball Lightning","PreservedInsect"],"campfire_rested":0,"item_purchase_floors":[36,36,36,36,36,36],"current_hp_per_floor":[64,61,66,66,59,59,39,35,35,35,35,35,35,26,26,11,60,60,60,60,67,45,45,41,41,41,48,48,48,51,51,51,18,65,60,60,60,67,64,64,18,18,18,0,0],"gold":194,"neow_bonus":"THREE_RARE_CARDS","is_daily":false,"chose_seed":false,"campfire_upgraded":9,"win_rate":0.0,"timestamp":1612899827,"path_taken":["M","?","?","?","M","R","E","?","T","R","M","M","R","M","R","BOSS","M","?","?","M","?","R","M","?","T","?","M","R","M","M","R","BOSS","M","$","M","M","M","R","E","R","T","M"],"items_purchased_type":["Card","Relic","Potion","Potion","Card","Relic"],"build_version":"2020-12-22","purchased_purges":1,"victory":false,"max_hp_per_floor":[71,71,76,76,76,76,76,76,76,76,76,76,76,76,76,76,76,76,76,76,76,81,81,81,81,81,81,81,81,81,81,81,81,81,81,81,81,81,81,81,81,81,81,81,81],"card_choices":[{"not_picked":["Echo Form","Amplify"],"picked":"Biased Cognition","floor":0.0},{"not_picked":["Go for the Eyes","Reprogram"],"picked":"Redo","floor":1.0},{"not_picked":["Blizzard","Consume"],"picked":"Chill","floor":2.0},{"not_picked":["Skim","Double Energy"],"picked":"Hologram","floor":5.0},{"not_picked":["Go for the Eyes","Thunder Strike"],"picked":"Rebound","floor":7},{"not_picked":["Steam","Go for the Eyes"],"picked":"Coolheaded","floor":8},{"not_picked":["Blizzard","Redo"],"picked":"Defragment","floor":11},{"not_picked":["Streamline","Beam Cell","Heatsinks"],"picked":"SKIP","floor":12},{"not_picked":["Recycle","Skim"],"picked":"Cold Snap","floor":14},{"not_picked":["Thunder Strike","All For One"],"picked":"Amplify","floor":16},{"not_picked":["Stack","Force Field"],"picked":"Melter","floor":18},{"not_picked":["Steam Power","Gash"],"picked":"Genetic Algorithm","floor":21},{"not_picked":["Reprogram","Redo+1"],"picked":"White Noise","floor":24},{"not_picked":["Beam Cell","Barrage"],"picked":"Conserve Battery","floor":27},{"not_picked":["Glacier","Lockon+1"],"picked":"Seek","floor":28},{"not_picked":["Streamline","Gash","Sweeping Beam"],"picked":"SKIP","floor":30},{"not_picked":["Streamline","Storm"],"picked":"Coolheaded","floor":31},{"not_picked":["Meteor Strike","Amplify"],"picked":"Reboot","floor":33},{"not_picked":["Hologram+1","Undo"],"picked":"Loop","floor":35},{"not_picked":["Leap","Streamline+1"],"picked":"Ball Lightning+1","floor":37},{"not_picked":["Compile Driver","Chaos"],"picked":"Defragment","floor":38},{"not_picked":["Gash","Compile Driver+1","Stack"],"picked":"SKIP","floor":39},{"not_picked":["Rip and Tear","Scrape","Beam Cell"],"picked":"SKIP","floor":41}],"player_experience":2246892,"relics_obtained":[{"floor":7,"key":"Bag of Marbles"},{"floor":9,"key":"DataDisk"},{"floor":26,"key":"Pen Nib"},{"floor":34,"key":"MawBank"},{"floor":34,"key":"Pantograph"},{"floor":34,"key":"Unceasing Top"},{"floor":41,"key":"Omamori"}],"event_choices":[{"damage_healed":0.0,"max_hp_gain":5.0,"max_hp_loss":0.0,"gold_gain":0.0,"event_name":"Big Fish","player_choice":"Donut","floor":3.0,"gold_loss":0.0,"damage_taken":0.0},{"damage_healed":0.0,"max_hp_gain":0.0,"max_hp_loss":0.0,"gold_gain":0.0,"event_name":"FaceTrader","player_choice":"Trade","floor":4.0,"gold_loss":0.0,"damage_taken":0.0,"relics_obtained":["SsserpentHead"]},{"damage_healed":0,"gold_gain":0,"cards_transformed":["Strike_B","Strike_B"],"player_choice":"Became Test Subject","damage_taken":0,"max_hp_gain":0,"max_hp_loss":0,"event_name":"Drug Dealer","floor":19,"gold_loss":0,"cards_obtained":["Hyperbeam","Self Repair"]},{"damage_healed":0,"gold_gain":0,"player_choice":"Ignored","damage_taken":0,"max_hp_gain":0,"max_hp_loss":0,"event_name":"The Mausoleum","floor":20,"gold_loss":0},{"damage_healed":0,"gold_gain":0,"player_choice":"Shed Blood","damage_taken":27,"max_hp_gain":5,"max_hp_loss":0,"event_name":"Forgotten Altar","floor":22,"gold_loss":0},{"damage_healed":0,"gold_gain":0,"player_choice":"Bought 1 Potion","damage_taken":0,"max_hp_gain":0,"max_hp_loss":0,"event_name":"The Woman in Blue","floor":25,"gold_loss":0}],"is_beta":false,"boss_relics":[{"not_picked":["Tiny House","Philosopher\u0027s Stone"],"picked":"Coffee Dripper"},{"not_picked":["Velvet Choker","Snecko Eye"],"picked":"Calling Bell"}],"items_purged_floors":[36],"is_endless":false,"potions_floor_spawned":[5,7,8,12,14,18,24,27,41],"killed_by":"Maw","ascension_level":20}}