{"host":"e5u7qs1emxzejr12","time":1612874715,"event":{"mods":["100% Spire Juice","2.2 Compatiblity","Act Like it!","Arknights","Ascension Unlocker","BaseMod","CapriCore","Card Forge","Colored Powertips","Custom Start","GifTheSpireLib","Highlight Path","Marisa（F雨　魔理沙）","Minty Spire (QoL Compilation)","Monster B Gone","MostiFishMod","Quick Restart","Relic Filter Mod","Reliquary","Replay The Spire","StSLib","SuperFastMode","The Animator","The Blackbeard","WarShipGirlsR/战舰少女R mod","篝火指南"],"gold_per_floor":[159,83,656,656,725,821,765,867,916,1018,1102,1177,1255,1330,1075,1288,1288,1321,1321,1161,979,1031,1136,909,999,999,1098,861,957,794,890,807,1035,1035,1080,1119,1119,1257,1149,1239,673,760,811,907,1012,1111,904,1012,1024,1036,1048,1060,947,999,1049,1104,1104,1104,287,287,287],"floor_reached":60,"language":"ZHS","playtime":3552,"items_purged":[],"score":3378,"play_id":"936fa431-08ec-42fc-a13e-aa0d3fc139a8","local_time":"20210209204515","is_ascension_mode":true,"campfire_choices":[{"floor":49,"key":"RECALL"}],"circlet_count":0,"master_deck":["AscendersBane","animator:FielNirvalen+1","animator:ZankiKiguchi+1","animator:Guren+1","animator:Elsword+1","animator:Shion+1","animator:Saber+1","animator:FeridBathory+1","animator:Guren+1","animator:Tyuule","animator:Arpeggio+1","animator:Ainz+1","animator:Berserker+1","animator:FielNirvalen+1","animator:Boros+1","animator:Berserker+1","animator:Saber","animator:Boros+1","animator:Shiro+1","animator:Guren+1","animator:HarukoHaruhara+1","animator:Shiro","animator:Boros+1","animator:Tet+1","animator:Envy+1","animator:Saitama+1","animator:Arpeggio+1","animator:ZankiKiguchi"],"relics":["animator:TheWolleyCore","animator:AncientMedallion"],"acts_visited":["Exordium","TheCity","TheBeyond","TheEnding","EYB:TheUnnamedReign"],"potions_floor_usage":[],"damage_taken":[{"damage":0.0,"enemies":"Cultist","floor":1.0,"turns":3.0},{"damage":0.0,"enemies":"Jaw Worm","floor":5.0,"turns":2.0},{"damage":3.0,"enemies":"Lagavulin","floor":6.0,"turns":5.0},{"damage":0.0,"enemies":"Gremlin Nob","floor":8.0,"turns":3.0},{"damage":0.0,"enemies":"3 Sentries","floor":10.0,"turns":4.0},{"damage":0.0,"enemies":"Lagavulin","floor":11.0,"turns":3.0},{"damage":0.0,"enemies":"Gremlin Nob","floor":12.0,"turns":3.0},{"damage":0.0,"enemies":"3 Sentries","floor":13.0,"turns":3.0},{"damage":0.0,"enemies":"Lagavulin","floor":14.0,"turns":3.0},{"damage":0.0,"enemies":"Slime Boss","floor":16.0,"turns":2.0},{"damage":0.0,"enemies":"2 Thieves","floor":18.0,"turns":2.0},{"damage":0.0,"enemies":"ERROR","floor":23.0,"turns":1.0},{"damage":0.0,"enemies":"Slavers","floor":25.0,"turns":2.0},{"damage":0.0,"enemies":"ERROR","floor":27.0,"turns":1.0},{"damage":0.0,"enemies":"Replay:Snechameleon","floor":29.0,"turns":1.0},{"damage":0.0,"enemies":"ERROR","floor":31.0,"turns":1.0},{"damage":0.0,"enemies":"Automaton","floor":33.0,"turns":2.0},{"damage":0.0,"enemies":"3 Shapes","floor":35.0,"turns":1.0},{"damage":0.0,"enemies":"3 Darklings","floor":36.0,"turns":1.0},{"damage":0.0,"enemies":"2 Orb Walkers","floor":38.0,"turns":1.0},{"damage":0.0,"enemies":"Reptomancer","floor":40.0,"turns":1.0},{"damage":0.0,"enemies":"R_Hoarder","floor":42.0,"turns":2.0},{"damage":0.0,"enemies":"Nemesis","floor":44.0,"turns":1.0},{"damage":0,"enemies":"Giant Head","floor":45,"turns":1},{"damage":0,"enemies":"R_Hoarder","floor":46,"turns":2},{"damage":0,"enemies":"Reptomancer","floor":48,"turns":1},{"damage":0,"enemies":"Replay:Hell Engine","floor":50,"turns":2},{"damage":0,"enemies":"Awakened One","floor":51,"turns":3},{"damage":32,"enemies":"animator:UNNAMED_HAT","floor":55,"turns":10},{"damage":0,"enemies":"animator:UNNAMED_CULTIST_1","floor":56,"turns":5},{"damage":100,"enemies":"animator:UNNAMED_CULTIST_2","floor":60,"turns":7}],"seed_played":"6388861367664249873","potions_obtained":[{"floor":1.0,"key":"AttackPotion"},{"floor":6.0,"key":"Elixir"},{"floor":10.0,"key":"DuplicationPotion"},{"floor":16.0,"key":"Elixir"},{"floor":55,"key":"animator:FalseLifePotion"},{"floor":56,"key":"animator:FalseLifePotion"}],"is_trial":true,"path_per_floor":["M","$","?","?","M","E","R","E","T","E","E","E","E","E","R","B",null,"M","?","$","$","T","E","R","E","T","E","R","E","R","E","R","B",null,"M","M","?","?","$","E","R","E","T","E","E","E","R","E","R","B","B",null,"R","??","M","M","T","?","$","M"],"character_chosen":"THE_ANIMATOR","items_purchased":["animator:FielNirvalen","animator:Elsword","Frozen Eye","animator:Tyuule","animator:Arpeggio","Membership Card","Civilization","animator:FielNirvalen","Boot","Shuriken","Omamori","DataDisk","Shovel","BionicSphere","Vajra","animator:HarukoHaruhara","reliquary:RedCape","reliquary:Firecrackers","OrangePellets","Runic Capacitor","animator:Arpeggio","animator:AncientMedallion","animator:AncientMedallion","animator:AncientMedallion"],"campfire_rested":0,"item_purchase_floors":[2,7,15,15,15,20,21,21,21,24,24,28,28,30,32,39,41,47,47,53,53,59,59,59],"current_hp_per_floor":[57,57,57,57,60,60,60,60,60,60,60,61,61,61,61,61,31,32,32,32,32,32,33,33,36,36,41,41,46,46,51,51,56,57,61,66,66,71,71,76,76,81,81,86,91,96,96,101,101,106,111,112,112,91,59,69,69,69,69,0,0],"gold":287,"neow_bonus":"","is_daily":false,"chose_seed":false,"campfire_upgraded":0,"win_rate":0.0,"timestamp":1612874715,"path_taken":["M","?","?","?","?","E","R","E","T","E","E","E","E","E","R","BOSS","M","?","$","$","?","E","R","E","T","E","R","E","R","E","R","BOSS","M","M","?","?","$","E","R","E","T","E","E","E","R","E","R","BOSS","BOSS","R","??","M","M","T","?","$","M"],"items_purchased_type":["Card","Card","Relic","Card","Card","Relic","Relic","Card","Relic","Relic","Relic","Relic","Relic","Relic","Relic","Card","Relic","Relic","Relic","Relic","Card","Relic","Relic","Relic"],"build_version":"2020-12-22","purchased_purges":0,"victory":false,"max_hp_per_floor":[60,60,60,60,60,60,60,60,60,60,60,61,61,61,61,61,31,32,32,32,32,32,33,33,37,37,42,42,47,47,52,52,57,57,62,67,67,72,72,77,77,82,82,87,92,97,97,102,102,107,112,112,112,91,91,91,91,91,91,91,91],"card_choices":[{"not_picked":["animator:Mitsuba","animator:MumenRider"],"picked":"animator:OrikoMikuni","floor":1.0},{"not_picked":["animator:Sonic","animator:Mikaela","animator:Aqua","animator:Mitsuba"],"picked":"animator:ZankiKiguchi","floor":3.0},{"not_picked":["animator:TukaLunaMarceau","animator:DwarfShaman","animator:IzunaHatsuse","animator:ChaikaTrabant"],"picked":"animator:Megumin","floor":5.0},{"not_picked":["animator:Elesis","animator:Vanir","animator:FeridBathory","animator:Biyorigo"],"picked":"animator:Guren","floor":6.0},{"not_picked":["animator:Hakurou","animator:GazelDwargon","animator:Millim","animator:Benimaru"],"picked":"animator:Shion","floor":8.0},{"not_picked":["animator:Elesis","animator:ChaikaTrabant","animator:ItamiYouji","animator:Biyorigo"],"picked":"animator:Saber","floor":10.0},{"not_picked":["animator:Envy","animator:AcuraShin","animator:Boros","animator:PinaCoLada"],"picked":"animator:FeridBathory","floor":11.0},{"not_picked":["animator:YuiTsuruno","animator:Biyorigo","animator:ItamiYouji","animator:Kyubey"],"picked":"animator:Wiz","floor":12.0},{"not_picked":["animator:Hans","animator:Albedo","animator:Shizu","animator:Hakurou"],"picked":"animator:Guren","floor":14.0},{"not_picked":["animator:Biyorigo","animator:Hans","animator:SwordMaiden","animator:Greed"],"picked":"animator:Ainz","floor":16.0},{"not_picked":["animator:Arpeggio","animator:Sonic","animator:Shigure","animator:YuiTsuruno"],"picked":"animator:Berserker","floor":18.0},{"not_picked":["animator:Albedo","animator:SwordMaiden","animator:Saitama","animator:Biyorigo"],"picked":"animator:Boros","floor":23.0},{"not_picked":["animator:Alexander","animator:SakuraMatou","animator:Illya","animator:ShinjiMatou"],"picked":"animator:Berserker","floor":25.0},{"not_picked":["animator:Saitama","animator:ChaikaTrabant","animator:Kyubey","animator:Wiz"],"picked":"animator:Saber","floor":27.0},{"not_picked":["animator:HigakiRinne","animator:PinaCoLada","animator:MadokaKaname","animator:Saitama"],"picked":"animator:Boros","floor":29.0},{"not_picked":["animator:Gilgamesh","animator:GoblinSlayer","animator:Greed","animator:Wiz"],"picked":"animator:Shiro","floor":31.0},{"not_picked":["animator:FeridBathory","animator:Saber","animator:Shizu","animator:Eris"],"picked":"animator:Guren","floor":33.0},{"not_picked":["animator:Shuna","animator:YaoHaDucy","animator:HighElfArcher+1","animator:Shalltear","animator:Verdia"],"picked":"SKIP","floor":36.0},{"not_picked":["animator:FeridBathory","animator:HomuraAkemi","animator:Envy","animator:Elesis"],"picked":"animator:Shiro","floor":40.0},{"not_picked":["animator:HigakiRinne","animator:Albedo","animator:HomuraAkemi","animator:Elesis"],"picked":"animator:Boros","floor":42.0},{"not_picked":["animator:DolaStephanie","animator:DolaSchwi","animator:DolaRiku","animator:ChlammyZell"],"picked":"animator:Tet","floor":44.0},{"not_picked":["animator:Kyubey","animator:Albedo","animator:DwarfShaman","animator:Father"],"picked":"animator:Envy","floor":45},{"not_picked":["animator:Evileye","animator:LeleiLaLalena","animator:Hans","animator:MadokaKaname","animator:GoblinSlayer"],"picked":"SKIP","floor":46},{"not_picked":["animator:HomuraAkemi","animator:FeridBathory","animator:Envy","animator:Kyubey"],"picked":"animator:Saitama","floor":48},{"not_picked":["animator:Spearman","animator:ChaikaBohdan+1"],"picked":"animator:ZankiKiguchi","floor":55},{"not_picked":["animator:EmiyaShirou","animator:LizardPriest","animator:Hitei"],"picked":"SKIP","floor":56}],"player_experience":104014,"relics_obtained":[{"floor":1.0,"key":"SynthV:TestCard"},{"floor":6.0,"key":"Potion Belt"},{"floor":8.0,"key":"Oddly Smooth Stone"},{"floor":10.0,"key":"Pocketwatch"},{"floor":11.0,"key":"Pantograph"},{"floor":12.0,"key":"Incense Burner"},{"floor":13.0,"key":"Sundial"},{"floor":14.0,"key":"reliquary:Knoch"},{"floor":22.0,"key":"Replay:Mystery Machine"},{"floor":23.0,"key":"Peace Pipe"},{"floor":25.0,"key":"War Paint"},{"floor":26.0,"key":"Bottled Lightning"},{"floor":27.0,"key":"reliquary:BallBearing"},{"floor":29.0,"key":"reliquary:PartyBalloon"},{"floor":31.0,"key":"Bronze Scales"},{"floor":37.0,"key":"ReplayTheSpireMod:Ring of Exchange"},{"floor":37.0,"key":"ReplayTheSpireMod:Ring of Collecting"},{"floor":38.0,"key":"TungstenRod"},{"floor":40.0,"key":"Replay:Rubber Ducky"},{"floor":42.0,"key":"Art of War"},{"floor":43.0,"key":"MawBank"},{"floor":44.0,"key":"Toy Ornithopter"},{"floor":45,"key":"DianPoetry"},{"floor":46,"key":"Ginger"},{"floor":48,"key":"animator:AlchemistGlove"},{"floor":54,"key":"animator:TheWolleyCore"},{"floor":54,"key":"animator:AncientMedallion"},{"floor":57,"key":"animator:AncientMedallion"}],"event_choices":[{"cards_removed":["animator:Strike"],"damage_healed":0.0,"max_hp_gain":0.0,"max_hp_loss":0.0,"gold_gain":0.0,"event_name":"Purifier","player_choice":"Purged","floor":4.0,"gold_loss":0.0,"damage_taken":0.0},{"damage_healed":0.0,"max_hp_gain":0.0,"max_hp_loss":0.0,"gold_gain":0.0,"event_name":"Vampires","player_choice":"Ignored","floor":19.0,"gold_loss":0.0,"damage_taken":0.0},{"damage_healed":0.0,"max_hp_gain":0.0,"max_hp_loss":0.0,"gold_gain":0.0,"event_name":"Mysterious Sphere","player_choice":"Fight","floor":38.0,"gold_loss":0.0,"damage_taken":0.0}],"is_beta":false,"boss_relics":[{"not_picked":["reliquary:Ember","NightmareShop"],"picked":"GuanYuAspect"},{"not_picked":["Replay:Grab Bag","Honey Jar"],"picked":"FeatherPendant"}],"items_purged_floors":[],"is_endless":false,"potions_floor_spawned":[1,6,10,16,23,25,29,33,38,42,44,46,48,55],"killed_by":"animator:UNNAMED_CULTIST_2","ascension_level":20}}