{"host":"d61fcf2p3sjwe6yo","time":1612875733,"event":{"mods":["BaseMod","Colored Map","Koishi","Marisa????????","Minty Spire (QoL Compilation)","StSLib","SuperFastMode","The Servant 0.9.4"],"gold_per_floor":[117,133,133,151,168,186,186,220,220,220,232,265,64,64,64,139,139,158,171,187,206,224,224,249,249,249,249,199,214,234,262,262,336,336,349,17,42,58,58,58,58],"floor_reached":40,"language":"ENG","playtime":2329,"items_purged":["Defend_MRS","Strike_MRS"],"score":930,"play_id":"e46f019b-e2c7-4187-939c-860a5a7e1770","local_time":"20210209160213","is_ascension_mode":true,"campfire_choices":[{"data":"UpSweep","floor":7.0,"key":"SMITH"},{"floor":10.0,"key":"REST"},{"data":"StarBarrage","floor":15.0,"key":"SMITH"},{"data":"CasketOfStar","floor":23.0,"key":"SMITH"},{"floor":25.0,"key":"REST"},{"floor":32,"key":"REST"}],"circlet_count":0,"master_deck":["AscendersBane","Strike_MRS","Defend_MRS","Defend_MRS","Defend_MRS","MasterSpark","UpSweep+1","AsteroidBelt","MagicChant","SprinkleStarSeal","EarthLightRay","Orbital","TreasureHunter","AsteroidBelt","StarBarrage+1","FinalSpark+1","CasketOfStar+1","GravityBeat","GrandCross+1","MaximisePower","Orbital+1","ManaRampage"],"relics":["MiniHakkero","Smiling Mask","Du-Vu Doll","Question Card","White Beast Statue","Bronze Scales","Ginger","Snecko Eye","Bottled Tornado","InkBottle","Bag of Marbles","Strawberry","StoneCalendar","Coffee Dripper","Ice Cream","CaptainsWheel","MagicBroom"],"acts_visited":["Exordium","TheCity","TheBeyond"],"potions_floor_usage":[31,33,35,40,40],"damage_taken":[{"damage":5.0,"enemies":"2 Louse","floor":1.0,"turns":2.0},{"damage":1.0,"enemies":"Cultist","floor":2.0,"turns":3.0},{"damage":0.0,"enemies":"Small Slimes","floor":4.0,"turns":3.0},{"damage":30.0,"enemies":"Gremlin Gang","floor":5.0,"turns":7.0},{"damage":0.0,"enemies":"2 Fungi Beasts","floor":6.0,"turns":4.0},{"damage":24.0,"enemies":"Gremlin Nob","floor":8.0,"turns":4.0},{"damage":7.0,"enemies":"Red Slaver","floor":11.0,"turns":4.0},{"damage":16.0,"enemies":"3 Sentries","floor":12.0,"turns":10.0},{"damage":14.0,"enemies":"Slime Boss","floor":16.0,"turns":7.0},{"damage":6.0,"enemies":"2 Thieves","floor":18.0,"turns":2.0},{"damage":4.0,"enemies":"Chosen","floor":19.0,"turns":3.0},{"damage":0.0,"enemies":"Snake Plant","floor":20.0,"turns":2.0},{"damage":8.0,"enemies":"Snecko","floor":21.0,"turns":3.0},{"damage":15.0,"enemies":"Shelled Parasite and Fungi","floor":22.0,"turns":3.0},{"damage":13.0,"enemies":"Slavers","floor":24.0,"turns":2.0},{"damage":7,"enemies":"Cultist and Chosen","floor":29,"turns":3},{"damage":0,"enemies":"Snecko","floor":30,"turns":2},{"damage":45,"enemies":"Gremlin Leader","floor":31,"turns":4},{"damage":10,"enemies":"Collector","floor":33,"turns":4},{"damage":36,"enemies":"3 Darklings","floor":35,"turns":3},{"damage":0,"enemies":"Mind Bloom Boss Battle","floor":37,"turns":2},{"damage":0,"enemies":"3 Shapes","floor":38,"turns":1},{"damage":38,"enemies":"Nemesis","floor":40,"turns":5}],"seed_played":"-6409574423319749850","potions_obtained":[{"floor":4.0,"key":"GamblersBrew"},{"floor":6.0,"key":"GamblersBrew"},{"floor":8.0,"key":"SmokeBomb"},{"floor":11.0,"key":"DistilledChaos"},{"floor":12.0,"key":"Regen Potion"},{"floor":16.0,"key":"LiquidMemories"},{"floor":18.0,"key":"Fruit Juice"},{"floor":19.0,"key":"Energy Potion"},{"floor":24.0,"key":"Swift Potion"},{"floor":29,"key":"Ancient Potion"},{"floor":31,"key":"FearPotion"},{"floor":33,"key":"Explosive Potion"},{"floor":35,"key":"Explosive Potion"},{"floor":38,"key":"SkillPotion"}],"is_trial":false,"path_per_floor":["M","M","?","M","M","M","R","E","T","R","M","E","$","?","R","B",null,"M","M","M","M","M","R","E","R","T","?","$","M","M","E","R","B",null,"M","$","?","M","?","E"],"character_chosen":"MARISA","items_purchased":["FinalSpark","Ice Cream"],"campfire_rested":3,"item_purchase_floors":[13,36],"current_hp_per_floor":[65,64,64,64,38,42,42,22,22,45,42,30,30,30,30,35,67,66,66,66,58,47,47,34,58,58,58,58,55,61,27,53,43,78,46,46,46,46,46,12,12],"gold":58,"neow_bonus":"TEN_PERCENT_HP_BONUS","is_daily":false,"chose_seed":false,"campfire_upgraded":3,"win_rate":0.0,"timestamp":1612875733,"path_taken":["M","M","?","?","M","M","R","E","T","R","M","E","$","?","R","BOSS","M","M","M","M","?","R","E","R","T","?","$","?","M","E","R","BOSS","M","$","?","M","?","E"],"items_purchased_type":["Card","Relic"],"build_version":"2020-12-22","purchased_purges":2,"victory":false,"max_hp_per_floor":[77,77,77,77,77,77,77,77,77,77,77,77,77,77,77,77,77,82,82,82,82,82,82,82,82,82,82,82,82,82,89,89,89,89,89,89,89,89,89,89,89],"card_choices":[{"not_picked":["MachineGunSpark","GrandCross"],"picked":"AsteroidBelt","floor":1.0},{"not_picked":["NonDirectionalLaser","GasGiant"],"picked":"MagicChant","floor":2.0},{"not_picked":["UnstableBomb","PowerUp"],"picked":"EarthLightRay","floor":4.0},{"not_picked":["Acceleration","LuminesStrike"],"picked":"Orbital","floor":5.0},{"not_picked":["GalacticHalo","GrandCross"],"picked":"TreasureHunter","floor":6.0},{"not_picked":["UnstableBomb","PowerUp","MysteriousBeam"],"picked":"SKIP","floor":8.0},{"not_picked":["SuperPerseids","MilkyWay","MaximisePower"],"picked":"AsteroidBelt","floor":11.0},{"not_picked":["DeepEcoloBomb","PowerUp","MysteriousBeam"],"picked":"StarBarrage","floor":12.0},{"not_picked":["BigCrunch","TreasureHunter","FinalSpark"],"picked":"CasketOfStar","floor":16.0},{"not_picked":["AsteroidBelt","MagicChant+1","MilkyWay"],"picked":"GravityBeat","floor":18.0},{"not_picked":["DarkMatter","NonDirectionalLaser","PowerUp","DC"],"picked":"SKIP","floor":19.0},{"not_picked":["PowerUp","AlicesGift","WitchOfGreed"],"picked":"GrandCross+1","floor":20.0},{"not_picked":["WitchOfGreed","SporeBomb","AsteroidBelt","IllusionStar"],"picked":"SKIP","floor":21.0},{"not_picked":["EnergyFlow","IllusionStar","WitchOfGreed"],"picked":"MaximisePower","floor":22.0},{"not_picked":["ShootTheMoon+1","6A+1","MeteoricShower","WitchLeyline"],"picked":"SKIP","floor":24.0},{"not_picked":["DeepEcoloBomb","EnergyRecoil","DarkSpark"],"picked":"Orbital+1","floor":29},{"not_picked":["AsteroidBelt","MeteoricShower","MagicAbsorber","OpenUniverse"],"picked":"SKIP","floor":30},{"not_picked":["Acceleration","RefractionSpark","UnstableBomb","DoubleSpark"],"picked":"SKIP","floor":31},{"not_picked":["AbsoluteMagnitude","TreasureHunter","StarDustReverie"],"picked":"ManaRampage","floor":33},{"not_picked":["ChargeUpSpray","EnergyRecoil+1","NonDirectionalLaser","DragonMeteor"],"picked":"SKIP","floor":35},{"not_picked":["AlicesGift","Singularity+1","AsteroidBelt","SuperPerseids+1"],"picked":"SKIP","floor":38}],"player_experience":311567,"relics_obtained":[{"floor":8.0,"key":"Smiling Mask"},{"floor":8.0,"key":"Du-Vu Doll"},{"floor":9.0,"key":"Question Card"},{"floor":12.0,"key":"White Beast Statue"},{"floor":12.0,"key":"Bronze Scales"},{"floor":16.0,"key":"Ginger"},{"floor":24.0,"key":"Bottled Tornado"},{"floor":26.0,"key":"InkBottle"},{"floor":31,"key":"Bag of Marbles"},{"floor":31,"key":"Strawberry"},{"floor":33,"key":"StoneCalendar"},{"floor":37,"key":"CaptainsWheel"},{"floor":37,"key":"MagicBroom"}],"event_choices":[{"damage_healed":0.0,"max_hp_gain":0.0,"max_hp_loss":0.0,"gold_gain":0.0,"cards_transformed":["Strike_MRS"],"event_name":"Transmorgrifier","player_choice":"Transformed","floor":3.0,"gold_loss":0.0,"damage_taken":0.0,"cards_obtained":["SprinkleStarSeal"]},{"damage_healed":0.0,"max_hp_gain":0.0,"max_hp_loss":0.0,"gold_gain":0.0,"event_name":"Upgrade Shrine","player_choice":"Upgraded","floor":14.0,"gold_loss":0.0,"damage_taken":0.0,"cards_upgraded":["FinalSpark"]},{"damage_healed":0,"gold_gain":0,"player_choice":"0 cards matched","damage_taken":0,"max_hp_gain":0,"max_hp_loss":0,"event_name":"Match and Keep!","floor":27,"gold_loss":0,"cards_obtained":[]},{"damage_healed":0,"gold_gain":0,"player_choice":"Fight","damage_taken":0,"max_hp_gain":0,"max_hp_loss":0,"event_name":"MindBloom","floor":37,"gold_loss":0},{"cards_removed":["Strike_MRS"],"damage_healed":0,"gold_gain":0,"player_choice":"Offered Basic","damage_taken":0,"max_hp_gain":0,"max_hp_loss":0,"event_name":"Bonfire Elementals","floor":39,"gold_loss":0}],"is_beta":false,"boss_relics":[{"not_picked":["SacredBark","Runic Pyramid"],"picked":"Snecko Eye"},{"not_picked":["BewitchedHakkero","Tiny House"],"picked":"Coffee Dripper"}],"items_purged_floors":[13,28],"is_endless":false,"potions_floor_spawned":[4,6,8,11,12,16,18,19,20,21,22,24,29,30,31,33,35,37,38],"killed_by":"Nemesis","ascension_level":20}}