{"host":"bg8va46pgqgvtzim","time":1612848802,"event":{"mods":["BaseMod","Minty Spire (QoL Compilation)","Quick Restart","StSLib","SuperFastMode"],"gold_per_floor":[112,130,147,147,160,180,105,105,131,148,148,171,196,229,229,240,73,99,99,118,162,162,275,302,313,313,328,338,353,362,373,389,424,424,28,68,68,68,141,160,160,188,208,240,269,285,320,320,419,419,438,449,449,449,464,251,271,312,312,343,355,355,379,419,438,438,448,484,334,355,355,355,355,355,355,355,13,51,51],"floor_reached":80,"language":"ZHS","playtime":2245,"items_purged":["Defend_P","Strike_P","Strike_P","Strike_P"],"score":1787,"play_id":"a32935f0-5556-4d17-9b1a-9dd643849b49","local_time":"20210209133322","is_ascension_mode":true,"campfire_choices":[{"data":"Apotheosis","floor":8.0,"key":"SMITH"},{"data":"Eruption","floor":11.0,"key":"SMITH"},{"data":"Adaptation","floor":19.0,"key":"SMITH"},{"data":"Wallop","floor":22.0,"key":"SMITH"},{"floor":34.0,"key":"REST"},{"floor":37.0,"key":"RECALL"},{"data":"DeusExMachina","floor":41.0,"key":"SMITH"},{"floor":48.0,"key":"REST"},{"data":"Vault","floor":59.0,"key":"SMITH"},{"data":"Acrobatics","floor":66,"key":"SMITH"},{"floor":72,"key":"REST"},{"data":"Prostrate","floor":73,"key":"SMITH"},{"data":"Adaptation","floor":76,"key":"SMITH"}],"circlet_count":0,"master_deck":["Defend_P","Defend_P","Eruption+1","Vigilance","Apotheosis+1","Wallop+1","FlurryOfBlows","FlurryOfBlows","SandsOfTime","Adaptation+1","Adaptation+1","ClearTheMind","DeusExMachina+1","Vengeance+1","JustLucky+1","InnerPeace+1","Eruption+1","Vault+1","Coolheaded+1","Flechettes","Second Wind+1","Flex+1","Recycle+1","Terror","MentalFortress","Prostrate+1","Well Laid Plans+1","MentalFortress+1","Feel No Pain+1","Acrobatics+1","Shockwave+1","Pray+1","Prostrate","Vault+1","TalkToTheHand+1"],"relics":["HolyWater","Toy Ornithopter","Pen Nib","CeramicFish","Regal Pillow","Blood Vial","Astrolabe","MutagenicStrength","Bottled Lightning","PrismaticShard","Sundial","Lantern","Meat on the Bone","Centennial Puzzle","Bottled Tornado","Lizard Tail","Eternal Feather","Orichalcum","Anchor","Letter Opener","TeardropLocket","Bag of Preparation","DollysMirror","Mercury Hourglass"],"acts_visited":["Exordium","TheCity","TheBeyond","TheEnding"],"potions_floor_usage":[79,79,79],"damage_taken":[{"damage":0.0,"enemies":"2 Louse","floor":1.0,"turns":3.0},{"damage":0.0,"enemies":"Cultist","floor":2.0,"turns":2.0},{"damage":1.0,"enemies":"Jaw Worm","floor":3.0,"turns":3.0},{"damage":0.0,"enemies":"Large Slime","floor":5.0,"turns":5.0},{"damage":3.0,"enemies":"Red Slaver","floor":6.0,"turns":5.0},{"damage":8.0,"enemies":"Lagavulin","floor":9.0,"turns":6.0},{"damage":0.0,"enemies":"Lots of Slimes","floor":10.0,"turns":2.0},{"damage":15.0,"enemies":"Gremlin Nob","floor":14.0,"turns":4.0},{"damage":0.0,"enemies":"Looter","floor":16.0,"turns":1.0},{"damage":1.0,"enemies":"3 Sentries","floor":18.0,"turns":3.0},{"damage":0.0,"enemies":"Exordium Wildlife","floor":20.0,"turns":2.0},{"damage":0.0,"enemies":"Lagavulin","floor":21.0,"turns":4.0},{"damage":0.0,"enemies":"Hexaghost","floor":23.0,"turns":5.0},{"damage":0.0,"enemies":"Chosen","floor":25.0,"turns":3.0},{"damage":0.0,"enemies":"Shell Parasite","floor":27.0,"turns":3.0},{"damage":0.0,"enemies":"Shelled Parasite and Fungi","floor":28.0,"turns":2.0},{"damage":0.0,"enemies":"Centurion and Healer","floor":29.0,"turns":3.0},{"damage":10.0,"enemies":"Sentry and Sphere","floor":31.0,"turns":3.0},{"damage":10.0,"enemies":"Snecko","floor":32.0,"turns":4.0},{"damage":24.0,"enemies":"Slavers","floor":33.0,"turns":5.0},{"damage":15.0,"enemies":"Gremlin Leader","floor":36.0,"turns":3.0},{"damage":4.0,"enemies":"3 Cultists","floor":40.0,"turns":4.0},{"damage":10.0,"enemies":"Snake Plant","floor":42.0,"turns":2.0},{"damage":10.0,"enemies":"Centurion and Healer","floor":43.0,"turns":3.0},{"damage":12.0,"enemies":"Book of Stabbing","floor":44.0,"turns":3.0},{"damage":0.0,"enemies":"3 Cultists","floor":45.0,"turns":3.0},{"damage":0.0,"enemies":"Sentry and Sphere","floor":46.0,"turns":2.0},{"damage":8.0,"enemies":"Gremlin Leader","floor":47.0,"turns":5.0},{"damage":25.0,"enemies":"Collector","floor":49.0,"turns":5.0},{"damage":10.0,"enemies":"Orb Walker","floor":51.0,"turns":3.0},{"damage":9.0,"enemies":"3 Shapes","floor":52.0,"turns":3.0},{"damage":0.0,"enemies":"Spire Growth","floor":55.0,"turns":2.0},{"damage":16.0,"enemies":"Transient","floor":57.0,"turns":5.0},{"damage":0.0,"enemies":"Nemesis","floor":58.0,"turns":4.0},{"damage":11.0,"enemies":"Giant Head","floor":60.0,"turns":5.0},{"damage":19,"enemies":"3 Darklings","floor":61,"turns":4},{"damage":0,"enemies":"Nemesis","floor":64,"turns":4},{"damage":0,"enemies":"Spire Growth","floor":65,"turns":4},{"damage":6,"enemies":"Jaw Worm Horde","floor":67,"turns":3},{"damage":8,"enemies":"Reptomancer","floor":68,"turns":4},{"damage":5,"enemies":"Maw","floor":70,"turns":3},{"damage":9,"enemies":"Time Eater","floor":74,"turns":5},{"damage":16,"enemies":"Shield and Spear","floor":78,"turns":5},{"damage":10,"enemies":"The Heart","floor":79,"turns":7}],"seed_played":"7573501140637321052","potions_obtained":[{"floor":2.0,"key":"Block Potion"},{"floor":5.0,"key":"Weak Potion"},{"floor":10.0,"key":"SpeedPotion"},{"floor":15.0,"key":"BottledMiracle"},{"floor":15.0,"key":"GamblersBrew"},{"floor":29.0,"key":"SteroidPotion"},{"floor":33.0,"key":"SmokeBomb"},{"floor":43.0,"key":"SteroidPotion"},{"floor":45.0,"key":"GamblersBrew"},{"floor":51.0,"key":"LiquidMemories"},{"floor":58.0,"key":"SkillPotion"},{"floor":67,"key":"GamblersBrew"},{"floor":70,"key":"DuplicationPotion"},{"floor":78,"key":"PowerPotion"}],"is_trial":false,"path_per_floor":["M","M","M","?","M","M","$","R","E","M","R","T","T","E","?","M","$","E","R","M","E","R","B",null,"M","?","M","M","M","?","M","M","E","R","$","E","R","$","T","M","R","M","M","E","M","M","E","R","B",null,"M","M","M","?","M","$","M","E","R","E","M","T","T","E","M","R","M","E","$","M","?","R","R","B",null,"R","$","E","B",null],"character_chosen":"WATCHER","items_purchased":["Adaptation","PrismaticShard","Sundial","MentalFortress","Prostrate","Bag of Preparation","Prostrate","DollysMirror"],"campfire_rested":3,"item_purchase_floors":[17,35,35,56,56,77,77,77],"current_hp_per_floor":[65,65,64,64,64,61,61,61,53,53,53,53,53,38,38,38,38,37,37,37,37,37,39,65,65,65,65,65,65,65,55,47,30,64,64,50,50,50,50,48,48,40,44,34,36,38,44,65,40,65,55,48,60,54,56,56,42,49,49,45,40,40,40,42,44,62,58,52,52,49,49,62,62,53,62,62,62,46,53],"gold":51,"neow_bonus":"RANDOM_COLORLESS_2","is_daily":false,"chose_seed":false,"campfire_upgraded":9,"win_rate":0.0,"timestamp":1612848802,"path_taken":["M","M","M","?","M","M","$","R","E","?","R","T","T","E","?","M","?","E","R","M","E","R","BOSS","M","?","M","M","M","?","M","?","E","R","$","E","R","?","T","M","R","M","M","E","M","M","E","R","BOSS","M","M","M","?","M","$","M","E","R","E","M","T","T","E","M","R","?","E","$","M","?","R","R","BOSS","R","$","E","BOSS"],"items_purchased_type":["Card","Relic","Relic","Card","Card","Relic","Card","Relic"],"build_version":"2020-12-22","purchased_purges":4,"victory":true,"max_hp_per_floor":[65,65,65,65,65,65,65,65,65,65,65,65,65,65,65,65,65,65,65,65,65,65,65,65,65,65,65,65,65,65,65,65,65,65,65,65,65,65,65,65,65,65,65,65,65,65,65,65,65,65,65,65,65,65,65,65,65,65,65,65,65,65,65,65,65,65,65,65,65,65,62,62,62,62,62,62,62,62,62],"card_choices":[{"not_picked":["Sadistic Nature","Thinking Ahead"],"picked":"Apotheosis","floor":0.0},{"not_picked":["Protect","FearNoEvil"],"picked":"Wallop","floor":1.0},{"not_picked":["Evaluate","EmptyBody","Halt"],"picked":"SKIP","floor":2.0},{"not_picked":["FollowUp","Wish","FlyingSleeves"],"picked":"SKIP","floor":3.0},{"not_picked":["FollowUp","ThirdEye"],"picked":"Consecrate","floor":5.0},{"not_picked":["FlyingSleeves","Evaluate"],"picked":"FlurryOfBlows","floor":6.0},{"not_picked":["ClearTheMind","Evaluate"],"picked":"FlurryOfBlows","floor":9.0},{"not_picked":["Meditate","DevaForm"],"picked":"SandsOfTime","floor":10.0},{"not_picked":["Halt","JustLucky","ThirdEye"],"picked":"SKIP","floor":14.0},{"not_picked":["Protect","SandsOfTime","CrushJoints"],"picked":"SKIP","floor":16.0},{"not_picked":["FlyingSleeves","JustLucky","CarveReality"],"picked":"SKIP","floor":18.0},{"not_picked":["FlurryOfBlows","Evaluate"],"picked":"Adaptation","floor":20.0},{"not_picked":["JustLucky","BowlingBash"],"picked":"ClearTheMind","floor":21.0},{"not_picked":["Ragnarok","Wish"],"picked":"DeusExMachina","floor":23.0},{"not_picked":["ThirdEye","ForeignInfluence","PathToVictory"],"picked":"SKIP","floor":25.0},{"not_picked":["CarveReality","CrushJoints+1","SandsOfTime"],"picked":"SKIP","floor":27.0},{"not_picked":["Protect","JustLucky+1","Ragnarok"],"picked":"SKIP","floor":28.0},{"not_picked":["Worship","FlurryOfBlows","Protect"],"picked":"SKIP","floor":29.0},{"not_picked":["FlurryOfBlows","LikeWater","Evaluate"],"picked":"SKIP","floor":31.0},{"not_picked":["Evaluate","Fasting2","Swivel+1"],"picked":"SKIP","floor":32.0},{"not_picked":["Blasphemy","Halt"],"picked":"Vault","floor":33.0},{"not_picked":["EmptyFist","WreathOfFlame+1"],"picked":"Coolheaded+1","floor":36.0},{"not_picked":["Thunderclap","Barrage"],"picked":"Flechettes","floor":40.0},{"not_picked":["Crescendo","Deadly Poison"],"picked":"Second Wind+1","floor":42.0},{"not_picked":["Sword Boomerang","EmptyBody"],"picked":"Flex+1","floor":43.0},{"not_picked":["Fasting2+1","Heel Hook+1","BootSequence+1"],"picked":"SKIP","floor":44.0},{"not_picked":["Second Wind","Bandage Up"],"picked":"Recycle+1","floor":45.0},{"not_picked":["Consecrate","Cleave","Crescendo"],"picked":"SKIP","floor":46.0},{"not_picked":["Crippling Poison","Dual Wield+1","Cloak And Dagger+1"],"picked":"SKIP","floor":47.0},{"not_picked":["Sucker Punch+1","Mind Blast+1"],"picked":"Terror","floor":51.0},{"not_picked":["SashWhip+1","Doom and Gloom+1","EmptyFist"],"picked":"SKIP","floor":52.0},{"not_picked":["CutThroughFate+1","Go for the Eyes","Cold Snap+1"],"picked":"SKIP","floor":55.0},{"not_picked":["Leap","Clothesline"],"picked":"Well Laid Plans+1","floor":57.0},{"not_picked":["Steam","Reckless Charge"],"picked":"MentalFortress+1","floor":58.0},{"not_picked":["Unload","Bloodletting","PathToVictory"],"picked":"SKIP","floor":60.0},{"not_picked":["Dodge and Roll+1","Bane","Redo"],"picked":"SKIP","floor":61},{"not_picked":["Mayhem","Caltrops"],"picked":"Feel No Pain+1","floor":64},{"not_picked":["Steam Power","Slice"],"picked":"Acrobatics","floor":65},{"not_picked":["Dramatic Entrance+1","Havoc","Outmaneuver+1"],"picked":"SKIP","floor":67},{"not_picked":["InnerPeace+1","Chrysalis"],"picked":"Shockwave+1","floor":68},{"not_picked":["Twin Strike+1","Dash+1"],"picked":"Pray+1","floor":70},{"not_picked":["Meditate","Hello World+1"],"picked":"TalkToTheHand+1","floor":78}],"player_experience":2433512,"relics_obtained":[{"floor":9.0,"key":"Toy Ornithopter"},{"floor":12.0,"key":"Pen Nib"},{"floor":14.0,"key":"CeramicFish"},{"floor":18.0,"key":"Regal Pillow"},{"floor":21.0,"key":"Blood Vial"},{"floor":33.0,"key":"Bottled Lightning"},{"floor":36.0,"key":"Lantern"},{"floor":39.0,"key":"Meat on the Bone"},{"floor":44.0,"key":"Centennial Puzzle"},{"floor":47.0,"key":"Bottled Tornado"},{"floor":58.0,"key":"Lizard Tail"},{"floor":60.0,"key":"Eternal Feather"},{"floor":62,"key":"Orichalcum"},{"floor":63,"key":"Anchor"},{"floor":64,"key":"Letter Opener"},{"floor":68,"key":"TeardropLocket"},{"floor":78,"key":"Mercury Hourglass"}],"event_choices":[{"damage_healed":0.0,"max_hp_gain":0.0,"max_hp_loss":0.0,"gold_gain":0.0,"event_name":"NoteForYourself","player_choice":"Ignored","floor":4.0,"gold_loss":0.0,"damage_taken":0.0},{"damage_healed":0.0,"max_hp_gain":0.0,"max_hp_loss":0.0,"gold_gain":0.0,"event_name":"Lab","player_choice":"Got Potions","floor":15.0,"gold_loss":0.0,"damage_taken":0.0},{"damage_healed":0.0,"max_hp_gain":0.0,"max_hp_loss":0.0,"gold_gain":0.0,"event_name":"Drug Dealer","player_choice":"Inject Mutagens","floor":26.0,"gold_loss":0.0,"damage_taken":0.0,"relics_obtained":["MutagenicStrength"]},{"damage_healed":0.0,"max_hp_gain":0.0,"max_hp_loss":0.0,"gold_gain":0.0,"event_name":"Duplicator","player_choice":"Copied","floor":30.0,"gold_loss":0.0,"damage_taken":0.0,"cards_obtained":["Eruption"]},{"damage_healed":0.0,"max_hp_gain":0.0,"max_hp_loss":0.0,"gold_gain":0.0,"event_name":"Wheel of Change","player_choice":"Damaged","floor":54.0,"gold_loss":0.0,"damage_taken":6.0},{"damage_healed":0,"gold_gain":0,"player_choice":"Max HP","damage_taken":0,"max_hp_gain":0,"max_hp_loss":3,"event_name":"Winding Halls","floor":71,"gold_loss":0}],"is_beta":false,"boss_relics":[{"not_picked":["Calling Bell","Coffee Dripper"],"picked":"Astrolabe"},{"not_picked":["Black Star","Busted Crown"],"picked":"HolyWater"}],"items_purged_floors":[7,17,56,69],"is_endless":false,"potions_floor_spawned":[2,5,10,14,20,21,25,29,31,33,43,45,51,52,58,67,70,78],"ascension_level":1}}