{"host":"1xo5g347e5o4auts","time":1612895780,"event":{"mods":["BaseMod","Minty Spire (QoL Compilation)","Permanent Neow","StSLib"],"gold_per_floor":[113,125,141,156,156,191,191,218,291,291,319,319,319,329,329,404,404,424,140,166,166,179,206,206,238,262,36,36,63,91,128,140,227,239,264,295,317,380,404,442,454,499,534,546,585,44,44,63,63,63,63,63,63,42,77,77],"floor_reached":57,"language":"ENG","playtime":3514,"items_purged":[],"score":3222,"play_id":"cc664bd8-8adc-4e17-92a2-d021a9409e3e","local_time":"20210209203620","daily_mods":["Draft"],"is_ascension_mode":true,"campfire_choices":[{"data":"Footwork","floor":7.0,"key":"SMITH"},{"data":"Well Laid Plans","floor":10.0,"key":"SMITH"},{"data":"Crippling Poison","floor":13.0,"key":"SMITH"},{"data":"Dash","floor":15.0,"key":"SMITH"},{"data":"Wraith Form v2","floor":24.0,"key":"SMITH"},{"floor":28.0,"key":"REST"},{"data":"Tools of the Trade","floor":32.0,"key":"SMITH"},{"data":"Wraith Form v2","floor":41.0,"key":"SMITH"},{"floor":49.0,"key":"RECALL"},{"data":"Bouncing Flask","floor":53,"key":"SMITH"}],"circlet_count":0,"master_deck":["AscendersBane","Underhanded Strike","Footwork+1","Noxious Fumes+1","Cloak And Dagger","Dash+1","Cloak And Dagger","Quick Slash","Blade Dance","Blade Dance","Dash","Bouncing Flask+1","PiercingWail","Acrobatics","Deflect","Well Laid Plans+1","Crippling Poison+1","Backflip","Backflip","Tools of the Trade+1","CurseOfTheBell","Deflect","Wraith Form v2+1","Wraith Form v2+1","PiercingWail+1","Tactician+1","Terror+1","Master of Strategy+1","Deep Breath+1","Discovery+1","Backflip+1","Acrobatics+1","Venomology+1"],"relics":["Ring of the Snake","Torii","Du-Vu Doll","Matryoshka","Nunchaku","Akabeko","Calling Bell","Toy Ornithopter","Mercury Hourglass","Lizard Tail","Ornamental Fan","Red Mask","Anchor","HornCleat","The Courier","Centennial Puzzle","Gremlin Horn","MawBank","Tiny Chest","Philosopher\u0027s Stone","Tough Bandages","Toxic Egg 2","Oddly Smooth Stone","Pen Nib","Turnip","Lee\u0027s Waffle","Gambling Chip","Bag of Preparation","Orichalcum"],"acts_visited":["Exordium","TheCity","TheBeyond","TheEnding"],"potions_floor_usage":[56,56,56],"damage_taken":[{"damage":0.0,"enemies":"Jaw Worm","floor":1.0,"turns":3.0},{"damage":0.0,"enemies":"Small Slimes","floor":2.0,"turns":3.0},{"damage":0.0,"enemies":"Cultist","floor":3.0,"turns":3.0},{"damage":5.0,"enemies":"Gremlin Gang","floor":4.0,"turns":3.0},{"damage":12.0,"enemies":"Lagavulin","floor":6.0,"turns":7.0},{"damage":1.0,"enemies":"3 Sentries","floor":8.0,"turns":6.0},{"damage":0.0,"enemies":"Lagavulin","floor":11.0,"turns":7.0},{"damage":0.0,"enemies":"Exordium Wildlife","floor":14.0,"turns":5.0},{"damage":0.0,"enemies":"The Guardian","floor":16.0,"turns":10.0},{"damage":0.0,"enemies":"2 Thieves","floor":18.0,"turns":3.0},{"damage":0.0,"enemies":"Masked Bandits","floor":20.0,"turns":4.0},{"damage":0.0,"enemies":"3 Byrds","floor":22.0,"turns":4.0},{"damage":11.0,"enemies":"Book of Stabbing","floor":23.0,"turns":6.0},{"damage":20.0,"enemies":"Gremlin Leader","floor":25.0,"turns":7.0},{"damage":3.0,"enemies":"Book of Stabbing","floor":29.0,"turns":8.0},{"damage":1.0,"enemies":"Shelled Parasite and Fungi","floor":30.0,"turns":5.0},{"damage":0.0,"enemies":"Gremlin Leader","floor":31.0,"turns":6.0},{"damage":35.0,"enemies":"Collector","floor":33.0,"turns":10.0},{"damage":0.0,"enemies":"Orb Walker","floor":35.0,"turns":3.0},{"damage":0.0,"enemies":"3 Shapes","floor":36.0,"turns":5.0},{"damage":0.0,"enemies":"Sphere and 2 Shapes","floor":37.0,"turns":4.0},{"damage":12.0,"enemies":"2 Orb Walkers","floor":38.0,"turns":5.0},{"damage":0.0,"enemies":"Jaw Worm Horde","floor":39.0,"turns":4.0},{"damage":4.0,"enemies":"Nemesis","floor":40.0,"turns":9.0},{"damage":0.0,"enemies":"Reptomancer","floor":42.0,"turns":6.0},{"damage":0.0,"enemies":"Nemesis","floor":45.0,"turns":5.0},{"damage":0.0,"enemies":"Maw","floor":48.0,"turns":5.0},{"damage":6,"enemies":"Donu and Deca","floor":50,"turns":11},{"damage":9,"enemies":"Awakened One","floor":51,"turns":13},{"damage":0,"enemies":"Shield and Spear","floor":55,"turns":8},{"damage":86,"enemies":"The Heart","floor":56,"turns":9}],"seed_played":"1745523053361310546","potions_obtained":[{"floor":2.0,"key":"SteroidPotion"},{"floor":8.0,"key":"Block Potion"},{"floor":16.0,"key":"BlessingOfTheForge"},{"floor":18.0,"key":"SpeedPotion"},{"floor":20.0,"key":"LiquidBronze"},{"floor":30.0,"key":"Fire Potion"},{"floor":33.0,"key":"SmokeBomb"},{"floor":35.0,"key":"SteroidPotion"},{"floor":40.0,"key":"PowerPotion"},{"floor":42.0,"key":"PowerPotion"}],"is_trial":true,"path_per_floor":["M","M","M","M","?","E","R","E","T","R","E","?","R","M","R","B",null,"M","$","?","?","M","E","R","E","T","$","R","E","M","E","R","B",null,"M","M","M","?","M","E","R","E","T","?","E","$","T","M","R","B","B",null,"R","$","E","B",null],"character_chosen":"THE_SILENT","items_purchased":["Ornamental Fan","Gremlin Horn","Lee\u0027s Waffle","Gambling Chip","Bag of Preparation","Backflip+1","Acrobatics+1"],"campfire_rested":1,"item_purchase_floors":[19,27,46,46,46,46,54],"current_hp_per_floor":[59,59,59,54,54,42,42,41,41,41,41,36,36,36,36,36,59,64,64,66,66,66,55,55,40,40,40,59,56,55,55,55,20,55,55,55,60,48,48,44,44,49,49,39,39,73,73,73,73,67,58,69,69,69,69,40],"gold":77,"neow_bonus":"","is_daily":false,"chose_seed":false,"campfire_upgraded":8,"win_rate":0.0,"timestamp":1612895780,"path_taken":["M","M","M","M","?","E","R","E","T","R","E","?","R","M","R","BOSS","M","$","?","?","?","E","R","E","T","$","R","E","M","E","R","BOSS","M","?","M","?","M","E","R","E","T","?","E","$","?","M","R","BOSS","BOSS","R","$","E","BOSS"],"items_purchased_type":["Relic","Relic","Relic","Relic","Relic","Card","Card"],"build_version":"2020-12-22","purchased_purges":0,"victory":true,"max_hp_per_floor":[66,66,66,66,66,66,66,66,66,66,66,66,66,66,66,66,66,66,66,66,66,66,66,66,66,66,66,66,66,66,66,66,66,66,66,66,66,66,66,66,66,66,66,66,66,73,73,73,73,73,73,73,73,73,73,73],"card_choices":[{"not_picked":["Infinite Blades","Flechettes"],"picked":"Underhanded Strike","floor":0.0},{"not_picked":["Deflect","Underhanded Strike"],"picked":"Quick Slash","floor":0.0},{"not_picked":["Bane","Endless Agony"],"picked":"Footwork","floor":0.0},{"not_picked":["PiercingWail","Prepared"],"picked":"Noxious Fumes","floor":0.0},{"not_picked":["Bane","Backstab"],"picked":"Cloak And Dagger","floor":0.0},{"not_picked":["Cloak And Dagger","Distraction"],"picked":"Dash","floor":0.0},{"not_picked":["Outmaneuver","Blur"],"picked":"Cloak And Dagger","floor":0.0},{"not_picked":["Eviscerate","Setup"],"picked":"Quick Slash","floor":0.0},{"not_picked":["Poisoned Stab","Catalyst"],"picked":"Blade Dance","floor":0.0},{"not_picked":["Underhanded Strike","Sucker Punch"],"picked":"Blade Dance","floor":0.0},{"not_picked":["Dagger Throw","Deflect"],"picked":"Dash","floor":0.0},{"not_picked":["Dagger Throw","Slice"],"picked":"Bouncing Flask","floor":0.0},{"not_picked":["All Out Attack","Expertise"],"picked":"PiercingWail","floor":0.0},{"not_picked":["Outmaneuver","Underhanded Strike"],"picked":"Acrobatics","floor":0.0},{"not_picked":["Dash","Sucker Punch"],"picked":"Deflect","floor":0.0},{"not_picked":["Endless Agony","Dagger Spray"],"picked":"Well Laid Plans","floor":1.0},{"not_picked":["Concentrate","Poisoned Stab","Finisher"],"picked":"SKIP","floor":2.0},{"not_picked":["Well Laid Plans","PiercingWail","Sucker Punch"],"picked":"SKIP","floor":3.0},{"not_picked":["Skewer","Setup"],"picked":"Crippling Poison","floor":4.0},{"not_picked":["Masterful Stab","Endless Agony","Dagger Throw"],"picked":"SKIP","floor":6.0},{"not_picked":["Flying Knee","Reflex"],"picked":"Backflip","floor":8.0},{"not_picked":["Blade Dance","Dagger Throw","Outmaneuver"],"picked":"SKIP","floor":11.0},{"not_picked":["Sucker Punch","Setup"],"picked":"Backflip","floor":14.0},{"not_picked":["Envenom","Die Die Die"],"picked":"Tools of the Trade","floor":16.0},{"not_picked":["Slice","Dagger Throw","Noxious Fumes"],"picked":"SKIP","floor":18.0},{"not_picked":["Flying Knee","Well Laid Plans"],"picked":"Deflect","floor":20.0},{"not_picked":["Underhanded Strike","Grand Finale","Sucker Punch"],"picked":"SKIP","floor":22.0},{"not_picked":["Dagger Throw","Sucker Punch"],"picked":"Wraith Form v2","floor":23.0},{"not_picked":["Deadly Poison+1","PiercingWail","Skewer"],"picked":"SKIP","floor":25.0},{"not_picked":["Quick Slash","Deadly Poison","Infinite Blades"],"picked":"SKIP","floor":29.0},{"not_picked":["All Out Attack","PiercingWail","Prepared"],"picked":"SKIP","floor":30.0},{"not_picked":["Reflex","Underhanded Strike","Bane"],"picked":"SKIP","floor":31.0},{"not_picked":["Doppelganger","Burst"],"picked":"Wraith Form v2","floor":33.0},{"not_picked":["Flying Knee","Blade Dance","PiercingWail+1"],"picked":"SKIP","floor":35.0},{"not_picked":["Flying Knee","Blade Dance"],"picked":"PiercingWail+1","floor":35.0},{"not_picked":["Flechettes+1","Concentrate"],"picked":"Tactician+1","floor":36.0},{"not_picked":["Skewer","Calculated Gamble+1","Deadly Poison"],"picked":"SKIP","floor":37.0},{"not_picked":["Poisoned Stab","Flying Knee","Slice"],"picked":"SKIP","floor":39.0},{"not_picked":["Bouncing Flask+1","Finisher+1"],"picked":"Terror+1","floor":40.0},{"not_picked":["Quick Slash","Dash","Caltrops"],"picked":"SKIP","floor":42.0},{"not_picked":["Finesse+1","Deep Breath+1"],"picked":"Master of Strategy+1","floor":44.0},{"not_picked":["Thinking Ahead+1","Trip+1"],"picked":"Deep Breath+1","floor":44.0},{"not_picked":["The Bomb+1","HandOfGreed"],"picked":"Discovery+1","floor":44.0},{"not_picked":["PiercingWail+1","Bane","Blade Dance+1"],"picked":"SKIP","floor":45.0},{"not_picked":["Slice","Backstab","Dagger Throw+1"],"picked":"SKIP","floor":48.0},{"not_picked":["Dash+1","A Thousand Cuts"],"picked":"Venomology+1","floor":55}],"player_experience":1467634,"relics_obtained":[{"floor":6.0,"key":"Torii"},{"floor":8.0,"key":"Du-Vu Doll"},{"floor":9.0,"key":"Matryoshka"},{"floor":11.0,"key":"Nunchaku"},{"floor":17.0,"key":"Toy Ornithopter"},{"floor":17.0,"key":"Mercury Hourglass"},{"floor":17.0,"key":"Lizard Tail"},{"floor":20.0,"key":"Red Mask"},{"floor":23.0,"key":"Anchor"},{"floor":25.0,"key":"HornCleat"},{"floor":26.0,"key":"The Courier"},{"floor":26.0,"key":"Centennial Puzzle"},{"floor":29.0,"key":"MawBank"},{"floor":31.0,"key":"Tiny Chest"},{"floor":38.0,"key":"Tough Bandages"},{"floor":40.0,"key":"Toxic Egg 2"},{"floor":42.0,"key":"Oddly Smooth Stone"},{"floor":43.0,"key":"Pen Nib"},{"floor":45.0,"key":"Turnip"},{"floor":55,"key":"Orichalcum"}],"event_choices":[{"damage_healed":0.0,"max_hp_gain":0.0,"max_hp_loss":0.0,"gold_gain":0.0,"event_name":"Living Wall","player_choice":"Grow","floor":5.0,"gold_loss":0.0,"damage_taken":0.0,"cards_upgraded":["Noxious Fumes"]},{"damage_healed":0.0,"max_hp_gain":0.0,"max_hp_loss":0.0,"gold_gain":0.0,"event_name":"Scrap Ooze","player_choice":"Success","floor":12.0,"gold_loss":0.0,"damage_taken":5.0,"relics_obtained":["Akabeko"]},{"damage_healed":0.0,"max_hp_gain":0.0,"max_hp_loss":0.0,"gold_gain":0.0,"event_name":"Masked Bandits","player_choice":"Fought Bandits","floor":20.0,"gold_loss":0.0,"damage_taken":0.0},{"cards_removed":["Quick Slash"],"damage_healed":0.0,"max_hp_gain":0.0,"max_hp_loss":0.0,"gold_gain":0.0,"event_name":"Purifier","player_choice":"Purged","floor":21.0,"gold_loss":0.0,"damage_taken":0.0},{"damage_healed":0.0,"max_hp_gain":0.0,"max_hp_loss":0.0,"gold_gain":0.0,"event_name":"Mysterious Sphere","player_choice":"Fight","floor":38.0,"gold_loss":0.0,"damage_taken":0.0},{"damage_healed":0.0,"max_hp_gain":0.0,"max_hp_loss":0.0,"gold_gain":0.0,"event_name":"SensoryStone","player_choice":"Memory 3","floor":44.0,"gold_loss":0.0,"damage_taken":10.0}],"is_beta":false,"boss_relics":[{"not_picked":["SacredBark","Sozu"],"picked":"Calling Bell"},{"not_picked":["Astrolabe","Empty Cage"],"picked":"Philosopher\u0027s Stone"}],"items_purged_floors":[],"is_endless":false,"potions_floor_spawned":[2,8,16,18,20,30,33,35,36,40,42,48,55],"ascension_level":20}}