{"host":"7sni158j623xchr2","time":1612862032,"event":{"mods":["BaseMod","Colored Map","Highlight Path","Minty Spire (QoL Compilation)","Permanent Neow","Potion Indicator Mod","Rare Cards Sparkle","Relic Sorter","Relic Stats","StSLib","everything is the same but u backflip on backflip"],"gold_per_floor":[116,127,302,314,334,334,367,367,367,399,415,447,44,44,44,139,139,184,26,26,74,74,74,131,204,204,25,25,104,167,246,246,373,373,417,417,1416,1431,1442,1442,1442,1442],"floor_reached":41,"language":"ENG","playtime":1236,"items_purged":["Eruption"],"score":655,"play_id":"7da698d7-d486-416f-a371-6a5184f7f2f4","local_time":"20210209031352","is_ascension_mode":true,"campfire_choices":[{"data":"Tantrum","floor":6,"key":"SMITH"},{"data":"ForeignInfluence","floor":15,"key":"SMITH"},{"data":"Consecrate","floor":23,"key":"SMITH"},{"floor":28,"key":"REST"},{"data":"CutThroughFate","floor":32,"key":"SMITH"},{"floor":40,"key":"REST"}],"circlet_count":0,"master_deck":["Strike_P","Strike_P","Strike_P","Defend_P","Defend_P","Defend_P","Defend_P","Vigilance","ForeignInfluence+1","CutThroughFate+1","Tantrum+1","DeceiveReality","Consecrate+1","InnerPeace","FearNoEvil","Tantrum+1","Enlightenment+1","Wish+1","EmptyMind+1","Trip+1","Wish+1","WaveOfTheHand+1","Halt+1","Halt+1","Scrawl+1","Evaluate+1","Finesse+1","Dark Shackles+1","Normality","Normality"],"relics":["HolyWater","NeowsBlessing","Eternal Feather","Ginger","Lizard Tail","Ornamental Fan","Toxic Egg 2","DollysMirror","Singing Bowl","ClockworkSouvenir","Boot","SlaversCollar"],"acts_visited":["Exordium","TheCity","TheBeyond"],"potions_floor_usage":[7,12,21,21,25,41,41],"damage_taken":[{"damage":0,"enemies":"Small Slimes","floor":1,"turns":2},{"damage":0,"enemies":"Jaw Worm","floor":2,"turns":1},{"damage":0,"enemies":"Cultist","floor":4,"turns":1},{"damage":0,"enemies":"Exordium Wildlife","floor":5,"turns":2},{"damage":18,"enemies":"3 Sentries","floor":7,"turns":6},{"damage":32,"enemies":"Gremlin Nob","floor":10,"turns":3},{"damage":1,"enemies":"Red Slaver","floor":11,"turns":2},{"damage":0,"enemies":"Lagavulin","floor":12,"turns":4},{"damage":21,"enemies":"Hexaghost","floor":16,"turns":5},{"damage":23,"enemies":"Shell Parasite","floor":18,"turns":4},{"damage":19,"enemies":"2 Thieves","floor":21,"turns":3},{"damage":0,"enemies":"Book of Stabbing","floor":24,"turns":3},{"damage":26,"enemies":"Snake Plant","floor":25,"turns":5},{"damage":0,"enemies":"Centurion and Healer","floor":29,"turns":5},{"damage":0,"enemies":"Gremlin Leader","floor":30,"turns":6},{"damage":20,"enemies":"Sentry and Sphere","floor":31,"turns":4},{"damage":62,"enemies":"Automaton","floor":33,"turns":12},{"damage":7,"enemies":"3 Shapes","floor":35,"turns":4},{"damage":1,"enemies":"3 Darklings","floor":38,"turns":3},{"damage":39,"enemies":"Jaw Worm Horde","floor":39,"turns":4},{"damage":85,"enemies":"Giant Head","floor":41,"turns":8}],"seed_played":"-8831437411628164912","potions_obtained":[{"floor":1,"key":"Ambrosia"},{"floor":10,"key":"BlessingOfTheForge"},{"floor":11,"key":"PowerPotion"},{"floor":16,"key":"Regen Potion"},{"floor":21,"key":"LiquidMemories"},{"floor":33,"key":"ColorlessPotion"},{"floor":35,"key":"Swift Potion"},{"floor":39,"key":"Strength Potion"}],"is_trial":false,"path_per_floor":["M","M","?","M","M","R","E","?","T","E","M","E","$","?","R","B",null,"M","$","?","M","$","R","E","M","T","$","R","M","E","M","R","B",null,"M","?","?","M","M","R","E"],"character_chosen":"WATCHER","items_purchased":["Toxic Egg 2","DollysMirror","Trip+1","ClockworkSouvenir","WaveOfTheHand+1"],"campfire_rested":2,"item_purchase_floors":[13,13,19,27,27],"current_hp_per_floor":[72,72,72,72,72,72,54,54,54,22,21,21,21,21,30,9,72,49,49,49,39,39,51,53,29,29,29,63,63,65,45,57,39,78,71,63,63,64,27,70,0,0],"gold":1442,"neow_bonus":"THREE_ENEMY_KILL","is_daily":false,"chose_seed":false,"campfire_upgraded":4,"win_rate":0.0,"timestamp":1612862032,"path_taken":["M","M","?","M","M","R","E","?","T","E","?","E","$","?","R","BOSS","M","$","?","M","$","R","E","M","T","?","R","?","E","M","R","BOSS","M","?","?","M","M","R","E"],"items_purchased_type":["Relic","Relic","Card","Relic","Card"],"build_version":"2020-12-22","purchased_purges":1,"victory":false,"max_hp_per_floor":[72,72,72,72,72,72,72,72,72,72,72,72,72,72,72,72,72,72,72,72,72,72,72,74,76,76,76,76,76,78,78,78,78,78,78,80,80,82,84,84,84,84],"relic_stats":{"Lizard Tail":39,"Singing Bowl":12,"counters":[21,87],"Ornamental Fan":[80],"Eternal Feather":63,"Ginger":[6],"Boot":[46],"obtain_stats":[{"NeowsBlessing":0,"Singing Bowl":24,"Eternal Feather":7,"Ginger":9,"Boot":30,"ClockworkSouvenir":27,"SlaversCollar":34,"Lizard Tail":10,"Ornamental Fan":12,"DollysMirror":13,"HolyWater":17,"PureWater":0,"Toxic Egg 2":13},{"NeowsBlessing":0,"Singing Bowl":12,"Eternal Feather":5,"Ginger":5,"Boot":15,"ClockworkSouvenir":13,"SlaversCollar":17,"Lizard Tail":6,"Ornamental Fan":8,"DollysMirror":8,"HolyWater":9,"PureWater":0,"Toxic Egg 2":8},{"NeowsBlessing":0,"Singing Bowl":36,"Eternal Feather":12,"Ginger":12,"Boot":52,"ClockworkSouvenir":41,"SlaversCollar":68,"Lizard Tail":15,"Ornamental Fan":21,"DollysMirror":21,"HolyWater":26,"PureWater":0,"Toxic Egg 2":21}]},"card_choices":[{"not_picked":["Prostrate","Crescendo"],"picked":"ForeignInfluence","floor":1},{"not_picked":["SashWhip","ClearTheMind"],"picked":"CutThroughFate","floor":2},{"not_picked":["CutThroughFate","Prostrate"],"picked":"Tantrum","floor":4},{"not_picked":["FlyingSleeves","CutThroughFate"],"picked":"DeceiveReality","floor":5},{"not_picked":["WindmillStrike","ClearTheMind","Nirvana"],"picked":"SKIP","floor":7},{"not_picked":["CrushJoints","Vengeance"],"picked":"Consecrate","floor":10},{"not_picked":["Nirvana","BowlingBash"],"picked":"InnerPeace","floor":11},{"not_picked":["Worship","Judgement"],"picked":"FearNoEvil","floor":12},{"not_picked":["Vault+1","Brilliance"],"picked":"Wish+1","floor":16},{"not_picked":["WheelKick","Adaptation"],"picked":"EmptyMind+1","floor":18},{"not_picked":["PathToVictory+1","Crescendo+1","BowlingBash"],"picked":"SKIP","floor":21},{"not_picked":["Wireheading","FollowUp","JustLucky+1"],"picked":"Singing Bowl","floor":24},{"not_picked":["ReachHeaven","CrushJoints","Vengeance+1"],"picked":"Singing Bowl","floor":25},{"not_picked":["PathToVictory+1","Prostrate+1"],"picked":"Halt+1","floor":29},{"not_picked":["FlyingSleeves","Indignation+1","Devotion"],"picked":"Singing Bowl","floor":30},{"not_picked":["WreathOfFlame+1","DeceiveReality+1"],"picked":"Halt+1","floor":31},{"not_picked":["Devotion","Omniscience+1"],"picked":"Scrawl+1","floor":33},{"not_picked":["FlyingSleeves+1","SandsOfTime"],"picked":"Evaluate+1","floor":35},{"not_picked":["Flash of Steel","Jack Of All Trades+1"],"picked":"Finesse+1","floor":36},{"not_picked":["Impatience+1","Mind Blast","Magnetism"],"picked":"Singing Bowl","floor":36},{"not_picked":["Flash of Steel","Blind+1"],"picked":"Dark Shackles+1","floor":36},{"not_picked":["ClearTheMind+1","CutThroughFate+1","PathToVictory+1"],"picked":"Singing Bowl","floor":38},{"not_picked":["Study","Worship+1","ClearTheMind+1"],"picked":"Singing Bowl","floor":39}],"player_experience":1764425,"relics_obtained":[{"floor":7,"key":"Eternal Feather"},{"floor":9,"key":"Ginger"},{"floor":10,"key":"Lizard Tail"},{"floor":12,"key":"Ornamental Fan"},{"floor":24,"key":"Singing Bowl"},{"floor":30,"key":"Boot"}],"event_choices":[{"damage_healed":0,"gold_gain":175,"player_choice":"AGREE","damage_taken":0,"max_hp_gain":0,"max_hp_loss":0,"event_name":"Liars Game","floor":3,"gold_loss":0,"cards_obtained":["Doubt"]},{"cards_removed":["Doubt"],"damage_healed":0,"gold_gain":0,"player_choice":"Removed Curses","damage_taken":0,"max_hp_gain":0,"max_hp_loss":0,"event_name":"Fountain of Cleansing","floor":8,"gold_loss":0},{"damage_healed":0,"gold_gain":0,"player_choice":"1 cards matched","damage_taken":0,"max_hp_gain":0,"max_hp_loss":0,"event_name":"Match and Keep!","floor":14,"gold_loss":0,"cards_obtained":["Enlightenment"]},{"damage_healed":0,"gold_gain":0,"cards_transformed":["Strike_P"],"player_choice":"Transformed","damage_taken":0,"max_hp_gain":0,"max_hp_loss":0,"event_name":"Transmorgrifier","floor":20,"gold_loss":0,"cards_obtained":["Wish"]},{"damage_healed":0,"gold_gain":0,"player_choice":"Memory 3","damage_taken":10,"max_hp_gain":0,"max_hp_loss":0,"event_name":"SensoryStone","floor":36,"gold_loss":0},{"damage_healed":0,"gold_gain":999,"player_choice":"Gold","damage_taken":0,"max_hp_gain":0,"max_hp_loss":0,"event_name":"MindBloom","floor":37,"gold_loss":0,"cards_obtained":["Normality","Normality"]}],"is_beta":false,"boss_relics":[{"not_picked":["Black Star","Philosopher\u0027s Stone"],"picked":"HolyWater"},{"not_picked":["Empty Cage","Coffee Dripper"],"picked":"SlaversCollar"}],"items_purged_floors":[19],"is_endless":false,"potions_floor_spawned":[1,10,11,16,21,33,35,39],"killed_by":"Giant Head","ascension_level":3}}