{"host":"d0cgmeoofhzhdzhb","time":1612874546,"event":{"mods":["Act Like it!","Alarm Clock","BaseMod","Better-Laid Plans","Challenge The Spire","Downfall","Hero for Fun","Lobotomy","LobotomyExtend","Minty Spire (QoL Compilation)","Pale of the Ancients","Permanent Neow","Reimu£®≤©¿ˆ¡È√Œ£©","Relic Stats","Remilia£®¿Ÿ√◊¿Ú—«£©","Replay The Spire","StSLib","Youmu£®ªÍ∆«—˝√Œ£©","ÛÙª÷∏ƒœ"],"gold_per_floor":[111,127,127,141,151,151,151,169,220,220,411,421,433,449,449,546,546,565,565,576,376,396,396,396,396,420,420,161,187,187,206,206,206,206],"floor_reached":33,"language":"ZHS","playtime":1964,"items_purged":["Shame"],"score":263,"play_id":"5349b7d0-298b-401d-baa2-c1b5c0dc780f","local_time":"20210209204226","is_ascension_mode":true,"campfire_choices":[{"data":"Neutralize","floor":6.0,"key":"SMITH"},{"data":"Backflip","floor":15,"key":"SMITH"},{"floor":23,"key":"REST"},{"floor":25,"key":"REST"},{"data":"Hidden Blade","floor":30,"key":"SMITH"},{"data":"Well Laid Plans","floor":32,"key":"SMITH"}],"circlet_count":0,"master_deck":["Strike_G","Strike_G","Strike_G","Strike_G","Defend_G","Defend_G","Defend_G","Survivor","Neutralize+1","Hidden Blade+1","Blade Dance","Hidden Blade+1","Blade Dance","Slice","Backflip+1","Backstab","Blur","Phantasmal Killer","Distraction","Calculated Gamble+1","Well Laid Plans+1","Slice","Expertise","PiercingWail+1","Well Laid Plans"],"relics":["Ring of the Snake","LetterFromLob","Bronze Scales","Replay:Bronze Core","Pen Nib","Blood Vial","Gaze_r","Bottled Lightning","Red Mask"],"acts_visited":["Exordium","TheCity"],"potions_floor_usage":[29,33],"damage_taken":[{"damage":3.0,"enemies":"Small Slimes","floor":1.0,"turns":4.0},{"damage":6.0,"enemies":"Jaw Worm","floor":2.0,"turns":4.0},{"damage":0.0,"enemies":"Cultist","floor":4.0,"turns":4.0},{"damage":3.0,"enemies":"Large Slime","floor":5.0,"turns":6.0},{"damage":2,"enemies":"2 Fungi Beasts","floor":8,"turns":3},{"damage":0,"enemies":"Looter","floor":12,"turns":2},{"damage":15,"enemies":"Exordium Wildlife","floor":13,"turns":4},{"damage":6,"enemies":"Large Slime","floor":14,"turns":4},{"damage":28,"enemies":"Hexaghost","floor":16,"turns":12},{"damage":10,"enemies":"2 Thieves","floor":18,"turns":3},{"damage":15,"enemies":"Shell Parasite","floor":20,"turns":4},{"damage":41,"enemies":"Snecko","floor":22,"turns":5},{"damage":5,"enemies":"Slavers","floor":27,"turns":2},{"damage":12,"enemies":"Masked Bandits","floor":29,"turns":3},{"damage":4,"enemies":"Centurion and Healer","floor":31,"turns":6},{"damage":68,"enemies":"Collector","floor":33,"turns":6}],"seed_played":"8769740063390374440","potions_obtained":[{"floor":1.0,"key":"Dexterity Potion"},{"floor":8,"key":"Ancient Potion"},{"floor":16,"key":"Elixir"},{"floor":20,"key":"Explosive Potion"},{"floor":29,"key":"SmokeBomb"}],"is_trial":false,"path_per_floor":["M","M","?","M","M","R","?","M","T","?","?","M","M","M","R","B",null,"M","?","M","$","M","R","?","R","T","E","$","?","R","M","R","B"],"character_chosen":"THE_SILENT","items_purchased":["Well Laid Plans","Slice","Bottled Lightning"],"campfire_rested":2,"item_purchase_floors":[21,21,28],"current_hp_per_floor":[67,61,62,62,59,59,59,57,57,50,50,50,35,29,29,1,70,60,60,45,45,4,25,25,46,46,64,64,54,54,52,52,0,0],"gold":206,"neow_bonus":"THREE_CARDS","is_daily":false,"chose_seed":false,"campfire_upgraded":4,"win_rate":0.0,"timestamp":1612874546,"path_taken":["M","M","?","?","M","R","?","M","T","?","?","M","M","M","R","BOSS","M","?","M","$","M","R","?","R","T","E","$","?","R","M","R","BOSS"],"items_purchased_type":["Card","Card","Relic"],"build_version":"2020-12-22","purchased_purges":1,"victory":false,"max_hp_per_floor":[70,70,70,70,70,70,70,70,70,70,70,70,70,70,70,70,70,70,70,70,70,70,70,70,70,70,70,70,70,70,70,70,70,70],"relic_stats":{"Blood Vial":8,"counters":[16,72],"Bronze Scales":[198],"Pen Nib":[12],"obtain_stats":[{"Blood Vial":26,"Bronze Scales":9,"Replay:Bronze Core":17,"Pen Nib":19,"LetterFromLob":1,"Red Mask":29,"Bottled Lightning":28,"Ring of the Snake":0,"Gaze_r":27},{"Blood Vial":12,"Bronze Scales":5,"Replay:Bronze Core":9,"Pen Nib":10,"LetterFromLob":1,"Red Mask":14,"Bottled Lightning":13,"Ring of the Snake":0,"Gaze_r":13},{"Blood Vial":55,"Bronze Scales":21,"Replay:Bronze Core":43,"Pen Nib":46,"LetterFromLob":4,"Red Mask":60,"Bottled Lightning":57,"Ring of the Snake":0,"Gaze_r":57}],"Ring of the Snake":[32]},"card_choices":[{"not_picked":["Bane","Dagger Throw"],"picked":"Hidden Blade","floor":0.0},{"not_picked":["Endless Agony","PiercingWail"],"picked":"Blade Dance","floor":1.0},{"not_picked":["Prepared","Die Die Die"],"picked":"Hidden Blade","floor":2.0},{"not_picked":["Dodge and Roll","Poisoned Stab","Underhanded Strike"],"picked":"SKIP","floor":4.0},{"not_picked":["Quick Slash","Outmaneuver"],"picked":"Blade Dance","floor":5.0},{"not_picked":["Deadly Poison","Bullet Time"],"picked":"Slice","floor":8},{"not_picked":["Flechettes","Bane"],"picked":"Backflip","floor":12},{"not_picked":["Crippling Poison","Poisoned Stab"],"picked":"Backstab","floor":13},{"not_picked":["Bane","Underhanded Strike"],"picked":"Blur","floor":14},{"not_picked":["Unload","Corpse Explosion"],"picked":"Phantasmal Killer","floor":16},{"not_picked":["Predator","Eviscerate"],"picked":"Distraction","floor":18},{"not_picked":["Outmaneuver","Dash"],"picked":"Calculated Gamble+1","floor":20},{"not_picked":["Poisoned Stab","Distraction"],"picked":"Expertise","floor":22},{"not_picked":["Flying Knee+1","Dagger Throw+1"],"picked":"PiercingWail+1","floor":29},{"not_picked":["Dagger Throw","Prepared"],"picked":"Well Laid Plans","floor":31}],"player_experience":254358,"relics_obtained":[{"floor":1.0,"key":"LetterFromLob"},{"floor":9,"key":"Bronze Scales"},{"floor":26,"key":"Blood Vial"},{"floor":29,"key":"Red Mask"}],"event_choices":[{"damage_healed":0,"gold_gain":0,"player_choice":"Searched \u00270\u0027 times","damage_taken":0,"max_hp_gain":0,"max_hp_loss":0,"event_name":"Dead Adventurer","floor":7,"gold_loss":0},{"cards_removed":["Defend_G"],"damage_healed":0,"gold_gain":0,"player_choice":"Card Removal","damage_taken":7,"max_hp_gain":0,"max_hp_loss":0,"event_name":"Golden Wing","floor":10,"gold_loss":0},{"damage_healed":0,"gold_gain":0,"player_choice":"Stole Relic","damage_taken":0,"relics_obtained":["Pen Nib"],"max_hp_gain":0,"max_hp_loss":0,"event_name":"Addict","floor":19,"gold_loss":0,"cards_obtained":["Shame"]},{"cards_removed":["Defend_G"],"damage_healed":0,"gold_gain":0,"player_choice":"Elegance","damage_taken":0,"max_hp_gain":0,"max_hp_loss":0,"event_name":"Back to Basics","floor":24,"gold_loss":0},{"damage_healed":0,"gold_gain":0,"player_choice":"Fought Bandits","damage_taken":0,"max_hp_gain":0,"max_hp_loss":0,"event_name":"Masked Bandits","floor":29,"gold_loss":0}],"is_beta":false,"boss_relics":[{"not_picked":["Philosopher\u0027s Stone","Snecko Scales"],"picked":"Replay:Bronze Core"}],"items_purged_floors":[21],"is_endless":false,"potions_floor_spawned":[1,8,16,20,27,29],"killed_by":"Collector","ascension_level":2}}