{"host":"i73ch23exsqar74a","time":1612891879,"event":{"mods":["AchievementEnabler","Aspiration","Astrologer","Bard","Bartender","BaseMod","Beaked The Cultist","Better Sensory Stone","CCEM2","CapriCore","Challenge The Spire","ChefMod","Chen","Colored Map","Colored Powertips","Conjunction","Conspire","Downfall","Fireblade Mod","FutureSeer","GifTheSpireLib","Glutton Mod","Gremlin Mod","Halation","Hermit","Highlight Path","HololiveMod","Hubris","Infinite Spire","Jedi Mod","Lobotomy","LobotomyExtend","Luminous","Marked Mod","Minty Spire (QoL Compilation)","Prisma Mod","Quarter Circle Forward PUNCH!","Quick Restart","Random Character Button","RatMod","Relic Sorter","Reliquary","Replay The Spire","SOS???????","Shade Mod","Spicy Shops","Spikes Relics","Spire Arcade","StSLib","Stuff the Spire","The Alterego","The Animator","The Bug Knight","The Construct","The Cursed","The Druid","The Exalted","The Immortal","The Judge","The Poker Player","The Sage","The Wild Card","TheHero","TheSwordswoman","TheVacant","TheVelvet","Thieving Mod","Yuri Mod","???Mod??????Boss","???mod?????"],"gold_per_floor":[111,111,125,125,125,154,170,202,249,249,261,261,271,287,287,390,390,406,406,406,416,426,426,454,454,454,486,486,518,518,532,532,633,633,633,633,633,633,20,45,45,77,77,106,126,86,112,127,127,127,127],"floor_reached":52,"language":"ENG","playtime":2235,"items_purged":["Pain"],"score":1449,"play_id":"40b62165-be8b-401d-bff6-4e59c0ee9894","local_time":"20210209213119","is_ascension_mode":true,"campfire_choices":[{"floor":10,"key":"REST"},{"data":"animeID:Kirishima","floor":12,"key":"SMITH"},{"floor":15,"key":"DIG"},{"data":"infinitespire:Punishment","floor":23,"key":"SMITH"},{"data":"animeID:Eri","floor":25,"key":"SMITH"},{"data":"animeID:Momo","floor":30,"key":"SMITH"},{"data":"animeID:Chisaki","floor":32,"key":"SMITH"},{"data":"animeID:AllForOne","floor":41,"key":"SMITH"},{"data":"animeID:Dabi","floor":49,"key":"SMITH"}],"circlet_count":0,"master_deck":["animeID:Deku+1","animeID:Bakugo","animeID:Smash","animeID:Smash","animeID:Smash+1","animeID:Smash","animeID:DefendMH","animeID:DefendMH","animeID:DefendMH","animeID:DefendMH+1","animeID:ShootStyle+1","animeID:Kirishima","animeID:DetroitSmash","animeID:Kirishima+1","animeID:Bakugo","animeID:ToruHagakure","animeID:Mina","animeID:AllForOne+1","animeID:Bakugo+1","infinitespire:Punishment+1","animeID:Bakugo","animeID:Eri+1","animeID:DetroitDelaware","CurseOfTheBell","CurseOfTheBell","animeID:Chisaki+1","jedi:frostbite","animeID:Momo+1","animeID:Stain+1","animeID:RedRiot+1","yuri:HoldBackCorrupt+1","animeID:MtLady+1","StuffTheSpire:CuriosityCurse","Metamorphosis+1","animeID:Mezo","jedi:forcepush+1","animeID:Mezo+1","yuri:RhapsodyCurse","ReplayTheSpireMod:Restless Dread","Replay:Dark Deal+1","animeID:GranTorino+1","animeID:Ojiro","animeID:Dabi+1","animeID:DetroitDelaware","animeID:GranTorino+1","animeID:ProminenceBurn"],"relics":["animeID:HeroCostume","ShockBauble","conspire:DecoderRing","downfall:ExtraCursedBell","LetterFromLob","reliquary:RoseTintedGlasses","Pen Nib","hubris:PeanutButter","StuffTheSpire:HeavyRock","conspire:DeflatedDodgeball","hubris:RunicObelisk","halation:BottledLove","infinitespire:CheckeredPen","Pen Nib","reliquary:PorcupineQuills","infinitespire:EmpoweringShard","conspire:GiftBox","downfall:ExtraCursedKey","hubris:TenFootPole","beaked:SacredDeck","Moonlight_r","Durian","halation:Toothbrush","BlackRope","CCEMRelics:FestiveHat","halation:PrussianBluePaint","Pet Ghost","Bromod:ArcaneMomentum","qcfpunch:Wild_Herbs_Ointment"],"acts_visited":["Exordium","TheCity","TheBeyond"],"potions_floor_usage":[18],"damage_taken":[{"damage":1,"enemies":"2 Louse","floor":1,"turns":2},{"damage":6,"enemies":"Cultist","floor":3,"turns":3},{"damage":20,"enemies":"HollowMod:MossKnight","floor":6,"turns":12},{"damage":2,"enemies":"Jaw Worm","floor":7,"turns":3},{"damage":19,"enemies":"Gremlin Nob","floor":8,"turns":4},{"damage":0,"enemies":"Looter","floor":11,"turns":2},{"damage":0,"enemies":"2 Fungi Beasts","floor":13,"turns":3},{"damage":5,"enemies":"Large Slime","floor":14,"turns":5},{"damage":21,"enemies":"The Guardian","floor":16,"turns":10},{"damage":1,"enemies":"2 Thieves","floor":18,"turns":3},{"damage":0,"enemies":"3 Byrds","floor":21,"turns":3},{"damage":0,"enemies":"Centurion and Healer","floor":22,"turns":2},{"damage":12,"enemies":"HollowMod:Nosk","floor":24,"turns":5},{"damage":7,"enemies":"Gremlin Leader","floor":27,"turns":3},{"damage":0,"enemies":"conspire:Head Lice","floor":29,"turns":3},{"damage":5,"enemies":"conspire:HollyBat","floor":31,"turns":5},{"damage":27,"enemies":"Champ","floor":33,"turns":7},{"damage":0,"enemies":"Orb Walker","floor":36,"turns":1},{"damage":15,"enemies":"beaked:SuperParasite","floor":40,"turns":8},{"damage":0,"enemies":"R_Hoarder","floor":42,"turns":4},{"damage":0,"enemies":"Giant Head","floor":44,"turns":6},{"damage":0,"enemies":"3 Darklings","floor":45,"turns":4},{"damage":0,"enemies":"R_Hoarder","floor":47,"turns":6},{"damage":0,"enemies":"Transient","floor":48,"turns":5},{"damage":0,"enemies":"hubris:GrandSnecko","floor":50,"turns":7}],"seed_played":"-8019678997366383385","potions_obtained":[{"floor":3,"key":"Ancient Potion"},{"floor":6,"key":"LifebloodPotion"},{"floor":11,"key":"Block Potion"},{"floor":22,"key":"Regen Potion"}],"is_trial":false,"path_per_floor":["M","?","M","?","?","E","M","E","T","R","M","R","M","M","R_BF","B",null,"M","AVR","?","M","M","R","E","R","T","E","?","E","R","M","R","B",null,"M","M","?","?","$","E","R","E","T","E","M","?","E","M","R","B",null,null],"character_chosen":"THE_HERO","items_purchased":["halation:Toothbrush","BlackRope","CCEMRelics:FestiveHat"],"campfire_rested":1,"item_purchase_floors":[39,39,39],"current_hp_per_floor":[74,74,69,51,51,37,37,20,20,42,44,44,46,43,43,28,63,66,66,66,68,68,68,60,60,60,55,55,57,57,56,56,72,74,53,53,58,58,61,79,79,83,83,83,83,83,83,83,83,83,83],"gold":127,"neow_bonus":"RANDOM_EVENT","is_daily":false,"chose_seed":false,"campfire_upgraded":7,"win_rate":0.0,"timestamp":1612891879,"path_taken":["M","?","?","?","?","E","M","E","T","R","M","R","M","M","R_BF","BOSS","M","AVR","?","M","?","R","E","R","T","E","?","E","R","M","R","BOSS","M","M","?","?","$","E","R","E","T","E","M","?","E","?","R","BOSS"],"items_purchased_type":["Relic","Relic","Relic"],"build_version":"2020-12-22","purchased_purges":1,"victory":true,"max_hp_per_floor":[75,75,75,75,75,75,75,75,75,75,75,75,75,75,75,75,75,75,75,75,75,75,75,75,75,75,75,75,75,75,75,75,75,75,75,75,80,80,83,83,83,83,83,83,83,83,83,83,83,83,83],"card_choices":[{"not_picked":["animeID:GranTorino","animeID:TodorokiShoto"],"picked":"animeID:ShootStyle","floor":1},{"not_picked":["animeID:ToruHagakure","animeID:Tamaki"],"picked":"animeID:Kirishima","floor":3},{"not_picked":["animeID:Tsuyu","animeID:Iida"],"picked":"animeID:DetroitSmash","floor":6},{"not_picked":["animeID:ProminenceBurn","animeID:Rei"],"picked":"animeID:Kirishima","floor":7},{"not_picked":["animeID:Dabi","animeID:Twice"],"picked":"animeID:Bakugo","floor":8},{"not_picked":["animeID:Twice","animeID:Kaminari"],"picked":"animeID:ToruHagakure","floor":11},{"not_picked":["animeID:Kaminari","animeID:EraserHead","animeID:Tomura"],"picked":"SKIP","floor":13},{"not_picked":["animeID:Kurono","animeID:Crystallize"],"picked":"animeID:Mina","floor":14},{"not_picked":["animeID:Chisaki","animeID:USA_Smash"],"picked":"animeID:AllForOne","floor":16},{"not_picked":["animeID:HowitzerImpact","animeID:Cementoss"],"picked":"animeID:Bakugo+1","floor":18},{"not_picked":["animeID:Kirishima","animeID:Mezo+1"],"picked":"animeID:Uraraka","floor":21},{"not_picked":["animeID:DetroitSmash","animeID:Momo+1"],"picked":"animeID:Bakugo","floor":22},{"not_picked":["animeID:TodorokiShoto+1","animeID:AllForOne"],"picked":"animeID:Eri","floor":24},{"not_picked":["animeID:Hatsume","animeID:SkinnyGum"],"picked":"animeID:DetroitDelaware","floor":27},{"not_picked":["animeID:MirioTogata","animeID:PlusUltra"],"picked":"animeID:Chisaki","floor":28},{"not_picked":["animeID:Iida+1","animeID:ToruHagakure"],"picked":"animeID:Momo","floor":29},{"not_picked":["animeID:DelawareSmash","animeID:SkinnyGum"],"picked":"animeID:Stain+1","floor":31},{"not_picked":["animeID:AllForOne","animeID:ProminenceBurn"],"picked":"animeID:RedRiot","floor":33},{"not_picked":["animeID:Momo","animeID:Kaminari"],"picked":"animeID:MtLady+1","floor":36},{"not_picked":["Good Instincts+1","Forethought+1"],"picked":"Metamorphosis+1","floor":40},{"not_picked":["animeID:Tsuyu+1","animeID:HowitzerImpact"],"picked":"animeID:Mezo","floor":40},{"not_picked":["Crow Ritual+1","Replay:Parry+1"],"picked":"jedi:forcepush+1","floor":42},{"not_picked":["animeID:Tsuyu","animeID:HighFive+1"],"picked":"animeID:Mezo+1","floor":42},{"not_picked":["Purity+1","Dark Shackles+1"],"picked":"Replay:Dark Deal+1","floor":44},{"not_picked":["animeID:Uraraka+1","animeID:Twice+1"],"picked":"animeID:GranTorino+1","floor":44},{"not_picked":["animeID:Twice+1","animeID:NightEye","animeID:ShootStyle+1"],"picked":"SKIP","floor":45},{"not_picked":["animeID:Iida","animeID:TodorokiShoto+1","animeID:Himiko"],"picked":"SKIP","floor":47},{"not_picked":["animeID:Dabi+1","animeID:Nomu+1"],"picked":"animeID:GranTorino+1","floor":48}],"player_experience":1426204,"relics_obtained":[{"floor":1,"key":"LetterFromLob"},{"floor":6,"key":"Pen Nib"},{"floor":8,"key":"hubris:PeanutButter"},{"floor":9,"key":"StuffTheSpire:HeavyRock"},{"floor":15,"key":"conspire:DeflatedDodgeball"},{"floor":24,"key":"reliquary:SculptingSteel"},{"floor":26,"key":"ShockBauble"},{"floor":27,"key":"conspire:DecoderRing"},{"floor":28,"key":"reliquary:PorcupineQuills"},{"floor":28,"key":"infinitespire:EmpoweringShard"},{"floor":28,"key":"conspire:GiftBox"},{"floor":29,"key":"hubris:TenFootPole"},{"floor":42,"key":"halation:PrussianBluePaint"},{"floor":43,"key":"Pet Ghost"},{"floor":44,"key":"Bromod:ArcaneMomentum"},{"floor":47,"key":"qcfpunch:Wild_Herbs_Ointment"}],"event_choices":[{"damage_healed":0,"gold_gain":0,"player_choice":"Upgraded","damage_taken":0,"max_hp_gain":0,"max_hp_loss":0,"event_name":"Upgrade Shrine","floor":2,"gold_loss":0,"cards_upgraded":["animeID:ShootStyle"]},{"damage_healed":0,"gold_gain":0,"player_choice":"Success","damage_taken":18,"relics_obtained":["reliquary:RoseTintedGlasses"],"max_hp_gain":0,"max_hp_loss":0,"event_name":"Scrap Ooze","floor":4,"gold_loss":0},{"cards_removed":["animeID:Uraraka"],"damage_healed":0,"gold_gain":0,"player_choice":"Removed Skill","damage_taken":0,"max_hp_gain":0,"max_hp_loss":0,"event_name":"Falling","floor":38,"gold_loss":0},{"damage_healed":0,"gold_gain":0,"player_choice":"Upgraded Two","damage_taken":0,"max_hp_gain":0,"max_hp_loss":0,"event_name":"Designer","floor":46,"gold_loss":40,"cards_upgraded":["animeID:DefendMH","animeID:Smash"]}],"is_beta":false,"boss_relics":[{"not_picked":["Replay:Cursed D8","Replay:Drink Me"],"picked":"hubris:RunicObelisk"},{"not_picked":["Replay:Bronze Core","Astrolabe"],"picked":"beaked:SacredDeck"}],"items_purged_floors":[39],"is_endless":false,"potions_floor_spawned":[3,6,11,13,22,24,42,44,45,47],"ascension_level":5}}