{"host":"sav7uxregyirlf69","time":1612840553,"event":{"mods":["AchievementEnabler","BaseMod","Colored Map","DeckTracker","Keyboard Shortcuts","Minty Spire (QoL Compilation)","READ ME - Guardian Mod","StSLib","SuperFastMode"],"gold_per_floor":[118,168,188,207,132,132,147,147,147,147,32,60,60,72,72,149,149,164,6,6,20,20,20,47,47,70,86,100,135,148,179,179,255,255,275,291,291,306,306,336,365,127,196,71,103,103,113,129,129,129,129,129,129,129,156,156],"floor_reached":57,"language":"KOR","playtime":2272,"items_purged":["Strike_G","Strike_G","Deadly Poison"],"score":3550,"play_id":"e8034c1f-f592-4ab9-bdef-df68b2c5a29d","local_time":"20210209121553","is_ascension_mode":true,"campfire_choices":[{"data":"Apotheosis","floor":6,"key":"SMITH"},{"data":"Neutralize","floor":8,"key":"SMITH"},{"floor":13,"key":"REST"},{"floor":15,"key":"RECALL"},{"data":"Acrobatics","floor":23,"key":"SMITH"},{"data":"Tactician","floor":25,"key":"SMITH"},{"floor":32,"key":"REST"},{"data":"Deep Breath","floor":46,"key":"SMITH"},{"data":"Envenom","floor":49,"key":"SMITH"},{"floor":53,"key":"REST"}],"circlet_count":0,"master_deck":["AscendersBane","Defend_G","Defend_G","Survivor","Neutralize+1","Apotheosis+1","Deflect","Heel Hook","Escape Plan","Backflip","After Image","Blade Dance","Blur","Tactician+1","Acrobatics+1","Flechettes","Heel Hook","Envenom+1","PiercingWail+1","Well Laid Plans+1","Deep Breath+1","Catalyst","Acrobatics"],"relics":["Ring of the Snake","Pear","Incense Burner","Centennial Puzzle","Sozu","TheAbacus","FossilizedHelix","Bag of Preparation","WingedGreaves","Happy Flower","Empty Cage","Gremlin Horn","Vajra","Darkstone Periapt","Blood Vial","Gambling Chip"],"acts_visited":["Exordium","TheCity","TheBeyond","TheEnding"],"potions_floor_usage":[16,50],"damage_taken":[{"damage":5.0,"enemies":"Jaw Worm","floor":1.0,"turns":5.0},{"damage":0,"enemies":"Cultist","floor":3,"turns":5},{"damage":3,"enemies":"Small Slimes","floor":4,"turns":4},{"damage":6,"enemies":"Looter","floor":7,"turns":4},{"damage":18,"enemies":"3 Sentries","floor":12,"turns":14},{"damage":5,"enemies":"Gremlin Gang","floor":14,"turns":4},{"damage":0,"enemies":"Hexaghost","floor":16,"turns":9},{"damage":0,"enemies":"Shell Parasite","floor":18,"turns":5},{"damage":4,"enemies":"2 Thieves","floor":21,"turns":4},{"damage":0,"enemies":"Book of Stabbing","floor":24,"turns":6},{"damage":0,"enemies":"Snake Plant","floor":27,"turns":5},{"damage":0,"enemies":"Shelled Parasite and Fungi","floor":28,"turns":4},{"damage":0,"enemies":"Gremlin Leader","floor":29,"turns":7},{"damage":0,"enemies":"3 Cultists","floor":30,"turns":5},{"damage":0,"enemies":"Book of Stabbing","floor":31,"turns":5},{"damage":0,"enemies":"Champ","floor":33,"turns":15},{"damage":0,"enemies":"Orb Walker","floor":35,"turns":2},{"damage":0,"enemies":"3 Darklings","floor":36,"turns":4},{"damage":0,"enemies":"Transient","floor":38,"turns":6},{"damage":0,"enemies":"Giant Head","floor":40,"turns":9},{"damage":0,"enemies":"Reptomancer","floor":41,"turns":6},{"damage":0,"enemies":"Giant Head","floor":45,"turns":4},{"damage":0,"enemies":"Jaw Worm Horde","floor":47,"turns":5},{"damage":0,"enemies":"Spire Growth","floor":48,"turns":3},{"damage":33,"enemies":"Time Eater","floor":50,"turns":13},{"damage":0,"enemies":"Awakened One","floor":51,"turns":7},{"damage":8,"enemies":"Shield and Spear","floor":55,"turns":12},{"damage":1,"enemies":"The Heart","floor":56,"turns":8}],"seed_played":"6220722783795597374","potions_obtained":[{"floor":7,"key":"FearPotion"},{"floor":12,"key":"LiquidMemories"}],"is_trial":false,"path_per_floor":["M","?","M","M","?","R","M","R","T","T","$","E","R","M","R","B",null,"M","$","?","M","?","R","E","R","T","M","M","E","M","E","R","B",null,"M","M","?","M","T","E","E","$","T","$","E","R","M","M","R","B","B",null,"R","$","E","B",null],"character_chosen":"THE_SILENT","items_purchased":["Escape Plan","TheAbacus","Deep Breath","Catalyst"],"campfire_rested":3,"item_purchase_floors":[11,19,42,42],"current_hp_per_floor":[54,48,48,45,45,45,39,39,49,49,49,31,52,47,47,47,64,64,64,64,60,60,60,60,60,60,60,60,60,60,60,70,70,70,70,70,70,70,70,70,70,70,70,70,70,70,70,70,70,37,39,62,70,70,62,63],"gold":156,"neow_bonus":"RANDOM_COLORLESS_2","is_daily":false,"chose_seed":false,"campfire_upgraded":6,"win_rate":0.0,"timestamp":1612840553,"path_taken":["M","?","M","?","?","R","M","R","T","?","?","E","R","M","R","BOSS","M","?","?","M","?","R","E","R","T","M","M","E","M","E","R","BOSS","M","?","?","?","?","E","E","$","T","?","E","R","M","M","R","BOSS","BOSS","R","$","E","BOSS"],"items_purchased_type":["Card","Relic","Card","Card"],"build_version":"2020-12-22","purchased_purges":3,"victory":true,"max_hp_per_floor":[60,60,60,60,60,60,60,60,70,70,70,70,70,70,70,70,70,70,70,70,70,70,70,70,70,70,70,70,70,70,70,70,70,70,70,70,70,70,70,70,70,70,70,70,70,70,70,70,70,70,70,70,70,70,70,70],"card_choices":[{"not_picked":["Mayhem","Transmutation"],"picked":"Apotheosis","floor":0.0},{"not_picked":["Flying Knee","Choke"],"picked":"Deadly Poison","floor":1.0},{"not_picked":["Predator","Flechettes"],"picked":"Deflect","floor":3},{"not_picked":["Bane","Underhanded Strike","Slice"],"picked":"SKIP","floor":4},{"not_picked":["Dagger Spray","Predator"],"picked":"Heel Hook","floor":7},{"not_picked":["Flying Knee","PiercingWail"],"picked":"Backflip","floor":12},{"not_picked":["Deflect","Flying Knee","Masterful Stab"],"picked":"SKIP","floor":14},{"not_picked":["Glass Knife","Envenom"],"picked":"After Image","floor":16},{"not_picked":["Deflect","Infinite Blades"],"picked":"Blade Dance","floor":18},{"not_picked":["Dodge and Roll","Deflect"],"picked":"Acrobatics","floor":21},{"not_picked":["Dagger Throw","Skewer","Underhanded Strike+1"],"picked":"SKIP","floor":24},{"not_picked":["Bouncing Flask","Slice"],"picked":"Flechettes","floor":27},{"not_picked":["Acrobatics","Deadly Poison","Finisher"],"picked":"SKIP","floor":28},{"not_picked":["Choke","Doppelganger","Underhanded Strike"],"picked":"SKIP","floor":29},{"not_picked":["Underhanded Strike","Dagger Throw","Blade Dance"],"picked":"SKIP","floor":30},{"not_picked":["Leg Sweep","Underhanded Strike+1"],"picked":"Heel Hook","floor":31},{"not_picked":["Corpse Explosion","Adrenaline"],"picked":"Envenom","floor":33},{"not_picked":["Dagger Spray+1","Dodge and Roll"],"picked":"PiercingWail+1","floor":35},{"not_picked":["Flying Knee","Acrobatics","Bullet Time"],"picked":"SKIP","floor":36},{"not_picked":["Sucker Punch","Eviscerate+1","Prepared"],"picked":"SKIP","floor":38},{"not_picked":["Choke","Slice"],"picked":"Well Laid Plans+1","floor":40},{"not_picked":["PiercingWail+1","Quick Slash+1","Deflect"],"picked":"SKIP","floor":41},{"not_picked":["Outmaneuver+1","Reflex+1","Bullet Time"],"picked":"SKIP","floor":45},{"not_picked":["Slice","Poisoned Stab","Riddle With Holes"],"picked":"SKIP","floor":47},{"not_picked":["Riddle With Holes","PiercingWail+1"],"picked":"Acrobatics","floor":48},{"not_picked":["Deadly Poison","Endless Agony","Masterful Stab"],"picked":"SKIP","floor":55}],"player_experience":1531702,"relics_obtained":[{"floor":9,"key":"Pear"},{"floor":10,"key":"Incense Burner"},{"floor":12,"key":"Centennial Puzzle"},{"floor":24,"key":"FossilizedHelix"},{"floor":26,"key":"Bag of Preparation"},{"floor":29,"key":"WingedGreaves"},{"floor":31,"key":"Happy Flower"},{"floor":39,"key":"Gremlin Horn"},{"floor":40,"key":"Vajra"},{"floor":41,"key":"Darkstone Periapt"},{"floor":45,"key":"Blood Vial"},{"floor":55,"key":"Gambling Chip"}],"event_choices":[{"damage_healed":0,"gold_gain":50,"player_choice":"Touch","damage_taken":6,"max_hp_gain":0,"max_hp_loss":0,"event_name":"FaceTrader","floor":2,"gold_loss":0},{"cards_removed":["Defend_G"],"damage_healed":0,"gold_gain":0,"player_choice":"Card Removal","damage_taken":0,"max_hp_gain":0,"max_hp_loss":0,"event_name":"The Cleric","floor":5,"gold_loss":75},{"damage_healed":0,"gold_gain":0,"cards_transformed":["Strike_G","Strike_G"],"player_choice":"Became Test Subject","damage_taken":0,"max_hp_gain":0,"max_hp_loss":0,"event_name":"Drug Dealer","floor":20,"gold_loss":0,"cards_obtained":["Blur","Tactician"]},{"cards_removed":["Defend_G"],"damage_healed":0,"gold_gain":0,"player_choice":"Offered Basic","damage_taken":0,"max_hp_gain":0,"max_hp_loss":0,"event_name":"Bonfire Elementals","floor":22,"gold_loss":0},{"damage_healed":0,"gold_gain":0,"player_choice":"Got Potions","damage_taken":0,"max_hp_gain":0,"max_hp_loss":0,"event_name":"Lab","floor":37,"gold_loss":0}],"is_beta":false,"boss_relics":[{"not_picked":["Philosopher\u0027s Stone","Velvet Choker"],"picked":"Sozu"},{"not_picked":["Astrolabe","Fusion Hammer"],"picked":"Empty Cage"}],"items_purged_floors":[11,42,44],"is_endless":false,"potions_floor_spawned":[7,12,14,24,27,28,36,41,45,48],"ascension_level":20}}