{"host":"g907ck67u7c3hrs6","time":1612906185,"event":{"mods":["BaseMod","Colored Map","DeckTracker","Highlight Path","Keyboard Shortcuts","Minty Spire (QoL Compilation)","Permanent Neow","Say the Spire","SuperFastMode"],"gold_per_floor":[112,112,129,143,153,153,183,183,183,183,183,194,210,238,238,238,238],"floor_reached":16,"language":"KOR","playtime":412,"items_purged":[],"score":112,"play_id":"5959a852-c0c1-4403-8c4f-a952110b69ea","local_time":"20210210062945","daily_mods":["Heirloom","Flight"],"is_ascension_mode":false,"campfire_choices":[{"data":"Entrench","floor":6,"key":"SMITH"},{"data":"Second Wind","floor":8,"key":"SMITH"},{"data":"Cleave","floor":10,"key":"SMITH"},{"data":"Bloodletting","floor":11,"key":"SMITH"},{"data":"Rampage","floor":15,"key":"SMITH"}],"circlet_count":0,"master_deck":["Strike_R","Strike_R","Strike_R","Strike_R","Strike_R","Defend_R","Defend_R","Defend_R","Defend_R","Bash","Second Wind+1","Sentinel","Cleave+1","Entrench+1","Bloodletting+1","Anger","Rampage+1","Headbutt","Pommel Strike","True Grit"],"relics":["Burning Blood","Peace Pipe","Shuriken","Prayer Wheel","Champion Belt"],"acts_visited":["Exordium"],"potions_floor_usage":[16],"damage_taken":[{"damage":6,"enemies":"2 Louse","floor":1,"turns":4},{"damage":1,"enemies":"Cultist","floor":3,"turns":3},{"damage":1,"enemies":"Jaw Worm","floor":4,"turns":4},{"damage":14,"enemies":"3 Louse","floor":5,"turns":3},{"damage":45,"enemies":"Lagavulin","floor":7,"turns":8},{"damage":4,"enemies":"2 Fungi Beasts","floor":12,"turns":4},{"damage":5,"enemies":"Red Slaver","floor":13,"turns":4},{"damage":17,"enemies":"3 Sentries","floor":14,"turns":7},{"damage":23,"enemies":"Hexaghost","floor":16,"turns":8}],"seed_played":"-5218109096065393287","potions_obtained":[{"floor":4,"key":"SteroidPotion"},{"floor":12,"key":"Block Potion"},{"floor":14,"key":"Ancient Potion"}],"is_trial":true,"path_per_floor":["M","?","M","M","M","R","E","R","T","R","R","M","M","E","R","B"],"character_chosen":"IRONCLAD","items_purchased":[],"campfire_rested":0,"item_purchase_floors":[],"current_hp_per_floor":[80,80,80,80,72,72,33,33,33,33,33,35,36,25,25,2,2],"gold":238,"neow_bonus":"","is_daily":false,"chose_seed":false,"campfire_upgraded":5,"win_rate":0.0,"timestamp":1612906185,"path_taken":["M","?","M","M","M","R","E","R","T","R","R","M","M","E","R","BOSS"],"items_purchased_type":[],"build_version":"2020-12-22","purchased_purges":0,"victory":false,"max_hp_per_floor":[80,80,80,80,80,80,80,80,80,80,80,80,80,80,80,80,80],"card_choices":[{"not_picked":["Pommel Strike","Dual Wield"],"picked":"Second Wind","floor":1},{"not_picked":["Perfected Strike","Seeing Red"],"picked":"Sentinel","floor":3},{"not_picked":["Metallicize","Rupture"],"picked":"Cleave","floor":4},{"not_picked":["Clothesline","Reckless Charge"],"picked":"Entrench","floor":5},{"not_picked":["Blood for Blood","Cleave"],"picked":"Bloodletting","floor":7},{"not_picked":["Twin Strike","Warcry"],"picked":"Anger","floor":12},{"not_picked":["Armaments","Warcry"],"picked":"Rampage","floor":12},{"not_picked":["Bloodletting","Flex"],"picked":"Headbutt","floor":13},{"not_picked":["Flex","Iron Wave"],"picked":"Pommel Strike","floor":13},{"not_picked":["Perfected Strike","Iron Wave"],"picked":"True Grit","floor":14}],"player_experience":272583,"relics_obtained":[{"floor":7,"key":"Shuriken"},{"floor":9,"key":"Prayer Wheel"},{"floor":14,"key":"Champion Belt"}],"event_choices":[{"damage_healed":0,"gold_gain":0,"player_choice":"Bought 0 Potions","damage_taken":0,"max_hp_gain":0,"max_hp_loss":0,"event_name":"The Woman in Blue","floor":2,"gold_loss":0}],"is_beta":false,"boss_relics":[],"items_purged_floors":[],"is_endless":false,"potions_floor_spawned":[4,12,14],"killed_by":"Hexaghost","ascension_level":0}}