{"host":"y7b1p9nkx4idorr2","time":1612896871,"event":{"mods":["AchievementEnabler","Act Like it!","BaseMod","Colored Map","Downfall","GifTheSpireLib","Googly Eyes","Highlight Path","Mimic Mod","Minty Spire (QoL Compilation)","Shop Mod","Spicy Shops","StSLib","Unceasing Turn Reminder"],"gold_per_floor":[99,119,129,149,25,58,58,58,58,58],"floor_reached":8,"language":"ENG","playtime":703,"items_purged":[],"score":64,"play_id":"a3749236-b60d-4e46-b142-fdcdb16e80e0","local_time":"20210209125431","is_ascension_mode":true,"campfire_choices":[{"floor":1,"key":"RECALL"}],"circlet_count":0,"master_deck":["bronze:Strike","bronze:Strike","bronze:Strike","bronze:Strike","bronze:Defend","bronze:Defend","bronze:Defend","bronze:Defend","bronze:Replicate","bronze:Goto","bronze:BurnOut","bronze:Shield","bronze:Repair","bronze:WildBeam","bronze:Turbo","bronze:CloningBeam","bronze:GetLatest"],"relics":["bronze:BronzeCore","MealTicket","Peace Pipe","CaptainsWheel"],"acts_visited":["Exordium"],"potions_floor_usage":[6],"damage_taken":[{"damage":4,"enemies":"Jaw Worm","floor":2,"turns":4},{"damage":16,"enemies":"Small Slimes","floor":3,"turns":5},{"damage":5,"enemies":"Cultist","floor":4,"turns":5},{"damage":6,"enemies":"downfall:FleeingMerchant","floor":5,"turns":4},{"damage":56,"enemies":"Lagavulin","floor":6,"turns":10},{"damage":10,"enemies":"3 Sentries","floor":8,"turns":2}],"seed_played":"4241096610912186501","potions_obtained":[{"floor":4,"key":"FearPotion"}],"is_trial":false,"path_per_floor":["R","M","M","M","$","E","T","E"],"character_chosen":"THE_AUTOMATON","items_purchased":["bronze:CloningBeam","MealTicket"],"campfire_rested":0,"item_purchase_floors":[5,5],"current_hp_per_floor":[70,66,50,52,53,4,4,0,0,0],"gold":58,"neow_bonus":"ONE_RANDOM_RARE_CARD","is_daily":false,"chose_seed":false,"campfire_upgraded":0,"win_rate":0.0,"timestamp":1612896871,"path_taken":["R","M","M","M","$","E","T","E"],"items_purchased_type":["Card","Relic"],"build_version":"2020-12-22","purchased_purges":0,"victory":false,"max_hp_per_floor":[70,70,70,70,70,70,70,70,70,70],"card_choices":[{"not_picked":["bronze:DelayedGuard","bronze:BuggyMess"],"picked":"bronze:Shield","floor":2},{"not_picked":["bronze:Branch","bronze:FollowUp"],"picked":"bronze:Repair","floor":3},{"not_picked":["bronze:Boost","bronze:DelayedGuard"],"picked":"bronze:WildBeam","floor":4},{"not_picked":["bronze:ForLoop","bronze:TinkerersToolbox"],"picked":"bronze:Turbo","floor":5},{"not_picked":["bronze:ChosenStrike","bronze:DigitalCarnage"],"picked":"bronze:GetLatest","floor":6}],"player_experience":2331669,"relics_obtained":[{"floor":6,"key":"Peace Pipe"},{"floor":7,"key":"CaptainsWheel"}],"event_choices":[],"is_beta":false,"boss_relics":[],"items_purged_floors":[],"is_endless":false,"potions_floor_spawned":[4],"killed_by":"3 Sentries","ascension_level":3}}