{"host":"tcdxiwht2vajk3tk","time":1612845653,"event":{"mods":["AchievementEnabler","BaseMod","Beaked The Cultist","Colored Powertips","Conspire","Defuse TimeMaze Blight","Downfall","Halation","Hermit","Hubris","Infinite Spire","Lobotomy","LobotomyExtend","Minty Spire (QoL Compilation)","Replay The Spire","Shop Mod","StSLib","The Cursed","The Disciple"],"gold_per_floor":[112,85,85,103,114,130,130,164,164,167,167],"floor_reached":10,"language":"ENG","playtime":785,"items_purged":[],"score":92,"play_id":"892e3b0d-3f87-4a47-bf18-99d25c09a1e2","local_time":"20210208234053","is_ascension_mode":true,"campfire_choices":[{"data":"beaked:BarbedWire","floor":7.0,"key":"SMITH"}],"circlet_count":0,"master_deck":["beaked:Strike_Y","beaked:Strike_Y","beaked:Strike_Y","beaked:Strike_Y","beaked:Strike_Y","beaked:Strike_Y","beaked:Defend_Y","beaked:Defend_Y","beaked:Defend_Y","beaked:Defend_Y","beaked:Ceremony","beaked:Ceremony","beaked:Ceremony","VoidDream","beaked:Resilience+1","beaked:FeelMyPain","MHz","beaked:BraceForImpact","OldLady","beaked:BarbedWire+1","OSAHOGD","beaked:WarriorEssence","MeatLantern","beaked:ScreechingChant+1"],"relics":["beaked:MendingPlumage","CogitoBucket","LetterFromLob","Toxic Egg 2","halation:IllGainedPizza"],"acts_visited":["Exordium"],"potions_floor_usage":[10],"damage_taken":[{"damage":1.0,"enemies":"conspire:RoseBush","floor":1.0,"turns":7.0},{"damage":15.0,"enemies":"Jaw Worm","floor":4.0,"turns":4.0},{"damage":22.0,"enemies":"2 Louse","floor":5.0,"turns":3.0},{"damage":23.0,"enemies":"Gremlin Gang","floor":6.0,"turns":4.0},{"damage":26.0,"enemies":"Gremlin Nob","floor":8.0,"turns":5.0},{"damage":23,"enemies":"Replay:BlueRogue","floor":10,"turns":3}],"seed_played":"-5050078110314893567","potions_obtained":[{"floor":5.0,"key":"Guardian:BlockOnCardUsePotion"},{"floor":8.0,"key":"PowerPotion"}],"is_trial":false,"path_per_floor":["M","$","?","M","M","M","R","E","T","E"],"character_chosen":"BEAKED_THE_CULTIST","items_purchased":["beaked:FeelMyPain"],"campfire_rested":0,"item_purchase_floors":[2],"current_hp_per_floor":[50,50,50,43,29,18,18,7,7,0,0],"gold":167,"neow_bonus":"","is_daily":false,"chose_seed":false,"campfire_upgraded":1,"win_rate":0.0,"timestamp":1612845653,"path_taken":["M","$","?","M","M","M","R","E","T","E"],"items_purchased_type":["Card"],"build_version":"2020-12-22","purchased_purges":0,"victory":false,"max_hp_per_floor":[50,50,50,50,50,50,50,50,50,50,50],"card_choices":[{"not_picked":["Scorched","Yin"],"picked":"VoidDream","floor":1.0},{"not_picked":["beaked:DigDeeper","beaked:CursingBlood"],"picked":"beaked:Resilience","floor":1.0},{"not_picked":["PunishingBird","Funeral"],"picked":"MHz","floor":4.0},{"not_picked":["beaked:Flinch","beaked:Recite"],"picked":"beaked:BraceForImpact","floor":4.0},{"not_picked":["SpiderBud","Murderer"],"picked":"OldLady","floor":5.0},{"not_picked":["beaked:CursingBlood","beaked:Tradeoff"],"picked":"beaked:BarbedWire","floor":5.0},{"not_picked":["Alriune","UniverseFragment","Wellcheers"],"picked":"Singing Bowl","floor":6.0},{"not_picked":["FieryBird","PunishingBird"],"picked":"OSAHOGD","floor":6.0},{"not_picked":["beaked:Windmill","beaked:SurvivalInstinct"],"picked":"beaked:WarriorEssence","floor":6.0},{"not_picked":["CherryBlossoms","LittleHelper","ShyLook"],"picked":"Singing Bowl","floor":8.0},{"not_picked":["QueenBee","WallGazer"],"picked":"MeatLantern","floor":8.0},{"not_picked":["beaked:Recite+1","beaked:Flinch+1"],"picked":"beaked:ScreechingChant+1","floor":8.0}],"player_experience":1715489,"relics_obtained":[{"floor":1.0,"key":"LetterFromLob"},{"floor":8.0,"key":"Toxic Egg 2"},{"floor":9.0,"key":"halation:IllGainedPizza"}],"event_choices":[{"damage_healed":0.0,"max_hp_gain":0.0,"max_hp_loss":0.0,"gold_gain":0.0,"event_name":"Living Wall","player_choice":"Grow","floor":3.0,"gold_loss":0.0,"damage_taken":0.0,"cards_upgraded":["beaked:Resilience"]}],"is_beta":false,"boss_relics":[],"items_purged_floors":[],"is_endless":false,"potions_floor_spawned":[5,8],"killed_by":"Replay:BlueRogue","ascension_level":7}}