{"host":"9fuvscx47tolndfl","time":1612856746,"event":{"mods":["100% Spire Juice","AchievementEnabler","Act Like it!","Arknights","Aspiration","BaseMod","Beaked The Cultist","Better Match","Better Note","Better Third Choice","CapriCore","Colored Map","Colored Powertips","Conspire","Downfall","GungeonMod","Halation","Hermit","Hubris","Infinite Spire","Jedi Mod","JesterMod","Jorbs\u0027s Wanderer Trilogy","Koishi","Luminous","Marisa????????","Minty Spire (QoL Compilation)","Prisma Mod","Rare Cards Sparkle","Remilia??????","Replay The Spire","Shade Mod","Shop Mod","StSLib","The Administrix","The Alterego","The Animator","The Bug Knight","The Construct","The Cursed","The Disciple","The Fake Hero","The Forsaken","The Hayseed","The Hierophant","The Immortal","The Jungle","The Mystic","The Necromancer","The Poker Player","The Problem Sleuth","The Runesmith","The Servant 0.9.4","The Trickster","TheBandit","TheHero","TheSwordswoman","Waifu the Spire","Wandering Minibosses","WarShipGirlsR/????R mod","Yuyuko","thorton","??????REMEMod"],"gold_per_floor":[111,66,18,28,38,72,72,91,115,115,115,134,145,159,159,258,258,277,277,277,104,118,118,129,139,139,139,158,176,210,210,210],"floor_reached":31,"language":"ENG","playtime":3229,"items_purged":[],"score":261,"play_id":"1d8523f4-3f77-4ed8-8431-39a0048e2e2c","local_time":"20210208234546","is_ascension_mode":false,"campfire_choices":[{"data":"ats:Guard Mode","floor":7,"key":"SMITH"},{"floor":10,"key":"RECALL"},{"floor":15,"key":"REST"},{"data":"ats:Disruption Kick","floor":23,"key":"SMITH"},{"data":"ats:Apocalypse","floor":27,"key":"SMITH"}],"circlet_count":0,"master_deck":["ats:Strike C","ats:Strike G","ats:Strike S","ats:Strike V","ats:Armor Crushing Shot","ats:Defend","ats:Defend+1","ats:Defend","ats:Defend","ats:Emotion Absorption","ats:Explosion Area Strengthen","ats:Guard Mode+1","ats:Revitalization+1","ats:Explosion Area Strengthen","ats:Mental Burst","ats:Collapsing Strike","ats:Chain Hook","ats:Closed Bolt Burst Fire","ats:Closed Bolt Burst Fire","ats:Wolf Pack","ats:Healing Strengthening+1","rmod:diamondstrike","ats:Blood Oath","ats:Apocalypse+1","ats:Disruption Kick+1","Panacea","ats:Ignite","ats:Blood Oath","ats:Guardian Obelisk","stsjorbsmod:Apparate","ats:Flexible Camouflage","Forethought+1"],"relics":["ats:Sanity","REME_ComplimentaryCards","betterThird:SlimedRelic","ats:Originium","hubris:BundleOfHerbs","Ring of Fury","REME_LowDesire","aspiration:HiddenCompartment","War Paint","infinitespire:EmpoweringShard","DemoMod:GlassGuonStoneRelic","DemoMod:Antibody"],"acts_visited":["Exordium","TheCity"],"potions_floor_usage":[16,18,18,25,28,29,30],"damage_taken":[{"damage":8,"enemies":"2 Louse","floor":1,"turns":2},{"damage":5,"enemies":"Jaw Worm","floor":4,"turns":4},{"damage":5,"enemies":"Cultist","floor":5,"turns":5},{"damage":32,"enemies":"HollowMod:MossKnight","floor":6,"turns":20},{"damage":38,"enemies":"Exordium Wildlife","floor":8,"turns":6},{"damage":0,"enemies":"Large Slime","floor":12,"turns":3},{"damage":15,"enemies":"Exordium Thugs","floor":13,"turns":4},{"damage":0,"enemies":"Looter","floor":14,"turns":2},{"damage":39,"enemies":"Hexaghost","floor":16,"turns":10},{"damage":11,"enemies":"conspire:FuzzyDice","floor":18,"turns":7},{"damage":10,"enemies":"Shell Parasite","floor":22,"turns":4},{"damage":11,"enemies":"3 Cultists","floor":24,"turns":4},{"damage":26,"enemies":"Snecko","floor":25,"turns":6},{"damage":10,"enemies":"Snake Plant","floor":28,"turns":6},{"damage":24,"enemies":"conspire:HollyBat","floor":29,"turns":7},{"damage":75,"enemies":"REME_1_Revenger","floor":30,"turns":5},{"damage":6,"enemies":"Shelled Parasite and Fungi","floor":31,"turns":1}],"seed_played":"-2814701542266453502","potions_obtained":[{"floor":1,"key":"ats:Emergency Sanity Potion"},{"floor":6,"key":"SteroidPotion"},{"floor":8,"key":"DemoMod:LeadSkinPotion"},{"floor":12,"key":"Energy Potion"},{"floor":16,"key":"ColorlessPotion"},{"floor":22,"key":"Languid Potion"},{"floor":24,"key":"SkillPotion"},{"floor":25,"key":"Ancient Potion"},{"floor":28,"key":"DuplicationPotion"}],"is_trial":false,"path_per_floor":["M","?","$","M","M","E","R","M","T","R","?","M","M","M","R","B",null,"M","?","?","$","M","R","M","M","T","R","M","M","E","M"],"character_chosen":"DOCTOR_CLASS","items_purchased":["ats:Guard Mode","ats:Blood Oath","ats:Apocalypse","ats:Disruption Kick"],"campfire_rested":1,"item_purchase_floors":[3,21,21,21],"current_hp_per_floor":[71,60,60,55,53,35,35,52,52,52,52,52,37,37,60,24,79,71,71,71,71,61,61,53,52,52,52,62,64,2,0,0],"gold":210,"neow_bonus":"TEN_PERCENT_HP_BONUS","is_daily":false,"chose_seed":false,"campfire_upgraded":3,"win_rate":0.0,"timestamp":1612856746,"path_taken":["M","?","?","M","?","E","R","M","T","R","?","M","M","M","R","BOSS","M","?","?","$","M","R","?","M","T","R","M","M","E","?"],"items_purchased_type":["Card","Card","Card","Card"],"build_version":"2020-12-22","purchased_purges":0,"victory":false,"max_hp_per_floor":[79,79,79,79,79,79,79,79,79,79,79,79,79,79,79,79,79,79,79,79,79,79,79,79,79,79,79,79,79,79,79,79],"card_choices":[{"not_picked":["ats:Thorns","ats:Guardian Obelisk"],"picked":"ats:Explosion Area Strengthen","floor":1},{"not_picked":["ats:Curse Doll","ats:Phantom"],"picked":"ats:Revitalization","floor":4},{"not_picked":["ats:Hook Shot","ats:Shell Defense"],"picked":"ats:Explosion Area Strengthen","floor":5},{"not_picked":["ats:Overload","ats:Assault Order"],"picked":"ats:Mental Burst","floor":6},{"not_picked":["ats:Powerful Strike","ats:Leaping Hammer"],"picked":"ats:Collapsing Strike","floor":8},{"not_picked":["ats:Absolute Focus","ats:Explosion Area Strengthen"],"picked":"ats:Chain Hook","floor":12},{"not_picked":["ats:Cat Scratch","ats:Absolute Focus"],"picked":"ats:Closed Bolt Burst Fire","floor":13},{"not_picked":["ats:Roar Of Ursus","ats:Absolute Focus"],"picked":"ats:Closed Bolt Burst Fire","floor":14},{"not_picked":["ats:Roar Of Ursus","ats:Dogmatic Field"],"picked":"ats:Wolf Pack","floor":16},{"not_picked":["ats:Part Time Job","ats:Composite Medical Shells+1","Flash of Steel+1"],"picked":"ats:Healing Strengthening+1","floor":18},{"not_picked":["ats:Curse Doll","ats:Defend Order","ats:Sunburst"],"picked":"Panacea","floor":22},{"not_picked":["ats:Chain Hook+1","ats:Burning Ground","Good Instincts"],"picked":"ats:Ignite","floor":24},{"not_picked":["ats:Revitalization","ats:Literary Storm","ReplayTheSpireMod:Trickstab"],"picked":"ats:Blood Oath","floor":25},{"not_picked":["ats:Automatic Cover","ats:Guard Mode","ReplayUltimateDefense"],"picked":"ats:Guardian Obelisk","floor":28},{"not_picked":["ats:Shell Defense","ats:Powerful Strike+1","Transmutation"],"picked":"ats:Flexible Camouflage","floor":29},{"not_picked":["ats:Shell Defense","ats:Flexible Camouflage","ats:Very Hot Blade+1"],"picked":"Forethought+1","floor":30}],"player_experience":234005,"relics_obtained":[{"floor":6,"key":"ats:Originium"},{"floor":6,"key":"hubris:BundleOfHerbs"},{"floor":11,"key":"Ring of Fury"},{"floor":17,"key":"aspiration:HiddenCompartment"},{"floor":17,"key":"War Paint"},{"floor":26,"key":"infinitespire:EmpoweringShard"},{"floor":30,"key":"ats:Originium"},{"floor":30,"key":"DemoMod:Antibody"}],"event_choices":[{"damage_healed":0,"gold_gain":0,"player_choice":"Slimed","damage_taken":11,"max_hp_gain":0,"max_hp_loss":0,"event_name":"betterThird:BetterGoop","floor":2,"gold_loss":45},{"cards_removed":["ats:Closed Bolt Burst Fire"],"damage_healed":0,"gold_gain":0,"player_choice":"Take \u0026 Give","damage_taken":0,"max_hp_gain":0,"max_hp_loss":0,"event_name":"betterNote:BetterNote","floor":19,"gold_loss":0,"cards_obtained":["rmod:diamondstrike"]},{"cards_removed":["Hallucinations"],"damage_healed":0,"gold_gain":0,"player_choice":"Removed Curses","damage_taken":0,"max_hp_gain":0,"max_hp_loss":0,"event_name":"Fountain of Cleansing","floor":20,"gold_loss":0}],"is_beta":false,"boss_relics":[{"not_picked":["jedi:hotpepper","Replay:Fungal Core"],"picked":"REME_LowDesire"}],"items_purged_floors":[],"is_endless":false,"potions_floor_spawned":[1,6,8,12,16,22,24,25,28],"killed_by":"Shelled Parasite and Fungi","ascension_level":0}}