{"host":"ylxam20yo7j5dy26","time":1612854848,"event":{"mods":["100% Spire Juice","ATMod(°¢èªMod)","Act Like it!","Aspiration","BaseMod","BetterRewards","Conspire","Defuse TimeMaze Blight","Downfall","Energized Spire","Gensokyo","GungeonMod","Hubris","Infinite Spire","Jedi Mod","KomeijiMod","Marisa£¨ìFÓê¡¡Ä§ÀíÉ³£©","Minty Spire (QoL Compilation)","MostiFishMod","Quarter Circle Forward PUNCH!","Quick Restart","Red Circlet Mod","Reimu£¨²©ÀöÁéÃÎ£©","Reliquary","Remilia£¨ÀÙÃ×ÀòÑÇ£©","Replay The Spire","Robot Space Explorer","RumiaBox-Â¶Ã×æ«µÄÉñÃØºÐ×Ó","Spicy Shops","StSLib","TestMod","The Animator","The Jungle","The Runesmith","¡¾¹¦ÄÜMod¡¿»ìãçÖ®»·ÐÞ¸´²¹¶¡","¡¾ÒÅÎï¿¨ÅÆ¡¿REMEMod"],"gold_per_floor":[99,109,134,188,26,26,100,100,87,112,112,8,47,34,61,186,186,186,6,6,110,123,123,123,139,164,203,203,50,50,67,85,220,220,220,241,391,415,208,208,283,283,233,233,233,258,258,291,305,433,433,433,446,465,465],"floor_reached":54,"language":"ZHS","playtime":3744,"items_purged":["Moonworks:Strike","Moonworks:Strike"],"score":907,"play_id":"0c208259-6808-4964-9423-c2f90c109306","local_time":"20210209151408","is_ascension_mode":false,"campfire_choices":[{"floor":1.0,"key":"DIG"},{"floor":8.0,"key":"REST"},{"data":"Moonworks:MeltingMemories","floor":11.0,"key":"SMITH"},{"data":"Moonworks:AccelHyper","floor":18.0,"key":"SMITH"},{"data":"Moonworks:MetallicMonocoque","floor":28.0,"key":"SMITH"},{"data":"Moonworks:Ambush","floor":30.0,"key":"SMITH"},{"data":"Moonworks:CrystalBarrier","floor":40.0,"key":"SMITH"},{"data":"Moonworks:NicePresent","floor":42.0,"key":"SMITH"},{"data":"Moonworks:PlushieMaster","floor":47.0,"key":"SMITH"},{"floor":52,"key":"DIG"}],"circlet_count":0,"master_deck":["Moonworks:Strike","Moonworks:Defend","Moonworks:Defend","Moonworks:Defend","Moonworks:Defend","Moonworks:Ambush+1","Moonworks:LongDistanceShot","Moonworks:DeployBits","Moonworks:NicePresent+1","Moonworks:MeltingMemories+1","Moonworks:EvilSpyWorkPreparation","Moonworks:PlushieMaster+1","Moonworks:AccelHyper+1","Moonworks:TreasureThief","Moonworks:BigBangBell","Moonworks:MetallicMonocoque+1","Moonworks:CrystalBarrier+1","Moonworks:BigBangBell","Moonworks:MiracleWalker+1","Moonworks:MetallicMonocoque+1","Moonworks:ScrambledEve+1","Moonworks:EvilMastermind"],"relics":["Moonworks:BrokenBomb","Moonworks:Homemark","AT_ATBox","DaveBox","REME_ComplimentaryCards","testmod-TestBox","testmod-NegativeEmotionEnhancer","AT_SunfireAegis","Mastiff:ReiMu","DemoMod:PinkGuonStone","Omamori","Golden Idol","infinitespire:Midas Blood","aspiration:StickyExplosives_weak","testmod-EnergyCheck","Orichalcum","Iron Hammer","testmod-Prudence","Smiling Mask","hubris:Metronome","conspire:TreasureMap","testmod-SaigiyounoYou","DollysMirror","MagicDraw3","DemoMod:GlassGuonStoneRelic","Fusion Hammer","DemoMod:WhiteGuonStone"],"acts_visited":["Exordium","TheCity","TheBeyond","Exordium"],"potions_floor_usage":[],"damage_taken":[{"damage":1.0,"enemies":"Cultist","floor":2.0,"turns":3.0},{"damage":0.0,"enemies":"downfall:FleeingMerchant","floor":5.0,"turns":4.0},{"damage":3.0,"enemies":"downfall:FleeingMerchant","floor":9.0,"turns":4.0},{"damage":5.0,"enemies":"Jaw Worm","floor":10.0,"turns":2.0},{"damage":0.0,"enemies":"Small Slimes","floor":12.0,"turns":2.0},{"damage":22.0,"enemies":"Lagavulin","floor":13.0,"turns":4.0},{"damage":3.0,"enemies":"downfall:FleeingMerchant","floor":14.0,"turns":4.0},{"damage":7.0,"enemies":"Red Slaver","floor":15.0,"turns":2.0},{"damage":2.0,"enemies":"Slime Boss","floor":16.0,"turns":5.0},{"damage":0.0,"enemies":"downfall:FleeingMerchant","floor":21.0,"turns":1.0},{"damage":0.0,"enemies":"Spheric Guardian","floor":22.0,"turns":3.0},{"damage":0.0,"enemies":"Shell Parasite","floor":25.0,"turns":3.0},{"damage":0.0,"enemies":"Shelled Parasite and Fungi","floor":26.0,"turns":2.0},{"damage":17.0,"enemies":"Nightmare","floor":27.0,"turns":4.0},{"damage":1.0,"enemies":"Cultist and Chosen","floor":31.0,"turns":3.0},{"damage":0.0,"enemies":"Snecko","floor":32.0,"turns":3.0},{"damage":16.0,"enemies":"DF_ARCHETYPE_CLAW","floor":33.0,"turns":5.0},{"damage":0.0,"enemies":"Orb Walker","floor":36.0,"turns":3.0},{"damage":0.0,"enemies":"3 Shapes","floor":38.0,"turns":3.0},{"damage":20.0,"enemies":"Sphere and 2 Shapes","floor":46.0,"turns":2.0},{"damage":42.0,"enemies":"4 Shapes","floor":48.0,"turns":3.0},{"damage":0.0,"enemies":"Transient","floor":49.0,"turns":5.0},{"damage":5.0,"enemies":"SI_POISON_ARCHETYPE","floor":50.0,"turns":6.0},{"damage":0,"enemies":"Jaw Worm","floor":53,"turns":2},{"damage":0,"enemies":"Cultist","floor":54,"turns":3}],"seed_played":"7811199058210204774","potions_obtained":[{"floor":4.0,"key":"DuplicationPotion"},{"floor":13.0,"key":"FearPotion"},{"floor":15.0,"key":"testmod-TestPotion"},{"floor":46.0,"key":"Explosive Potion"}],"is_trial":false,"path_per_floor":["R","M","T","?","$","?","T","R","$","M","R","M","E","$","M","B",null,"R","?","?","$","M","AVR","T","M","M","NM","R","$","R","M","M","B",null,"R","M","?","M","$","R","T","R","$","?","?","M","R","M","M","B",null,"R","M","M"],"character_chosen":"THE_STARBREAKER","items_purchased":["Omamori","Iron Hammer","conspire:TreasureMap","DollysMirror"],"campfire_rested":1,"item_purchase_floors":[5,21,29,39],"current_hp_per_floor":[66,67,67,48,49,31,31,53,51,48,48,65,45,43,54,56,82,82,82,82,83,84,84,84,85,86,71,71,71,71,73,75,63,90,90,91,91,92,92,92,92,92,92,92,92,82,82,64,87,92,96,96,97,98,98],"gold":465,"neow_bonus":"TEN_PERCENT_HP_BONUS","is_daily":false,"chose_seed":false,"campfire_upgraded":7,"win_rate":0.0,"timestamp":1612854848,"path_taken":["R","M","?","?","?","?","T","R","?","?","R","M","E","$","M","BOSS","R","?","?","?","?","AVR","T","M","M","NM","R","$","R","M","M","BOSS","R","M","?","?","?","R","T","R","$","?","?","M","R","?","M","BOSS","R","M","M"],"items_purchased_type":["Relic","Relic","Relic","Relic"],"build_version":"2020-12-22","purchased_purges":2,"victory":false,"max_hp_per_floor":[66,67,67,74,75,75,75,75,76,77,77,78,79,80,81,82,82,82,82,82,83,84,84,84,85,86,87,87,87,87,88,89,90,90,90,91,91,92,92,92,92,92,92,92,92,93,93,94,95,96,96,96,97,98,98],"card_choices":[{"not_picked":["Moonworks:JonathanRush","Moonworks:CastOff","Moonworks:ImOnFire"],"picked":"SKIP","floor":2.0},{"not_picked":["Moonworks:CastOff","Moonworks:LulusLuckyEgg"],"picked":"Moonworks:DeployBits","floor":4.0},{"not_picked":["Moonworks:CookingTime","Moonworks:SelfDestruct"],"picked":"Moonworks:NicePresent","floor":5.0},{"not_picked":["Moonworks:IndiscriminateFireSupport","Moonworks:ImOnFire"],"picked":"Moonworks:BigMagnum","floor":9.0},{"not_picked":["Moonworks:FullSpeedAlicianrone","Moonworks:NicePresent"],"picked":"Moonworks:MeltingMemories","floor":10.0},{"not_picked":["Moonworks:Assault","Moonworks:DeployBits"],"picked":"Moonworks:EvilSpyWorkPreparation","floor":12.0},{"not_picked":["Moonworks:DevilHand","Moonworks:BigMagnum"],"picked":"Moonworks:PlushieMaster","floor":13.0},{"not_picked":["Moonworks:BigMagnum","Moonworks:EvilSpyWorkPreparation","Moonworks:LulusLuckyEgg"],"picked":"SKIP","floor":14.0},{"not_picked":["Moonworks:BigMagnum","Moonworks:NicePresent","Moonworks:ImOnFire"],"picked":"SKIP","floor":15.0},{"not_picked":["Moonworks:GoAway","Moonworks:SubspaceTunnel"],"picked":"Moonworks:AccelHyper","floor":16.0},{"not_picked":["Moonworks:FinalSurgery","Moonworks:BigMagnum","Moonworks:LulusLuckyEgg"],"picked":"SKIP","floor":21.0},{"not_picked":["Moonworks:BigMagnum","Moonworks:CloudOfSeagulls+1","Moonworks:FinalSurgery"],"picked":"SKIP","floor":22.0},{"not_picked":["Moonworks:NicePresent","Moonworks:BackdoorTrade"],"picked":"Moonworks:TreasureThief","floor":25.0},{"not_picked":["Moonworks:Bloodlust","Moonworks:SweetBattle"],"picked":"Moonworks:BigBangBell","floor":26.0},{"not_picked":["Moonworks:ImOnFire+1","Moonworks:IndiscriminateFireSupport"],"picked":"Moonworks:MetallicMonocoque","floor":27.0},{"not_picked":["Moonworks:NicePresent","Moonworks:DeployBits","Moonworks:LulusLuckyEgg"],"picked":"SKIP","floor":31.0},{"not_picked":["Moonworks:EvilSpyWorkPreparation+1","Moonworks:NicePresent+1","Moonworks:AwakeningOfTalent"],"picked":"SKIP","floor":32.0},{"not_picked":["Moonworks:PlushieMaster","Moonworks:Blazing"],"picked":"Moonworks:CrystalBarrier","floor":33.0},{"not_picked":["Moonworks:ImmovableObject","Moonworks:JonathanRush+1","Moonworks:DevilHand+1"],"picked":"SKIP","floor":36.0},{"not_picked":["Moonworks:JonathanRush+1","Moonworks:LulusLuckyEgg+1"],"picked":"Moonworks:MiracleWalker+1","floor":38.0},{"not_picked":["Moonworks:DeployBits","Moonworks:EvilSpyWorkPreparation+1","Moonworks:JonathanRush+1"],"picked":"SKIP","floor":46.0},{"not_picked":["Moonworks:SakisCookie+1","Moonworks:LeapThroughSpace"],"picked":"Moonworks:ScrambledEve+1","floor":48.0},{"not_picked":["Moonworks:NicePresent","Moonworks:JonathanRush+1","Moonworks:EvilSpyWorkPreparation"],"picked":"SKIP","floor":49.0},{"not_picked":["Moonworks:GoAway","Moonworks:ShieldCounter"],"picked":"Moonworks:EvilMastermind","floor":50.0},{"not_picked":["Moonworks:NicePresent","Moonworks:JonathanRush","Moonworks:SakisCookie"],"picked":"SKIP","floor":53}],"player_experience":231309,"relics_obtained":[{"floor":1.0,"key":"AT_SunfireAegis"},{"floor":3.0,"key":"Mastiff:ReiMu"},{"floor":4.0,"key":"DemoMod:PinkGuonStone"},{"floor":7.0,"key":"infinitespire:Midas Blood"},{"floor":13.0,"key":"aspiration:StickyExplosives_weak"},{"floor":20.0,"key":"Orichalcum"},{"floor":24.0,"key":"hubris:Metronome"},{"floor":27.0,"key":"jedi:arcanewood"},{"floor":41.0,"key":"MagicDraw3"},{"floor":52,"key":"DemoMod:WhiteGuonStone"}],"event_choices":[{"damage_healed":0.0,"max_hp_gain":0.0,"max_hp_loss":0.0,"gold_gain":0.0,"event_name":"Golden Idol","player_choice":"Take Damage","floor":6.0,"gold_loss":0.0,"damage_taken":18.0,"relics_obtained":["Golden Idol"]},{"cards_removed":["Moonworks:Strike"],"damage_healed":0.0,"max_hp_gain":0.0,"max_hp_loss":0.0,"gold_gain":0.0,"event_name":"Falling","player_choice":"Removed Attack","floor":45.0,"gold_loss":0.0,"damage_taken":0.0}],"is_beta":false,"boss_relics":[{"not_picked":["conspire:RoyalGoblet","testmod-BloodSacrificeSpiritualization"],"picked":"testmod-EnergyCheck"},{"not_picked":["reliquary:Craggleroot","REME_DemonsWealth"],"picked":"testmod-SaigiyounoYou"},{"not_picked":["Honey Jar","aspiration:MarisaSkillbook"],"picked":"Fusion Hammer"}],"items_purged_floors":[39,43],"is_endless":true,"potions_floor_spawned":[13,15,16,26,31,32,46,48,53],"killed_by":"Cultist","ascension_level":0}}