{"host":"fff5e1uasnm04x18","time":1612910617,"event":{"mods":["BaseMod","Highlight Path","Minty Spire (QoL Compilation)","StSLib"],"gold_per_floor":[115,115,115,115,115,142,142,74,97,112,131,160,160,186,186,285,285,300,320,320,331,331,331],"floor_reached":22,"language":"ENG","playtime":1416,"items_purged":[],"score":221,"play_id":"e1967fb5-4406-4170-bcc6-9a5addbbd157","local_time":"20210209174337","is_ascension_mode":true,"campfire_choices":[{"floor":7,"key":"REST"},{"floor":13,"key":"REST"},{"floor":15,"key":"REST"}],"circlet_count":0,"master_deck":["Strike_G","Strike_G+1","Strike_G","Strike_G","Defend_G","Defend_G","Defend_G","Defend_G","Defend_G","Survivor+1","Neutralize","Slice","Infinite Blades","Calculated Gamble","A Thousand Cuts","Phantasmal Killer","Calculated Gamble","Backstab"],"relics":["Ring of the Snake","Pocketwatch","Nunchaku","HornCleat","Spirit Poop","Unceasing Top","Art of War","Pantograph","Calipers","SacredBark"],"acts_visited":["Exordium","TheCity"],"potions_floor_usage":[12,21],"damage_taken":[{"damage":0,"enemies":"Cultist","floor":1,"turns":3},{"damage":15,"enemies":"3 Sentries","floor":6,"turns":12},{"damage":0,"enemies":"Small Slimes","floor":10,"turns":3},{"damage":2,"enemies":"2 Louse","floor":11,"turns":3},{"damage":11,"enemies":"Lagavulin","floor":12,"turns":7},{"damage":12,"enemies":"3 Sentries","floor":14,"turns":8},{"damage":6,"enemies":"The Guardian","floor":16,"turns":15},{"damage":20,"enemies":"2 Thieves","floor":18,"turns":5},{"damage":15,"enemies":"3 Byrds","floor":19,"turns":4},{"damage":26,"enemies":"Snake Plant","floor":21,"turns":4},{"damage":10,"enemies":"Shelled Parasite and Fungi","floor":22,"turns":1}],"seed_played":"-821649385646562163","potions_obtained":[{"floor":6,"key":"Weak Potion"},{"floor":11,"key":"AttackPotion"},{"floor":12,"key":"LiquidBronze"},{"floor":18,"key":"Strength Potion"},{"floor":21,"key":"Block Potion"}],"is_trial":false,"path_per_floor":["M","?","?","?","?","E","R","$","T","M","M","E","R","E","R","B",null,"M","M","?","M","M"],"character_chosen":"THE_SILENT","items_purchased":["Infinite Blades"],"campfire_rested":3,"item_purchase_floors":[8],"current_hp_per_floor":[49,46,32,32,32,17,38,38,38,38,36,25,46,34,55,64,70,50,35,35,9,0,0],"gold":331,"neow_bonus":"ONE_RARE_RELIC","is_daily":false,"chose_seed":false,"campfire_upgraded":0,"win_rate":0.0,"timestamp":1612910617,"path_taken":["M","?","?","?","?","E","R","$","T","M","?","E","R","E","R","BOSS","M","M","?","M","?"],"items_purchased_type":["Card"],"build_version":"2020-12-22","purchased_purges":0,"victory":false,"max_hp_per_floor":[70,70,70,70,70,70,70,70,70,70,70,70,70,70,70,70,70,70,70,70,70,70,70],"card_choices":[{"not_picked":["Cloak And Dagger","Catalyst","Outmaneuver"],"picked":"SKIP","floor":1},{"not_picked":["Poisoned Stab","Expertise"],"picked":"Slice","floor":6},{"not_picked":["Dagger Spray","Underhanded Strike","Blade Dance"],"picked":"SKIP","floor":10},{"not_picked":["Skewer","Acrobatics"],"picked":"Calculated Gamble","floor":11},{"not_picked":["Blade Dance","Quick Slash"],"picked":"A Thousand Cuts","floor":12},{"not_picked":["Heel Hook","Dodge and Roll","Concentrate"],"picked":"SKIP","floor":14},{"not_picked":["Tools of the Trade","Grand Finale"],"picked":"Phantasmal Killer","floor":16},{"not_picked":["Flying Knee","Backflip","Acrobatics"],"picked":"SKIP","floor":18},{"not_picked":["Flying Knee","Underhanded Strike","Dagger Throw+1"],"picked":"SKIP","floor":19},{"not_picked":["Dodge and Roll","Blade Dance"],"picked":"Backstab","floor":21}],"player_experience":546548,"relics_obtained":[{"floor":6,"key":"Unceasing Top"},{"floor":9,"key":"Art of War"},{"floor":12,"key":"Pantograph"},{"floor":14,"key":"Calipers"}],"event_choices":[{"damage_healed":0,"gold_gain":0,"player_choice":"Success","damage_taken":3,"relics_obtained":["Nunchaku"],"max_hp_gain":0,"max_hp_loss":0,"event_name":"Scrap Ooze","floor":2,"gold_loss":0},{"damage_healed":0,"gold_gain":0,"player_choice":"Entered Light","damage_taken":14,"max_hp_gain":0,"max_hp_loss":0,"event_name":"Shining Light","floor":3,"gold_loss":0,"cards_upgraded":["Strike_G","Survivor"]},{"damage_healed":0,"gold_gain":0,"player_choice":"Box","damage_taken":0,"relics_obtained":["HornCleat"],"max_hp_gain":0,"max_hp_loss":0,"event_name":"Big Fish","floor":4,"gold_loss":0,"cards_obtained":["Regret"]},{"cards_removed":["Regret"],"damage_healed":0,"gold_gain":0,"player_choice":"Offered Curse","damage_taken":0,"relics_obtained":["Spirit Poop"],"max_hp_gain":0,"max_hp_loss":0,"event_name":"Bonfire Elementals","floor":5,"gold_loss":0},{"damage_healed":0,"gold_gain":0,"cards_transformed":["Strike_G"],"player_choice":"Transformed","damage_taken":0,"max_hp_gain":0,"max_hp_loss":0,"event_name":"Transmorgrifier","floor":20,"gold_loss":0,"cards_obtained":["Calculated Gamble"]}],"is_beta":false,"boss_relics":[{"not_picked":["Coffee Dripper","Velvet Choker"],"picked":"SacredBark"}],"items_purged_floors":[],"is_endless":false,"potions_floor_spawned":[6,11,12,18,21],"killed_by":"Shelled Parasite and Fungi","ascension_level":2}}