{"host":"smu9wvm056kwtog1","time":1612864862,"event":{"mods":["BaseMod","Downfall","Minty Spire (QoL Compilation)","Robot Space Explorer","StSLib"],"gold_per_floor":[99,116,66,77,87,87,110,123,133,149,168,168,168,198,218,218,218,218],"floor_reached":16,"language":"ENG","playtime":845,"items_purged":[],"score":96,"play_id":"4d1f175d-4aa7-4ff8-a6fb-271b7e8f7dbe","local_time":"20210209020102","is_ascension_mode":false,"campfire_choices":[{"data":"Guardian:CurlUp","floor":1.0,"key":"SMITH"},{"data":"Guardian:RefractedBeam","floor":6.0,"key":"SMITH"},{"data":"Guardian:PrismaticBeam","floor":13.0,"key":"SMITH"}],"circlet_count":0,"master_deck":["Guardian:Strike_Guardian","Guardian:Strike_Guardian","Guardian:Strike_Guardian","Guardian:Strike_Guardian","Guardian:Defend_Guardian","Guardian:Defend_Guardian","Guardian:Defend_Guardian","Guardian:Defend_Guardian","Guardian:CurlUp+1","Guardian:TwinSlam","Guardian:EvasiveProtocol","Guardian:VentSteam","Guardian:RefractedBeam+1","Guardian:WalkerClaw","Guardian:PrismaticBeam+1","Guardian:MultiBeam","Guardian:BaubleBeam","Guardian:Gem_Cyan"],"relics":["Guardian:ModeShifter","Juzu Bracelet"],"acts_visited":["Exordium"],"potions_floor_usage":[],"damage_taken":[{"damage":1.0,"enemies":"Cultist","floor":2.0,"turns":4.0},{"damage":0.0,"enemies":"downfall:FleeingMerchant","floor":3.0,"turns":4.0},{"damage":5.0,"enemies":"Small Slimes","floor":4.0,"turns":3.0},{"damage":0.0,"enemies":"2 Louse","floor":5.0,"turns":2.0},{"damage":18.0,"enemies":"Gremlin Gang","floor":8.0,"turns":4.0},{"damage":7.0,"enemies":"Lots of Slimes","floor":9.0,"turns":6.0},{"damage":11.0,"enemies":"Exordium Wildlife","floor":10.0,"turns":2.0},{"damage":0.0,"enemies":"2 Fungi Beasts","floor":11.0,"turns":3.0},{"damage":9,"enemies":"Blue Slaver","floor":15,"turns":4},{"damage":41,"enemies":"WA_ARCHETYPE_RETAIN","floor":16,"turns":7}],"seed_played":"-4148530499228072469","potions_obtained":[{"floor":5.0,"key":"SpeedPotion"},{"floor":8.0,"key":"Guardian:StasisDiscoveryPotion"},{"floor":9.0,"key":"Fire Potion"}],"is_trial":false,"path_per_floor":["R","M","$","M","M","R","T","M","M","M","M","?","R","?","M","B"],"character_chosen":"GUARDIAN","items_purchased":["Guardian:RefractedBeam"],"campfire_rested":0,"item_purchase_floors":[3],"current_hp_per_floor":[88,87,87,82,82,82,82,64,57,46,46,46,46,46,37,0,0,0],"gold":218,"neow_bonus":"TEN_PERCENT_HP_BONUS","is_daily":false,"chose_seed":false,"campfire_upgraded":3,"win_rate":0.0,"timestamp":1612864862,"path_taken":["R","M","?","M","M","R","T","M","M","M","M","?","R","?","M","BOSS"],"items_purchased_type":["Card"],"build_version":"2020-12-22","purchased_purges":0,"victory":false,"max_hp_per_floor":[88,88,88,88,88,88,88,88,88,88,88,88,88,88,88,88,88,88],"card_choices":[{"not_picked":["Guardian:ChargeCore","Guardian:Gem_Lightblue"],"picked":"Guardian:EvasiveProtocol","floor":2.0},{"not_picked":["Guardian:Gem_Lightblue","Guardian:ShieldCharger"],"picked":"Guardian:VentSteam","floor":3.0},{"not_picked":["Guardian:PrimingBeam","Guardian:DonusPower"],"picked":"Guardian:WalkerClaw","floor":4.0},{"not_picked":["Guardian:Reroute","Guardian:Gem_Lightblue"],"picked":"Guardian:PrismaticBeam","floor":5.0},{"not_picked":["Guardian:CrystalBeam","Guardian:ShieldSpikes"],"picked":"Guardian:Gem_Cyan","floor":8.0},{"not_picked":["Guardian:Planning","Guardian:ShieldCharger"],"picked":"Guardian:MultiBeam","floor":9.0},{"not_picked":["Guardian:GuardianWhirl","Guardian:PiercingHide"],"picked":"Guardian:BaubleBeam","floor":10.0},{"not_picked":["Guardian:CrystalBeam","Guardian:TemporalShield"],"picked":"Guardian:Gem_Cyan","floor":11.0},{"not_picked":["Guardian:RefractedBeam","Guardian:Harden"],"picked":"Guardian:Gem_Cyan","floor":15}],"player_experience":1115926,"relics_obtained":[{"floor":7.0,"key":"Juzu Bracelet"}],"event_choices":[],"is_beta":false,"boss_relics":[],"items_purged_floors":[],"is_endless":false,"potions_floor_spawned":[5,8,9],"killed_by":"WA_ARCHETYPE_RETAIN","ascension_level":0}}