{"host":"36qke0usa4c48kdx","time":1612863943,"event":{"mods":["AchievementEnabler","BaseMod","Colored Map","Downfall","Hermit","Marisa????????","Minty Spire (QoL Compilation)","READ ME - Guardian Mod","Replay The Spire","StSLib","The Bug Knight","The Cursed","The Disciple","The Jungle","The Servant 0.9.4"],"gold_per_floor":[367,442,53,66,66,66,92,92,116,141,151,165,165,179,179,277,277,295,295,312,69,83,110,130,162,162,162,190,190,220,234,234,336,336,347,347,106,106,176,210,242,242,290,302,302,352,364,415,415,435,435,435,57,87,87,87],"floor_reached":55,"language":"ENG","playtime":5920,"items_purged":["Defend_S","Defend_S","Delirium"],"score":1045,"play_id":"32b0b8e7-b80c-4081-adea-904f8e406577","local_time":"20210209104543","is_ascension_mode":true,"campfire_choices":[{"data":"StarChef","floor":6.0,"key":"SMITH"},{"floor":8.0,"key":"REST"},{"data":"Orbit","floor":15.0,"key":"SMITH"},{"data":"SoulSculpture","floor":27.0,"key":"SMITH"},{"data":"SoulSculpture","floor":29.0,"key":"SMITH"},{"data":"LightFlow","floor":32.0,"key":"SMITH"},{"floor":45.0,"key":"RECALL"},{"floor":49.0,"key":"REST"},{"data":"Sunlight","floor":52,"key":"SMITH"}],"circlet_count":0,"master_deck":["Strike_S","Defend_S","KidneyShot","Exchange","Orbit+1","SurpressingFire","StarChef+1","Luminosity","Contraction","Barrier","SoulSculpture+1","RealityMarble+1","Defy+1","Rearm","LightFlow+1","SoulSculpture+1","Sunlight+1","PanicButton","Chrysalis","HandOfGreed","Read+1","Writhe","Moondial","DualDimension+1","BottledTime+1","Rearm+1"],"relics":["SplendidAttire","Meat on the Bone","Replay:Bottled Snecko","ReplayFunnel","Vajra","Philosopher\u0027s Stone","theJungle:SpiritDisease","Strange Spoon","ReplayTheSpireMod:Shallot","Ice Cream","Spirit Poop","White Beast Statue","Bronze Scales","ReplayTheSpireMod:Ring of Collecting","Gremlin Horn","Pocketwatch","Letter Opener","ReplayTheSpireMod:Ring of Addiction","Potion Belt","Toy Ornithopter","Replay:Kaleidoscope","Singing Bowl","Garlic","Eternal Feather"],"acts_visited":["Exordium","theJungle:Jungle","TheBeyond","TheEnding"],"potions_floor_usage":[54,54,55,55],"damage_taken":[{"damage":3.0,"enemies":"Small Slimes","floor":1.0,"turns":3.0},{"damage":8.0,"enemies":"Jaw Worm","floor":4.0,"turns":3.0},{"damage":20.0,"enemies":"3 Sentries","floor":7.0,"turns":3.0},{"damage":34.0,"enemies":"Lagavulin","floor":10.0,"turns":7.0},{"damage":0.0,"enemies":"Cultist","floor":11.0,"turns":2.0},{"damage":0.0,"enemies":"Large Slime","floor":12.0,"turns":3.0},{"damage":0.0,"enemies":"Blue Slaver","floor":14.0,"turns":5.0},{"damage":14.0,"enemies":"The Guardian","floor":16.0,"turns":11.0},{"damage":25.0,"enemies":"theJungle:5_Spyders","floor":18.0,"turns":8.0},{"damage":7.0,"enemies":"theJungle:MUSHROOMGANG","floor":20.0,"turns":5.0},{"damage":14.0,"enemies":"theJungle:SlimyTreeVines","floor":22.0,"turns":10.0},{"damage":4.0,"enemies":"theJungle:Cassacara","floor":23.0,"turns":7.0},{"damage":13.0,"enemies":"theJungle:2_Snecko_Cultists","floor":24.0,"turns":4.0},{"damage":2.0,"enemies":"theJungle:MamaSnecko","floor":25.0,"turns":4.0},{"damage":6.0,"enemies":"theJungle:Cassacara","floor":28.0,"turns":4.0},{"damage":0.0,"enemies":"theJungle:MamaSnecko","floor":30.0,"turns":4.0},{"damage":11.0,"enemies":"theJungle:Snecko_Cultist_And_Trap","floor":31.0,"turns":3.0},{"damage":0.0,"enemies":"theJungle:QueenSpyder","floor":33.0,"turns":5.0},{"damage":41.0,"enemies":"3 Shapes","floor":35.0,"turns":3.0},{"damage":46.0,"enemies":"2 Orb Walkers","floor":39.0,"turns":3.0},{"damage":0.0,"enemies":"R_Hoarder","floor":40.0,"turns":6.0},{"damage":0.0,"enemies":"3 Darklings","floor":41.0,"turns":2.0},{"damage":0.0,"enemies":"Writhing Mass","floor":44.0,"turns":3.0},{"damage":5.0,"enemies":"Mind Bloom Boss Battle","floor":46.0,"turns":7.0},{"damage":21.0,"enemies":"Sphere and 2 Shapes","floor":47.0,"turns":2.0},{"damage":0.0,"enemies":"Giant Head","floor":48.0,"turns":10.0},{"damage":9,"enemies":"Time Eater","floor":50,"turns":11},{"damage":23,"enemies":"Shield and Spear","floor":54,"turns":6},{"damage":57,"enemies":"The Heart","floor":55,"turns":3}],"seed_played":"-2814915299844144670","potions_obtained":[{"floor":1.0,"key":"Explosive Potion"},{"floor":5.0,"key":"Cursed Concoction"},{"floor":5.0,"key":"PowerPotion"},{"floor":10.0,"key":"ColorlessPotion"},{"floor":11.0,"key":"Swift Potion"},{"floor":22.0,"key":"EntropicBrew"},{"floor":25.0,"key":"Weak Potion"},{"floor":28.0,"key":"SkillPotion"},{"floor":30.0,"key":"Explosive Potion"},{"floor":33.0,"key":"Elixir"},{"floor":35.0,"key":"Ancient Potion"},{"floor":39.0,"key":"PowerPotion"},{"floor":40.0,"key":"PowerPotion"},{"floor":41.0,"key":"LifebloodPotion"},{"floor":43.0,"key":"EssenceOfSteel"},{"floor":43.0,"key":"SteroidPotion"},{"floor":44.0,"key":"SpeedPotion"},{"floor":46.0,"key":"sneckomod:MuddlingPotion"},{"floor":47.0,"key":"ColorlessPotion"},{"floor":54,"key":"Strength Potion"}],"is_trial":false,"path_per_floor":["M","?","$","M","?","R","E","R","T","E","M","M","?","M","R","B",null,"M","?","M","$","M","E","M","E","T","R","E","R","E","M","R","B",null,"M","?","$","?","?","E","M","?","T","M","R","?","M","E","R","B",null,"R","$","E","B"],"character_chosen":"THE_SERVANT","items_purchased":["Meat on the Bone","SurpressingFire","Strange Spoon","Gremlin Horn","Garlic"],"campfire_rested":2,"item_purchase_floors":[3,3,21,37,53],"current_hp_per_floor":[44,33,33,37,37,37,29,48,48,26,38,38,31,43,43,41,65,40,40,33,33,37,33,32,42,42,42,36,36,36,37,37,37,65,36,36,36,26,25,37,37,53,53,63,63,60,39,39,58,49,63,63,63,43,0,0],"gold":87,"neow_bonus":"TWO_FIFTY_GOLD","is_daily":false,"chose_seed":false,"campfire_upgraded":6,"win_rate":0.0,"timestamp":1612863943,"path_taken":["M","?","$","M","?","R","E","R","T","E","M","?","?","M","R","BOSS","M","?","M","$","M","E","M","E","T","R","E","R","E","M","R","BOSS","M","?","$","?","?","E","M","?","T","M","R","?","?","E","R","BOSS","R","$","E","BOSS"],"items_purchased_type":["Relic","Card","Relic","Relic","Relic"],"build_version":"2020-12-22","purchased_purges":3,"victory":false,"max_hp_per_floor":[65,65,65,65,65,65,65,65,65,65,65,65,65,65,65,65,65,65,65,65,65,65,65,65,65,65,65,65,65,65,65,65,65,65,65,65,65,65,65,65,65,65,65,65,65,65,65,65,65,65,63,63,63,63,63,63],"card_choices":[{"not_picked":["FastForward","DancingSilver"],"picked":"Orbit","floor":1.0},{"not_picked":["Moondial","MoonPhase"],"picked":"StarChef","floor":4.0},{"not_picked":["DoubleEdge","ForgedInTime"],"picked":"Luminosity","floor":7.0},{"not_picked":["DancingSilver","Rewind","FanOfKnives"],"picked":"SKIP","floor":10.0},{"not_picked":["Rewind","Unruled"],"picked":"Contraction","floor":11.0},{"not_picked":["TimeWarp","Unruled"],"picked":"Barrier","floor":12.0},{"not_picked":["Barrier","Unruled","Shuttle"],"picked":"SKIP","floor":14.0},{"not_picked":["PendulumOfEternity","LightFlow"],"picked":"SoulSculpture","floor":16.0},{"not_picked":["Ricochet","Sabotage"],"picked":"RealityMarble+1","floor":18.0},{"not_picked":["ShatteredReality+1","Spin+1"],"picked":"Defy+1","floor":20.0},{"not_picked":["Unruled","Ricochet"],"picked":"Rearm","floor":22.0},{"not_picked":["DoubleEdge","Replace"],"picked":"LightFlow","floor":23.0},{"not_picked":["Ricochet","Replace","Potential"],"picked":"SKIP","floor":24.0},{"not_picked":["Ricochet","BottledTime+1"],"picked":"SoulSculpture","floor":25.0},{"not_picked":["Hightail","Ricochet+1","Revamp"],"picked":"SKIP","floor":28.0},{"not_picked":["Sabotage","Starlight+1","Potential"],"picked":"SKIP","floor":30.0},{"not_picked":["DoubleEdge","ShatteredReality+1","Unruled"],"picked":"SKIP","floor":31.0},{"not_picked":["Duplication","Dilation"],"picked":"Sunlight","floor":33.0},{"not_picked":["FanOfKnives+1","Starlight+1","Spin"],"picked":"SKIP","floor":35.0},{"not_picked":["Apotheosis","Replay:Bootleg Shield Generator"],"picked":"PanicButton","floor":38.0},{"not_picked":["Madness","Good Instincts"],"picked":"Chrysalis","floor":38.0},{"not_picked":["Madness","Secret Technique"],"picked":"HandOfGreed","floor":38.0},{"not_picked":["Manipulate","Replace+1"],"picked":"Read+1","floor":40.0},{"not_picked":["TimeWarp+1","Alleviate","Manipulate"],"picked":"SKIP","floor":41.0},{"not_picked":["Collapse","Manipulate"],"picked":"Moondial","floor":44.0},{"not_picked":["ShatteredReality+1","Hightail"],"picked":"DualDimension+1","floor":46.0},{"not_picked":["Shuttle+1","WasteNot+1"],"picked":"BottledTime+1","floor":47.0},{"not_picked":["Spin+1","SpecialFormula+1"],"picked":"Rearm+1","floor":48.0},{"not_picked":["Replace+1","Alleviate+1","Revamp+1"],"picked":"Singing Bowl","floor":54}],"player_experience":751336,"relics_obtained":[{"floor":7.0,"key":"Replay:Bottled Snecko"},{"floor":9.0,"key":"ReplayFunnel"},{"floor":10.0,"key":"Vajra"},{"floor":23.0,"key":"ReplayTheSpireMod:Shallot"},{"floor":25.0,"key":"Ice Cream"},{"floor":26.0,"key":"Spirit Poop"},{"floor":28.0,"key":"White Beast Statue"},{"floor":30.0,"key":"Bronze Scales"},{"floor":36.0,"key":"ReplayTheSpireMod:Ring of Collecting"},{"floor":39.0,"key":"Pocketwatch"},{"floor":40.0,"key":"Letter Opener"},{"floor":43.0,"key":"ReplayTheSpireMod:Ring of Addiction"},{"floor":43.0,"key":"Potion Belt"},{"floor":43.0,"key":"Toy Ornithopter"},{"floor":46.0,"key":"Replay:Kaleidoscope"},{"floor":48.0,"key":"Singing Bowl"},{"floor":54,"key":"Eternal Feather"}],"event_choices":[{"damage_healed":0.0,"max_hp_gain":0.0,"max_hp_loss":0.0,"gold_gain":75.0,"event_name":"World of Goop","player_choice":"Gather Gold","floor":2.0,"gold_loss":0.0,"damage_taken":11.0},{"damage_healed":0.0,"max_hp_gain":0.0,"max_hp_loss":0.0,"gold_gain":0.0,"event_name":"Lab","player_choice":"Got Potions","floor":5.0,"gold_loss":0.0,"damage_taken":0.0},{"cards_removed":["Strike_S"],"damage_healed":0.0,"max_hp_gain":0.0,"max_hp_loss":0.0,"gold_gain":0.0,"event_name":"Golden Wing","player_choice":"Card Removal","floor":13.0,"gold_loss":0.0,"damage_taken":7.0},{"damage_healed":0.0,"max_hp_gain":0.0,"max_hp_loss":0.0,"gold_gain":0.0,"event_name":"SensoryStone","player_choice":"Memory 3","floor":38.0,"gold_loss":0.0,"damage_taken":10.0},{"damage_healed":0.0,"max_hp_gain":0.0,"max_hp_loss":0.0,"gold_gain":0.0,"event_name":"Mysterious Sphere","player_choice":"Fight","floor":39.0,"gold_loss":0.0,"damage_taken":0.0},{"damage_healed":16.0,"max_hp_gain":0.0,"max_hp_loss":0.0,"gold_gain":0.0,"event_name":"Winding Halls","player_choice":"Writhe","floor":42.0,"gold_loss":0.0,"damage_taken":0.0,"cards_obtained":["Writhe"]},{"damage_healed":0.0,"max_hp_gain":0.0,"max_hp_loss":0.0,"gold_gain":0.0,"event_name":"MindBloom","player_choice":"Fight","floor":46.0,"gold_loss":0.0,"damage_taken":0.0}],"is_beta":false,"boss_relics":[{"not_picked":["Honey Jar","Coffee Dripper"],"picked":"Philosopher\u0027s Stone"},{"not_picked":["Replay:Wanted Poster","Empty Cage"],"picked":"SplendidAttire"}],"items_purged_floors":[3,21,53],"is_endless":false,"potions_floor_spawned":[1,10,11,22,25,28,30,31,33,35,39,40,41,44,46,47,48,54],"killed_by":"The Heart","ascension_level":3}}