{"host":"axuns55dzq466eei","time":1612883183,"event":{"mods":["BaseMod","Colored Map","Keyboard Shortcuts","Minty Spire (QoL Compilation)","StSLib","SuperFastMode"],"gold_per_floor":[117,117,129,129,179,211,223,233,259,272,272,283,315,326,326,400,400,414,414,414,334,334],"floor_reached":21,"language":"KOR","playtime":688,"items_purged":[],"score":382,"play_id":"fa590b77-c45e-414b-b006-bf487ff4b3b9","local_time":"20210210000623","is_ascension_mode":true,"campfire_choices":[{"floor":11,"key":"REST"},{"data":"Blood for Blood","floor":15,"key":"SMITH"}],"circlet_count":0,"master_deck":["AscendersBane","Strike_R","Strike_R","Defend_R","Defend_R","Defend_R","Defend_R","Bash","Heavy Blade","Twin Strike","Battle Trance","Power Through","Fiend Fire","Blood for Blood+1","Ghostly Armor","Pommel Strike","Wild Strike","Feed","Pommel Strike","Dropkick"],"relics":["Burning Blood","Art of War","Regal Pillow","Dream Catcher","Runic Pyramid"],"acts_visited":["Exordium","TheCity"],"potions_floor_usage":[8,10,16,16],"damage_taken":[{"damage":1,"enemies":"Cultist","floor":1,"turns":3},{"damage":2,"enemies":"2 Louse","floor":3,"turns":3},{"damage":60,"enemies":"3 Sentries","floor":6,"turns":10},{"damage":0,"enemies":"Jaw Worm","floor":7,"turns":3},{"damage":0,"enemies":"2 Fungi Beasts","floor":8,"turns":3},{"damage":7,"enemies":"Large Slime","floor":10,"turns":5},{"damage":2,"enemies":"Looter","floor":12,"turns":4},{"damage":21,"enemies":"Gremlin Nob","floor":13,"turns":4},{"damage":7,"enemies":"2 Fungi Beasts","floor":14,"turns":3},{"damage":38,"enemies":"Slime Boss","floor":16,"turns":10},{"damage":24,"enemies":"Chosen","floor":18,"turns":5},{"damage":44,"enemies":"2 Thieves","floor":21,"turns":2}],"seed_played":"-4588327519747942376","potions_obtained":[{"floor":6,"key":"FearPotion"},{"floor":7,"key":"Swift Potion"},{"floor":12,"key":"Dexterity Potion"},{"floor":13,"key":"AttackPotion"},{"floor":16,"key":"Ancient Potion"}],"is_trial":false,"path_per_floor":["M","?","M","?","?","E","M","M","T","M","R","M","E","M","R","B",null,"M","?","?","M"],"character_chosen":"IRONCLAD","items_purchased":[],"campfire_rested":1,"item_purchase_floors":[],"current_hp_per_floor":[73,73,75,68,61,7,13,19,19,18,55,59,44,43,43,11,59,44,44,44,0,0],"gold":334,"neow_bonus":"TRANSFORM_CARD","is_daily":false,"chose_seed":false,"campfire_upgraded":1,"win_rate":0.0,"timestamp":1612883183,"path_taken":["M","?","M","?","?","E","M","?","T","M","R","M","E","M","R","BOSS","M","?","?","M"],"items_purchased_type":[],"build_version":"2020-12-22","purchased_purges":0,"victory":false,"max_hp_per_floor":[75,75,75,75,75,75,75,75,75,75,75,75,75,75,75,75,75,78,78,78,78,78],"card_choices":[{"not_picked":["Sever Soul","Armaments"],"picked":"Twin Strike","floor":1},{"not_picked":["Havoc","Burning Pact"],"picked":"Battle Trance","floor":3},{"not_picked":["Iron Wave","Sword Boomerang"],"picked":"Power Through","floor":6},{"not_picked":["Headbutt","Warcry"],"picked":"Fiend Fire","floor":7},{"not_picked":["Iron Wave","True Grit"],"picked":"Blood for Blood","floor":8},{"not_picked":["Havoc","Twin Strike"],"picked":"Ghostly Armor","floor":10},{"not_picked":["Dark Embrace","Body Slam"],"picked":"Pommel Strike","floor":12},{"not_picked":["Entrench","Warcry","Havoc"],"picked":"SKIP","floor":13},{"not_picked":["Anger","Body Slam"],"picked":"Wild Strike","floor":14},{"not_picked":["Barricade","Berserk"],"picked":"Feed","floor":16},{"not_picked":["Whirlwind","Iron Wave"],"picked":"Pommel Strike","floor":18}],"player_experience":1126120,"relics_obtained":[{"floor":6,"key":"Art of War"},{"floor":9,"key":"Regal Pillow"},{"floor":13,"key":"Dream Catcher"}],"event_choices":[{"cards_removed":["Strike_R"],"damage_healed":0,"gold_gain":0,"player_choice":"Forget","damage_taken":0,"max_hp_gain":0,"max_hp_loss":0,"event_name":"Living Wall","floor":2,"gold_loss":0},{"cards_removed":["Strike_R"],"damage_healed":0,"gold_gain":0,"player_choice":"Card Removal","damage_taken":7,"max_hp_gain":0,"max_hp_loss":0,"event_name":"Golden Wing","floor":4,"gold_loss":0},{"damage_healed":0,"gold_gain":50,"player_choice":"Touch","damage_taken":7,"max_hp_gain":0,"max_hp_loss":0,"event_name":"FaceTrader","floor":5,"gold_loss":0},{"damage_healed":0,"gold_gain":0,"player_choice":"Read","damage_taken":0,"max_hp_gain":0,"max_hp_loss":0,"event_name":"The Library","floor":19,"gold_loss":0,"cards_obtained":["Dropkick"]},{"damage_healed":0,"gold_gain":0,"player_choice":"Ignored","damage_taken":0,"max_hp_gain":0,"max_hp_loss":0,"event_name":"The Mausoleum","floor":20,"gold_loss":0}],"is_beta":false,"boss_relics":[{"not_picked":["Black Star","Runic Dome"],"picked":"Runic Pyramid"}],"items_purged_floors":[],"is_endless":false,"potions_floor_spawned":[6,7,12,13,16],"killed_by":"2 Thieves","ascension_level":20}}