{"host":"at5b10nm0iti0w4x","time":1612911343,"event":{"mods":["2.2 Compatiblity","AchievementEnabler","BaseMod","Bestiary","Block Reminder","Colored Map","Colored Powertips","Highlight Path","Keyboard Shortcuts","Minty Spire (QoL Compilation)","Relic Stats","Slay the Relics Exporter","StSLib","SuperFastMode","Unknown Chances"],"gold_per_floor":[117,117,292,252,266,266,276,288,288,301,314,330,12,12,12,116,116,127,143,143,154,0,0,0,0,0,20,35,35,35,35,35,134,134,146,146,146,160,175,175,194,194,194,208,222,222,44,44,44],"floor_reached":48,"language":"ENG","playtime":2176,"items_purged":[],"score":426,"play_id":"2dcefc7e-51fa-4ce7-ab7e-322cd5cea5db","local_time":"20210209175543","is_ascension_mode":false,"campfire_choices":[{"data":"Disarm","floor":6,"key":"SMITH"},{"floor":15,"key":"REST"},{"data":"Berserk","floor":23,"key":"SMITH"},{"data":"Bandage Up","floor":25,"key":"SMITH"},{"floor":29,"key":"REST"},{"data":"Bash","floor":32,"key":"SMITH"},{"floor":40,"key":"REST"},{"floor":42,"key":"REST"}],"circlet_count":0,"master_deck":["Strike_R+1","Strike_R+1","Strike_R+1","Strike_R+1","Strike_R+1","Defend_R+1","Defend_R+1","Defend_R+1","Defend_R+1","Bash+1","Perfected Strike+1","Disarm+1","Clothesline","Metallicize","Iron Wave","Berserk+1","Bandage Up+1","Mayhem","Heavy Blade","Offering","Disarm","Searing Blow","Thunderclap+1","Reaper","Dropkick+1","Transmutation","Pummel","Fire Breathing+1"],"relics":["Snecko Eye"],"acts_visited":["Exordium","TheCity","TheBeyond"],"potions_floor_usage":[39,45,45,45,45,45,48,48,48],"damage_taken":[{"damage":0,"enemies":"Small Slimes","floor":1,"turns":2},{"damage":8,"enemies":"2 Louse","floor":5,"turns":2},{"damage":6,"enemies":"Jaw Worm","floor":7,"turns":3},{"damage":5,"enemies":"Lots of Slimes","floor":8,"turns":4},{"damage":5,"enemies":"Exordium Thugs","floor":10,"turns":5},{"damage":4,"enemies":"Exordium Wildlife","floor":11,"turns":3},{"damage":5,"enemies":"Looter","floor":12,"turns":3},{"damage":36,"enemies":"The Guardian","floor":16,"turns":9},{"damage":7,"enemies":"Shell Parasite","floor":18,"turns":6},{"damage":9,"enemies":"3 Byrds","floor":19,"turns":8},{"damage":33,"enemies":"Centurion and Healer","floor":21,"turns":7},{"damage":14,"enemies":"Snecko","floor":27,"turns":5},{"damage":21,"enemies":"Chosen and Byrds","floor":28,"turns":7},{"damage":66,"enemies":"Automaton","floor":33,"turns":10},{"damage":23,"enemies":"3 Shapes","floor":35,"turns":7},{"damage":18,"enemies":"Orb Walker","floor":38,"turns":3},{"damage":38,"enemies":"Sphere and 2 Shapes","floor":39,"turns":6},{"damage":21,"enemies":"Maw","floor":41,"turns":8},{"damage":34,"enemies":"4 Shapes","floor":44,"turns":9},{"damage":34,"enemies":"Jaw Worm Horde","floor":45,"turns":3},{"damage":27,"enemies":"Transient","floor":48,"turns":5}],"seed_played":"8537082442064740233","potions_obtained":[{"floor":1,"key":"FearPotion"},{"floor":4,"key":"DuplicationPotion"},{"floor":4,"key":"Fire Potion"},{"floor":10,"key":"Energy Potion"},{"floor":39,"key":"EntropicBrew"}],"is_trial":false,"path_per_floor":["M","?","?","?","M","R","M","M","T","M","M","M","$","$","R","B",null,"M","M","?","M","?","R","?","R","T","M","M","R","$","?","R","B",null,"M","?","?","M","M","R","M","R","T","M","M","?","$","M"],"character_chosen":"IRONCLAD","items_purchased":["Bandage Up","Mayhem","Heavy Blade","EssenceOfSteel","Fire Potion","AttackPotion"],"campfire_rested":4,"item_purchase_floors":[13,13,13,47,47,47],"current_hp_per_floor":[80,64,64,64,56,56,50,45,45,40,36,31,31,31,55,23,80,77,72,72,43,43,43,43,43,43,35,20,44,44,70,70,10,80,66,66,56,44,18,42,31,55,55,35,15,15,15,0,0],"gold":44,"neow_bonus":"BOSS_RELIC","is_daily":false,"chose_seed":false,"campfire_upgraded":4,"win_rate":0.0,"timestamp":1612911343,"path_taken":["M","?","?","?","M","R","M","M","T","?","M","M","?","$","R","BOSS","M","M","?","M","?","R","?","R","T","M","?","R","$","?","R","BOSS","M","?","?","M","M","R","M","R","T","M","M","?","$","?"],"items_purchased_type":["Card","Card","Card","Potion","Potion","Potion"],"build_version":"2020-12-22","purchased_purges":0,"victory":false,"max_hp_per_floor":[80,80,80,80,80,80,80,80,80,80,80,80,80,80,80,80,80,80,80,80,80,80,80,80,80,80,80,80,80,80,80,80,80,80,80,80,80,80,80,80,80,80,80,80,80,80,80,80,80],"relic_stats":{"counters":[21,115],"Snecko Eye":[200,206,175,199],"obtain_stats":[{"Snecko Eye":0,"Burning Blood":0},{"Snecko Eye":0,"Burning Blood":0},{"Snecko Eye":0,"Burning Blood":0}]},"card_choices":[{"not_picked":["Feel No Pain","Armaments"],"picked":"Perfected Strike","floor":1},{"not_picked":["Sword Boomerang","Body Slam"],"picked":"Disarm","floor":5},{"not_picked":["Body Slam","Entrench"],"picked":"Clothesline","floor":7},{"not_picked":["Armaments","Cleave"],"picked":"Metallicize","floor":8},{"not_picked":["Cleave","Shrug It Off"],"picked":"Iron Wave","floor":10},{"not_picked":["Wild Strike","Twin Strike","Sword Boomerang"],"picked":"SKIP","floor":11},{"not_picked":["Infernal Blade","Shrug It Off"],"picked":"Berserk","floor":12},{"not_picked":["Limit Break","Fiend Fire"],"picked":"Offering","floor":16},{"not_picked":["Reckless Charge+1","Sentinel","Bloodletting"],"picked":"SKIP","floor":18},{"not_picked":["Pummel+1","True Grit"],"picked":"Disarm","floor":19},{"not_picked":["Anger","Twin Strike","Hemokinesis"],"picked":"SKIP","floor":21},{"not_picked":["Cleave","Burning Pact"],"picked":"Searing Blow","floor":27},{"not_picked":["Feed","Body Slam+1"],"picked":"Thunderclap+1","floor":28},{"not_picked":["Bludgeon","Brutality"],"picked":"Reaper","floor":33},{"not_picked":["Combust","Shrug It Off"],"picked":"Dropkick+1","floor":35},{"not_picked":["PanicButton","Panacea"],"picked":"Transmutation","floor":37},{"not_picked":["Clash+1","Flex","True Grit+1"],"picked":"SKIP","floor":38},{"not_picked":["Inflame","Flex","Thunderclap"],"picked":"SKIP","floor":39},{"not_picked":["Twin Strike","Cleave+1"],"picked":"Pummel","floor":41},{"not_picked":["Flex","Whirlwind"],"picked":"Entrench","floor":44},{"not_picked":["Inflame","Thunderclap+1"],"picked":"Fire Breathing+1","floor":45}],"player_experience":84020,"relics_obtained":[],"event_choices":[{"damage_healed":0,"gold_gain":0,"player_choice":"Entered Light","damage_taken":16,"max_hp_gain":0,"max_hp_loss":0,"event_name":"Shining Light","floor":2,"gold_loss":0,"cards_upgraded":["Strike_R","Perfected Strike"]},{"damage_healed":0,"gold_gain":175,"player_choice":"AGREE","damage_taken":0,"max_hp_gain":0,"max_hp_loss":0,"event_name":"Liars Game","floor":3,"gold_loss":0,"cards_obtained":["Doubt"]},{"damage_healed":0,"gold_gain":0,"player_choice":"Bought 3 Potions","damage_taken":0,"max_hp_gain":0,"max_hp_loss":0,"event_name":"The Woman in Blue","floor":4,"gold_loss":0},{"damage_healed":0,"gold_gain":0,"player_choice":"Simplicity","damage_taken":0,"max_hp_gain":0,"max_hp_loss":0,"event_name":"Back to Basics","floor":20,"gold_loss":0,"cards_upgraded":["Strike_R","Strike_R","Strike_R","Strike_R","Defend_R","Defend_R","Defend_R","Defend_R"]},{"damage_healed":0,"gold_gain":0,"player_choice":"Paid Fearfully","damage_taken":0,"max_hp_gain":0,"max_hp_loss":0,"event_name":"Masked Bandits","floor":22,"gold_loss":154},{"cards_removed":["Doubt"],"damage_healed":0,"gold_gain":0,"player_choice":"Removed Curses","damage_taken":0,"max_hp_gain":0,"max_hp_loss":0,"event_name":"Fountain of Cleansing","floor":24,"gold_loss":0},{"damage_healed":26,"gold_gain":0,"player_choice":"Heal","damage_taken":0,"max_hp_gain":0,"max_hp_loss":0,"event_name":"The Library","floor":31,"gold_loss":0},{"damage_healed":0,"gold_gain":0,"player_choice":"Ignored","damage_taken":0,"max_hp_gain":0,"max_hp_loss":0,"event_name":"Mysterious Sphere","floor":36,"gold_loss":0},{"damage_healed":0,"gold_gain":0,"player_choice":"Memory 3","damage_taken":10,"max_hp_gain":0,"max_hp_loss":0,"event_name":"SensoryStone","floor":37,"gold_loss":0},{"cards_removed":["Entrench"],"damage_healed":0,"gold_gain":0,"player_choice":"Removed Skill","damage_taken":0,"max_hp_gain":0,"max_hp_loss":0,"event_name":"Falling","floor":46,"gold_loss":0}],"is_beta":false,"boss_relics":[{"not_picked":["Coffee Dripper","Empty Cage","Pandora\u0027s Box"]},{"not_picked":["Coffee Dripper","Empty Cage","Pandora\u0027s Box"]}],"items_purged_floors":[],"is_endless":false,"potions_floor_spawned":[1,8,10,27,28,39,41],"killed_by":"Transient","ascension_level":0}}