{"host":"a1eatafr7pisesky","time":1612859082,"event":{"mods":["AchievementEnabler","BaseMod","Colored Map","Keyboard Shortcuts","Minty Spire (QoL Compilation)","Say the Spire","StSLib","SuperFastMode","everything is the same but u backflip on backflip"],"gold_per_floor":[116,136,60,135,135,135,54,54,54,82,96,130,130,150,150,238,297,319,342,367,417,1,1,35,35,88,115,115,144,169,196,196,196,196],"floor_reached":33,"language":"KOR","playtime":830,"items_purged":[],"score":572,"play_id":"900e946e-1e6a-407c-beb1-480495c83dac","local_time":"20210209172442","is_ascension_mode":true,"campfire_choices":[{"data":"Recycle","floor":6.0,"key":"SMITH"},{"data":"Defragment","floor":8.0,"key":"SMITH"},{"data":"Genetic Algorithm","floor":13.0,"key":"SMITH"},{"floor":15.0,"key":"REST"},{"floor":23.0,"key":"REST"},{"data":"Turbo","floor":25,"key":"SMITH"},{"floor":28,"key":"REST"},{"data":"Ghostly","floor":32,"key":"SMITH"}],"circlet_count":0,"master_deck":["AscendersBane","Strike_B","Strike_B","Strike_B","Strike_B","Defend_B","Defend_B","Defend_B+1","Defend_B","Zap","Dualcast+1","Sweeping Beam","White Noise","Recycle+1","Defragment+1","Coolheaded","Rebound","Genetic Algorithm+1","Turbo+1","Meteor Strike","Go for the Eyes+1","Consume","Cold Snap+1","Hologram+1","Biased Cognition","Cold Snap","Cold Snap+1","Ghostly","Ghostly","Ghostly+1"],"relics":["Cracked Core","NeowsBlessing","Ginger","Bird Faced Urn","Pocketwatch","CeramicFish","Tiny House","Membership Card","Meat on the Bone","Bag of Preparation","War Paint","Whetstone","DataDisk"],"acts_visited":["Exordium","TheCity"],"potions_floor_usage":[24,27,33],"damage_taken":[{"damage":0.0,"enemies":"Jaw Worm","floor":1.0,"turns":1.0},{"damage":0.0,"enemies":"Small Slimes","floor":2.0,"turns":1.0},{"damage":0.0,"enemies":"Gremlin Nob","floor":10.0,"turns":1.0},{"damage":2.0,"enemies":"Cultist","floor":11.0,"turns":4.0},{"damage":17.0,"enemies":"Lagavulin","floor":12.0,"turns":6.0},{"damage":21.0,"enemies":"Exordium Thugs","floor":14.0,"turns":3.0},{"damage":23.0,"enemies":"Slime Boss","floor":16.0,"turns":7.0},{"damage":44.0,"enemies":"Shell Parasite","floor":18.0,"turns":7.0},{"damage":22.0,"enemies":"3 Byrds","floor":19.0,"turns":8.0},{"damage":20.0,"enemies":"Snake Plant","floor":20.0,"turns":4.0},{"damage":34,"enemies":"Slavers","floor":24,"turns":5},{"damage":20,"enemies":"Book of Stabbing","floor":27,"turns":7},{"damage":13,"enemies":"3 Cultists","floor":29,"turns":7},{"damage":13,"enemies":"Cultist and Chosen","floor":30,"turns":8},{"damage":47,"enemies":"Automaton","floor":33,"turns":12}],"seed_played":"-350420886894119446","potions_obtained":[{"floor":1.0,"key":"SkillPotion"},{"floor":12.0,"key":"DistilledChaos"},{"floor":17.0,"key":"Block Potion"},{"floor":18.0,"key":"FairyPotion"},{"floor":24,"key":"LiquidBronze"},{"floor":30,"key":"LiquidMemories"}],"is_trial":false,"path_per_floor":["M","M","$","?","?","R","$","R","T","E","M","E","R","M","R","B",null,"M","M","M","?","$","R","E","R","T","E","R","M","M","?","R","B"],"character_chosen":"DEFECT","items_purchased":["Recycle","Defragment","Membership Card","Meat on the Bone","Bag of Preparation","AttackPotion"],"campfire_rested":3,"item_purchase_floors":[3,7,22,22,22,22],"current_hp_per_floor":[64,64,64,53,48,48,48,48,48,48,50,37,37,18,39,20,63,23,5,13,13,13,35,17,17,17,15,37,44,47,38,38,0,0],"gold":196,"neow_bonus":"THREE_ENEMY_KILL","is_daily":false,"chose_seed":false,"campfire_upgraded":5,"win_rate":0.0,"timestamp":1612859082,"path_taken":["M","M","$","?","?","R","?","R","T","E","?","E","R","M","R","BOSS","M","M","M","?","$","R","E","R","T","E","R","M","M","?","R","BOSS"],"items_purchased_type":["Card","Card","Relic","Relic","Relic","Potion"],"build_version":"2020-12-22","purchased_purges":0,"victory":false,"max_hp_per_floor":[71,71,71,71,71,71,71,71,71,71,71,71,71,71,71,71,76,76,76,76,76,76,76,76,76,76,76,76,76,76,38,38,38,38],"card_choices":[{"not_picked":["Heatsinks","Stack"],"picked":"Sweeping Beam","floor":1.0},{"not_picked":["Steam","Undo"],"picked":"White Noise","floor":2.0},{"not_picked":["Sweeping Beam","Barrage"],"picked":"Coolheaded","floor":10.0},{"not_picked":["Leap","Skim"],"picked":"Rebound","floor":11.0},{"not_picked":["Go for the Eyes","Rebound"],"picked":"Genetic Algorithm","floor":12.0},{"not_picked":["Steam Power","Double Energy"],"picked":"Turbo","floor":14.0},{"not_picked":["Thunder Strike","Fission"],"picked":"Meteor Strike","floor":16.0},{"not_picked":["Steam","Stack"],"picked":"Go for the Eyes","floor":17.0},{"not_picked":["Redo+1","Compile Driver"],"picked":"Consume","floor":18.0},{"not_picked":["Streamline+1","White Noise"],"picked":"Cold Snap","floor":19.0},{"not_picked":["Barrage","Sunder"],"picked":"Hologram","floor":20.0},{"not_picked":["Beam Cell","Gash"],"picked":"Biased Cognition","floor":24},{"not_picked":["Reprogram","Redo","Steam"],"picked":"SKIP","floor":27},{"not_picked":["Turbo","Self Repair+1"],"picked":"Cold Snap","floor":29},{"not_picked":["Turbo","Steam"],"picked":"Cold Snap+1","floor":30}],"player_experience":430075,"relics_obtained":[{"floor":9.0,"key":"Bird Faced Urn"},{"floor":10.0,"key":"Pocketwatch"},{"floor":12.0,"key":"CeramicFish"},{"floor":24,"key":"War Paint"},{"floor":26,"key":"Whetstone"},{"floor":27,"key":"DataDisk"}],"event_choices":[{"damage_healed":0.0,"max_hp_gain":0.0,"max_hp_loss":0.0,"gold_gain":75.0,"event_name":"World of Goop","player_choice":"Gather Gold","floor":4.0,"gold_loss":0.0,"damage_taken":11.0},{"damage_healed":0.0,"max_hp_gain":0.0,"max_hp_loss":0.0,"gold_gain":0.0,"event_name":"Scrap Ooze","player_choice":"Success","floor":5.0,"gold_loss":0.0,"damage_taken":5.0,"relics_obtained":["Ginger"]},{"damage_healed":0.0,"max_hp_gain":0.0,"max_hp_loss":0.0,"gold_gain":50.0,"event_name":"Nest","player_choice":"Stole From Cult","floor":21.0,"gold_loss":0.0,"damage_taken":0.0},{"damage_healed":0,"gold_gain":0,"player_choice":"Became a Ghost","damage_taken":0,"max_hp_gain":0,"max_hp_loss":38,"event_name":"Ghosts","floor":31,"gold_loss":0,"cards_obtained":["Ghostly","Ghostly","Ghostly"]}],"is_beta":false,"boss_relics":[{"not_picked":["Runic Dome","Ectoplasm"],"picked":"Tiny House"}],"items_purged_floors":[],"is_endless":false,"potions_floor_spawned":[1,12,14,18,24,30],"killed_by":"Automaton","ascension_level":16}}