{"host":"onjcd8pn3ar4eq0z","time":1612869088,"event":{"mods":["2.2 Compatiblity","AchievementEnabler","Act Like it!","Aspiration","BaseMod","Bestiary","Better Note","Better Third Choice","BetterRewards","CapriCore","ChefMod","Colored Map","Colored Powertips","Conspire","Curses Come First","Downfall","Friendly Minions","Gensokyo","GifTheSpireLib","Gremlin Mod","Hallownest","Hermit","Highlight Path","Hubris","Infinite Spire","Jorbs\u0027s Wanderer Trilogy","Koishi","Lobotomy","LobotomyExtend","Marisa????????","Mimic Mod","Minty Spire (QoL Compilation)","Pale of the Ancients","Potionbrewer","Practice Mode","Relic Sorter","Reliquary","Remilia??????","Replay The Spire","Shop Mod","Spicy Shops","StSLib","Synergy Search","The Administrix","The Animator","The Blue Laboratory","The Bug Knight","The Construct","The Cursed","The Disciple","The Gatherer","The Hierophant","The Immortal","The Mystic","The Necromancer","The Runesmith","The Sage","The Servant 0.9.4","TheBandit","TheSwordswoman","Waifu the Spire","Wandering Minibosses","Yuyuko","noobMod"],"gold_per_floor":[99,113,127,52,52,28,51,1,11,11,11,23,35,51,65,94,94,198,198,48,62,107,142,154,154,180,180,233,250,275,304,304,141,176,273,273,23,58,88,135,160,441,441,468,493,443,443,393,268,268,268,310,13,13,45,45],"floor_reached":57,"language":"ENG","playtime":8981,"items_purged":[],"score":1287,"play_id":"d66fb490-4c18-414b-96a9-c3ca831df7ff","local_time":"20210209051128","is_ascension_mode":false,"campfire_choices":[{"floor":1.0,"key":"RECALL"},{"data":"Replay:SS_forest_2","floor":8.0,"key":"SMITH"},{"data":"Slimebound:Split","floor":20.0,"key":"SMITH"},{"data":"Slimebound:GoopSpray","floor":46.0,"key":"SMITH"},{"data":"Slimebound:OozeBath","floor":48.0,"key":"SMITH"},{"floor":54,"key":"REST"}],"circlet_count":0,"master_deck":["Slimebound:Strike_Slimebound","Slimebound:Strike_Slimebound","Slimebound:Tackle","Slimebound:Defend_Slimebound","Slimebound:Defend_Slimebound","Slimebound:Defend_Slimebound","Slimebound:Defend_Slimebound","Slimebound:Split+1","Slimebound:CorrosiveSpit","Slimebound:SplitAcid","Slimebound:Equalize","Slimebound:MassRepurpose+1","Replay:SS_forest_2+1","Slimebound:GoopSpray+1","Slimebound:Dissolve","Slimebound:Prepare","Slimebound:SplitAcid","Slimebound:Schlurp","Slimebound:LeechLife","Slimebound:RallyTheTroops","WitchOfGreed","Slimebound:OozeBath+1","LuminesStrike+1","MagicChant+1","bronze:Return","MaximisePower","6A","MachineGunSpark","StarBarrage","Slimebound:GrowthPunch","Slimebound:RainOfGoop","Slimebound:LeechEnergy+1","AbsoluteMagnitude","Robbery","SporeBomb","Slimebound:SlimeSpikes","Slimebound:Schlurp+1","MysteriousBeam+1","Slimebound:Schlurp+1","GravityBeat","Slimebound:SamplingLick+1","Slimebound:MassRepurpose","Slimebound:SplitLeeching+1","Slimebound:Schlurp"],"relics":["Slimebound:AbsorbEndCombat","ScarletDevilRocket","ice","Bronze Scales","LetterFromLob","Slimebound:GreedOozeRelic","reliquary:PorcupineQuills","Happy Flower","aspiration:MarisaSkillbook","downfall:HeartBlessingRed","infinitespire:Bottled Soul","conspire:BottledYoYo","Ring of Peace","Philosopher\u0027s Stone","downfall:HeartBlessingGreen","downfall:HeartBlessingBlue","reliquary:SharkskinSheath","Pantograph","aspiration:SeaSaltIceCream","aspiration:Nostalgia","m_SnakeBloodCore","Replay:Rubber Ducky","hubris:PeanutButter"],"acts_visited":["Exordium","TheCity","TheBeyond","TheEnding"],"potions_floor_usage":[55,55,55,56],"damage_taken":[{"damage":0.0,"enemies":"2 Louse","floor":2.0,"turns":2.0},{"damage":5.0,"enemies":"Small Slimes","floor":3.0,"turns":3.0},{"damage":3.0,"enemies":"downfall:FleeingMerchant","floor":6.0,"turns":4.0},{"damage":0.0,"enemies":"Cultist","floor":9.0,"turns":4.0},{"damage":0.0,"enemies":"3 Louse","floor":12.0,"turns":2.0},{"damage":13.0,"enemies":"Red Slaver","floor":13.0,"turns":2.0},{"damage":12.0,"enemies":"Gremlin Gang","floor":14.0,"turns":5.0},{"damage":21.0,"enemies":"Exordium Wildlife","floor":15.0,"turns":3.0},{"damage":14.0,"enemies":"Lagavulin","floor":16.0,"turns":5.0},{"damage":27.0,"enemies":"DF_ARCHETYPE_STREAMLINE","floor":18.0,"turns":7.0},{"damage":13.0,"enemies":"3 Byrds","floor":21.0,"turns":2.0},{"damage":12.0,"enemies":"Centurion and Healer","floor":22.0,"turns":5.0},{"damage":6.0,"enemies":"Chosen and Byrds","floor":23.0,"turns":3.0},{"damage":15.0,"enemies":"Snake Plant","floor":24.0,"turns":3.0},{"damage":30.0,"enemies":"Gremlin Leader","floor":28.0,"turns":5.0},{"damage":6.0,"enemies":"Shelled Parasite and Fungi","floor":29.0,"turns":3.0},{"damage":4.0,"enemies":"conspire:HollyBat","floor":30.0,"turns":7.0},{"damage":26.0,"enemies":"Centurion and Healer","floor":31.0,"turns":6.0},{"damage":6.0,"enemies":"downfall:FleeingMerchant","floor":33.0,"turns":4.0},{"damage":0.0,"enemies":"Shelled Parasite and Fungi","floor":34.0,"turns":4.0},{"damage":0.0,"enemies":"WA_ARCHETYPE_CALM","floor":35.0,"turns":4.0},{"damage":3.0,"enemies":"Orb Walker","floor":38.0,"turns":4.0},{"damage":12.0,"enemies":"3 Darklings","floor":39.0,"turns":5.0},{"damage":6.0,"enemies":"Spire Growth","floor":40.0,"turns":5.0},{"damage":36.0,"enemies":"Writhing Mass","floor":41.0,"turns":4.0},{"damage":56.0,"enemies":"Giant Head","floor":42.0,"turns":8.0},{"damage":0.0,"enemies":"Sphere and 2 Shapes","floor":44.0,"turns":6.0},{"damage":3.0,"enemies":"Maw","floor":45.0,"turns":6.0},{"damage":6.0,"enemies":"downfall:FleeingMerchant","floor":49.0,"turns":4.0},{"damage":4.0,"enemies":"SI_POISON_ARCHETYPE","floor":50.0,"turns":6.0},{"damage":64.0,"enemies":"downfall:CharBossMerchant","floor":52.0,"turns":5.0},{"damage":20,"enemies":"downfall:NeowBoss","floor":55,"turns":11},{"damage":41,"enemies":"downfall:NeowBossFinal","floor":56,"turns":8}],"seed_played":"-1335142035717745366","potions_obtained":[{"floor":9.0,"key":"Elixir"},{"floor":12.0,"key":"potionbrewer:SplittingPotion"},{"floor":13.0,"key":"blueLaboratory:SavagePotion"},{"floor":15.0,"key":"potionbrewer:NoxiousPotion"},{"floor":16.0,"key":"Block Potion"},{"floor":18.0,"key":"potionbrewer:InfectionPotion"},{"floor":22.0,"key":"Fire Potion"},{"floor":22.0,"key":"BlessingOfTheForge"},{"floor":22.0,"key":"Swift Potion"},{"floor":23.0,"key":"Ancient Potion"},{"floor":24.0,"key":"LiquidBronze"},{"floor":30.0,"key":"Slimebound:SpawnSlimePotion"},{"floor":34.0,"key":"Ancient Potion"},{"floor":34.0,"key":"hexamod:SoulburnPotion"},{"floor":37.0,"key":"potionbrewer:BoundlessPotion"},{"floor":37.0,"key":"EntropicBrew"},{"floor":40.0,"key":"blueLaboratory:PyrophylliteBrew"},{"floor":41.0,"key":"blueLaboratory:EnragingPotion"},{"floor":52.0,"key":"bronze:BurnAndBuffPotion"}],"is_trial":false,"path_per_floor":["R","M","M","?","?","$","T","R","M","PTL","PTL","M","M","M","M","E","M","B",null,"R_BF","M","M","M","M","?","T","?","E","M","M","M","?","$","M","B",null,"R_BF","M","M","M","M","E","T","M","M","R","?","R","$","B",null,"E","$","R","B","B",null],"character_chosen":"SLIMEBOUND","items_purchased":["Replay:SS_forest_2","Slimebound:RainOfGoop","aspiration:SeaSaltIceCream","Slimebound:MassRepurpose","ScarletDevilRocket","hubris:PeanutButter","Slimebound:Schlurp"],"campfire_rested":1,"item_purchase_floors":[6,33,49,49,49,53,53],"current_hp_per_floor":[65,65,62,62,62,62,62,62,62,62,62,62,55,51,42,40,40,43,65,65,52,44,49,36,36,36,36,33,29,65,56,56,63,65,65,65,75,75,75,69,45,23,23,27,75,75,75,75,73,75,75,18,18,40,68,39],"gold":45,"neow_bonus":"RANDOM_COMMON_RELIC","is_daily":false,"chose_seed":false,"campfire_upgraded":4,"win_rate":0.0,"timestamp":1612869088,"path_taken":["R","M","M","?","?","$","T","R","M","PTL","PTL","M","M","M","M","E","M","BOSS","R_BF","M","M","M","?","?","T","?","E","M","M","?","?","$","M","BOSS","R_BF","M","M","M","M","E","T","M","M","R","?","R","$","BOSS","E","$","R","BOSS","BOSS"],"items_purchased_type":["Card","Card","Relic","Card","Relic","Relic","Card"],"build_version":"2020-12-22","purchased_purges":0,"victory":true,"max_hp_per_floor":[65,65,65,65,65,65,65,65,65,65,65,65,65,65,65,65,65,65,65,65,65,65,65,65,65,65,65,65,65,65,65,65,65,65,65,65,75,75,75,75,75,75,75,75,75,75,75,75,75,75,75,75,75,75,75,75],"card_choices":[{"not_picked":["Slimebound:FlameTackle","Slimebound:HauntingLick"],"picked":"Slimebound:SplitAcid","floor":2.0},{"not_picked":["Slimebound:Gluttony","Slimebound:RainOfGoop"],"picked":"Slimebound:Equalize","floor":3.0},{"not_picked":["Slimebound:SlimeTap","Slimebound:Schlurp"],"picked":"Slimebound:MassRepurpose","floor":6.0},{"not_picked":["Slimebound:ComboTackle","Slimebound:SamplingLick"],"picked":"Slimebound:GoopSpray","floor":9.0},{"not_picked":["Slimebound:ItLooksTasty","Slimebound:ProtectTheBoss"],"picked":"Slimebound:Dissolve","floor":12.0},{"not_picked":["Slimebound:SlimeTap","Slimebound:GoopTackle"],"picked":"Slimebound:Prepare","floor":13.0},{"not_picked":["Slimebound:ComboTackle","Slimebound:SlimeSlap"],"picked":"Slimebound:SplitAcid","floor":14.0},{"not_picked":["Slimebound:SplitMire","Slimebound:PressTheAttack"],"picked":"Slimebound:Schlurp","floor":15.0},{"not_picked":["Slimebound:GoopSpray","Slimebound:FlameTackle"],"picked":"Slimebound:LeechLife","floor":16.0},{"not_picked":["Slimebound:WasteNot","Slimebound:MinionMaster"],"picked":"Slimebound:RallyTheTroops","floor":18.0},{"not_picked":["GrandCross","MilkyWay+1","DoubleSpark"],"picked":"WitchOfGreed","floor":21.0},{"not_picked":["Slimebound:SpikyOuterGoop","Slimebound:ItLooksTasty+1","GalacticHalo"],"picked":"Slimebound:OozeBath","floor":22.0},{"not_picked":["Slimebound:SamplingLick","Slimebound:PressTheAttack","ShootTheMoon"],"picked":"LuminesStrike+1","floor":23.0},{"not_picked":["ShootingEcho","StarBarrage","EnergyRecoil"],"picked":"MagicChant+1","floor":24.0},{"not_picked":["MilkyWay","Slimebound:LivingWall","MagicAbsorber+1"],"picked":"MaximisePower","floor":28.0},{"not_picked":["MilkyWay","Slimebound:SlimeSpikes","Orbital+1"],"picked":"6A","floor":29.0},{"not_picked":["Slimebound:Equalize","Slimebound:HauntingLick","ManaConvection"],"picked":"MachineGunSpark","floor":30.0},{"not_picked":["ShootingEcho","NonDirectionalLaser","Slimebound:LivingWall"],"picked":"StarBarrage","floor":31.0},{"not_picked":["Slimebound:AcidTongue","Slimebound:ItLooksTasty","Slimebound:SplitAcid+1"],"picked":"Slimebound:GrowthPunch","floor":33.0},{"not_picked":["ChargingUp","NonDirectionalLaser+1","Slimebound:ComboTackle"],"picked":"Slimebound:LeechEnergy+1","floor":34.0},{"not_picked":["BinaryStars","UltimateShortwave","SuperNova"],"picked":"AbsoluteMagnitude","floor":35.0},{"not_picked":["Slimebound:PressTheAttack+1","Slimebound:Equalize","MeteoricShower+1"],"picked":"Robbery","floor":38.0},{"not_picked":["ShootingEcho","GalacticHalo+1","GrandCross+1"],"picked":"SporeBomb","floor":39.0},{"not_picked":["Slimebound:MegaLick","PowerUp","Slimebound:GoopTackle"],"picked":"Slimebound:SlimeSpikes","floor":40.0},{"not_picked":["Slimebound:GrowthPunch+1","RefractionSpark","SporeBomb+1"],"picked":"Slimebound:Schlurp+1","floor":41.0},{"not_picked":["MagicChant","Slimebound:RainOfGoop+1","Slimebound:LevelUp"],"picked":"MysteriousBeam+1","floor":42.0},{"not_picked":["WitchOfGreed+1","Slimebound:ComboTackle+1","Slimebound:SplitAcid+1"],"picked":"Slimebound:Schlurp+1","floor":44.0},{"not_picked":["PowerUp+1","Slimebound:ViciousTackle+1","BigCrunch"],"picked":"GravityBeat","floor":45.0},{"not_picked":["Orbital+1","PowerUp+1","Slimebound:HauntingLick"],"picked":"Slimebound:SamplingLick+1","floor":49.0},{"not_picked":["WitchLeyline+1","DragonMeteor","MysteriousBeam"],"picked":"Slimebound:SplitLeeching+1","floor":52.0}],"player_experience":528395,"relics_obtained":[{"floor":2.0,"key":"LetterFromLob"},{"floor":7.0,"key":"reliquary:PorcupineQuills"},{"floor":16.0,"key":"Happy Flower"},{"floor":27.0,"key":"infinitespire:Bottled Soul"},{"floor":28.0,"key":"conspire:BottledYoYo"},{"floor":32.0,"key":"Ring of Peace"},{"floor":42.0,"key":"reliquary:SharkskinSheath"},{"floor":43.0,"key":"Pantograph"},{"floor":52.0,"key":"Replay:Rubber Ducky"}],"event_choices":[{"cards_removed":["Slimebound:Strike_Slimebound"],"damage_healed":0.0,"max_hp_gain":0.0,"max_hp_loss":0.0,"gold_gain":0.0,"event_name":"Bonfire Elementals","player_choice":"Offered Basic","floor":5.0,"gold_loss":0.0,"damage_taken":0.0},{"cards_removed":["Replay:SS_forest_2"],"damage_healed":0.0,"max_hp_gain":0.0,"max_hp_loss":0.0,"gold_gain":0.0,"event_name":"betterNote:BetterNote","player_choice":"Take \u0026 Give","floor":25.0,"gold_loss":0.0,"damage_taken":0.0,"cards_obtained":["bronze:Return"]},{"damage_healed":0.0,"max_hp_gain":0.0,"max_hp_loss":0.0,"gold_gain":0.0,"event_name":"Wheel of Change","player_choice":"Relic","floor":27.0,"gold_loss":0.0,"damage_taken":0.0}],"is_beta":false,"boss_relics":[{"not_picked":["reliquary:RedPaperclip","reliquary:Ember"],"picked":"aspiration:MarisaSkillbook"},{"not_picked":["Ring of Chaos","conspire:SpecialSausage"],"picked":"Philosopher\u0027s Stone"}],"items_purged_floors":[],"is_endless":false,"potions_floor_spawned":[9,12,13,15,16,18,22,24,29,30,34,40,42,45,52],"ascension_level":0}}