{"host":"q7zm4xeotpldz9qq","time":1612874372,"event":{"mods":["ATMod(阿瑾Mod)","BaseMod","Colored Powertips","Downfall","Minty Spire (QoL Compilation)","Relic Filter Mod","Relic Stats","StSLib","[功能]功能增强和修复MOD"],"gold_per_floor":[99,99,116,130,115,115,115,115,80,80,80,91,406,406,422,552,552,552,572,572,587,587,599,599,644,644,671,671,671,671,689,708,811,811,811,827,845,858,858,858,934,934,934,960,980,997,997,1016,1032,1032],"floor_reached":51,"language":"ZHS","playtime":2969,"items_purged":["Guardian:Strike_Guardian","Guardian:Defend_Guardian","Guardian:Defend_Guardian","Guardian:Defend_Guardian","downfall:Haunted","downfall:Aged","Regret"],"score":864,"play_id":"228e9a9c-fa6f-462f-83ac-bc80314a5499","local_time":"20210209203932","is_ascension_mode":false,"campfire_choices":[{"data":"AT_PowerWithin","floor":1.0,"key":"SMITH"},{"data":"Guardian:GemFire","floor":6.0,"key":"SMITH"},{"data":"Iron Wave","floor":8.0,"key":"SMITH"},{"floor":18.0,"key":"REST"},{"data":"expansioncontent:QuickStudy","floor":28,"key":"SMITH"},{"floor":30,"key":"REST"},{"data":"Guardian:PrimingBeam","floor":35,"key":"SMITH"},{"floor":43,"key":"DIG"},{"floor":47,"key":"DIG"}],"circlet_count":0,"master_deck":["Guardian:Strike_Guardian","Guardian:Strike_Guardian","Guardian:CurlUp","Guardian:TwinSlam","AT_PowerWithin+1","Guardian:BronzeArmor","Iron Wave+1","Guardian:WalkerClaw","Guardian:TemporalStrike","Guardian:GemFire+1","expansioncontent:QuickStudy+1","Guardian:BodySlam","Guardian:TemporalStrike","Guardian:DecasProtection","Guardian:TemporalShield","Guardian:PrimingBeam+1","Guardian:BronzeOrb","expansioncontent:StudyTheSpire","Guardian:EvasiveProtocol","Guardian:HyperBeam_Guardian","Swift Strike","AT_FamilyPortrait","Guardian:TemporalStrike","Guardian:PiercingHide","Guardian:ArmoredProtocol","Guardian:RevengeProtocol","Guardian:Harden+1","Guardian:Recover","expansioncontent:QuickStudy","Guardian:Planning","Guardian:RollAttack","Guardian:RevengeProtocol","Clumsy","Writhe","RitualDagger","Guardian:Incinerate","expansioncontent:HyperBeam","Guardian:Incinerate","Guardian:BronzeOrb","Guardian:Planning","Guardian:RollAttack+1","Guardian:GuardianWhirl","Guardian:HyperBeam_Guardian","Guardian:PrimingBeam+1","Guardian:TemporalShield","Guardian:EvasiveProtocol+1","Guardian:PrimingBeam","downfall:Icky","Pain","Trip","Guardian:Emergency","Guardian:WalkerClaw","Guardian:TemporalShield","Guardian:Gem_Cyan","Guardian:Orbwalk+1"],"relics":["Guardian:ModeShifter","AT_ATBox","Guardian:StasisCodex","champ:DeflectingBracers","Toolbox","Nunchaku","bronze:BronzeIdol","sneckomod:BlankCard","bronze:DonusWashers","downfall:ExtraCursedKey","Pen Nib","Omamori","AT_Kusabimaru","HandDrill","Ginger","Guardian:StasisSlotReductionRelic","AT_LudenTempest","Happy Flower","Guardian:StasisUpgradeRelic","Pantograph","Guardian:DefensiveModeMoreBlock","Question Card","AT_ChloranthyRing","Guardian:BottledAnomaly","Runic Pyramid","AT_GoldPhoenixTree","champ:DuelingGlove","Orrery","AT_ImmortalShieldbow","Shovel","Dead Branch","Strange Spoon","hexamod:BolsterEngine","AT_EbonyIvory","hexamod:Sixitude"],"acts_visited":["Exordium","TheCity","TheBeyond"],"potions_floor_usage":[],"damage_taken":[{"damage":10.0,"enemies":"2 Louse","floor":3.0,"turns":2.0},{"damage":10.0,"enemies":"Cultist","floor":4.0,"turns":4.0},{"damage":10.0,"enemies":"downfall:FleeingMerchant","floor":5.0,"turns":4.0},{"damage":11.0,"enemies":"downfall:FleeingMerchant","floor":9.0,"turns":4.0},{"damage":0.0,"enemies":"Jaw Worm","floor":12.0,"turns":1.0},{"damage":33.0,"enemies":"downfall:FleeingMerchant","floor":13.0,"turns":4.0},{"damage":0.0,"enemies":"Exordium Wildlife","floor":15.0,"turns":1.0},{"damage":4.0,"enemies":"DF_ARCHETYPE_STREAMLINE","floor":16.0,"turns":4.0},{"damage":0.0,"enemies":"Spheric Guardian","floor":19.0,"turns":2.0},{"damage":14,"enemies":"Centurion and Healer","floor":21,"turns":3},{"damage":2,"enemies":"Snecko","floor":23,"turns":2},{"damage":0,"enemies":"Shelled Parasite and Fungi","floor":25,"turns":2},{"damage":14,"enemies":"Book of Stabbing","floor":27,"turns":3},{"damage":8,"enemies":"Snake Plant","floor":31,"turns":2},{"damage":10,"enemies":"Centurion and Healer","floor":32,"turns":2},{"damage":8,"enemies":"IC_MUSHROOM_ARCHETYPE","floor":33,"turns":4},{"damage":0,"enemies":"Orb Walker","floor":36,"turns":2},{"damage":13,"enemies":"3 Shapes","floor":37,"turns":2},{"damage":16,"enemies":"Writhing Mass","floor":38,"turns":3},{"damage":19,"enemies":"Reptomancer","floor":44,"turns":2},{"damage":18,"enemies":"Jaw Worm Horde","floor":45,"turns":2},{"damage":5,"enemies":"4 Shapes","floor":46,"turns":3},{"damage":27,"enemies":"Writhing Mass","floor":48,"turns":3},{"damage":0,"enemies":"Sphere and 2 Shapes","floor":49,"turns":1},{"damage":0,"enemies":"WA_ARCHETYPE_DIVINITY","floor":50,"turns":1}],"seed_played":"-1531155585290818297","potions_obtained":[{"floor":31,"key":"Fire Potion"}],"is_trial":false,"path_per_floor":["R","?","M","M","$","R","T","R","$","?","?","M","$","T","M","B",null,"R","M","?","M","$","M","T","M","?","E","R","$","R","M","M","B",null,"R","M","M","M","$","?","T","$","R","E","M","M","R","M","M","B",null],"character_chosen":"GUARDIAN","items_purchased":["Guardian:StasisCodex","champ:DeflectingBracers","Toolbox","expansioncontent:QuickStudy","Guardian:Gem_Green","Guardian:BodySlam","Guardian:TemporalStrike","champ:CounterPotion","champ:CounterPotion","Swift Potion","bronze:BronzeIdol","sneckomod:BlankCard","bronze:DonusWashers","Guardian:Gem_Cyan","Guardian:TemporalShield","Guardian:PrimingBeam","Guardian:BronzeOrb","expansioncontent:StudyTheSpire","Guardian:EvasiveProtocol","Omamori","AT_Kusabimaru","HandDrill","Swift Strike","AT_FamilyPortrait","Guardian:TemporalStrike","Guardian:PiercingHide","Guardian:ArmoredProtocol","AT_LudenTempest","Happy Flower","Guardian:StasisUpgradeRelic","expansioncontent:QuickStudy","Guardian:Planning","Guardian:Gem_Synthetic","Guardian:RollAttack","Question Card","AT_ChloranthyRing","Guardian:BottledAnomaly","expansioncontent:HyperBeam","Guardian:Incinerate","Guardian:BronzeOrb","Guardian:Planning","AT_GoldPhoenixTree","champ:DuelingGlove","Orrery","Guardian:Gem_Yellow","Guardian:Gem_Lightblue","Shovel","Dead Branch","Strange Spoon","Trip","Guardian:Emergency","Guardian:WalkerClaw","Guardian:TemporalShield"],"campfire_rested":2,"item_purchase_floors":[5,5,5,5,5,5,5,5,5,5,9,9,9,9,9,9,9,9,9,13,13,13,13,13,13,13,13,22,22,22,22,22,22,22,29,29,29,29,29,29,29,39,39,39,39,39,42,42,42,42,42,42,42],"current_hp_per_floor":[80,80,70,60,50,50,50,50,39,44,44,44,11,11,11,7,85,85,85,85,71,71,69,69,69,63,49,49,49,74,66,56,73,85,85,85,72,56,56,56,56,56,56,37,55,50,50,23,23,48],"gold":1032,"neow_bonus":"TRANSFORM_CARD","is_daily":false,"chose_seed":false,"campfire_upgraded":5,"win_rate":0.0,"timestamp":1612874372,"path_taken":["R","?","M","?","$","R","T","R","$","?","?","M","$","?","M","BOSS","R","M","?","M","$","M","T","M","?","E","R","$","R","M","M","BOSS","R","M","M","M","$","?","T","$","R","E","M","M","R","M","M","BOSS"],"items_purchased_type":["Relic","Relic","Relic","Card","Card","Card","Card","Potion","Potion","Potion","Relic","Relic","Relic","Card","Card","Card","Card","Card","Card","Relic","Relic","Relic","Card","Card","Card","Card","Card","Relic","Relic","Relic","Card","Card","Card","Card","Relic","Relic","Relic","Card","Card","Card","Card","Relic","Relic","Relic","Card","Card","Relic","Relic","Relic","Card","Card","Card","Card"],"build_version":"2020-12-22","purchased_purges":7,"victory":true,"max_hp_per_floor":[80,80,80,80,80,80,80,80,80,85,85,85,85,85,85,85,85,85,85,85,85,85,85,85,85,85,85,85,85,85,85,85,85,85,85,85,85,85,85,85,85,85,85,85,85,85,85,85,85,85],"relic_stats":{"Strange Spoon":[13],"Nunchaku":[12],"Shovel":2,"Happy Flower":[11],"counters":[25,63],"Pantograph":50,"Dead Branch":[42],"Pen Nib":[11],"HandDrill":[48],"Ginger":[2],"Question Card":16,"obtain_stats":[{"champ:DuelingGlove":39,"Guardian:StasisSlotReductionRelic":17,"AT_ATBox":0,"sneckomod:BlankCard":9,"Guardian:StasisCodex":5,"Ginger":14,"Nunchaku":7,"AT_Kusabimaru":13,"Shovel":42,"Pantograph":24,"Toolbox":5,"downfall:ExtraCursedKey":10,"HandDrill":13,"Guardian:BottledAnomaly":29,"Runic Pyramid":34,"Guardian:DefensiveModeMoreBlock":27,"AT_ChloranthyRing":29,"bronze:DonusWashers":9,"Happy Flower":22,"Dead Branch":42,"Guardian:ModeShifter":0,"AT_GoldPhoenixTree":39,"hexamod:Sixitude":47,"champ:DeflectingBracers":5,"Pen Nib":11,"AT_EbonyIvory":44,"Omamori":13,"Question Card":29,"bronze:BronzeIdol":9,"AT_ImmortalShieldbow":41,"Guardian:StasisUpgradeRelic":22,"Strange Spoon":42,"AT_LudenTempest":22,"Orrery":39,"hexamod:BolsterEngine":43},{"champ:DuelingGlove":19,"Guardian:StasisSlotReductionRelic":8,"AT_ATBox":0,"sneckomod:BlankCard":4,"Guardian:StasisCodex":3,"Ginger":6,"Nunchaku":3,"AT_Kusabimaru":6,"Shovel":19,"Pantograph":11,"Toolbox":3,"downfall:ExtraCursedKey":4,"HandDrill":6,"Guardian:BottledAnomaly":13,"Runic Pyramid":16,"Guardian:DefensiveModeMoreBlock":13,"AT_ChloranthyRing":13,"bronze:DonusWashers":4,"Happy Flower":10,"Dead Branch":19,"Guardian:ModeShifter":0,"AT_GoldPhoenixTree":19,"hexamod:Sixitude":22,"champ:DeflectingBracers":3,"Pen Nib":4,"AT_EbonyIvory":20,"Omamori":6,"Question Card":13,"bronze:BronzeIdol":4,"AT_ImmortalShieldbow":19,"Guardian:StasisUpgradeRelic":10,"Strange Spoon":19,"AT_LudenTempest":10,"Orrery":19,"hexamod:BolsterEngine":19},{"champ:DuelingGlove":51,"Guardian:StasisSlotReductionRelic":24,"AT_ATBox":0,"sneckomod:BlankCard":14,"Guardian:StasisCodex":10,"Ginger":19,"Nunchaku":10,"AT_Kusabimaru":19,"Shovel":51,"Pantograph":31,"Toolbox":10,"downfall:ExtraCursedKey":14,"HandDrill":19,"Guardian:BottledAnomaly":36,"Runic Pyramid":44,"Guardian:DefensiveModeMoreBlock":36,"AT_ChloranthyRing":36,"bronze:DonusWashers":14,"Happy Flower":29,"Dead Branch":51,"Guardian:ModeShifter":0,"AT_GoldPhoenixTree":51,"hexamod:Sixitude":58,"champ:DeflectingBracers":10,"Pen Nib":14,"AT_EbonyIvory":53,"Omamori":19,"Question Card":36,"bronze:BronzeIdol":14,"AT_ImmortalShieldbow":51,"Guardian:StasisUpgradeRelic":29,"Strange Spoon":51,"AT_LudenTempest":29,"Orrery":51,"hexamod:BolsterEngine":51}]},"card_choices":[{"not_picked":["Guardian:SpikerProtocol","Guardian:PrismaticBeam"],"picked":"Guardian:WalkerClaw","floor":3.0},{"not_picked":["Guardian:WalkerClaw","Guardian:VentSteam"],"picked":"Guardian:TemporalStrike","floor":4.0},{"not_picked":["Guardian:ChargeUp","Guardian:BronzeOrb"],"picked":"Guardian:GemFire","floor":5.0},{"not_picked":["Guardian:Orbwalk","Guardian:PrismaticBeam"],"picked":"Guardian:DecasProtection","floor":9.0},{"not_picked":["Guardian:ChargeCore","Guardian:RollAttack","Guardian:Recover"],"picked":"SKIP","floor":12.0},{"not_picked":["Guardian:MultiBeam","Guardian:TemporalShield"],"picked":"Guardian:Gem_Green","floor":13.0},{"not_picked":["Guardian:Reroute","Guardian:Gem_Green"],"picked":"Guardian:Gem_Cyan","floor":15.0},{"not_picked":["Guardian:AncientConstruct","Guardian:ExploitGems"],"picked":"Guardian:RevengeProtocol","floor":16.0},{"not_picked":["Guardian:TemporalShield","Guardian:TemporalStrike"],"picked":"Guardian:Harden+1","floor":19},{"not_picked":["Guardian:VentSteam+1","Guardian:ShieldCharger+1"],"picked":"Guardian:Recover","floor":21},{"not_picked":["Guardian:SpikerProtocol","Guardian:ChargeCore+1"],"picked":"Guardian:RevengeProtocol","floor":23},{"not_picked":["Guardian:Incinerate","Guardian:CrystalBeam+1"],"picked":"Guardian:Gem_Green","floor":25},{"not_picked":["Guardian:DonusPower","Guardian:MultiBeam"],"picked":"Guardian:Incinerate","floor":27},{"not_picked":["Guardian:Incinerate","Guardian:Gem_Fragmented","Guardian:TemporalStrike"],"picked":"Guardian:RollAttack+1","floor":31},{"not_picked":["Guardian:DonusPower","Guardian:AncientConstruct","Guardian:ShieldCharger+1"],"picked":"Guardian:GuardianWhirl","floor":32},{"not_picked":["Guardian:StasisEngine","Guardian:GemFinder","Guardian:BaubleBeam"],"picked":"Guardian:HyperBeam_Guardian","floor":33},{"not_picked":["Guardian:Gem_Fragmented","Guardian:ShieldCharger+1","Guardian:RollAttack"],"picked":"Guardian:Gem_Green","floor":36},{"not_picked":["Guardian:Incinerate+1","Guardian:ChargeCore+1","Guardian:TemporalShield+1"],"picked":"Guardian:Gem_Cyan","floor":37},{"not_picked":["Guardian:ShieldSpikes+1","Guardian:WalkerClaw+1","Guardian:DecasProtection"],"picked":"Guardian:Gem_Green","floor":38},{"not_picked":["Guardian:CompilePackage","Guardian:FloatingOrbs+1","Guardian:Planning+1"],"picked":"Guardian:PrimingBeam+1","floor":39},{"not_picked":["Guardian:Incinerate","Guardian:VentSteam","Guardian:Harden"],"picked":"Guardian:TemporalShield","floor":39},{"not_picked":["Guardian:RefractedBeam+1","Guardian:CrystalBeam+1","Guardian:TimeCapacitor"],"picked":"Guardian:EvasiveProtocol+1","floor":39},{"not_picked":["Guardian:EvasiveProtocol","Guardian:Gem_Orange","Guardian:Gem_Yellow"],"picked":"Guardian:Gem_Blue","floor":39},{"not_picked":["Guardian:Reroute","Guardian:TemporalShield+1","Guardian:Suspension+1"],"picked":"Guardian:PrimingBeam","floor":39},{"not_picked":["Guardian:TimeCapacitor","Guardian:PrismaticBeam","Guardian:PrimingBeam+1"],"picked":"Guardian:Gem_Lightblue","floor":44},{"not_picked":["Guardian:ChargeCore+1","Guardian:PrismaticBeam+1","Guardian:ShieldCharger+1"],"picked":"Guardian:Gem_Green","floor":45},{"not_picked":["Guardian:Reroute","Guardian:TimeCapacitor","Guardian:StasisField"],"picked":"Guardian:Gem_Cyan","floor":46},{"not_picked":["Guardian:ChargeCore","Guardian:SpikerProtocol+1","Guardian:TemporalStrike+1"],"picked":"Guardian:Gem_Cyan","floor":48},{"not_picked":["Guardian:VentSteam+1","Guardian:Planning+1","Guardian:RollAttack+1"],"picked":"Guardian:Orbwalk+1","floor":49}],"player_experience":88365,"relics_obtained":[{"floor":7.0,"key":"Nunchaku"},{"floor":14.0,"key":"Ginger"},{"floor":24,"key":"Pantograph"},{"floor":27,"key":"Guardian:DefensiveModeMoreBlock"},{"floor":41,"key":"AT_ImmortalShieldbow"},{"floor":43,"key":"hexamod:BolsterEngine"},{"floor":44,"key":"AT_EbonyIvory"},{"floor":47,"key":"hexamod:Sixitude"}],"event_choices":[{"cards_removed":["Guardian:Defend_Guardian"],"damage_healed":0.0,"max_hp_gain":0.0,"max_hp_loss":0.0,"gold_gain":0.0,"event_name":"NoteForYourself","player_choice":"Took Card","floor":2.0,"gold_loss":0.0,"damage_taken":0.0,"cards_obtained":["Iron Wave"]},{"damage_healed":0.0,"max_hp_gain":0.0,"max_hp_loss":0.0,"gold_gain":0.0,"event_name":"Big Fish","player_choice":"Box","floor":11.0,"gold_loss":0.0,"damage_taken":0.0,"relics_obtained":["Pen Nib"],"cards_obtained":["Regret"]},{"damage_healed":0,"gold_gain":0,"player_choice":"Ignored","damage_taken":0,"max_hp_gain":0,"max_hp_loss":0,"event_name":"Mysterious Sphere","floor":40,"gold_loss":0}],"is_beta":false,"boss_relics":[{"not_picked":["Guardian:ModeShifterPlus","bronze:MakeshiftBattery"],"picked":"Guardian:StasisSlotReductionRelic"},{"not_picked":["sneckomod:SneckoTalon","AT_TrinityForce"],"picked":"Runic Pyramid"}],"items_purged_floors":[9,9,9,9,13,13,13],"is_endless":false,"potions_floor_spawned":[4,12,15,16,21,31,33,38,44,45,48],"ascension_level":0}}