{"host":"nwtxriuk34b069je","time":1612833889,"event":{"mods":["AchievementEnabler","BaseMod","Better Skull","Colored Map","Colored Powertips","Hermit","Minty Spire (QoL Compilation)","Relic Stats","StSLib"],"gold_per_floor":[114,114,133,31,31,31,52,65,65,65,88,13,47,78,78,204,204,228,228,247,270,22,35,35,35,60,76,76,2,21,21,21],"floor_reached":31,"language":"ENG","playtime":916,"items_purged":["Defend_R"],"score":347,"play_id":"6242aecd-eac3-4261-990b-d357a68acef9","local_time":"20210208192449","daily_mods":["DeadlyEvents"],"is_ascension_mode":false,"campfire_choices":[{"floor":6,"key":"REST"},{"floor":15,"key":"REST"},{"floor":24,"key":"REST"},{"floor":28,"key":"REST"}],"circlet_count":0,"master_deck":["Strike_R","Strike_R","Strike_R","Strike_R","Strike_R","Defend_R","Defend_R","Defend_R","Bash","Clash","Flex+1","Inflame","Clash+1","Double Tap","CurseOfTheBell","Flex+1","Pummel+1","Iron Wave+1"],"relics":["Unceasing Top","Golden Idol","Shuriken","Molten Egg 2","Blue Candle","Calling Bell","Blood Vial","Kunai","Turnip","Membership Card","Orichalcum","Tiny Chest","Bag of Preparation","HandDrill"],"acts_visited":["Exordium","TheCity"],"potions_floor_usage":[8,16,23,31],"damage_taken":[{"damage":8,"enemies":"2 Louse","floor":1,"turns":2},{"damage":8,"enemies":"Small Slimes","floor":3,"turns":3},{"damage":0,"enemies":"Cultist","floor":7,"turns":2},{"damage":4,"enemies":"Gremlin Gang","floor":8,"turns":3},{"damage":13,"enemies":"Large Slime","floor":11,"turns":5},{"damage":21,"enemies":"Gremlin Nob","floor":13,"turns":4},{"damage":21,"enemies":"3 Sentries","floor":14,"turns":8},{"damage":19,"enemies":"Hexaghost","floor":16,"turns":6},{"damage":25,"enemies":"2 Thieves","floor":18,"turns":4},{"damage":18,"enemies":"Shell Parasite","floor":20,"turns":4},{"damage":37,"enemies":"Centurion and Healer","floor":21,"turns":4},{"damage":27,"enemies":"Snake Plant","floor":23,"turns":3},{"damage":30,"enemies":"Snecko","floor":27,"turns":6},{"damage":20,"enemies":"Shelled Parasite and Fungi","floor":30,"turns":4},{"damage":19,"enemies":"Centurion and Healer","floor":31,"turns":2}],"seed_played":"-1500393676363324939","potions_obtained":[{"floor":3,"key":"FearPotion"},{"floor":7,"key":"CultistPotion"},{"floor":21,"key":"BlessingOfTheForge"},{"floor":30,"key":"Regen Potion"}],"is_trial":true,"path_per_floor":["M","?","M","$","?","R","M","M","T","$","M","$","E","E","R","B",null,"M","?","M","M","$","M","R","?","T","M","R","$","M","M"],"character_chosen":"IRONCLAD","items_purchased":["FairyPotion","Membership Card","Orichalcum","Iron Wave+1","HandDrill"],"campfire_rested":4,"item_purchase_floors":[4,22,22,22,29],"current_hp_per_floor":[72,52,44,44,44,68,68,64,64,64,51,51,30,9,33,14,80,55,55,39,4,4,5,29,29,29,1,25,25,7,0,0],"gold":21,"neow_bonus":"","is_daily":false,"chose_seed":false,"campfire_upgraded":0,"win_rate":0.0,"timestamp":1612833889,"path_taken":["M","?","M","$","?","R","M","M","T","$","M","$","?","?","R","BOSS","M","?","?","M","$","M","R","?","T","M","R","$","M","?"],"items_purchased_type":["Potion","Relic","Relic","Card","Relic"],"build_version":"2020-12-22","purchased_purges":1,"victory":false,"max_hp_per_floor":[80,80,80,80,80,80,80,80,80,80,80,80,80,80,80,80,80,80,80,80,80,80,80,80,80,80,80,80,80,80,80,80],"relic_stats":{"counters":[15,60],"Golden Idol":78,"Blue Candle":[2],"Bag of Preparation":[6],"Orichalcum":[18],"Blood Vial":12,"Shuriken":[12],"Tiny Chest":0,"Turnip":[2],"HandDrill":[8],"Kunai":[7],"obtain_stats":[{"Golden Idol":2,"Blue Candle":14,"Bag of Preparation":26,"Orichalcum":22,"Calling Bell":17,"Blood Vial":17,"Shuriken":9,"Molten Egg 2":13,"Tiny Chest":25,"Turnip":17,"HandDrill":29,"Kunai":17,"Membership Card":22,"Unceasing Top":0},{"Golden Idol":1,"Blue Candle":7,"Bag of Preparation":12,"Orichalcum":11,"Calling Bell":8,"Blood Vial":8,"Shuriken":4,"Molten Egg 2":6,"Tiny Chest":12,"Turnip":8,"HandDrill":13,"Kunai":8,"Membership Card":11,"Unceasing Top":0},{"Golden Idol":2,"Blue Candle":27,"Bag of Preparation":48,"Orichalcum":45,"Calling Bell":33,"Blood Vial":33,"Shuriken":10,"Molten Egg 2":19,"Tiny Chest":48,"Turnip":33,"HandDrill":54,"Kunai":33,"Membership Card":45,"Unceasing Top":0}],"Unceasing Top":[6]},"card_choices":[{"not_picked":["Perfected Strike","Rage"],"picked":"Clash","floor":1},{"not_picked":["Dark Embrace","Combust"],"picked":"Flex","floor":3},{"not_picked":["Sword Boomerang","Pommel Strike","Rampage"],"picked":"SKIP","floor":7},{"not_picked":["Heavy Blade","Wild Strike"],"picked":"Inflame","floor":8},{"not_picked":["True Grit","Ghostly Armor","Burning Pact"],"picked":"SKIP","floor":11},{"not_picked":["Spot Weakness","Evolve"],"picked":"Clash+1","floor":13},{"not_picked":["Armaments","True Grit","Headbutt+1"],"picked":"SKIP","floor":14},{"not_picked":["Barricade","Corruption"],"picked":"Double Tap","floor":16},{"not_picked":["Pommel Strike+1","Sword Boomerang+1","True Grit"],"picked":"SKIP","floor":18},{"not_picked":["Sever Soul+1","Body Slam+1"],"picked":"Flex+1","floor":20},{"not_picked":["Brutality","Clothesline+1"],"picked":"Pummel+1","floor":21},{"not_picked":["Clothesline+1","Anger+1","Twin Strike+1"],"picked":"SKIP","floor":23},{"not_picked":["Feel No Pain","Searing Blow+1","Seeing Red"],"picked":"SKIP","floor":27},{"not_picked":["Perfected Strike+1","True Grit","Rupture"],"picked":"SKIP","floor":30}],"player_experience":527376,"relics_obtained":[{"floor":9,"key":"Shuriken"},{"floor":13,"key":"Molten Egg 2"},{"floor":14,"key":"Blue Candle"},{"floor":17,"key":"Blood Vial"},{"floor":17,"key":"Kunai"},{"floor":17,"key":"Turnip"},{"floor":26,"key":"Bag of Preparation"}],"event_choices":[{"damage_healed":0,"gold_gain":0,"player_choice":"Take Damage","damage_taken":20,"relics_obtained":["Golden Idol"],"max_hp_gain":0,"max_hp_loss":0,"event_name":"Golden Idol","floor":2,"gold_loss":0},{"damage_healed":0,"gold_gain":0,"player_choice":"Forge","damage_taken":0,"max_hp_gain":0,"max_hp_loss":0,"event_name":"Accursed Blacksmith","floor":5,"gold_loss":0,"cards_upgraded":["Flex"]},{"damage_healed":0,"gold_gain":0,"player_choice":"Ignored","damage_taken":0,"max_hp_gain":0,"max_hp_loss":0,"event_name":"Cursed Tome","floor":19,"gold_loss":0},{"damage_healed":0,"gold_gain":0,"player_choice":"Opened","damage_taken":0,"relics_obtained":["Tiny Chest"],"max_hp_gain":0,"max_hp_loss":0,"event_name":"The Mausoleum","floor":25,"gold_loss":0}],"is_beta":false,"boss_relics":[{"not_picked":["Coffee Dripper","Cursed Key"],"picked":"Calling Bell"}],"items_purged_floors":[12],"is_endless":true,"potions_floor_spawned":[3,7,21,30],"killed_by":"Centurion and Healer","ascension_level":0}}