{"host":"5m2js577gj4e7pak","time":1612844381,"event":{"mods":["AchievementEnabler","BaseMod","Better Match","BetterRewards","Colored Map","Colored Powertips","Googly Eyes","Highlight Path","Lobotomy","LobotomyExtend","Minty Spire (QoL Compilation)","Quick Restart","Relic Filter","StSLib"],"gold_per_floor":[116,116,130,143,143,171,171,184,210,221,221,235,41,41,41,146,146,166,166,166,185,29,29,29,29,56,84,84,84],"floor_reached":28,"language":"ENG","playtime":753,"items_purged":[],"score":286,"play_id":"dabee219-3108-4d77-8e95-9d33eafaf8cb","local_time":"20210209051941","is_ascension_mode":false,"campfire_choices":[],"circlet_count":0,"master_deck":["SpecialBullet","SpecialBullet","SpecialBullet","SpecialBullet","SpecialBullet","SpecialBullet","SpecialBullet","SpecialBullet","SecurityCode","TrainingCode","Noise","GrinderMk4","BeautyBeast","OSAHOGD","SomewhereSpear","WristCuter","LongBird","SecurityCode","Penitence","NothingThere","ShedSkin+1","Heaven","Horn","CENSORED","Regret_ego+1"],"relics":["CogitoBucket","LetterFromLob","Lantern","Potion Belt","LuminousBracelet","DollysMirror","Happy Flower","Empty Cage","Regal Pillow","Strawberry","Boot","Dream Catcher","ShedSkin_r"],"acts_visited":["Exordium","TheCity"],"potions_floor_usage":[6,10,16],"damage_taken":[{"damage":11,"enemies":"Jaw Worm","floor":1,"turns":2},{"damage":7,"enemies":"2 Louse","floor":3,"turns":2},{"damage":8,"enemies":"Small Slimes","floor":4,"turns":3},{"damage":54,"enemies":"3 Sentries","floor":6,"turns":9},{"damage":10,"enemies":"3 Louse","floor":8,"turns":2},{"damage":29,"enemies":"Large Slime","floor":10,"turns":3},{"damage":0,"enemies":"Red Slaver","floor":12,"turns":1},{"damage":40,"enemies":"Hexaghost","floor":16,"turns":8},{"damage":13,"enemies":"Chosen","floor":18,"turns":4},{"damage":150,"enemies":"3 Byrds","floor":21,"turns":11},{"damage":90,"enemies":"Gremlin Leader","floor":27,"turns":6}],"seed_played":"5089697029825476422","potions_obtained":[{"floor":4,"key":"SteroidPotion"},{"floor":6,"key":"LiquidBronze"},{"floor":8,"key":"SpeedPotion"},{"floor":10,"key":"SteroidPotion"},{"floor":27,"key":"Strength Potion"}],"is_trial":false,"path_per_floor":["M","?","M","M","?","E","R","M","T","M","M","M","$","?","R","B",null,"M","?","?","M","$","R","?","R","T","E","?"],"character_chosen":"Angela","items_purchased":["DollysMirror","Penitence","Strawberry"],"campfire_rested":0,"item_purchase_floors":[13,13,22],"current_hp_per_floor":[60,53,54,57,73,33,33,43,43,29,29,47,47,40,40,64,99,99,99,99,99,106,106,106,106,106,83,0,0],"gold":84,"neow_bonus":"TWENTY_PERCENT_HP_BONUS","is_daily":false,"chose_seed":false,"campfire_upgraded":0,"win_rate":0.0,"timestamp":1612844381,"path_taken":["M","?","M","M","?","E","R","M","T","M","M","M","?","?","R","BOSS","M","?","?","M","$","R","?","R","T","E","?"],"items_purchased_type":["Relic","Card","Relic"],"build_version":"2020-12-22","purchased_purges":0,"victory":false,"max_hp_per_floor":[84,84,84,84,84,84,84,84,84,99,99,99,99,99,99,99,99,99,99,99,99,106,106,106,106,106,106,106,106],"card_choices":[{"not_picked":["CrimsonScar"],"picked":"GreenStem","floor":1},{"not_picked":["Horn"],"picked":"Noise","floor":3},{"not_picked":["WallGazer","Scorched"],"picked":"OSAHOGD","floor":4},{"not_picked":["GreenStem"],"picked":"GrinderMk4","floor":4},{"not_picked":["Twilight"],"picked":"GrinderMk4","floor":6},{"not_picked":["RedShoes","ShyLook"],"picked":"BeautyBeast","floor":6},{"not_picked":["UniverseFragment","Bloodbath"],"picked":"OSAHOGD","floor":8},{"not_picked":["RapturousDream"],"picked":"SomewhereSpear","floor":8},{"not_picked":["Loneliness"],"picked":"WristCuter","floor":10},{"not_picked":["WallGazer","Murderer"],"picked":"LongBird","floor":12},{"not_picked":["Lantern"],"picked":"Tough","floor":12},{"not_picked":["ParadiseLost"],"picked":"Pinks","floor":16},{"not_picked":["MeltingLove","UniverseFragment"],"picked":"NothingThere","floor":18},{"not_picked":["SomewhereSpear"],"picked":"ShedSkin+1","floor":18},{"not_picked":["FrostShard"],"picked":"Horn","floor":21},{"not_picked":["LittleHelper","HeroicMonk"],"picked":"CENSORED","floor":27},{"not_picked":["BlackSwan_ego"],"picked":"Regret_ego+1","floor":27}],"player_experience":57930,"relics_obtained":[{"floor":1,"key":"LetterFromLob"},{"floor":6,"key":"Lantern"},{"floor":9,"key":"Potion Belt"},{"floor":26,"key":"Boot"},{"floor":27,"key":"Dream Catcher"}],"event_choices":[{"cards_removed":["InformationCode"],"damage_healed":0,"gold_gain":0,"player_choice":"Card Removal","damage_taken":7,"max_hp_gain":0,"max_hp_loss":0,"event_name":"Golden Wing","floor":2,"gold_loss":0},{"damage_healed":0,"gold_gain":0,"player_choice":"Success","damage_taken":7,"relics_obtained":["Happy Flower"],"max_hp_gain":0,"max_hp_loss":0,"event_name":"Scrap Ooze","floor":14,"gold_loss":0},{"damage_healed":0,"gold_gain":0,"player_choice":"Opened","damage_taken":0,"relics_obtained":["Regal Pillow"],"max_hp_gain":0,"max_hp_loss":0,"event_name":"The Mausoleum","floor":19,"gold_loss":0},{"damage_healed":0,"gold_gain":0,"player_choice":"Read","damage_taken":0,"max_hp_gain":0,"max_hp_loss":0,"event_name":"The Library","floor":20,"gold_loss":0,"cards_obtained":["Heaven"]},{"damage_healed":0,"gold_gain":0,"player_choice":"Ignored","damage_taken":0,"max_hp_gain":0,"max_hp_loss":0,"event_name":"Vampires","floor":24,"gold_loss":0}],"is_beta":false,"boss_relics":[{"not_picked":["Velvet Choker","Ectoplasm"],"picked":"Empty Cage"}],"items_purged_floors":[],"is_endless":false,"potions_floor_spawned":[4,6,8,10,27],"ascension_level":0}}