{"host":"djoj10dqzzvtkauc","time":1612869933,"event":{"mods":["2.2 Compatiblity","BaseMod","Colored Map","DeckTracker","Highlight Path","Keyboard Shortcuts","Marisa£¨Ùöéë¡¡Øª×âÞÞ£©","Minty Spire (QoL Compilation)","Permanent Neow","Quick Restart","Random Character Button","StSLib","SuperFastMode","everything is the same but u backflip on backflip"],"gold_per_floor":[111,126,141,157,167,167,195,195,195,195,229,229,239,254,254,356,356,366,29,29,49,62,62,81,101,174,186,203,203,221,221,221,221,221],"floor_reached":33,"language":"KOR","playtime":731,"items_purged":[],"score":384,"play_id":"a0d88a31-7751-484e-ab33-c6598387b470","local_time":"20210209202533","is_ascension_mode":true,"campfire_choices":[{"data":"Inflame","floor":6,"key":"SMITH"},{"data":"Whirlwind","floor":10,"key":"SMITH"},{"data":"Iron Wave","floor":12,"key":"SMITH"},{"floor":15,"key":"REST"},{"data":"Shrug It Off","floor":23,"key":"SMITH"},{"data":"Shrug It Off","floor":29,"key":"SMITH"},{"floor":32,"key":"REST"}],"circlet_count":0,"master_deck":["Strike_R","Strike_R","Strike_R","Defend_R","Defend_R","Defend_R","Defend_R","Bash","Iron Wave+1","Whirlwind+1","Headbutt","Anger","Inflame+1","Cleave+1","Wild Strike+1","Twin Strike+1","Wild Strike+1","Bludgeon+1","Shrug It Off+1","Carnage+1","Cleave+1","Double Tap","Flex+1","Shrug It Off+1","Immolate+1","Twin Strike+1","Thunderclap+1","Shrug It Off+1","Carnage+1"],"relics":["Burning Blood","Molten Egg 2","GremlinMask","Bottled Flame","Philosopher\u0027s Stone","Lee\u0027s Waffle","Nloth\u0027s Gift","Blue Candle"],"acts_visited":["Exordium","TheCity"],"potions_floor_usage":[7,7,16,16,16],"damage_taken":[{"damage":8,"enemies":"2 Louse","floor":1,"turns":4},{"damage":1,"enemies":"Cultist","floor":2,"turns":5},{"damage":5,"enemies":"Small Slimes","floor":3,"turns":3},{"damage":17,"enemies":"Exordium Thugs","floor":4,"turns":5},{"damage":0,"enemies":"Exordium Wildlife","floor":5,"turns":3},{"damage":20,"enemies":"3 Sentries","floor":7,"turns":5},{"damage":20,"enemies":"Lagavulin","floor":11,"turns":6},{"damage":0,"enemies":"Gremlin Gang","floor":13,"turns":2},{"damage":6,"enemies":"2 Fungi Beasts","floor":14,"turns":3},{"damage":46,"enemies":"Hexaghost","floor":16,"turns":9},{"damage":31,"enemies":"Shell Parasite","floor":18,"turns":4},{"damage":4,"enemies":"Spheric Guardian","floor":21,"turns":3},{"damage":9,"enemies":"Cultist and Chosen","floor":22,"turns":3},{"damage":15,"enemies":"Centurion and Healer","floor":24,"turns":2},{"damage":2,"enemies":"Sentry and Sphere","floor":25,"turns":3},{"damage":11,"enemies":"Snake Plant","floor":27,"turns":2},{"damage":28,"enemies":"Shelled Parasite and Fungi","floor":28,"turns":3},{"damage":32,"enemies":"Centurion and Healer","floor":30,"turns":4},{"damage":89,"enemies":"Automaton","floor":33,"turns":6}],"seed_played":"6776390557257478862","potions_obtained":[{"floor":2,"key":"Swift Potion"},{"floor":3,"key":"Ancient Potion"},{"floor":5,"key":"Energy Potion"},{"floor":11,"key":"Dexterity Potion"},{"floor":13,"key":"LiquidBronze"},{"floor":14,"key":"SpeedPotion"},{"floor":16,"key":"BlessingOfTheForge"},{"floor":18,"key":"DuplicationPotion"},{"floor":22,"key":"Energy Potion"}],"is_trial":false,"path_per_floor":["M","M","M","M","M","R","E","?","T","R","E","R","M","M","R","B",null,"M","$","?","M","M","R","M","M","T","M","M","R","M","?","R","B"],"character_chosen":"IRONCLAD","items_purchased":["Lee\u0027s Waffle","Carnage+1","Cleave+1","Double Tap"],"campfire_rested":2,"item_purchase_floors":[19,19,19,19],"current_hp_per_floor":[70,72,72,61,67,67,53,53,53,53,39,39,45,45,66,26,61,36,79,79,79,76,76,67,71,71,66,44,44,18,18,41,0,0],"gold":221,"neow_bonus":"REMOVE_TWO","is_daily":false,"chose_seed":false,"campfire_upgraded":5,"win_rate":0.0,"timestamp":1612869933,"path_taken":["M","M","M","M","M","R","E","?","T","R","E","R","M","M","R","BOSS","M","$","?","M","?","R","M","M","T","M","M","R","M","?","R","BOSS"],"items_purchased_type":["Relic","Card","Card","Card"],"build_version":"2020-12-22","purchased_purges":0,"victory":false,"max_hp_per_floor":[72,72,72,72,72,72,72,72,72,72,72,72,72,72,72,72,72,72,79,79,79,79,79,79,79,79,79,79,79,79,79,79,79,79],"card_choices":[{"not_picked":["Dark Embrace","Power Through"],"picked":"Iron Wave","floor":1},{"not_picked":["Twin Strike","Body Slam"],"picked":"Whirlwind","floor":2},{"not_picked":["Seeing Red","Iron Wave"],"picked":"Headbutt","floor":3},{"not_picked":["Heavy Blade","Iron Wave"],"picked":"Anger","floor":4},{"not_picked":["Metallicize","Rage"],"picked":"Inflame","floor":5},{"not_picked":["Entrench","Demon Form"],"picked":"Cleave+1","floor":7},{"not_picked":["Sever Soul+1","Juggernaut"],"picked":"Wild Strike+1","floor":11},{"not_picked":["Clothesline+1","Reckless Charge+1"],"picked":"Twin Strike+1","floor":13},{"not_picked":["Sever Soul+1","Warcry"],"picked":"Wild Strike+1","floor":14},{"not_picked":["Berserk","Offering"],"picked":"Bludgeon+1","floor":16},{"not_picked":["Sever Soul+1","Metallicize"],"picked":"Shrug It Off","floor":18},{"not_picked":["Iron Wave+1","Wild Strike+1"],"picked":"Flex+1","floor":21},{"not_picked":["Inflame","Flex"],"picked":"Shrug It Off","floor":22},{"not_picked":["Pommel Strike+1","Clothesline+1"],"picked":"Immolate+1","floor":24},{"not_picked":["Burning Pact","Wild Strike+1"],"picked":"Twin Strike+1","floor":25},{"not_picked":["Twin Strike+1","Perfected Strike+1"],"picked":"Thunderclap+1","floor":27},{"not_picked":["Intimidate","Warcry"],"picked":"Shrug It Off+1","floor":28},{"not_picked":["Seeing Red","Exhume"],"picked":"Carnage+1","floor":30}],"player_experience":206571,"relics_obtained":[{"floor":7,"key":"Molten Egg 2"},{"floor":9,"key":"Bottled Flame"},{"floor":11,"key":"White Beast Statue"},{"floor":26,"key":"Blue Candle"}],"event_choices":[{"damage_healed":0,"gold_gain":0,"player_choice":"Trade","damage_taken":0,"relics_obtained":["GremlinMask"],"max_hp_gain":0,"max_hp_loss":0,"event_name":"FaceTrader","floor":8,"gold_loss":0},{"damage_healed":0,"gold_gain":0,"player_choice":"Traded Relic","damage_taken":0,"relics_obtained":["Nloth\u0027s Gift"],"max_hp_gain":0,"max_hp_loss":0,"event_name":"N\u0027loth","floor":20,"relics_lost":["White Beast Statue"],"gold_loss":0},{"damage_healed":0,"gold_gain":0,"player_choice":"0 cards matched","damage_taken":0,"max_hp_gain":0,"max_hp_loss":0,"event_name":"Match and Keep!","floor":31,"gold_loss":0,"cards_obtained":[]}],"is_beta":false,"boss_relics":[{"not_picked":["Coffee Dripper","Black Star"],"picked":"Philosopher\u0027s Stone"}],"items_purged_floors":[],"is_endless":false,"potions_floor_spawned":[2,3,5,11,13,14,16,18,22,30],"killed_by":"Automaton","ascension_level":9}}