{"host":"7k2a2omxz3voj5ax","time":1612870752,"event":{"mods":["BaseMod","Marisa£¨ìFÓê¡¡Ä§ÀíÉ³£©","Minty Spire (QoL Compilation)","Quick Restart","Spicy Shops","StSLib","Starting Relic: Pandora\u0027s Box","Yakumo Yukari mod","¡¾ÒÅÎï¿¨ÅÆ¡¿REMEMod","óô»ðÖ¸ÄÏ"],"gold_per_floor":[115,130,140,165,175,21,48,48,71,71,35,51,86,161,12,12,12,112,112,127,141,141,154,166,166,186,216,216,232,232,232],"floor_reached":30,"language":"ZHS","playtime":1145,"items_purged":["CrushJoints"],"score":539,"play_id":"8fa56667-a3d5-4e98-a116-226d87af853d","local_time":"20210209203912","is_ascension_mode":true,"campfire_choices":[{"floor":8.0,"key":"RECALL"},{"floor":16.0,"key":"REST"},{"data":"Eruption","floor":17.0,"key":"SMITH"},{"floor":28.0,"key":"REST"}],"circlet_count":0,"master_deck":["AscendersBane","Eruption+1","Vigilance+1","FlyingSleeves+1","TalkToTheHand+1","ReachHeaven+1","Adaptation+1","FollowUp+1","Evaluate+1","LessonLearned+1","Fasting2+1","Tantrum+1","InnerPeace+1","TalkToTheHand","Establishment+1","Perseverance+1","Tantrum"],"relics":["PureWater","REME_ComplimentaryCards","NeowsBlessing","Incense Burner","Damaru","Sundial","Medical Kit","REME_ChargedStone","Mercury Hourglass"],"acts_visited":["Exordium","TheCity"],"potions_floor_usage":[],"damage_taken":[{"damage":0.0,"enemies":"Cultist","floor":1.0,"turns":1.0},{"damage":0.0,"enemies":"Small Slimes","floor":2.0,"turns":2.0},{"damage":3.0,"enemies":"Jaw Worm","floor":3.0,"turns":2.0},{"damage":18.0,"enemies":"Large Slime","floor":5.0,"turns":4.0},{"damage":10.0,"enemies":"3 Sentries","floor":7.0,"turns":3.0},{"damage":12.0,"enemies":"Exordium Wildlife","floor":12.0,"turns":3.0},{"damage":12.0,"enemies":"Lagavulin","floor":13.0,"turns":5.0},{"damage":0.0,"enemies":"Slime Boss","floor":18.0,"turns":5.0},{"damage":12.0,"enemies":"Shell Parasite","floor":20.0,"turns":5.0},{"damage":7.0,"enemies":"Spheric Guardian","floor":21.0,"turns":3.0},{"damage":3.0,"enemies":"Cultist and Chosen","floor":23.0,"turns":5.0},{"damage":13.0,"enemies":"Shelled Parasite and Fungi","floor":24.0,"turns":3.0},{"damage":4.0,"enemies":"3 Cultists","floor":26.0,"turns":4.0},{"damage":0.0,"enemies":"REME_1_Revenger","floor":27.0,"turns":4.0},{"damage":42.0,"enemies":"Snake Plant","floor":29.0,"turns":5.0},{"damage":11,"enemies":"Book of Stabbing","floor":30,"turns":2}],"seed_played":"-5284726719343589699","potions_obtained":[{"floor":1.0,"key":"REME_GoldPotion"},{"floor":7.0,"key":"SkillPotion"},{"floor":10.0,"key":"Fruit Juice"},{"floor":10.0,"key":"Ancient Potion"},{"floor":12.0,"key":"SpeedPotion"},{"floor":26.0,"key":"Swift Potion"},{"floor":29.0,"key":"ColorlessPotion"}],"is_trial":false,"path_per_floor":["M","M","M","T","M","R","E","R","T","?","$","M","E","?","$","R","R","B",null,"M","M","?","M","M","?","M","E","R","M","E"],"character_chosen":"WATCHER","items_purchased":["InnerPeace","TalkToTheHand","Medical Kit"],"campfire_rested":2,"item_purchase_floors":[6,11,15],"current_hp_per_floor":[65,65,62,62,44,44,34,34,34,39,39,27,15,8,8,31,31,31,66,54,47,47,44,31,31,27,27,50,8,0,0],"gold":232,"neow_bonus":"THREE_ENEMY_KILL","is_daily":false,"chose_seed":false,"campfire_upgraded":1,"win_rate":0.0,"timestamp":1612870752,"path_taken":["M","M","M","?","M","R","E","R","T","?","$","?","E","?","?","R","R","BOSS","M","M","?","M","M","?","M","E","R","M","E"],"items_purchased_type":["Card","Card","Relic"],"build_version":"2020-12-22","purchased_purges":1,"victory":false,"max_hp_per_floor":[72,72,72,72,72,72,72,72,72,77,77,77,77,77,77,77,77,77,77,77,77,77,77,77,77,77,77,77,77,77,77],"card_choices":[{"not_picked":["FlurryOfBlows","Protect","Evaluate"],"picked":"SKIP","floor":1.0},{"not_picked":["Evaluate","BowlingBash","Fasting2"],"picked":"SKIP","floor":2.0},{"not_picked":["Evaluate","BowlingBash"],"picked":"Fasting2","floor":2.0},{"not_picked":["FlyingSleeves","EmptyFist","Conclude"],"picked":"SKIP","floor":3.0},{"not_picked":["SashWhip","REME_EmptyShield"],"picked":"Tantrum","floor":5.0},{"not_picked":["ThirdEye","JustLucky","LikeWater"],"picked":"SKIP","floor":7.0},{"not_picked":["Protect","PathToVictory","Consecrate"],"picked":"SKIP","floor":12.0},{"not_picked":["ReachHeaven","Conclude","Indignation"],"picked":"SKIP","floor":13.0},{"not_picked":["DeusExMachina","Brilliance"],"picked":"Establishment","floor":18.0},{"not_picked":["FlurryOfBlows","SignatureMove","FlyingSleeves"],"picked":"SKIP","floor":20.0},{"not_picked":["Perseverance","Evaluate","Pray+1"],"picked":"SKIP","floor":21.0},{"not_picked":["Evaluate","Pray+1"],"picked":"Perseverance","floor":21.0},{"not_picked":["CutThroughFate","Consecrate","Prostrate"],"picked":"SKIP","floor":23.0},{"not_picked":["CutThroughFate+1","CrushJoints","EmptyFist"],"picked":"SKIP","floor":24.0},{"not_picked":["CutThroughFate+1","CrushJoints","EmptyFist"],"picked":"SKIP","floor":24.0},{"not_picked":["Crescendo","REME_Repentance"],"picked":"Tantrum","floor":26.0},{"not_picked":["ClearTheMind","EmptyBody","Consecrate+1"],"picked":"SKIP","floor":27.0},{"not_picked":["ThirdEye","JustLucky","BattleHymn"],"picked":"SKIP","floor":29.0}],"player_experience":300337,"relics_obtained":[{"floor":7.0,"key":"Incense Burner"},{"floor":9.0,"key":"Damaru"},{"floor":13.0,"key":"Sundial"},{"floor":27.0,"key":"Mercury Hourglass"}],"event_choices":[{"damage_healed":0.0,"max_hp_gain":0.0,"max_hp_loss":0.0,"gold_gain":0.0,"event_name":"Lab","player_choice":"Got Potions","floor":10.0,"gold_loss":0.0,"damage_taken":0.0},{"damage_healed":0.0,"max_hp_gain":0.0,"max_hp_loss":0.0,"gold_gain":75.0,"event_name":"FaceTrader","player_choice":"Touch","floor":14.0,"gold_loss":0.0,"damage_taken":7.0},{"damage_healed":0.0,"max_hp_gain":0.0,"max_hp_loss":0.0,"gold_gain":0.0,"event_name":"Ghosts","player_choice":"Ignored","floor":22.0,"gold_loss":0.0,"damage_taken":0.0},{"cards_removed":["Prostrate"],"damage_healed":0.0,"max_hp_gain":0.0,"max_hp_loss":0.0,"gold_gain":0.0,"event_name":"Back to Basics","player_choice":"Elegance","floor":25.0,"gold_loss":0.0,"damage_taken":0.0}],"is_beta":false,"boss_relics":[{"not_picked":["Velvet Choker","Pandora\u0027s Box"],"picked":"REME_ChargedStone"}],"items_purged_floors":[6],"is_endless":false,"potions_floor_spawned":[1,7,12,13,20,24,26,29],"killed_by":"Book of Stabbing","ascension_level":12}}