{"host":"yml0ux6c8lqydjlc","time":1612830291,"event":{"mods":["Aspiration","BaseMod","Conspire","Downfall","Hermit","Jedi Mod","Minty Spire (QoL Compilation)","Robot Space Explorer","StSLib"],"gold_per_floor":[110,123,123,135,38,71,83,100,100,100,0,0,0,0,0,0,0],"floor_reached":16,"language":"ENG","playtime":1464,"items_purged":["Strike_R","Strike_R"],"score":100,"play_id":"2309f73b-9a78-4a34-9142-8a86a0b67bfb","local_time":"20210208192451","is_ascension_mode":false,"campfire_choices":[{"data":"conspire:Charge","floor":10.0,"key":"SMITH"},{"data":"Clash","floor":13,"key":"SMITH"},{"data":"Armaments","floor":15,"key":"SMITH"}],"circlet_count":0,"master_deck":["Strike_R","Strike_R","Strike_R","Defend_R","Defend_R","Defend_R","Defend_R","Bash","Twin Strike+1","Clash+1","Armaments+1","Flex","conspire:Charge+1","Bloodletting","Warcry"],"relics":["Burning Blood","Bag of Preparation","aspiration:FetidBarrel","conspire:TopHat"],"acts_visited":["Exordium"],"potions_floor_usage":[],"damage_taken":[{"damage":8.0,"enemies":"conspire:RoseBush","floor":1.0,"turns":3.0},{"damage":7.0,"enemies":"2 Louse","floor":2.0,"turns":3.0},{"damage":1.0,"enemies":"Cultist","floor":4.0,"turns":3.0},{"damage":24.0,"enemies":"Lagavulin","floor":6.0,"turns":8.0},{"damage":0.0,"enemies":"Exordium Wildlife","floor":7.0,"turns":2.0},{"damage":3.0,"enemies":"Blue Slaver","floor":8.0,"turns":2.0},{"damage":80,"enemies":"Hexaghost","floor":16,"turns":9}],"seed_played":"-4090426579185108327","potions_obtained":[{"floor":2.0,"key":"jedi:wingpotion"},{"floor":6.0,"key":"CultistPotion"},{"floor":7.0,"key":"FearPotion"}],"is_trial":false,"path_per_floor":["M","M","?","M","$","E","M","M","T","R","$","T","R","$","R","B"],"character_chosen":"IRONCLAD","items_purchased":["Flex"],"campfire_rested":0,"item_purchase_floors":[5],"current_hp_per_floor":[86,85,85,88,88,70,76,79,79,79,79,79,79,79,79,0,0],"gold":0,"neow_bonus":"TEN_PERCENT_HP_BONUS","is_daily":false,"chose_seed":false,"campfire_upgraded":3,"win_rate":0.0,"timestamp":1612830291,"path_taken":["M","?","?","M","$","E","M","?","T","R","?","?","R","?","R","BOSS"],"items_purchased_type":["Card"],"build_version":"2020-12-22","purchased_purges":2,"victory":false,"max_hp_per_floor":[88,88,88,88,88,88,88,88,88,88,88,88,88,88,88,88,88],"card_choices":[{"not_picked":["Clash","Cleave"],"picked":"Twin Strike","floor":1.0},{"not_picked":["Battle Trance","Ghostly Armor"],"picked":"Clash","floor":2.0},{"not_picked":["Thunderclap","Headbutt"],"picked":"Armaments","floor":4.0},{"not_picked":["Iron Wave","Carnage"],"picked":"conspire:Charge","floor":6.0},{"not_picked":["Hemokinesis","Iron Wave"],"picked":"Bloodletting","floor":7.0},{"not_picked":["Shrug It Off","Metallicize"],"picked":"Warcry","floor":8.0}],"player_experience":26401,"relics_obtained":[{"floor":6.0,"key":"Bag of Preparation"},{"floor":9.0,"key":"aspiration:FetidBarrel"},{"floor":12,"key":"conspire:TopHat"}],"event_choices":[{"damage_healed":0.0,"max_hp_gain":0.0,"max_hp_loss":0.0,"gold_gain":0.0,"event_name":"Accursed Blacksmith","player_choice":"Forge","floor":3.0,"gold_loss":0.0,"damage_taken":0.0,"cards_upgraded":["Twin Strike"]}],"is_beta":false,"boss_relics":[],"items_purged_floors":[5,11],"is_endless":false,"potions_floor_spawned":[2,6,7],"killed_by":"Hexaghost","ascension_level":0}}