{"host":"68ypu360vyldwzrz","time":1612843624,"event":{"mods":["Act Like it!","BaseMod","Better Note","Better Third Choice","Better Vampires","BetterRewards","CapriCore","Downfall","Friendly Minions","GifTheSpireLib","Hermit","Hero for Fun","Hubris","Jorbs\u0027s Wanderer Trilogy","Luminous","Marisa????????","Minty Spire (QoL Compilation)","Quick Restart","Rare Cards Sparkle","Relic Stats","Remilia??????","Shade Mod","Shop Mod","StSLib","Td1madao Mod","The Administrix","The Alterego","The Cursed","The Hierophant","The Immortal","The Necromancer","The Senshi","The Servant 0.9.4","TheVacant","Wandering Minibosses"],"gold_per_floor":[99,114,134,19,19,19,19,44,63,75,92,109,384,400,388,492,492,492,492,506,17,17,17,17,36,56,68,68,68,29,29,40,40,40],"floor_reached":33,"language":"ENG","playtime":4395,"items_purged":["Regret"],"score":255,"play_id":"64903697-6fb6-4e6d-9b7f-d4f185a943cb","local_time":"20210208220704","is_ascension_mode":true,"campfire_choices":[{"data":"Bone_Prison","floor":1.0,"key":"SMITH"},{"floor":18.0,"key":"RECALL"}],"circlet_count":0,"master_deck":["Strike_W","Strike_W","Strike_W","Defend_W","Defend_W","Defend_W","Defend_W","Negative_Energy_Arrows","Bone_Wall","Bone_Prison+1","Necrotic_Claws","Scare","Chill_Blood","Summon_Lich","Acid_Javelin","Consume_Illness","Plague_Bolt","Plague_Bolt","Toxic_Smoke_Screen","Chill_Blood","Skeleton_Dragon","Finger_Of_Death+1","Vampiric_Strike","Bone_Bullets+1","Bone_Armor+1","Summon_Undead+1","Bone_Armor+1","Stop_Heart","Pandemic"],"relics":["Orichalcum","Fusion Hammer","Bottled Flame","ClockworkSouvenir","Bottled Tornado"],"acts_visited":["Exordium","TheCity"],"potions_floor_usage":[33],"damage_taken":[{"damage":0.0,"enemies":"Small Slimes","floor":2.0,"turns":3.0},{"damage":2.0,"enemies":"2 Louse","floor":3.0,"turns":4.0},{"damage":0.0,"enemies":"downfall:FleeingMerchant","floor":4.0,"turns":7.0},{"damage":0.0,"enemies":"Jaw Worm","floor":9.0,"turns":3.0},{"damage":1.0,"enemies":"Exordium Wildlife","floor":10.0,"turns":4.0},{"damage":0.0,"enemies":"3 Louse","floor":11.0,"turns":2.0},{"damage":23.0,"enemies":"Gremlin Gang","floor":12.0,"turns":5.0},{"damage":2.0,"enemies":"Exordium Wildlife","floor":14.0,"turns":4.0},{"damage":14.0,"enemies":"Exordium Thugs","floor":15.0,"turns":6.0},{"damage":35.0,"enemies":"IC_STATUS_ARCHETYPE","floor":16.0,"turns":9.0},{"damage":0.0,"enemies":"Chosen","floor":19.0,"turns":1.0},{"damage":19.0,"enemies":"3 Byrds","floor":20.0,"turns":5.0},{"damage":4.0,"enemies":"downfall:FleeingMerchant","floor":21.0,"turns":4.0},{"damage":6.0,"enemies":"Snake Plant","floor":25.0,"turns":5.0},{"damage":17.0,"enemies":"Cultist and Chosen","floor":26.0,"turns":5.0},{"damage":12.0,"enemies":"Centurion and Healer","floor":27.0,"turns":7.0},{"damage":26.0,"enemies":"Snecko","floor":30.0,"turns":6.0},{"damage":14,"enemies":"Sentry and Sphere","floor":32,"turns":5},{"damage":2,"enemies":"DF_ARCHETYPE_CLAW","floor":33,"turns":1}],"seed_played":"-7007947955668846387","potions_obtained":[{"floor":3.0,"key":"Swift Potion"},{"floor":11.0,"key":"ColorlessPotion"},{"floor":15.0,"key":"SkillPotion"},{"floor":16.0,"key":"FearPotion"},{"floor":23.0,"key":"LiquidMemories"},{"floor":23.0,"key":"SpeedPotion"},{"floor":25.0,"key":"DuplicationPotion"},{"floor":32,"key":"LiquidMemories"}],"is_trial":false,"path_per_floor":["R","M","M","$","?","?","T","T","M","M","M","M","?","M","M","B",null,"R","M","M","$","?","?","T","M","M","M","T","?","M","?","M","B"],"character_chosen":"NECROMANCER","items_purchased":["Summon_Lich","Bottled Flame","ClockworkSouvenir"],"campfire_rested":0,"item_purchase_floors":[4,21,21],"current_hp_per_floor":[75,75,75,75,75,80,80,80,80,79,79,56,56,54,40,5,80,80,80,61,59,59,59,59,55,38,26,26,26,15,15,1,0,0],"gold":40,"neow_bonus":"TRANSFORM_CARD","is_daily":false,"chose_seed":false,"campfire_upgraded":1,"win_rate":0.0,"timestamp":1612843624,"path_taken":["R","M","M","$","?","?","T","?","M","?","M","M","?","?","M","BOSS","R","M","M","$","?","?","T","?","M","M","?","?","M","?","M","BOSS"],"items_purchased_type":["Card","Relic","Relic"],"build_version":"2020-12-22","purchased_purges":1,"victory":false,"max_hp_per_floor":[75,75,75,75,75,80,80,80,80,80,80,80,80,80,80,80,80,80,80,80,80,80,80,80,80,80,80,80,80,80,80,80,80,80],"relic_stats":{"counters":[19,86],"Orichalcum":[120],"obtain_stats":[{"Anchor":8,"Bottled Flame":21,"downfall:BrokenWingStatue":5,"hubris:Icosahedron":22,"Vampire_Amulet":0,"Fusion Hammer":17,"Orichalcum":7,"Bottled Tornado":24,"ClockworkSouvenir":21},{"Anchor":3,"Bottled Flame":13,"downfall:BrokenWingStatue":3,"hubris:Icosahedron":13,"Vampire_Amulet":0,"Fusion Hammer":10,"Orichalcum":3,"Bottled Tornado":13,"ClockworkSouvenir":13},{"Anchor":14,"Bottled Flame":57,"downfall:BrokenWingStatue":14,"hubris:Icosahedron":57,"Vampire_Amulet":0,"Fusion Hammer":47,"Orichalcum":14,"Bottled Tornado":57,"ClockworkSouvenir":57}]},"card_choices":[{"not_picked":["Negative_Energy_Javelin","Deaths_Shadow"],"picked":"Necrotic_Claws","floor":2.0},{"not_picked":["Blood_Curse","Bone_Shift"],"picked":"Scare","floor":3.0},{"not_picked":["Blood_Shield","Necromantic_Selection"],"picked":"Chill_Blood","floor":4.0},{"not_picked":["Negative_Energy_Sphere","Shackles_Of_Pain"],"picked":"Acid_Javelin","floor":9.0},{"not_picked":["Bone_Armory","Bone_Prison"],"picked":"Consume_Illness","floor":10.0},{"not_picked":["Strike_from_Beyond","Blood_Curse"],"picked":"Plague_Bolt","floor":11.0},{"not_picked":["Shade_Step","Death_Coil"],"picked":"Plague_Bolt","floor":12.0},{"not_picked":["Consume_Illness","Negative_Energy_Sphere"],"picked":"Toxic_Smoke_Screen","floor":14.0},{"not_picked":["Uncharnel","Necromantic_Selection"],"picked":"Chill_Blood","floor":15.0},{"not_picked":["Blood_Magic","Blood_Wake"],"picked":"Skeleton_Dragon","floor":16.0},{"not_picked":["Death_March_Dance","Bone_Prison"],"picked":"Finger_Of_Death+1","floor":19.0},{"not_picked":["Life_Tap","Bone_Shift+1"],"picked":"Vampiric_Strike","floor":20.0},{"not_picked":["Detonate_Bones","Chill_Blood"],"picked":"Bone_Bullets+1","floor":21.0},{"not_picked":["Blood_Is_Power+1","Toxic_Smoke_Screen+1"],"picked":"Bone_Armor+1","floor":25.0},{"not_picked":["Shade_Step","Acid_Javelin"],"picked":"Summon_Undead","floor":26.0},{"not_picked":["Detonate_Bones","Blood_Whip+1"],"picked":"Bone_Armor+1","floor":27.0},{"not_picked":["Life_Drain","Scare"],"picked":"Stop_Heart","floor":30.0},{"not_picked":["Blood_Shield","Vampiric_Strike+1"],"picked":"Pandemic","floor":32}],"player_experience":399171,"relics_obtained":[{"floor":7.0,"key":"Orichalcum"},{"floor":8.0,"key":"Anchor"},{"floor":24.0,"key":"Bottled Tornado"}],"event_choices":[{"damage_healed":0.0,"max_hp_gain":5.0,"max_hp_loss":0.0,"gold_gain":0.0,"event_name":"Big Fish","player_choice":"Donut","floor":6.0,"gold_loss":0.0,"damage_taken":0.0},{"damage_healed":0.0,"max_hp_gain":0.0,"max_hp_loss":0.0,"gold_gain":0.0,"event_name":"Lab","player_choice":"Got Potions","floor":23.0,"gold_loss":0.0,"damage_taken":0.0},{"damage_healed":0.0,"max_hp_gain":0.0,"max_hp_loss":0.0,"gold_gain":0.0,"event_name":"Vampires","player_choice":"Ignored","floor":29.0,"gold_loss":0.0,"damage_taken":0.0},{"damage_healed":0.0,"max_hp_gain":0.0,"max_hp_loss":0.0,"gold_gain":0.0,"event_name":"Accursed Blacksmith","player_choice":"Forge","floor":31.0,"gold_loss":0.0,"damage_taken":0.0,"cards_upgraded":["Summon_Undead"]}],"is_beta":false,"boss_relics":[{"not_picked":["hubris:HollowSoul","Runic Dome"],"picked":"Fusion Hammer"}],"items_purged_floors":[21],"is_endless":false,"potions_floor_spawned":[3,11,15,16,25,32],"killed_by":"DF_ARCHETYPE_CLAW","ascension_level":1}}