{"host":"qc8p2flj7wsy3zpg","time":1612889712,"event":{"mods":["BaseMod","Highlight Path","Minty Spire (QoL Compilation)","Monster List Patch","Relic Stats","StSLib"],"gold_per_floor":[117,136,149,165,165,194,210,210,210,244,259,259,287,287,287,358,358,375,393,393,25,25,55,4,4,4,4,35,54,71,171,171,171,171],"floor_reached":33,"language":"ENG","playtime":1030,"items_purged":[],"score":610,"play_id":"26929e6e-fed1-4c44-8ad5-52b60c5b6aa3","local_time":"20210209105512","is_ascension_mode":true,"campfire_choices":[{"floor":8.0,"key":"REST"},{"data":"Whirlwind","floor":12.0,"key":"SMITH"},{"floor":15.0,"key":"REST"},{"floor":25.0,"key":"REST"},{"floor":27.0,"key":"REST"},{"floor":32.0,"key":"REST"}],"circlet_count":0,"master_deck":["AscendersBane","Strike_R+1","Strike_R+1","Strike_R+1","Strike_R+1","Strike_R+1","Defend_R+1","Defend_R+1","Defend_R+1","Defend_R+1","Bash","Pommel Strike","Uppercut","Whirlwind+1","Immolate","Twin Strike+1","Headbutt+1","Carnage+1","Impervious","True Grit+1","Decay","True Grit+1","Feed+1","Shrug It Off+1"],"relics":["Cursed Key","Art of War","Molten Egg 2","Blue Candle","Letter Opener","Mark of Pain","Toxic Egg 2","Anchor","Frozen Egg 2","WingedGreaves","Bottled Flame"],"acts_visited":["Exordium","TheCity"],"potions_floor_usage":[],"damage_taken":[{"damage":3.0,"enemies":"Small Slimes","floor":1.0,"turns":3.0},{"damage":3.0,"enemies":"2 Louse","floor":2.0,"turns":3.0},{"damage":4.0,"enemies":"Jaw Worm","floor":3.0,"turns":3.0},{"damage":9.0,"enemies":"Large Slime","floor":4.0,"turns":5.0},{"damage":15.0,"enemies":"Lagavulin","floor":6.0,"turns":6.0},{"damage":0.0,"enemies":"2 Fungi Beasts","floor":7.0,"turns":2.0},{"damage":6.0,"enemies":"Gremlin Nob","floor":10.0,"turns":3.0},{"damage":6.0,"enemies":"Looter","floor":11.0,"turns":2.0},{"damage":15.0,"enemies":"Lagavulin","floor":13.0,"turns":3.0},{"damage":43.0,"enemies":"Hexaghost","floor":16.0,"turns":8.0},{"damage":15.0,"enemies":"3 Byrds","floor":18.0,"turns":3.0},{"damage":11.0,"enemies":"Shell Parasite","floor":19.0,"turns":3.0},{"damage":20.0,"enemies":"Book of Stabbing","floor":23.0,"turns":3.0},{"damage":22.0,"enemies":"Gremlin Leader","floor":28.0,"turns":6.0},{"damage":0.0,"enemies":"Chosen and Byrds","floor":29.0,"turns":5.0},{"damage":6.0,"enemies":"Centurion and Healer","floor":30.0,"turns":5.0},{"damage":3.0,"enemies":"Colosseum Slavers","floor":31.0,"turns":2.0},{"damage":5.0,"enemies":"Colosseum Nobs","floor":31.0,"turns":3.0},{"damage":70,"enemies":"Collector","floor":33,"turns":8}],"seed_played":"1704638667995039740","potions_obtained":[{"floor":2.0,"key":"Explosive Potion"},{"floor":4.0,"key":"Swift Potion"},{"floor":6.0,"key":"Strength Potion"},{"floor":13.0,"key":"EssenceOfSteel"},{"floor":16.0,"key":"AttackPotion"},{"floor":19.0,"key":"SpeedPotion"},{"floor":29.0,"key":"Strength Potion"}],"is_trial":false,"path_per_floor":["M","M","M","M","?","E","M","R","T","E","M","R","E","?","R","B",null,"M","M","?","$","?","E","$","R","T","R","E","M","M","?","R","B"],"character_chosen":"IRONCLAD","items_purchased":["Toxic Egg 2","LiquidMemories","True Grit+1"],"campfire_rested":5,"item_purchase_floors":[21,21,24],"current_hp_per_floor":[65,62,58,49,38,23,23,45,45,39,33,33,18,23,47,4,61,46,35,35,35,35,15,15,39,39,63,41,45,43,35,61,0,0],"gold":171,"neow_bonus":"BOSS_RELIC","is_daily":false,"chose_seed":false,"campfire_upgraded":1,"win_rate":0.0,"timestamp":1612889712,"path_taken":["M","M","M","M","?","E","M","R","T","E","M","R","E","?","R","BOSS","M","M","?","$","?","E","$","R","T","R","E","M","M","?","R","BOSS"],"items_purchased_type":["Relic","Potion","Card"],"build_version":"2020-12-22","purchased_purges":0,"victory":false,"max_hp_per_floor":[75,75,75,75,75,75,75,75,75,75,75,75,75,80,80,80,80,80,80,80,80,80,80,80,80,80,80,80,84,88,88,88,88,88],"relic_stats":{"counters":[19,76],"Blue Candle":[3],"Art of War":[2],"Letter Opener":[20],"Cursed Key":0,"obtain_stats":[{"Anchor":23,"Bottled Flame":31,"Blue Candle":10,"Molten Egg 2":6,"Mark of Pain":17,"WingedGreaves":31,"Art of War":5,"Letter Opener":13,"Toxic Egg 2":21,"Frozen Egg 2":28,"Cursed Key":0,"Burning Blood":0},{"Anchor":13,"Bottled Flame":18,"Blue Candle":7,"Molten Egg 2":5,"Mark of Pain":10,"WingedGreaves":18,"Art of War":4,"Letter Opener":9,"Toxic Egg 2":12,"Frozen Egg 2":14,"Cursed Key":0,"Burning Blood":0},{"Anchor":47,"Bottled Flame":68,"Blue Candle":25,"Molten Egg 2":20,"Mark of Pain":38,"WingedGreaves":68,"Art of War":14,"Letter Opener":30,"Toxic Egg 2":44,"Frozen Egg 2":53,"Cursed Key":0,"Burning Blood":0}]},"card_choices":[{"not_picked":["Headbutt","Flex"],"picked":"Pommel Strike","floor":1.0},{"not_picked":["Shrug It Off","Power Through"],"picked":"Uppercut","floor":2.0},{"not_picked":["Clash","Body Slam"],"picked":"Whirlwind","floor":3.0},{"not_picked":["Dual Wield","Shrug It Off"],"picked":"Immolate","floor":4.0},{"not_picked":["Havoc","Cleave+1"],"picked":"Twin Strike+1","floor":6.0},{"not_picked":["Iron Wave+1","Twin Strike+1"],"picked":"Headbutt+1","floor":7.0},{"not_picked":["Blood for Blood+1","Sword Boomerang+1"],"picked":"Carnage+1","floor":11.0},{"not_picked":["Barricade","Juggernaut"],"picked":"Impervious","floor":16.0},{"not_picked":["Clothesline+1","Searing Blow+1"],"picked":"True Grit+1","floor":19.0},{"not_picked":["Wild Strike+1","Clash+1"],"picked":"Feed+1","floor":28.0},{"not_picked":["Second Wind+1","True Grit+1"],"picked":"Shrug It Off+1","floor":31.0}],"player_experience":2350610,"relics_obtained":[{"floor":6.0,"key":"Molten Egg 2"},{"floor":10.0,"key":"Blue Candle"},{"floor":13.0,"key":"Letter Opener"},{"floor":23.0,"key":"Anchor"},{"floor":28.0,"key":"Frozen Egg 2"},{"floor":31.0,"key":"WingedGreaves"},{"floor":31.0,"key":"Bottled Flame"}],"event_choices":[{"damage_healed":0.0,"max_hp_gain":0.0,"max_hp_loss":0.0,"gold_gain":0.0,"event_name":"Scrap Ooze","player_choice":"Success","floor":5.0,"gold_loss":0.0,"damage_taken":11.0,"relics_obtained":["Art of War"]},{"damage_healed":0.0,"max_hp_gain":5.0,"max_hp_loss":0.0,"gold_gain":0.0,"event_name":"Big Fish","player_choice":"Donut","floor":14.0,"gold_loss":0.0,"damage_taken":0.0},{"damage_healed":0.0,"max_hp_gain":0.0,"max_hp_loss":0.0,"gold_gain":0.0,"event_name":"Back to Basics","player_choice":"Simplicity","floor":20.0,"gold_loss":0.0,"damage_taken":0.0,"cards_upgraded":["Strike_R","Strike_R","Strike_R","Strike_R","Strike_R","Defend_R","Defend_R","Defend_R","Defend_R"]},{"damage_healed":0.0,"max_hp_gain":0.0,"max_hp_loss":0.0,"gold_gain":0.0,"event_name":"Forgotten Altar","player_choice":"Smashed Altar","floor":22.0,"gold_loss":0.0,"damage_taken":0.0,"cards_obtained":["Decay"]},{"damage_healed":0.0,"max_hp_gain":0.0,"max_hp_loss":0.0,"gold_gain":0.0,"event_name":"Colosseum","player_choice":"Fight","floor":31.0,"gold_loss":0.0,"damage_taken":0.0},{"damage_healed":0.0,"max_hp_gain":0.0,"max_hp_loss":0.0,"gold_gain":0.0,"event_name":"Colosseum","player_choice":"Fought Nobs","floor":31.0,"gold_loss":0.0,"damage_taken":0.0}],"is_beta":false,"boss_relics":[{"not_picked":["Runic Pyramid","Coffee Dripper"],"picked":"Mark of Pain"}],"items_purged_floors":[],"is_endless":false,"potions_floor_spawned":[2,4,6,13,16,19,29,31],"killed_by":"Collector","ascension_level":20}}