{"host":"q5twaoo3ngmfp14g","time":1612860804,"event":{"mods":["AchievementEnabler","BaseMod","Minty Spire (QoL Compilation)","Relic Stats","StSLib"],"gold_per_floor":[111,175,190,200,200,227,227,252,277,295,295,308,60,75,75,75,75],"floor_reached":16,"language":"ENG","playtime":330,"items_purged":[],"score":224,"play_id":"0d8c0a1b-c02a-412e-b004-db0e1f3b7a80","local_time":"20210209095324","is_ascension_mode":true,"campfire_choices":[{"floor":7.0,"key":"REST"},{"data":"Self Repair","floor":15.0,"key":"SMITH"}],"circlet_count":0,"master_deck":["AscendersBane","Strike_B","Strike_B","Strike_B","Strike_B","Defend_B","Defend_B","Defend_B","Defend_B","Zap","Dualcast","Hyperbeam+1","FTL","Cold Snap","Rebound","Coolheaded","Rip and Tear","Gash","Self Repair+1","Genetic Algorithm","Go for the Eyes"],"relics":["Cracked Core","Potion Belt","Bag of Preparation","Omamori","WingedGreaves","Pen Nib"],"acts_visited":["Exordium"],"potions_floor_usage":[16],"damage_taken":[{"damage":4.0,"enemies":"Small Slimes","floor":1.0,"turns":2.0},{"damage":0.0,"enemies":"2 Louse","floor":3.0,"turns":1.0},{"damage":1.0,"enemies":"Cultist","floor":4.0,"turns":3.0},{"damage":25.0,"enemies":"Lagavulin","floor":6.0,"turns":5.0},{"damage":8.0,"enemies":"Gremlin Nob","floor":8.0,"turns":3.0},{"damage":12.0,"enemies":"Gremlin Gang","floor":10.0,"turns":3.0},{"damage":2.0,"enemies":"Exordium Wildlife","floor":12.0,"turns":2.0},{"damage":0.0,"enemies":"Lots of Slimes","floor":14.0,"turns":1.0},{"damage":34,"enemies":"Slime Boss","floor":16,"turns":5}],"seed_played":"-1157910047785794634","potions_obtained":[{"floor":1.0,"key":"FocusPotion"},{"floor":3.0,"key":"EssenceOfSteel"},{"floor":12.0,"key":"SkillPotion"}],"is_trial":false,"path_per_floor":["M","?","M","M","?","E","R","E","T","M","?","M","$","M","R","B"],"character_chosen":"DEFECT","items_purchased":["Pen Nib","Genetic Algorithm"],"campfire_rested":1,"item_purchase_floors":[13,13],"current_hp_per_floor":[60,60,60,59,59,34,53,45,45,33,33,31,31,38,38,4,4],"gold":75,"neow_bonus":"THREE_RARE_CARDS","is_daily":false,"chose_seed":false,"campfire_upgraded":1,"win_rate":0.0,"timestamp":1612860804,"path_taken":["M","?","M","M","?","E","R","E","T","M","?","?","$","?","R","BOSS"],"items_purchased_type":["Relic","Card"],"build_version":"2020-12-22","purchased_purges":0,"victory":false,"max_hp_per_floor":[64,64,64,64,64,64,64,64,64,64,64,64,64,64,64,64,64],"relic_stats":{"counters":[9,25],"Pen Nib":[1],"Bag of Preparation":[8],"obtain_stats":[{"Potion Belt":6,"WingedGreaves":11,"Pen Nib":13,"Bag of Preparation":8,"Omamori":9,"Cracked Core":0},{"Potion Belt":4,"WingedGreaves":6,"Pen Nib":7,"Bag of Preparation":5,"Omamori":5,"Cracked Core":0},{"Potion Belt":11,"WingedGreaves":17,"Pen Nib":19,"Bag of Preparation":14,"Omamori":14,"Cracked Core":0}]},"card_choices":[{"not_picked":["Core Surge","Fission"],"picked":"Hyperbeam","floor":0.0},{"not_picked":["Rip and Tear","Compile Driver"],"picked":"FTL","floor":1.0},{"not_picked":["Leap","Barrage"],"picked":"Cold Snap","floor":3.0},{"not_picked":["Hologram","Skim"],"picked":"Rebound","floor":4.0},{"not_picked":["Loop","Doom and Gloom"],"picked":"Coolheaded","floor":6.0},{"not_picked":["Chill","Rebound"],"picked":"Rip and Tear","floor":8.0},{"not_picked":["Hologram","Barrage"],"picked":"Gash","floor":10.0},{"not_picked":["Scrape","Steam"],"picked":"Self Repair","floor":12.0},{"not_picked":["Redo","Undo"],"picked":"Go for the Eyes","floor":14.0}],"player_experience":822598,"relics_obtained":[{"floor":6.0,"key":"Potion Belt"},{"floor":8.0,"key":"Bag of Preparation"},{"floor":9.0,"key":"Omamori"},{"floor":11.0,"key":"WingedGreaves"}],"event_choices":[{"damage_healed":0.0,"max_hp_gain":0.0,"max_hp_loss":0.0,"gold_gain":64.0,"event_name":"Golden Wing","player_choice":"Gained Gold","floor":2.0,"gold_loss":0.0,"damage_taken":0.0},{"damage_healed":0.0,"max_hp_gain":0.0,"max_hp_loss":0.0,"gold_gain":0.0,"event_name":"Living Wall","player_choice":"Grow","floor":5.0,"gold_loss":0.0,"damage_taken":0.0,"cards_upgraded":["Hyperbeam"]},{"damage_healed":0.0,"max_hp_gain":0.0,"max_hp_loss":0.0,"gold_gain":0.0,"event_name":"Wheel of Change","player_choice":"Relic","floor":11.0,"gold_loss":0.0,"damage_taken":0.0}],"is_beta":false,"boss_relics":[],"items_purged_floors":[],"is_endless":false,"potions_floor_spawned":[1,3,12],"killed_by":"Slime Boss","ascension_level":20}}