{"host":"zoyu9oa60f8m99tp","time":1612890381,"event":{"mods":["Act Like it!","BaseMod","Colored Map","Gensokyo","Luminous","Minty Spire (QoL Compilation)","Shop Mod","StSLib","Yakumo Yukari mod"],"gold_per_floor":[118,118,128,128,128,128,128,154,178,197,197,227,239,251,263,275,275],"floor_reached":16,"language":"ZHS","playtime":919,"items_purged":[],"score":156,"play_id":"aab156d4-3446-4bf4-a8a1-1b13e8f5da0e","local_time":"20210210010621","is_ascension_mode":false,"campfire_choices":[{"data":"Luminous:Photic_Meditation_Luminous","floor":6,"key":"SMITH"},{"floor":13,"key":"REST"},{"data":"Luminous:Blinding_Pillar_Luminous","floor":15,"key":"SMITH"}],"circlet_count":0,"master_deck":["Luminous:Light_Flash_Shower","Luminous:Light_Flash_Shower","Luminous:Light_Flash_Shower","Luminous:Dark_Abyssal_Drop","Luminous:Dark_Abyssal_Drop","Luminous:Dark_Abyssal_Drop","Luminous:Defend_Luminous","Luminous:Defend_Luminous","Luminous:Defend_Luminous","Luminous:Switch_Luminous","Clumsy","Luminous:Photic_Meditation_Luminous+1","Pain","Luminous:Light_Wash_Luminous+1","Luminous:Light_Disperse","Luminous:Light_Glare","Luminous:Blinding_Pillar_Luminous+1","Luminous:Dark_Raid","Luminous:Hero_Will_Luminous","Luminous:Light_Glare"],"relics":["Luminous:MirrorRelic","Gensokyo:NagashiBinaDoll","Gensokyo:LunaticRedEyes","Gensokyo:CelestialsFlawlessClothing","Dream Catcher","Nunchaku","MawBank","Gensokyo:OccultBall"],"acts_visited":["Exordium"],"potions_floor_usage":[12,12],"damage_taken":[{"damage":5,"enemies":"Gensokyo:2_Kodama","floor":1,"turns":4},{"damage":10,"enemies":"Gensokyo:Gryphon","floor":3,"turns":3},{"damage":30,"enemies":"Gensokyo:Aya","floor":8,"turns":6},{"damage":2,"enemies":"Gensokyo:3_Fairies","floor":10,"turns":4},{"damage":56,"enemies":"Gensokyo:Cirno","floor":12,"turns":12},{"damage":128,"enemies":"Gensokyo:Kokoro","floor":16,"turns":22}],"seed_played":"7249000689327228818","potions_obtained":[{"floor":1,"key":"LiquidBronze"},{"floor":3,"key":"AttackPotion"},{"floor":8,"key":"Fire Potion"}],"is_trial":false,"path_per_floor":["M","?","M","?","?","R","?","E","T","M","?","E","R","?","R","B"],"character_chosen":"LuminousClass","items_purchased":[],"campfire_rested":1,"item_purchase_floors":[],"current_hp_per_floor":[70,70,60,60,60,60,42,18,18,22,22,53,75,75,75,0,0],"gold":275,"neow_bonus":"REMOVE_CARD","is_daily":false,"chose_seed":false,"campfire_upgraded":2,"win_rate":0.0,"timestamp":1612890381,"path_taken":["M","?","?","?","?","R","?","E","T","?","?","E","R","?","R","BOSS"],"items_purchased_type":[],"build_version":"2020-12-22","purchased_purges":0,"victory":false,"max_hp_per_floor":[75,75,75,75,75,75,75,75,75,75,75,75,75,75,75,75,75],"card_choices":[{"not_picked":["Luminous:Light_Sylvan_Lance","Luminous:Chase_Spell_Luminous"],"picked":"Luminous:Balance_Ender","floor":1},{"not_picked":["Luminous:Light_Glare","Luminous:Light_Sylvan_Lance"],"picked":"Luminous:Photic_Meditation_Luminous","floor":3},{"not_picked":["Luminous:Concentrate_Luminous","Luminous:Light_Sylvan_Lance"],"picked":"Luminous:Light_Disperse","floor":8},{"not_picked":["Luminous:Chaos_Field_Luminous","Luminous:Dark_Dim_Erosion"],"picked":"Luminous:Light_Glare","floor":10},{"not_picked":["Luminous:Sympathy_Luminous","Luminous:Dark_Morning_Star"],"picked":"Luminous:Blinding_Pillar_Luminous","floor":11},{"not_picked":["Luminous:Balance_Ender","Luminous:Light_Disperse"],"picked":"Luminous:Dark_Raid","floor":11},{"not_picked":["Luminous:Blinding_Pillar_Luminous","Luminous:Dark_Raid"],"picked":"Luminous:Hero_Will_Luminous","floor":12},{"not_picked":["Luminous:Blinding_Pillar_Luminous","Luminous:Dark_Raid"],"picked":"Luminous:Light_Glare","floor":13}],"player_experience":10190,"relics_obtained":[{"floor":8,"key":"Dream Catcher"},{"floor":9,"key":"Nunchaku"},{"floor":12,"key":"MawBank"}],"event_choices":[],"is_beta":false,"boss_relics":[],"items_purged_floors":[],"is_endless":false,"potions_floor_spawned":[1,3,8],"killed_by":"Gensokyo:Kokoro","ascension_level":0}}