{"host":"bxn2em57qlx5u4i0","time":1612844835,"event":{"mods":["BaseMod","Colored Map","Colored Powertips","Highlight Path","Minty Spire (QoL Compilation)","Random Character Button","Relic Sorter","Relic Stats","StSLib","SuperFastMode"],"gold_per_floor":[111,111,111,125,125,154,174,189,271,271,285,310,310,88,88,162,162,173,191,47,97,111,111,111,111,137,137,170,170,203,221,221,221,221],"floor_reached":33,"language":"ENG","playtime":729,"items_purged":["Strike_G","Strike_G"],"score":736,"play_id":"bb40b939-2119-4448-9168-5e6800934a32","local_time":"20210208232715","is_ascension_mode":true,"campfire_choices":[{"data":"Dagger Throw","floor":10.0,"key":"SMITH"},{"data":"Footwork","floor":13.0,"key":"SMITH"},{"data":"Accuracy","floor":15.0,"key":"SMITH"},{"data":"Dagger Throw","floor":23.0,"key":"SMITH"},{"data":"Calculated Gamble","floor":25.0,"key":"SMITH"},{"data":"Infinite Blades","floor":27.0,"key":"SMITH"},{"floor":32,"key":"REST"}],"circlet_count":0,"master_deck":["AscendersBane","Strike_G","Strike_G","Defend_G","Defend_G","Defend_G","Defend_G","Defend_G","Survivor","Neutralize+1","Calculated Gamble+1","Dagger Throw+1","Dagger Throw+1","Backflip","Deflect+1","Footwork+1","Accuracy+1","Cloak And Dagger+1","Blade Dance+1","Adrenaline+1","Concentrate+1","Infinite Blades+1","Calculated Gamble+1","Blur+1","Decay","Deflect+1"],"relics":["Ring of the Snake","NeowsBlessing","Du-Vu Doll","Toxic Egg 2","Nunchaku","WristBlade","Vajra","Shovel","Dream Catcher"],"acts_visited":["Exordium","TheCity"],"potions_floor_usage":[33],"damage_taken":[{"damage":0.0,"enemies":"Small Slimes","floor":1.0,"turns":1.0},{"damage":0.0,"enemies":"2 Louse","floor":4.0,"turns":1.0},{"damage":0.0,"enemies":"3 Sentries","floor":6.0,"turns":1.0},{"damage":0.0,"enemies":"Cultist","floor":7.0,"turns":3.0},{"damage":3.0,"enemies":"Blue Slaver","floor":8.0,"turns":5.0},{"damage":0.0,"enemies":"3 Louse","floor":11.0,"turns":5.0},{"damage":5.0,"enemies":"Gremlin Nob","floor":12.0,"turns":3.0},{"damage":0.0,"enemies":"Slime Boss","floor":16.0,"turns":8.0},{"damage":4.0,"enemies":"Shell Parasite","floor":18.0,"turns":3.0},{"damage":5.0,"enemies":"2 Thieves","floor":19.0,"turns":4.0},{"damage":19.0,"enemies":"Shelled Parasite and Fungi","floor":22.0,"turns":4.0},{"damage":9.0,"enemies":"Book of Stabbing","floor":28.0,"turns":3.0},{"damage":10,"enemies":"Slavers","floor":30,"turns":6},{"damage":0,"enemies":"Centurion and Healer","floor":31,"turns":4},{"damage":33,"enemies":"Champ","floor":33,"turns":11}],"seed_played":"7128384260041877625","potions_obtained":[{"floor":1.0,"key":"ColorlessPotion"},{"floor":8.0,"key":"LiquidMemories"},{"floor":16.0,"key":"DuplicationPotion"},{"floor":18.0,"key":"DuplicationPotion"},{"floor":31,"key":"DistilledChaos"}],"is_trial":false,"path_per_floor":["M","?","?","M","?","E","M","M","T","R","M","E","R","$","R","B",null,"M","M","$","?","M","R","?","R","T","R","E","?","E","M","R","B"],"character_chosen":"THE_SILENT","items_purchased":["Accuracy","Cloak And Dagger+1","Blade Dance+1","Infinite Blades"],"campfire_rested":1,"item_purchase_floors":[14,14,14,20],"current_hp_per_floor":[59,59,59,59,59,59,59,56,56,56,56,51,51,51,51,51,62,58,53,53,47,28,28,28,28,28,28,19,19,9,9,28,0,0],"gold":221,"neow_bonus":"THREE_ENEMY_KILL","is_daily":false,"chose_seed":false,"campfire_upgraded":6,"win_rate":0.0,"timestamp":1612844835,"path_taken":["M","?","?","?","?","E","M","M","T","R","M","E","R","$","R","BOSS","M","M","$","?","?","R","?","R","T","R","E","?","E","M","R","BOSS"],"items_purchased_type":["Card","Card","Card","Card"],"build_version":"2020-12-22","purchased_purges":2,"victory":false,"max_hp_per_floor":[66,66,66,66,66,66,66,66,66,66,66,66,66,66,66,66,66,66,66,66,66,66,66,66,66,66,66,66,66,66,66,66,66,66],"relic_stats":{"Nunchaku":[13],"Dream Catcher":1,"Shovel":0,"counters":[15,62],"obtain_stats":[{"Du-Vu Doll":6,"Nunchaku":12,"Dream Catcher":30,"Shovel":28,"NeowsBlessing":0,"WristBlade":17,"Vajra":26,"Toxic Egg 2":9,"Ring of the Snake":0},{"Du-Vu Doll":3,"Nunchaku":7,"Dream Catcher":13,"Shovel":12,"NeowsBlessing":0,"WristBlade":8,"Vajra":11,"Toxic Egg 2":5,"Ring of the Snake":0},{"Du-Vu Doll":3,"Nunchaku":19,"Dream Catcher":47,"Shovel":41,"NeowsBlessing":0,"WristBlade":27,"Vajra":38,"Toxic Egg 2":11,"Ring of the Snake":0}],"Ring of the Snake":[30]},"card_choices":[{"not_picked":["Expertise","Riddle With Holes","Acrobatics"],"picked":"SKIP","floor":1.0},{"not_picked":["Deflect","Outmaneuver"],"picked":"Calculated Gamble","floor":4.0},{"not_picked":["Bouncing Flask","Reflex"],"picked":"Dagger Throw","floor":6.0},{"not_picked":["Acrobatics","Choke"],"picked":"Dagger Throw","floor":7.0},{"not_picked":["Concentrate","Calculated Gamble"],"picked":"Backflip","floor":8.0},{"not_picked":["Quick Slash","Infinite Blades"],"picked":"Deflect+1","floor":11.0},{"not_picked":["Underhanded Strike","Heel Hook"],"picked":"Footwork","floor":12.0},{"not_picked":["Grand Finale","Malaise+1"],"picked":"Adrenaline+1","floor":16.0},{"not_picked":["Footwork+1","Bane"],"picked":"Concentrate+1","floor":18.0},{"not_picked":["Quick Slash","Dagger Spray","Well Laid Plans"],"picked":"SKIP","floor":19.0},{"not_picked":["PiercingWail+1","Sucker Punch"],"picked":"Calculated Gamble+1","floor":22.0},{"not_picked":["Dagger Spray","A Thousand Cuts"],"picked":"Blur+1","floor":28.0},{"not_picked":["Flying Knee","Prepared+1","Distraction+1"],"picked":"SKIP","floor":30},{"not_picked":["Dagger Spray","Bouncing Flask+1"],"picked":"Deflect+1","floor":31}],"player_experience":3022763,"relics_obtained":[{"floor":6.0,"key":"Du-Vu Doll"},{"floor":9.0,"key":"Toxic Egg 2"},{"floor":12.0,"key":"Nunchaku"},{"floor":26.0,"key":"Vajra"},{"floor":28.0,"key":"Shovel"},{"floor":30,"key":"Dream Catcher"}],"event_choices":[{"damage_healed":0.0,"max_hp_gain":0.0,"max_hp_loss":0.0,"gold_gain":0.0,"event_name":"Living Wall","player_choice":"Grow","floor":2.0,"gold_loss":0.0,"damage_taken":0.0,"cards_upgraded":["Neutralize"]},{"cards_removed":["Strike_G"],"damage_healed":0.0,"max_hp_gain":0.0,"max_hp_loss":0.0,"gold_gain":0.0,"event_name":"Bonfire Elementals","player_choice":"Offered Basic","floor":3.0,"gold_loss":0.0,"damage_taken":0.0},{"damage_healed":0.0,"max_hp_gain":0.0,"max_hp_loss":0.0,"gold_gain":0.0,"event_name":"Liars Game","player_choice":"Ignored","floor":5.0,"gold_loss":0.0,"damage_taken":0.0},{"damage_healed":0.0,"max_hp_gain":0.0,"max_hp_loss":0.0,"gold_gain":50.0,"event_name":"FaceTrader","player_choice":"Touch","floor":21.0,"gold_loss":0.0,"damage_taken":6.0},{"damage_healed":0.0,"max_hp_gain":0.0,"max_hp_loss":0.0,"gold_gain":0.0,"event_name":"Vampires","player_choice":"Ignored","floor":24.0,"gold_loss":0.0,"damage_taken":0.0},{"damage_healed":0.0,"max_hp_gain":0.0,"max_hp_loss":0.0,"gold_gain":0.0,"event_name":"Forgotten Altar","player_choice":"Smashed Altar","floor":29.0,"gold_loss":0.0,"damage_taken":0.0,"cards_obtained":["Decay"]}],"is_beta":false,"boss_relics":[{"not_picked":["Runic Pyramid","Astrolabe"],"picked":"WristBlade"}],"items_purged_floors":[14,20],"is_endless":false,"potions_floor_spawned":[1,8,16,18,31],"killed_by":"Champ","ascension_level":20}}