{"host":"qc8p2flj7wsy3zpg","time":1612883939,"event":{"mods":["BaseMod","Highlight Path","Minty Spire (QoL Compilation)","Monster List Patch","Relic Stats","StSLib"],"gold_per_floor":[115,134,149,162,162,189,204,229,256,297,309,335,347,359,371,456,468,492,522,18,18,31,31,58,58,133,159,159,159,173,193,193,193,193],"floor_reached":33,"language":"ENG","playtime":1878,"items_purged":["Strike_R"],"score":614,"play_id":"bdddc75d-8b68-4555-9bec-32f8ebc5ff84","local_time":"20210209091859","is_ascension_mode":true,"campfire_choices":[{"data":"Uppercut","floor":11,"key":"SMITH"},{"data":"True Grit","floor":15,"key":"SMITH"},{"floor":23,"key":"REST"},{"floor":25,"key":"RECALL"},{"floor":29,"key":"REST"},{"floor":32,"key":"REST"}],"circlet_count":0,"master_deck":["AscendersBane","Strike_R","Strike_R","Strike_R","Strike_R","Defend_R","Defend_R+1","Defend_R","Defend_R","Bash","Wild Strike","Uppercut+1","Sever Soul","Twin Strike","Thunderclap","Blood for Blood","Fiend Fire","True Grit+1","Double Tap","Armaments","Feed","Ghostly","Ghostly","Ghostly","Burning Pact+1","Shrug It Off","Battle Trance"],"relics":["Burning Blood","Charon\u0027s Ashes","Tiny Chest","Happy Flower","MawBank","Centennial Puzzle","PreservedInsect","Fusion Hammer","Mummified Hand","Red Skull","Letter Opener","War Paint","Pantograph"],"acts_visited":["Exordium","TheCity"],"potions_floor_usage":[4,6,8,10,19,27,27],"damage_taken":[{"damage":5,"enemies":"2 Louse","floor":1,"turns":3},{"damage":1,"enemies":"Cultist","floor":2,"turns":3},{"damage":7,"enemies":"Jaw Worm","floor":3,"turns":4},{"damage":22,"enemies":"3 Louse","floor":4,"turns":3},{"damage":26,"enemies":"Gremlin Nob","floor":6,"turns":4},{"damage":5,"enemies":"Red Slaver","floor":7,"turns":4},{"damage":28,"enemies":"Lagavulin","floor":8,"turns":5},{"damage":15,"enemies":"3 Sentries","floor":10,"turns":4},{"damage":2,"enemies":"2 Fungi Beasts","floor":12,"turns":2},{"damage":25,"enemies":"Hexaghost","floor":16,"turns":9},{"damage":4,"enemies":"Chosen","floor":18,"turns":3},{"damage":0,"enemies":"Spheric Guardian","floor":19,"turns":2},{"damage":18,"enemies":"Centurion and Healer","floor":22,"turns":4},{"damage":2,"enemies":"Slavers","floor":24,"turns":3},{"damage":4,"enemies":"Book of Stabbing","floor":27,"turns":3},{"damage":11,"enemies":"Shelled Parasite and Fungi","floor":30,"turns":6},{"damage":16,"enemies":"Chosen and Byrds","floor":31,"turns":7},{"damage":64,"enemies":"Champ","floor":33,"turns":10}],"seed_played":"-8690045883589513847","potions_obtained":[{"floor":2,"key":"Energy Potion"},{"floor":3,"key":"FearPotion"},{"floor":6,"key":"HeartOfIron"},{"floor":8,"key":"Explosive Potion"},{"floor":18,"key":"AttackPotion"},{"floor":19,"key":"Strength Potion"},{"floor":22,"key":"FearPotion"}],"is_trial":false,"path_per_floor":["M","M","M","M","?","E","M","E","T","E","R","M","$","?","R","B",null,"M","M","$","?","M","R","E","R","T","E","T","R","M","M","R","B"],"character_chosen":"IRONCLAD","items_purchased":["Mummified Hand","Feed"],"campfire_rested":3,"item_purchase_floors":[20,20],"current_hp_per_floor":[51,56,55,39,75,55,56,34,34,25,25,29,29,29,29,10,59,61,67,67,37,28,40,43,43,43,43,43,43,42,35,50,0,0],"gold":193,"neow_bonus":"ONE_RARE_RELIC","is_daily":false,"chose_seed":false,"campfire_upgraded":2,"win_rate":0.0,"timestamp":1612883939,"path_taken":["M","M","M","M","?","E","M","E","T","E","R","?","$","?","R","BOSS","M","M","$","?","M","R","E","R","T","E","?","R","M","M","R","BOSS"],"items_purchased_type":["Relic","Card"],"build_version":"2020-12-22","purchased_purges":1,"victory":false,"max_hp_per_floor":[75,75,75,75,75,75,75,75,75,75,75,75,75,75,75,75,75,75,75,75,37,40,40,43,43,43,43,43,43,47,50,50,50,50],"relic_stats":{"Happy Flower":[17],"counters":[18,79],"Charon\u0027s Ashes":[287],"PreservedInsect":82,"Letter Opener":[5],"War Paint":["Defend_R","Burning Pact"],"MawBank":132,"Burning Blood":96,"Centennial Puzzle":[27],"Mummified Hand":[0],"Pantograph":0,"Tiny Chest":1,"obtain_stats":[{"Happy Flower":8,"Charon\u0027s Ashes":0,"PreservedInsect":14,"Letter Opener":26,"War Paint":27,"MawBank":9,"Burning Blood":0,"Centennial Puzzle":10,"Mummified Hand":20,"Pantograph":28,"Tiny Chest":6,"Fusion Hammer":17,"Red Skull":24},{"Happy Flower":7,"Charon\u0027s Ashes":0,"PreservedInsect":9,"Letter Opener":14,"War Paint":15,"MawBank":7,"Burning Blood":0,"Centennial Puzzle":8,"Mummified Hand":12,"Pantograph":15,"Tiny Chest":5,"Fusion Hammer":10,"Red Skull":14},{"Happy Flower":26,"Charon\u0027s Ashes":0,"PreservedInsect":32,"Letter Opener":53,"War Paint":56,"MawBank":26,"Burning Blood":0,"Centennial Puzzle":30,"Mummified Hand":46,"Pantograph":56,"Tiny Chest":17,"Fusion Hammer":41,"Red Skull":53}]},"card_choices":[{"not_picked":["Clash","True Grit"],"picked":"Wild Strike","floor":1},{"not_picked":["Sword Boomerang","Dark Embrace"],"picked":"Spot Weakness","floor":2},{"not_picked":["Headbutt","Sword Boomerang"],"picked":"Uppercut","floor":3},{"not_picked":["Thunderclap","True Grit"],"picked":"Sever Soul","floor":4},{"not_picked":["Sever Soul","Iron Wave"],"picked":"Twin Strike","floor":6},{"not_picked":["Body Slam","Twin Strike"],"picked":"Thunderclap","floor":7},{"not_picked":["Sword Boomerang","Sever Soul"],"picked":"Blood for Blood","floor":8},{"not_picked":["Burning Pact","Searing Blow"],"picked":"Fiend Fire","floor":10},{"not_picked":["Heavy Blade","Wild Strike"],"picked":"True Grit","floor":12},{"not_picked":["Fiend Fire","Bludgeon"],"picked":"Double Tap","floor":16},{"not_picked":["Cleave","Sword Boomerang"],"picked":"Armaments","floor":18},{"not_picked":["Double Tap","Iron Wave"],"picked":"Burning Pact","floor":22},{"not_picked":["Clash","Cleave"],"picked":"Shrug It Off","floor":27},{"not_picked":["Warcry","Sentinel"],"picked":"Battle Trance","floor":31}],"player_experience":2345738,"relics_obtained":[{"floor":6,"key":"Tiny Chest"},{"floor":8,"key":"Happy Flower"},{"floor":9,"key":"MawBank"},{"floor":10,"key":"Centennial Puzzle"},{"floor":24,"key":"Red Skull"},{"floor":26,"key":"Letter Opener"},{"floor":27,"key":"War Paint"},{"floor":28,"key":"Pantograph"}],"event_choices":[{"cards_removed":["Spot Weakness"],"damage_healed":36,"gold_gain":0,"player_choice":"Offered Uncommon","damage_taken":0,"max_hp_gain":0,"max_hp_loss":0,"event_name":"Bonfire Elementals","floor":5,"gold_loss":0},{"damage_healed":0,"gold_gain":0,"player_choice":"Searched \u00271\u0027 times","damage_taken":0,"relics_obtained":["PreservedInsect"],"max_hp_gain":0,"max_hp_loss":0,"event_name":"Dead Adventurer","floor":14,"gold_loss":0},{"damage_healed":0,"gold_gain":0,"player_choice":"Became a Ghost","damage_taken":0,"max_hp_gain":0,"max_hp_loss":38,"event_name":"Ghosts","floor":21,"gold_loss":0,"cards_obtained":["Ghostly","Ghostly","Ghostly"]}],"is_beta":false,"boss_relics":[{"not_picked":["Astrolabe","Pandora\u0027s Box"],"picked":"Fusion Hammer"}],"items_purged_floors":[20],"is_endless":false,"potions_floor_spawned":[2,3,6,8,18,19,22],"killed_by":"Champ","ascension_level":20}}