{"host":"6pgtslebjnyv5xmi","time":1612836068,"event":{"mods":["AchievementEnabler","BaseMod","Colored Map","Minty Spire (QoL Compilation)","Rare Cards Sparkle","StSLib","SuperFastMode","The Cursed","everything is the same but u backflip on backflip"],"gold_per_floor":[113,130,150,165,165,165,176,176,201,166,78,78,91,104,104,104,104],"floor_reached":16,"language":"KOR","playtime":688,"items_purged":[],"score":174,"play_id":"b8826e56-9fe9-471b-966e-aa368203409a","local_time":"20210209110108","is_ascension_mode":true,"campfire_choices":[{"floor":6.0,"key":"REST"},{"data":"Corruption","floor":8,"key":"SMITH"},{"floor":15,"key":"REST"}],"circlet_count":0,"master_deck":["AscendersBane","Strike_R","Strike_R","Strike_R","Strike_R","Defend_R","Defend_R","Defend_R","Defend_R","Bash","Disarm","Feel No Pain","Ghostly Armor","Flame Barrier","Corruption+1","Sentinel","Sword Boomerang"],"relics":["Burning Blood","Boot","Vajra"],"acts_visited":["Exordium"],"potions_floor_usage":[16,16,16,16],"damage_taken":[{"damage":18.0,"enemies":"Cultist","floor":1.0,"turns":5.0},{"damage":10.0,"enemies":"Small Slimes","floor":2.0,"turns":4.0},{"damage":12.0,"enemies":"2 Louse","floor":3.0,"turns":4.0},{"damage":24.0,"enemies":"Large Slime","floor":4.0,"turns":8.0},{"damage":9,"enemies":"Looter","floor":7,"turns":4},{"damage":32,"enemies":"Exordium Thugs","floor":13,"turns":6},{"damage":11,"enemies":"Large Slime","floor":14,"turns":6},{"damage":35,"enemies":"Slime Boss","floor":16,"turns":10}],"seed_played":"-1070034985049769937","potions_obtained":[{"floor":1.0,"key":"LiquidBronze"},{"floor":3.0,"key":"SpeedPotion"},{"floor":4.0,"key":"SneckoOil"},{"floor":5.0,"key":"EntropicBrew"}],"is_trial":false,"path_per_floor":["M","M","M","M","?","R","M","R","T","?","$","?","M","M","R","B"],"character_chosen":"IRONCLAD","items_purchased":["Sentinel"],"campfire_rested":2,"item_purchase_floors":[11],"current_hp_per_floor":[56,52,46,28,28,50,47,47,47,65,65,39,13,8,30,0,0],"gold":104,"neow_bonus":"TRANSFORM_CARD","is_daily":false,"chose_seed":false,"campfire_upgraded":1,"win_rate":0.0,"timestamp":1612836068,"path_taken":["M","M","M","M","?","R","?","R","T","?","$","?","M","M","R","BOSS"],"items_purchased_type":["Card"],"build_version":"2020-12-22","purchased_purges":0,"victory":false,"max_hp_per_floor":[75,75,75,75,75,75,75,75,75,75,75,75,75,75,75,75,75],"card_choices":[{"not_picked":["Thunderclap","Twin Strike"],"picked":"Feel No Pain","floor":1.0},{"not_picked":["Wild Strike","Reckless Charge"],"picked":"Ghostly Armor","floor":2.0},{"not_picked":["Clash","Shrug It Off","Twin Strike"],"picked":"SKIP","floor":3.0},{"not_picked":["Flex","Iron Wave"],"picked":"Flame Barrier","floor":4.0},{"not_picked":["Reckless Charge","Headbutt"],"picked":"Corruption","floor":7},{"not_picked":["Intimidate","Warcry","Dual Wield"],"picked":"SKIP","floor":13},{"not_picked":["Heavy Blade","Pommel Strike"],"picked":"Sword Boomerang","floor":14}],"player_experience":1048411,"relics_obtained":[{"floor":9,"key":"Boot"}],"event_choices":[{"damage_healed":0.0,"max_hp_gain":0.0,"max_hp_loss":0.0,"gold_gain":0.0,"event_name":"Lab","player_choice":"Got Potions","floor":5.0,"gold_loss":0.0,"damage_taken":0.0},{"damage_healed":18,"gold_gain":0,"player_choice":"Healed","damage_taken":0,"max_hp_gain":0,"max_hp_loss":0,"event_name":"The Cleric","floor":10,"gold_loss":35},{"damage_healed":0,"gold_gain":0,"player_choice":"Success","damage_taken":26,"relics_obtained":["Vajra"],"max_hp_gain":0,"max_hp_loss":0,"event_name":"Scrap Ooze","floor":12,"gold_loss":0}],"is_beta":false,"boss_relics":[],"items_purged_floors":[],"is_endless":false,"potions_floor_spawned":[1,3,4,7,14],"killed_by":"Slime Boss","ascension_level":17}}