{"host":"gl5rgsfncjl28cj1","time":1612830922,"event":{"mods":["BaseMod","Colored Map","Highlight Path","Lobotomy","LobotomyExtend","Minty Spire (QoL Compilation)","Permanent Neow","StSLib"],"gold_per_floor":[119,138,155,169,184,184,219,219,219,294,309,5,15,15,15,15,15],"floor_reached":16,"language":"KOR","playtime":626,"items_purged":[],"score":104,"play_id":"f20bd9ce-28e9-4153-ad65-30d301d2ea71","local_time":"20210209093522","is_ascension_mode":false,"campfire_choices":[{"data":"Deadly Poison","floor":6,"key":"SMITH"},{"data":"Dash","floor":8,"key":"SMITH"},{"data":"Noxious Fumes","floor":15,"key":"SMITH"}],"circlet_count":0,"master_deck":["Strike_G","Strike_G","Strike_G","Strike_G","Strike_G","Defend_G","Defend_G","Defend_G","Defend_G","Defend_G","Survivor","Neutralize","Backstab","Deadly Poison+1","Well Laid Plans","Footwork","Dash+1","Crippling Poison","Noxious Fumes+1"],"relics":["Ring of the Snake","CogitoBucket","RabbitCall","LetterFromLob","Question Card","Ginger","HellTrain","Membership Card","Turnip"],"acts_visited":["Exordium"],"potions_floor_usage":[],"damage_taken":[{"damage":0,"enemies":"2 Louse","floor":1,"turns":4},{"damage":1,"enemies":"Cultist","floor":2,"turns":4},{"damage":0,"enemies":"Small Slimes","floor":3,"turns":3},{"damage":2,"enemies":"Gremlin Gang","floor":4,"turns":6},{"damage":0,"enemies":"Exordium Wildlife","floor":5,"turns":3},{"damage":19,"enemies":"Lagavulin","floor":7,"turns":7},{"damage":17,"enemies":"3 Louse","floor":11,"turns":12},{"damage":0,"enemies":"Blue Slaver","floor":13,"turns":2},{"damage":36,"enemies":"Hexaghost","floor":16,"turns":5}],"seed_played":"-3199315046026357240","potions_obtained":[{"floor":3,"key":"Ancient Potion"},{"floor":11,"key":"Swift Potion"},{"floor":13,"key":"FearPotion"}],"is_trial":false,"path_per_floor":["M","M","M","M","M","R","E","R","T","?","M","$","M","M","R","B"],"character_chosen":"THE_SILENT","items_purchased":["Membership Card","Turnip"],"campfire_rested":0,"item_purchase_floors":[12,12],"current_hp_per_floor":[70,69,69,67,67,67,48,48,48,41,24,24,24,24,24,0,0],"gold":15,"neow_bonus":"","is_daily":false,"chose_seed":false,"campfire_upgraded":3,"win_rate":0.0,"timestamp":1612830922,"path_taken":["M","M","M","M","M","R","E","R","T","?","M","$","?","M","R","BOSS"],"items_purchased_type":["Relic","Relic"],"build_version":"2020-12-22","purchased_purges":0,"victory":false,"max_hp_per_floor":[70,70,70,70,70,70,70,70,70,70,70,70,70,70,70,70,70],"card_choices":[{"not_picked":["Underhanded Strike","Bane"],"picked":"Backstab","floor":1},{"not_picked":["WallGazer","OSAHOGD","FieryBird"],"picked":"Singing Bowl","floor":1},{"not_picked":["OSAHOGD","WallGazer","FieryBird"],"picked":"Singing Bowl","floor":2},{"not_picked":["PiercingWail","Acrobatics"],"picked":"Deadly Poison","floor":2},{"not_picked":["DespairKnight","Bloodbath","VoidDream"],"picked":"Singing Bowl","floor":3},{"not_picked":["Storm of Steel","Riddle With Holes","Infinite Blades"],"picked":"SKIP","floor":3},{"not_picked":["Storm of Steel","Riddle With Holes","Infinite Blades"],"picked":"SKIP","floor":3},{"not_picked":["OldLady","BeautyBeast","Scorched"],"picked":"Singing Bowl","floor":4},{"not_picked":["Acrobatics","Prepared"],"picked":"Well Laid Plans","floor":4},{"not_picked":["Dodge and Roll","Deflect"],"picked":"Footwork","floor":5},{"not_picked":["BeautyBeast","Bloodbath","OSAHOGD"],"picked":"Singing Bowl","floor":5},{"not_picked":["SpiderBud","MHz","ShyLook"],"picked":"Singing Bowl","floor":7},{"not_picked":["Underhanded Strike","Slice"],"picked":"Dash","floor":7},{"not_picked":["HappyTeddy","BeautyBeast","DreamingCurrent"],"picked":"Singing Bowl","floor":11},{"not_picked":["Backflip","Choke","Leg Sweep"],"picked":"Crippling Poison","floor":11},{"not_picked":["CherryBlossoms","WallGazer","GalaxyChild"],"picked":"Singing Bowl","floor":13},{"not_picked":["Prepared","Expertise","Backstab"],"picked":"Noxious Fumes","floor":13}],"player_experience":1070343,"relics_obtained":[{"floor":1,"key":"LetterFromLob"},{"floor":7,"key":"Question Card"},{"floor":9,"key":"Ginger"}],"event_choices":[{"damage_healed":0,"gold_gain":75,"player_choice":"Touch","damage_taken":7,"max_hp_gain":0,"max_hp_loss":0,"event_name":"FaceTrader","floor":10,"gold_loss":0}],"is_beta":false,"boss_relics":[],"items_purged_floors":[],"is_endless":false,"potions_floor_spawned":[3,11,13],"killed_by":"Hexaghost","ascension_level":0}}