{"host":"vflj39ie5n27t074","time":1612835421,"event":{"mods":["BaseMod","BetterRewards","Bossed Relics","Colored Map","Colored Powertips","Downfall","Hero for Fun","Hubris","Infinite Spire","Marisa????????","Minty Spire (QoL Compilation)","Replay The Spire","SIMod","StSLib","The Jungle","The Mystic","The Poker Player","The Servant 0.9.4"],"gold_per_floor":[109,123,123,137,150,177,177,197,223,252,267,267,267],"floor_reached":12,"language":"ENG","playtime":398,"items_purged":[],"score":135,"play_id":"c862ccfc-2ed7-4c51-81c8-0f4c809875c5","local_time":"20210208195021","is_ascension_mode":true,"campfire_choices":[{"data":"DevaForm","floor":7,"key":"SMITH"}],"circlet_count":0,"master_deck":["Strike_P","Strike_P+1","Strike_P","Strike_P","Defend_P","Defend_P","Defend_P","Defend_P","Eruption+1","Vigilance","Perseverance","Halt","WheelKick","ClearTheMind","DevaForm+1","Protect","Wallop","SignatureMove"],"relics":["hubris:RunicObelisk","Smiling Mask","Bag of Preparation","ReplayTheSpireMod:TigerMarble"],"acts_visited":["Exordium"],"potions_floor_usage":[6,10,12],"damage_taken":[{"damage":5,"enemies":"Cultist","floor":1,"turns":4},{"damage":11,"enemies":"2 Louse","floor":2,"turns":2},{"damage":0,"enemies":"Jaw Worm","floor":4,"turns":3},{"damage":0,"enemies":"Exordium Wildlife","floor":5,"turns":3},{"damage":10,"enemies":"Lagavulin","floor":6,"turns":5},{"damage":7,"enemies":"2 Fungi Beasts","floor":8,"turns":3},{"damage":12,"enemies":"Gremlin Nob","floor":10,"turns":2},{"damage":2,"enemies":"3 Louse","floor":11,"turns":2},{"damage":33,"enemies":"Lagavulin","floor":12,"turns":2}],"seed_played":"-8445071174426636515","potions_obtained":[{"floor":2,"key":"Explosive Potion"},{"floor":4,"key":"GamblersBrew"},{"floor":6,"key":"Death Potion"},{"floor":11,"key":"Reflective Coating"}],"is_trial":false,"path_per_floor":["M","M","?","M","M","E","R","M","T","E","M","E"],"character_chosen":"WATCHER","items_purchased":[],"campfire_rested":0,"item_purchase_floors":[],"current_hp_per_floor":[67,56,42,42,42,32,32,25,25,13,11,0,0],"gold":267,"neow_bonus":"BOSS_RELIC","is_daily":false,"chose_seed":false,"campfire_upgraded":1,"win_rate":0.0,"timestamp":1612835421,"path_taken":["M","M","?","M","M","E","R","M","T","E","M","E"],"items_purchased_type":[],"build_version":"2020-12-22","purchased_purges":0,"victory":false,"max_hp_per_floor":[72,72,72,72,72,72,72,72,72,72,72,72,72],"card_choices":[{"not_picked":["FollowUp","JustLucky"],"picked":"Perseverance","floor":1},{"not_picked":["Replay:Hum","WaveOfTheHand"],"picked":"Halt","floor":2},{"not_picked":["Replay:ManipulateFuture","DeceiveReality"],"picked":"WheelKick","floor":4},{"not_picked":["JustLucky","FlyingSleeves"],"picked":"ClearTheMind","floor":5},{"not_picked":["Wireheading","Collect"],"picked":"DevaForm","floor":6},{"not_picked":["FollowUp","PathToVictory"],"picked":"Protect","floor":8},{"not_picked":["Pray","Replay:AtTheReady"],"picked":"Wallop","floor":10},{"not_picked":["Sanctity","FollowUp"],"picked":"SignatureMove","floor":11}],"player_experience":111871,"relics_obtained":[{"floor":6,"key":"Smiling Mask"},{"floor":9,"key":"Bag of Preparation"},{"floor":10,"key":"ReplayTheSpireMod:TigerMarble"}],"event_choices":[{"damage_healed":0,"gold_gain":0,"player_choice":"Entered Light","damage_taken":14,"max_hp_gain":0,"max_hp_loss":0,"event_name":"Shining Light","floor":3,"gold_loss":0,"cards_upgraded":["Eruption","Strike_P"]}],"is_beta":false,"boss_relics":[],"items_purged_floors":[],"is_endless":false,"potions_floor_spawned":[2,4,6,11],"killed_by":"Lagavulin","ascension_level":3}}