{"host":"y0i0tbisecj7yjyn","time":1612892273,"event":{"mods":["A Penny For Your Troubles","AlwaysNeverKeys","BaseMod","BetterRewards","Colored Map","Colored Powertips","Curses Come First","Displayed Cursed Tome","Keyboard Shortcuts","Minty Spire (QoL Compilation)","Random Character Button","Rare Cards Sparkle","Relic Sorter","StSLib","SuperFastMode","Transform Curses","Weighted Paths"],"gold_per_floor":[17,17,30,45,45,84,84,125,151,166,14,34,109,109,121,256,268,296,308,308],"floor_reached":19,"language":"ENG","playtime":1602,"items_purged":[],"score":204,"play_id":"853b20ff-04c1-4461-977d-0e3487e41ea1","local_time":"20210209113753","is_ascension_mode":true,"campfire_choices":[{"floor":7,"key":"REST"},{"floor":15,"key":"REST"}],"circlet_count":0,"master_deck":["Strike_B","Strike_B","Strike_B","Defend_B","Defend_B","Defend_B","Zap","Dualcast+1","Aggregate+1","Buffer","Stack","Heatsinks","Static Discharge","Leap","Coolheaded","Chaos","Rainbow","Fission","Hello World"],"relics":["Cracked Core","Golden Idol","War Paint","Toy Ornithopter","Boot","Sling","MawBank","Velvet Choker"],"acts_visited":["Exordium","TheCity"],"potions_floor_usage":[12,12,16,19],"damage_taken":[{"damage":0,"enemies":"Small Slimes","floor":1,"turns":3},{"damage":2,"enemies":"Jaw Worm","floor":3,"turns":4},{"damage":15,"enemies":"2 Louse","floor":4,"turns":2},{"damage":21,"enemies":"3 Sentries","floor":6,"turns":6},{"damage":26,"enemies":"Gremlin Nob","floor":8,"turns":5},{"damage":9,"enemies":"Large Slime","floor":10,"turns":5},{"damage":0,"enemies":"Gremlin Gang","floor":12,"turns":4},{"damage":18,"enemies":"The Guardian","floor":16,"turns":13},{"damage":20,"enemies":"Spheric Guardian","floor":18,"turns":5},{"damage":63,"enemies":"Masked Bandits","floor":19,"turns":3}],"seed_played":"-7021760179613888260","potions_obtained":[{"floor":3,"key":"Regen Potion"},{"floor":6,"key":"Explosive Potion"},{"floor":10,"key":"DuplicationPotion"},{"floor":16,"key":"FocusPotion"}],"is_trial":false,"path_per_floor":["M","?","M","M","?","E","R","E","T","M","$","M","?","?","R","B",null,"M","?"],"character_chosen":"DEFECT","items_purchased":["Sling"],"campfire_rested":2,"item_purchase_floors":[11],"current_hp_per_floor":[75,69,67,52,52,31,51,25,25,16,16,38,27,20,40,27,69,49,0,0],"gold":308,"neow_bonus":"TRANSFORM_TWO_CARDS","is_daily":false,"chose_seed":false,"campfire_upgraded":0,"win_rate":0.0,"timestamp":1612892273,"path_taken":["M","?","M","M","?","E","R","E","T","M","?","M","?","?","R","BOSS","M","?"],"items_purchased_type":["Relic"],"build_version":"2020-12-22","purchased_purges":0,"victory":false,"max_hp_per_floor":[75,69,69,69,69,69,69,69,69,69,69,69,69,69,69,69,69,69,69,69],"card_choices":[{"not_picked":["Turbo","Rip and Tear"],"picked":"Stack","floor":1},{"not_picked":["Steam","Redo"],"picked":"Heatsinks","floor":3},{"not_picked":["Beam Cell","Go for the Eyes"],"picked":"Static Discharge","floor":4},{"not_picked":["Barrage","FTL"],"picked":"Leap","floor":6},{"not_picked":["Streamline","Sweeping Beam"],"picked":"Coolheaded","floor":8},{"not_picked":["Go for the Eyes","Coolheaded"],"picked":"Chaos","floor":10},{"not_picked":["Rip and Tear","Heatsinks"],"picked":"Rainbow","floor":12},{"not_picked":["Core Surge","Buffer"],"picked":"Fission","floor":16},{"not_picked":["Conserve Battery+1","Beam Cell"],"picked":"Hello World","floor":18}],"player_experience":403659,"relics_obtained":[{"floor":6,"key":"War Paint"},{"floor":8,"key":"Toy Ornithopter"},{"floor":9,"key":"Boot"}],"event_choices":[{"damage_healed":0,"gold_gain":0,"player_choice":"Lose Max HP","damage_taken":0,"relics_obtained":["Golden Idol"],"max_hp_gain":0,"max_hp_loss":6,"event_name":"Golden Idol","floor":2,"gold_loss":0},{"damage_healed":0,"gold_gain":0,"player_choice":"Ignored","damage_taken":0,"max_hp_gain":0,"max_hp_loss":0,"event_name":"Golden Wing","floor":5,"gold_loss":0},{"damage_healed":0,"gold_gain":75,"player_choice":"Gather Gold","damage_taken":11,"max_hp_gain":0,"max_hp_loss":0,"event_name":"World of Goop","floor":13,"gold_loss":0},{"damage_healed":0,"gold_gain":0,"player_choice":"Success","damage_taken":7,"relics_obtained":["MawBank"],"max_hp_gain":0,"max_hp_loss":0,"event_name":"Scrap Ooze","floor":14,"gold_loss":0},{"damage_healed":0,"gold_gain":0,"player_choice":"Fought Bandits","damage_taken":0,"max_hp_gain":0,"max_hp_loss":0,"event_name":"Masked Bandits","floor":19,"gold_loss":0}],"is_beta":false,"boss_relics":[{"not_picked":["SacredBark","Astrolabe"],"picked":"Velvet Choker"}],"items_purged_floors":[],"is_endless":false,"potions_floor_spawned":[3,6,10,16],"killed_by":"Masked Bandits","ascension_level":3}}