{"host":"mal0jdk4f6ubgyb8","time":1612851253,"event":{"mods":["100% Spire Juice","Act Like it!","Aspiration","BaseMod","CapriCore","Gensokyo","KinomotoSakuraMod(ƒæ÷Æ±æ”£)","Luminous","Marisa£®ÏF”Í°°ƒß¿Ì…≥£©","Minty Spire (QoL Compilation)","Pale of the Ancients","Quick Restart","Reimu£®≤©¿ˆ¡È√Œ£©","Relic Stats","Reliquary","Remilia£®¿Ÿ√◊¿Ú—«£©","Replay The Spire","StSLib","The Immortal","WarShipGirlsR/’ΩΩ¢…Ÿ≈ÆR mod","Yakumo Yukari mod","Youmu£®ªÍ∆«—˝√Œ£©","Yuyuko"],"gold_per_floor":[113,113,125,136,136,164,164,181,181,198,228,208,237,255,255,357,357,357,357,357],"floor_reached":18,"language":"ZHS","playtime":1252,"items_purged":[],"score":191,"play_id":"cc8ba939-84aa-4cac-baaa-50fc91522e46","local_time":"20210209141413","is_ascension_mode":true,"campfire_choices":[{"data":"MokouMod:Refresh","floor":7,"key":"SMITH"},{"data":"MokouMod:Rebirth","floor":15,"key":"SMITH"}],"circlet_count":0,"master_deck":["MokouMod:Strike","MokouMod:Strike","MokouMod:Strike","MokouMod:Strike","MokouMod:Strike","MokouMod:Defend","MokouMod:Defend","MokouMod:Defend","MokouMod:Defend","MokouMod:HeatSpark","MokouMod:ScorchingColumn","MokouMod:FlickeringFlame","MokouMod:Sear+1","MokouMod:Refresh+1","MokouMod:Geothermal","MokouMod:ResoluteFlare","MokouMod:InfernalWave","MokouMod:ControlledCombustion","MokouMod:Rebirth+1","MokouMod:Ventilation"],"relics":["MokouMod:PhoenixFeather","reliquary:Boomerang","aspiration:HiddenCompartment","Tiny Chest","Sundial","reliquary:KinkedSpring"],"acts_visited":["Exordium","TheCity"],"potions_floor_usage":[8,10,13,18],"damage_taken":[{"damage":13,"enemies":"2 Louse","floor":1,"turns":3},{"damage":8,"enemies":"Small Slimes","floor":3,"turns":3},{"damage":0,"enemies":"Cultist","floor":4,"turns":3},{"damage":31,"enemies":"3 Sentries","floor":6,"turns":8},{"damage":12,"enemies":"3 Louse","floor":8,"turns":3},{"damage":6,"enemies":"Gremlin Gang","floor":10,"turns":3},{"damage":9,"enemies":"Replay:BlueRogue","floor":11,"turns":3},{"damage":17,"enemies":"3 Sentries","floor":13,"turns":5},{"damage":13,"enemies":"Red Slaver","floor":14,"turns":2},{"damage":4,"enemies":"Fading Forest","floor":16,"turns":11},{"damage":18,"enemies":"3 Byrds","floor":18,"turns":4}],"seed_played":"-8457740306938459827","potions_obtained":[{"floor":4,"key":"Dexterity Potion"},{"floor":8,"key":"Weak Potion"},{"floor":10,"key":"Milkshake"},{"floor":11,"key":"Swift Potion"},{"floor":12,"key":"GrandPatriotsElixir:ReiMu"},{"floor":14,"key":"Weak Potion"}],"is_trial":false,"path_per_floor":["M","?","M","M","?","E","R","M","T","M","E","?","E","M","R","B",null,"M"],"character_chosen":"MKU","items_purchased":[],"campfire_rested":0,"item_purchase_floors":[],"current_hp_per_floor":[62,59,51,51,51,20,20,8,8,2,18,18,1,18,18,24,75,57,57,57],"gold":357,"neow_bonus":"THREE_CARDS","is_daily":false,"chose_seed":false,"campfire_upgraded":2,"win_rate":0.0,"timestamp":1612851253,"path_taken":["M","?","M","M","?","E","R","M","T","?","E","?","E","M","R","BOSS","M"],"items_purchased_type":[],"build_version":"2020-12-22","purchased_purges":0,"victory":false,"max_hp_per_floor":[75,75,75,75,75,75,75,75,75,75,75,75,75,75,75,75,75,75,75,75],"relic_stats":{"counters":[11,48],"Sundial":[2],"Tiny Chest":0,"obtain_stats":[{"reliquary:KinkedSpring":17,"reliquary:Boomerang":2,"Sundial":13,"MokouMod:PhoenixFeather":0,"Tiny Chest":11,"aspiration:HiddenCompartment":6},{"reliquary:KinkedSpring":10,"reliquary:Boomerang":1,"Sundial":8,"MokouMod:PhoenixFeather":0,"Tiny Chest":7,"aspiration:HiddenCompartment":4},{"reliquary:KinkedSpring":44,"reliquary:Boomerang":3,"Sundial":31,"MokouMod:PhoenixFeather":0,"Tiny Chest":26,"aspiration:HiddenCompartment":17}]},"card_choices":[{"not_picked":["MokouMod:HeatTransfer","MokouMod:CrimsonArmoury"],"picked":"MokouMod:ScorchingColumn","floor":0},{"not_picked":["MokouMod:BurningDraft","MokouMod:FujiyamaVolcano"],"picked":"MokouMod:FlickeringFlame","floor":1},{"not_picked":["MokouMod:FusionFlare","MokouMod:BlazingComet"],"picked":"MokouMod:Sear","floor":3},{"not_picked":["MokouMod:HeatTransfer","MokouMod:Fireball"],"picked":"MokouMod:Refresh","floor":4},{"not_picked":["MokouMod:IgnitionBarrier","MokouMod:AdaptivePyromancy"],"picked":"MokouMod:Geothermal","floor":6},{"not_picked":["MokouMod:Stoke","MokouMod:Sear"],"picked":"MokouMod:ResoluteFlare","floor":8},{"not_picked":["MokouMod:SearingShot","MokouMod:ShiftIgnition","MokouMod:Burn"],"picked":"SKIP","floor":10},{"not_picked":["MokouMod:ScorchedEarth","MokouMod:Wildfire"],"picked":"MokouMod:InfernalWave","floor":11},{"not_picked":["MokouMod:IgneousBlow","MokouMod:ResonanceReactor"],"picked":"MokouMod:ControlledCombustion","floor":13},{"not_picked":["MokouMod:Cataclysm","MokouMod:ScorchingColumn"],"picked":"MokouMod:Rebirth","floor":14},{"not_picked":["MokouMod:Geothermal","MokouMod:SpontaneousHumanCombustion"],"picked":"MokouMod:Ventilation","floor":16}],"player_experience":365571,"relics_obtained":[{"floor":6,"key":"aspiration:HiddenCompartment"},{"floor":11,"key":"Tiny Chest"},{"floor":13,"key":"Sundial"}],"event_choices":[{"damage_healed":0,"gold_gain":0,"player_choice":"Success","damage_taken":3,"relics_obtained":["reliquary:Boomerang"],"max_hp_gain":0,"max_hp_loss":0,"event_name":"Scrap Ooze","floor":2,"gold_loss":0},{"damage_healed":0,"gold_gain":0,"player_choice":"Forge","damage_taken":0,"max_hp_gain":0,"max_hp_loss":0,"event_name":"Accursed Blacksmith","floor":5,"gold_loss":0,"cards_upgraded":["MokouMod:Sear"]},{"damage_healed":0,"gold_gain":0,"player_choice":"Bought 1 Potion","damage_taken":0,"max_hp_gain":0,"max_hp_loss":0,"event_name":"The Woman in Blue","floor":12,"gold_loss":0}],"is_beta":false,"boss_relics":[{"not_picked":["Fusion Hammer","Tiny House"],"picked":"reliquary:KinkedSpring"}],"items_purged_floors":[],"is_endless":false,"potions_floor_spawned":[4,8,10,11,14],"killed_by":"3 Byrds","ascension_level":1}}