{"host":"b68zjtx2wn01pixa","time":1612834928,"event":{"mods":["BaseMod","Colored Map","Infinite Spire","Minty Spire (QoL Compilation)","Relic Stats","StSLib","SuperFastMode"],"gold_per_floor":[118,133,133,152,172,172,204,204,277,277,307,325,358,376,376,471,471,491,233,247,147,62,62,88,99,169,169,93,113,141,151,151,252,252,271,271,271,284,333,360,377,405,405,439,439,489,221,233,233,333,333,338,346,346,362,74,74,80,80,80,90,95,95,95,97,97,165,165,160,147,147,147,144,133,133,133,133,133,140,131,123,120,120,187,187,184,230,237,230,225,225],"floor_reached":90,"language":"ENG","playtime":4367,"items_purged":["Pain","Injury","Tempest"],"score":2140,"play_id":"b5d9a88f-07a5-45db-aea8-f500897119fc","local_time":"20210208204208","is_ascension_mode":true,"campfire_choices":[{"data":"infinitespire:SevenWalls","floor":6.0,"key":"SMITH"},{"data":"Static Discharge","floor":8.0,"key":"SMITH"},{"data":"Loop","floor":10.0,"key":"SMITH"},{"data":"Defragment","floor":15.0,"key":"SMITH"},{"data":"Multi-Cast","floor":23.0,"key":"SMITH"},{"data":"Defragment","floor":32.0,"key":"SMITH"},{"data":"Buffer","floor":45.0,"key":"SMITH"},{"data":"Echo Form","floor":49.0,"key":"SMITH"},{"data":"Biased Cognition","floor":57.0,"key":"SMITH"},{"data":"Capacitor","floor":66.0,"key":"SMITH"},{"floor":75.0,"key":"REST"},{"data":"Seek","floor":78.0,"key":"SMITH"},{"data":"Electrodynamics","floor":83.0,"key":"SMITH"}],"circlet_count":0,"master_deck":["Dualcast","Coolheaded+1","Force Field","Doom and Gloom","Skim","Loop+1","Go for the Eyes","infinitespire:SevenWalls+1","Glacier","Core Surge","Conserve Battery+1","Defragment+1","Multi-Cast+1","Loop+1","Capacitor+1","Conserve Battery+1","Compile Driver","Compile Driver","Defragment+1","Cold Snap","Barrage","Glacier","Buffer+1","Electrodynamics+1","Loop+1","Echo Form+1","Biased Cognition+1","Capacitor","Seek+1","Meteor Strike+1","Streamline+1","Hello World+1","Defragment+1","Biased Cognition+1","infinitespire:UltimateForm+1","Ball Lightning","infinitespire:Collect","Defragment+1"],"relics":["Pandora\u0027s Box","Emotion Chip","infinitespire:EmpoweringShard","infinitespire:Freezer","Mummified Hand","Philosopher\u0027s Stone","War Paint","StoneCalendar","Blood Vial","Kunai","infinitespire:Beetle Shell","Runic Pyramid","Calipers","Blue Candle","infinitespire:CheckeredPen","infinitespire:Lychee Nut","Ginger","Peace Pipe","SacredBark","Frozen Egg 2","InkBottle","Sundial","Boot","Astrolabe","PreservedInsect","Pocketwatch","Bag of Marbles","Black Star","TungstenRod"],"acts_visited":["Exordium","TheCity","TheBeyond","Exordium","TheCity","TheBeyond"],"potions_floor_usage":[89],"damage_taken":[{"damage":0.0,"enemies":"Cultist","floor":1.0,"turns":3.0},{"damage":0.0,"enemies":"Small Slimes","floor":2.0,"turns":3.0},{"damage":14.0,"enemies":"Jaw Worm","floor":4.0,"turns":3.0},{"damage":2.0,"enemies":"Large Slime","floor":5.0,"turns":6.0},{"damage":0.0,"enemies":"Lagavulin","floor":7.0,"turns":7.0},{"damage":2.0,"enemies":"Blue Slaver","floor":12.0,"turns":3.0},{"damage":1.0,"enemies":"3 Sentries","floor":13.0,"turns":8.0},{"damage":0.0,"enemies":"Exordium Wildlife","floor":14.0,"turns":3.0},{"damage":2.0,"enemies":"Hexaghost","floor":16.0,"turns":9.0},{"damage":0.0,"enemies":"Shell Parasite","floor":18.0,"turns":5.0},{"damage":6.0,"enemies":"3 Byrds","floor":20.0,"turns":3.0},{"damage":0.0,"enemies":"Book of Stabbing","floor":24.0,"turns":7.0},{"damage":6.0,"enemies":"Snake Plant","floor":25.0,"turns":5.0},{"damage":0.0,"enemies":"Sentry and Sphere","floor":29.0,"turns":4.0},{"damage":0.0,"enemies":"Nightmare","floor":30.0,"turns":6.0},{"damage":0.0,"enemies":"Centurion and Healer","floor":31.0,"turns":6.0},{"damage":6.0,"enemies":"Champ","floor":33.0,"turns":9.0},{"damage":0.0,"enemies":"Orb Walker","floor":35.0,"turns":4.0},{"damage":12.0,"enemies":"3 Darklings","floor":38.0,"turns":4.0},{"damage":0.0,"enemies":"2 Orb Walkers","floor":39.0,"turns":6.0},{"damage":0.0,"enemies":"Giant Head","floor":40.0,"turns":6.0},{"damage":0.0,"enemies":"Transient","floor":41.0,"turns":5.0},{"damage":17.0,"enemies":"Reptomancer","floor":42.0,"turns":6.0},{"damage":0.0,"enemies":"Nemesis","floor":44.0,"turns":5.0},{"damage":0.0,"enemies":"Mind Bloom Boss Battle","floor":46.0,"turns":4.0},{"damage":0.0,"enemies":"Maw","floor":48.0,"turns":4.0},{"damage":0.0,"enemies":"Time Eater","floor":50.0,"turns":8.0},{"damage":0.0,"enemies":"Cultist","floor":52.0,"turns":3.0},{"damage":0.0,"enemies":"Small Slimes","floor":53.0,"turns":1.0},{"damage":0.0,"enemies":"2 Louse","floor":55.0,"turns":1.0},{"damage":5.0,"enemies":"3 Sentries","floor":58.0,"turns":6.0},{"damage":0.0,"enemies":"Lagavulin","floor":61.0,"turns":6.0},{"damage":0.0,"enemies":"2 Fungi Beasts","floor":62.0,"turns":2.0},{"damage":0.0,"enemies":"Blue Slaver","floor":64.0,"turns":3.0},{"damage":5.0,"enemies":"Looter","floor":65.0,"turns":2.0},{"damage":0.0,"enemies":"Slime Boss","floor":67.0,"turns":5.0},{"damage":0.0,"enemies":"3 Byrds","floor":69.0,"turns":4.0},{"damage":3.0,"enemies":"Shell Parasite","floor":70.0,"turns":5.0},{"damage":0.0,"enemies":"Sentry and Sphere","floor":73.0,"turns":3.0},{"damage":37.0,"enemies":"Gremlin Leader","floor":74.0,"turns":4.0},{"damage":0.0,"enemies":"Book of Stabbing","floor":79.0,"turns":3.0},{"damage":0.0,"enemies":"Cultist and Chosen","floor":80.0,"turns":5.0},{"damage":0.0,"enemies":"Snecko","floor":81.0,"turns":4.0},{"damage":0.0,"enemies":"3 Cultists","floor":82.0,"turns":3.0},{"damage":0.0,"enemies":"Automaton","floor":84.0,"turns":5.0},{"damage":0.0,"enemies":"Orb Walker","floor":86.0,"turns":4.0},{"damage":0.0,"enemies":"infinitespire:Three Voidlings","floor":87.0,"turns":2.0},{"damage":0.0,"enemies":"Nightmare_Alpha","floor":87.0,"turns":7.0},{"damage":0,"enemies":"3 Shapes","floor":88,"turns":2},{"damage":33,"enemies":"3 Darklings","floor":89,"turns":4},{"damage":0,"enemies":"2 Orb Walkers","floor":90,"turns":1}],"seed_played":"-5374646399124927595","potions_obtained":[{"floor":2.0,"key":"Block Potion"},{"floor":5.0,"key":"BlessingOfTheForge"},{"floor":16.0,"key":"DuplicationPotion"},{"floor":18.0,"key":"FairyPotion"},{"floor":24.0,"key":"ColorlessPotion"},{"floor":35.0,"key":"Swift Potion"},{"floor":39.0,"key":"Explosive Potion"},{"floor":44.0,"key":"Fire Potion"},{"floor":65.0,"key":"infinitespire:BlackPotion"},{"floor":69.0,"key":"FearPotion"},{"floor":74.0,"key":"Energy Potion"},{"floor":87.0,"key":"Strength Potion"},{"floor":89,"key":"PotionOfCapacity"}],"is_trial":false,"path_per_floor":["M","M","?","M","M","R","E","R","T","R","?","M","E","M","R","B",null,"M","$","M","$","?","R","E","M","T","?","$","M","NM","M","R","B",null,"M","?","$","M","?","E","M","E","T","E","R","?","$","M","R","B",null,"M","M","?","M","$","R","E","AVR","T","E","M","$","M","M","R","B",null,"M","M","?","?","M","E","R","?","T","R","E","M","M","M","R","B",null,"M","?","M","M","?"],"character_chosen":"DEFECT","items_purchased":["War Paint","Capacitor","Defragment","Echo Form","Frozen Egg 2","Block Potion"],"campfire_rested":1,"item_purchase_floors":[19,19,28,47,56,56],"current_hp_per_floor":[75,75,75,61,59,59,59,59,59,59,59,57,56,56,56,54,75,75,75,69,69,69,69,69,65,65,65,65,67,69,71,71,67,75,75,71,71,59,61,63,65,50,50,53,53,53,53,53,53,53,53,53,53,53,53,53,53,51,51,51,53,53,53,53,48,48,53,53,53,53,45,45,52,23,40,40,40,40,47,55,58,58,58,58,58,58,58,58,26,28,28],"gold":225,"neow_bonus":"BOSS_RELIC","is_daily":false,"chose_seed":false,"campfire_upgraded":12,"win_rate":0.0,"timestamp":1612834928,"path_taken":["M","?","?","M","M","R","E","R","T","R","?","M","E","M","R","BOSS","M","$","M","$","?","R","E","M","T","?","?","M","NM","M","R","BOSS","M","?","$","M","?","E","M","E","T","E","R","?","?","?","R","BOSS","M","M","?","M","$","R","E","AVR","T","E","M","$","?","M","R","BOSS","M","M","?","?","?","E","R","?","T","R","E","M","M","?","R","BOSS","M","?","M","M","?"],"items_purchased_type":["Relic","Card","Card","Card","Relic","Potion"],"build_version":"2020-12-22","purchased_purges":3,"victory":false,"max_hp_per_floor":[75,75,75,75,75,75,75,75,75,75,75,75,75,75,75,75,75,75,75,75,75,75,75,75,75,75,75,75,75,75,75,75,75,75,75,71,71,71,71,71,71,71,53,53,53,53,53,53,53,53,53,53,53,53,53,53,53,53,53,53,53,53,53,53,53,53,53,53,53,53,58,58,58,58,58,58,58,58,58,58,58,58,58,58,58,58,58,58,58,58,58],"relic_stats":{"counters":[51,226],"Blue Candle":[0],"Astrolabe":["Meteor Strike","Streamline","Hello World"],"StoneCalendar":[154],"PreservedInsect":230,"Ginger":[8],"War Paint":["Coolheaded","Conserve Battery"],"Boot":[15],"Blood Vial":36,"Peace Pipe":0,"Emotion Chip":[39,10,26,3,0],"Mummified Hand":[469],"Sundial":[2],"Pandora\u0027s Box":["Leap","Coolheaded","Force Field","Doom and Gloom","Skim","All For One","Loop","Go for the Eyes"],"Black Star":0,"Kunai":[42],"obtain_stats":[{"Calipers":39,"SacredBark":51,"StoneCalendar":22,"Ginger":44,"Boot":61,"Blood Vial":24,"Emotion Chip":7,"Mummified Hand":13,"Sundial":60,"Philosopher\u0027s Stone":17,"Kunai":26,"Cracked Core":0,"InkBottle":58,"Runic Pyramid":34,"Blue Candle":40,"Astrolabe":68,"infinitespire:Beetle Shell":30,"PreservedInsect":74,"infinitespire:CheckeredPen":42,"War Paint":19,"Frozen Egg 2":56,"Peace Pipe":46,"infinitespire:Lychee Nut":43,"Pandora\u0027s Box":0,"infinitespire:EmpoweringShard":9,"Bag of Marbles":79,"Black Star":85,"TungstenRod":87,"infinitespire:Freezer":11,"Pocketwatch":77},{"Calipers":20,"SacredBark":27,"StoneCalendar":11,"Ginger":24,"Boot":32,"Blood Vial":12,"Emotion Chip":5,"Mummified Hand":7,"Sundial":31,"Philosopher\u0027s Stone":9,"Kunai":13,"Cracked Core":0,"InkBottle":31,"Runic Pyramid":17,"Blue Candle":21,"Astrolabe":36,"infinitespire:Beetle Shell":15,"PreservedInsect":40,"infinitespire:CheckeredPen":23,"War Paint":10,"Frozen Egg 2":30,"Peace Pipe":25,"infinitespire:Lychee Nut":23,"Pandora\u0027s Box":0,"infinitespire:EmpoweringShard":5,"Bag of Marbles":41,"Black Star":45,"TungstenRod":48,"infinitespire:Freezer":5,"Pocketwatch":40},{"Calipers":104,"SacredBark":142,"StoneCalendar":53,"Ginger":126,"Boot":159,"Blood Vial":60,"Emotion Chip":22,"Mummified Hand":33,"Sundial":153,"Philosopher\u0027s Stone":45,"Kunai":65,"Cracked Core":0,"InkBottle":153,"Runic Pyramid":90,"Blue Candle":110,"Astrolabe":171,"infinitespire:Beetle Shell":75,"PreservedInsect":187,"infinitespire:CheckeredPen":121,"War Paint":50,"Frozen Egg 2":147,"Peace Pipe":130,"infinitespire:Lychee Nut":121,"Pandora\u0027s Box":0,"infinitespire:EmpoweringShard":22,"Bag of Marbles":190,"Black Star":206,"TungstenRod":219,"infinitespire:Freezer":22,"Pocketwatch":187}],"InkBottle":[39],"TungstenRod":2,"Pocketwatch":[5]},"card_choices":[{"not_picked":["Streamline","Gash"],"picked":"Static Discharge","floor":1.0},{"not_picked":["Force Field","Chaos"],"picked":"Tempest","floor":2.0},{"not_picked":["infinitespire:FinalStrike","infinitespire:Punishment"],"picked":"infinitespire:SevenWalls","floor":3.0},{"not_picked":["Redo","Darkness"],"picked":"Glacier","floor":4.0},{"not_picked":["Rebound","Ball Lightning"],"picked":"Core Surge","floor":5.0},{"not_picked":["Gash","Creative AI","Stack"],"picked":"SKIP","floor":7.0},{"not_picked":["Beam Cell","Sweeping Beam","Leap"],"picked":"SKIP","floor":12.0},{"not_picked":["Barrage","White Noise"],"picked":"Conserve Battery","floor":13.0},{"not_picked":["Leap","Sweeping Beam"],"picked":"Defragment","floor":14.0},{"not_picked":["All For One","Amplify"],"picked":"Multi-Cast","floor":16.0},{"not_picked":["Streamline","Gash"],"picked":"Loop+1","floor":18.0},{"not_picked":["Sweeping Beam+1","Hello World+1"],"picked":"Conserve Battery+1","floor":20.0},{"not_picked":["Rainbow","Compile Driver","Ball Lightning"],"picked":"SKIP","floor":24.0},{"not_picked":["Rainbow","Ball Lightning"],"picked":"Compile Driver","floor":24.0},{"not_picked":["Barrage","Sweeping Beam"],"picked":"Compile Driver","floor":25.0},{"not_picked":["Storm","Reinforced Body"],"picked":"Cold Snap","floor":29.0},{"not_picked":["Static Discharge","Gash"],"picked":"Barrage","floor":30.0},{"not_picked":["Turbo","Ball Lightning"],"picked":"Glacier","floor":31.0},{"not_picked":["Electrodynamics","Fission"],"picked":"Buffer","floor":33.0},{"not_picked":["Turbo+1","FTL","Doom and Gloom"],"picked":"SKIP","floor":35.0},{"not_picked":["Cold Snap+1","Doom and Gloom+1","Stack+1"],"picked":"SKIP","floor":38.0},{"not_picked":["Ball Lightning+1","Glacier"],"picked":"Electrodynamics","floor":40.0},{"not_picked":["Coolheaded+1","Doom and Gloom","Steam"],"picked":"SKIP","floor":41.0},{"not_picked":["Melter+1","Beam Cell+1","Compile Driver"],"picked":"SKIP","floor":42.0},{"not_picked":["Turbo","Ball Lightning","Rebound+1"],"picked":"SKIP","floor":44.0},{"not_picked":["Consume+1","Ball Lightning+1"],"picked":"Loop+1","floor":46.0},{"not_picked":["Beam Cell+1","Gash+1","Undo+1"],"picked":"SKIP","floor":48.0},{"not_picked":["Fission","Amplify"],"picked":"Biased Cognition","floor":50.0},{"not_picked":["Chaos","Stack","Double Energy"],"picked":"SKIP","floor":52.0},{"not_picked":["Conserve Battery","Leap"],"picked":"Capacitor","floor":53.0},{"not_picked":["Undo","Turbo","Lockon"],"picked":"SKIP","floor":55.0},{"not_picked":["Lockon","Leap","Consume"],"picked":"SKIP","floor":58.0},{"not_picked":["Consume","Streamline","Reinforced Body"],"picked":"SKIP","floor":61.0},{"not_picked":["Cold Snap","Streamline","Turbo"],"picked":"SKIP","floor":62.0},{"not_picked":["Beam Cell","Consume","Hello World+1"],"picked":"SKIP","floor":64.0},{"not_picked":["Skim","Streamline","Compile Driver"],"picked":"SKIP","floor":65.0},{"not_picked":["Creative AI+1","Core Surge"],"picked":"Seek","floor":67.0},{"not_picked":["Heatsinks+1","Go for the Eyes"],"picked":"Defragment+1","floor":69.0},{"not_picked":["Reprogram+1","Beam Cell","Consume"],"picked":"SKIP","floor":70.0},{"not_picked":["Coolheaded","Compile Driver","Sweeping Beam+1"],"picked":"SKIP","floor":73.0},{"not_picked":["Compile Driver","Doom and Gloom","Conserve Battery"],"picked":"SKIP","floor":74.0},{"not_picked":["Beam Cell","Hologram","BootSequence"],"picked":"SKIP","floor":79.0},{"not_picked":["Beam Cell","All For One","Compile Driver+1"],"picked":"SKIP","floor":80.0},{"not_picked":["Beam Cell","Consume","Capacitor+1"],"picked":"SKIP","floor":81.0},{"not_picked":["Go for the Eyes","Stack","Redo+1"],"picked":"SKIP","floor":82.0},{"not_picked":["Rainbow","Machine Learning+1"],"picked":"Biased Cognition+1","floor":84.0},{"not_picked":["infinitespire:Starlight","infinitespire:FutureSight"],"picked":"infinitespire:UltimateForm","floor":85.0},{"not_picked":["Lockon","Steam"],"picked":"Ball Lightning","floor":86.0},{"not_picked":["infinitespire:SevenWalls","infinitespire:FutureSight"],"picked":"infinitespire:Collect","floor":87.0},{"not_picked":["Melter","Go for the Eyes"],"picked":"Defragment+1","floor":88},{"not_picked":["Turbo+1","Lockon","Capacitor+1"],"picked":"SKIP","floor":89}],"player_experience":803890,"relics_obtained":[{"floor":7.0,"key":"Emotion Chip"},{"floor":9.0,"key":"infinitespire:EmpoweringShard"},{"floor":13.0,"key":"Mummified Hand"},{"floor":24.0,"key":"Blood Vial"},{"floor":26.0,"key":"Kunai"},{"floor":30.0,"key":"infinitespire:Beetle Shell"},{"floor":39.0,"key":"Calipers"},{"floor":40.0,"key":"Blue Candle"},{"floor":42.0,"key":"infinitespire:CheckeredPen"},{"floor":43.0,"key":"infinitespire:Lychee Nut"},{"floor":44.0,"key":"Ginger"},{"floor":46.0,"key":"Peace Pipe"},{"floor":58.0,"key":"InkBottle"},{"floor":60.0,"key":"Sundial"},{"floor":61.0,"key":"Boot"},{"floor":74.0,"key":"PreservedInsect"},{"floor":77.0,"key":"Pocketwatch"},{"floor":79.0,"key":"Bag of Marbles"},{"floor":87.0,"key":"TungstenRod"}],"event_choices":[{"damage_healed":0.0,"max_hp_gain":0.0,"max_hp_loss":0.0,"gold_gain":30.0,"event_name":"Dead Adventurer","player_choice":"Searched \u00273\u0027 times","floor":11.0,"gold_loss":0.0,"damage_taken":0.0,"relics_obtained":["infinitespire:Freezer"]},{"damage_healed":0.0,"max_hp_gain":0.0,"max_hp_loss":0.0,"gold_gain":0.0,"event_name":"Addict","player_choice":"Obtained Relic","floor":22.0,"gold_loss":85.0,"damage_taken":0.0,"relics_obtained":["StoneCalendar"]},{"damage_healed":0.0,"max_hp_gain":0.0,"max_hp_loss":0.0,"gold_gain":0.0,"event_name":"Beggar","player_choice":"Ignored","floor":27.0,"gold_loss":0.0,"damage_taken":0.0},{"damage_healed":0.0,"max_hp_gain":0.0,"max_hp_loss":4.0,"gold_gain":0.0,"event_name":"Winding Halls","player_choice":"Max HP","floor":36.0,"gold_loss":0.0,"damage_taken":0.0},{"damage_healed":0.0,"max_hp_gain":0.0,"max_hp_loss":0.0,"gold_gain":0.0,"event_name":"Mysterious Sphere","player_choice":"Fight","floor":39.0,"gold_loss":0.0,"damage_taken":0.0},{"damage_healed":0.0,"max_hp_gain":0.0,"max_hp_loss":0.0,"gold_gain":0.0,"event_name":"MindBloom","player_choice":"Fight","floor":46.0,"gold_loss":0.0,"damage_taken":0.0},{"cards_removed":["Zap"],"damage_healed":0.0,"max_hp_gain":0.0,"max_hp_loss":0.0,"gold_gain":0.0,"event_name":"Purifier","player_choice":"Purged","floor":54.0,"gold_loss":0.0,"damage_taken":0.0},{"damage_healed":0.0,"max_hp_gain":5.0,"max_hp_loss":0.0,"gold_gain":0.0,"event_name":"Forgotten Altar","player_choice":"Shed Blood","floor":71.0,"gold_loss":0.0,"damage_taken":13.0},{"damage_healed":0.0,"max_hp_gain":0.0,"max_hp_loss":0.0,"gold_gain":0.0,"event_name":"N\u0027loth","player_choice":"Ignored","floor":72.0,"gold_loss":0.0,"damage_taken":0.0},{"damage_healed":0.0,"max_hp_gain":0.0,"max_hp_loss":0.0,"gold_gain":0.0,"event_name":"FaceTrader","player_choice":"Leave","floor":76.0,"gold_loss":0.0,"damage_taken":0.0},{"damage_healed":0,"gold_gain":0,"player_choice":"Fight","damage_taken":0,"max_hp_gain":0,"max_hp_loss":0,"event_name":"Mysterious Sphere","floor":90,"gold_loss":0}],"is_beta":false,"boss_relics":[{"not_picked":["infinitespire:Cupcake","Black Star"],"picked":"Philosopher\u0027s Stone"},{"not_picked":["SlaversCollar","Empty Cage"],"picked":"Runic Pyramid"},{"not_picked":["Calling Bell","Tiny House"],"picked":"SacredBark"},{"not_picked":["Busted Crown","infinitespire:Cupcake"],"picked":"Astrolabe"},{"not_picked":["Runic Dome","Velvet Choker"],"picked":"Black Star"}],"items_purged_floors":[19,21,47],"is_endless":true,"potions_floor_spawned":[2,5,16,18,24,30,31,35,39,44,46,52,62,64,65,69,74,80,87,87,89],"killed_by":"2 Orb Walkers","ascension_level":1}}