{"host":"13o02hya6v6rzuva","time":1612877350,"event":{"mods":["BaseMod","Minty Spire (QoL Compilation)","Relic Stats"],"gold_per_floor":[116,132,150,167,167,167,181,24,24,39,59,86,96,171,171,171,171],"floor_reached":16,"language":"ENG","playtime":575,"items_purged":[],"score":170,"play_id":"0391b135-6278-4857-b9dc-9ec1f3d61ee2","local_time":"20210209142910","is_ascension_mode":true,"campfire_choices":[{"data":"Bash","floor":6,"key":"SMITH"},{"data":"True Grit","floor":15,"key":"SMITH"}],"circlet_count":0,"master_deck":["AscendersBane","Strike_R","Strike_R","Strike_R","Strike_R","Defend_R","Defend_R","Defend_R","Defend_R","Bash+1","Feel No Pain","Disarm","Iron Wave","Wild Strike","Reckless Charge","Intimidate","Flame Barrier","True Grit+1"],"relics":["Burning Blood","Lantern","Membership Card","Gremlin Horn","Darkstone Periapt"],"acts_visited":["Exordium"],"potions_floor_usage":[12,16,16],"damage_taken":[{"damage":5,"enemies":"Small Slimes","floor":1,"turns":3},{"damage":10,"enemies":"Cultist","floor":2,"turns":4},{"damage":3,"enemies":"Jaw Worm","floor":3,"turns":5},{"damage":4,"enemies":"Exordium Wildlife","floor":4,"turns":6},{"damage":9,"enemies":"Looter","floor":7,"turns":2},{"damage":13,"enemies":"3 Louse","floor":10,"turns":3},{"damage":1,"enemies":"2 Fungi Beasts","floor":11,"turns":4},{"damage":19,"enemies":"Gremlin Nob","floor":12,"turns":5},{"damage":1,"enemies":"Exordium Thugs","floor":13,"turns":5},{"damage":61,"enemies":"Slime Boss","floor":16,"turns":13}],"seed_played":"-1079519390748223919","potions_obtained":[{"floor":1,"key":"DuplicationPotion"},{"floor":4,"key":"LiquidBronze"},{"floor":12,"key":"Energy Potion"}],"is_trial":false,"path_per_floor":["M","M","M","M","?","R","M","$","T","M","M","E","M","?","R","B"],"character_chosen":"IRONCLAD","items_purchased":["Membership Card"],"campfire_rested":0,"item_purchase_floors":[8],"current_hp_per_floor":[73,69,72,74,74,74,71,71,71,64,69,56,61,61,61,0,0],"gold":171,"neow_bonus":"RANDOM_COMMON_RELIC","is_daily":false,"chose_seed":false,"campfire_upgraded":2,"win_rate":0.0,"timestamp":1612877350,"path_taken":["M","M","M","M","?","R","?","$","T","M","M","E","M","?","R","BOSS"],"items_purchased_type":["Relic"],"build_version":"2020-12-22","purchased_purges":0,"victory":false,"max_hp_per_floor":[80,80,80,80,80,80,80,80,80,80,80,80,80,80,80,80,80],"relic_stats":{"Darkstone Periapt":0,"Gremlin Horn":[4,4],"counters":[10,50],"obtain_stats":[{"Darkstone Periapt":12,"Lantern":0,"Gremlin Horn":9,"Membership Card":8,"Burning Blood":0},{"Darkstone Periapt":8,"Lantern":0,"Gremlin Horn":5,"Membership Card":5,"Burning Blood":0},{"Darkstone Periapt":32,"Lantern":0,"Gremlin Horn":20,"Membership Card":20,"Burning Blood":0}],"Burning Blood":54},"card_choices":[{"not_picked":["Body Slam","Bloodletting"],"picked":"Feel No Pain","floor":1},{"not_picked":["Dropkick","Combust"],"picked":"Disarm","floor":2},{"not_picked":["Sentinel","Warcry"],"picked":"Iron Wave","floor":3},{"not_picked":["Burning Pact","True Grit"],"picked":"Wild Strike","floor":4},{"not_picked":["Thunderclap","Headbutt"],"picked":"Reckless Charge","floor":7},{"not_picked":["Sword Boomerang","Hemokinesis"],"picked":"Intimidate","floor":10},{"not_picked":["Dual Wield","Thunderclap","Sword Boomerang"],"picked":"SKIP","floor":11},{"not_picked":["Double Tap","Iron Wave"],"picked":"Flame Barrier","floor":12},{"not_picked":["Body Slam","Thunderclap"],"picked":"True Grit","floor":13}],"player_experience":1201086,"relics_obtained":[{"floor":9,"key":"Gremlin Horn"},{"floor":12,"key":"Darkstone Periapt"}],"event_choices":[{"cards_removed":["Strike_R"],"damage_healed":0,"gold_gain":0,"player_choice":"Purged","damage_taken":0,"max_hp_gain":0,"max_hp_loss":0,"event_name":"Purifier","floor":5,"gold_loss":0},{"damage_healed":0,"gold_gain":75,"player_choice":"Gained Gold","damage_taken":0,"max_hp_gain":0,"max_hp_loss":0,"event_name":"Golden Wing","floor":14,"gold_loss":0}],"is_beta":false,"boss_relics":[],"items_purged_floors":[],"is_endless":false,"potions_floor_spawned":[1,4,7,12],"killed_by":"Slime Boss","ascension_level":12}}