{"host":"6bsan6hkua32tfq7","time":1612856043,"event":{"mods":["BaseMod","Better Third Choice","Colored Map","Highlight Path","Minty Spire (QoL Compilation)","StSLib"],"gold_per_floor":[110,110,110,130,150,175,175,201,201,201,219,231,231,242,242,319,319,334,384,384,401,52,52,68,88,115,143,154,208,208,32,32,110,110,130,130,93,103,120,120,120],"floor_reached":40,"language":"ENG","playtime":975,"items_purged":["Strike_R","Strike_R"],"score":836,"play_id":"9a45632e-8ec9-4037-ad89-55d87beaf4f8","local_time":"20210209083403","is_ascension_mode":true,"campfire_choices":[{"data":"Fire Breathing","floor":7.0,"key":"SMITH"},{"data":"True Grit","floor":10.0,"key":"SMITH"},{"data":"Disarm","floor":13.0,"key":"SMITH"},{"floor":15,"key":"REST"},{"floor":23,"key":"REST"},{"floor":32,"key":"REST"}],"circlet_count":0,"master_deck":["AscendersBane","Strike_R","Strike_R","Strike_R","Defend_R","Defend_R","Defend_R","Bash","Blood for Blood","Clothesline","Bash","Anger","True Grit+1","Fire Breathing+1","Disarm+1","Wild Strike","Pommel Strike","Berserk+1","Flame Barrier","Battle Trance","Barricade+1","Power Through","Offering","Combust+1","Feel No Pain+1"],"relics":["Burning Blood","Akabeko","Art of War","Frozen Egg 2","Bottled Tornado","Mark of Pain","WarpedTongs","Mummified Hand","Dream Catcher","Bronze Scales","MealTicket","Runic Cube"],"acts_visited":["Exordium","TheCity","TheBeyond"],"potions_floor_usage":[18,24,27,33,39],"damage_taken":[{"damage":0.0,"enemies":"Small Slimes","floor":1.0,"turns":3.0},{"damage":6.0,"enemies":"2 Louse","floor":4.0,"turns":2.0},{"damage":1.0,"enemies":"Cultist","floor":5.0,"turns":3.0},{"damage":38.0,"enemies":"Lagavulin","floor":6.0,"turns":6.0},{"damage":26.0,"enemies":"Gremlin Nob","floor":8.0,"turns":4.0},{"damage":18.0,"enemies":"Large Slime","floor":11.0,"turns":5.0},{"damage":0.0,"enemies":"Exordium Wildlife","floor":12.0,"turns":3.0},{"damage":11.0,"enemies":"Red Slaver","floor":14.0,"turns":3.0},{"damage":12,"enemies":"Slime Boss","floor":16,"turns":7},{"damage":23,"enemies":"Shell Parasite","floor":18,"turns":5},{"damage":9,"enemies":"Chosen","floor":21,"turns":3},{"damage":13,"enemies":"Snake Plant","floor":24,"turns":3},{"damage":23,"enemies":"Centurion and Healer","floor":25,"turns":5},{"damage":27,"enemies":"Gremlin Leader","floor":27,"turns":5},{"damage":15,"enemies":"Snecko","floor":28,"turns":3},{"damage":17,"enemies":"Champ","floor":33,"turns":13},{"damage":9,"enemies":"Orb Walker","floor":35,"turns":3},{"damage":18,"enemies":"3 Darklings","floor":38,"turns":6},{"damage":39,"enemies":"Writhing Mass","floor":39,"turns":7},{"damage":31,"enemies":"Reptomancer","floor":40,"turns":3}],"seed_played":"8242867431380773044","potions_obtained":[{"floor":1.0,"key":"LiquidBronze"},{"floor":5.0,"key":"PowerPotion"},{"floor":6.0,"key":"LiquidBronze"},{"floor":11.0,"key":"Block Potion"},{"floor":16,"key":"Weak Potion"},{"floor":21,"key":"Block Potion"},{"floor":24,"key":"SkillPotion"},{"floor":28,"key":"SpeedPotion"},{"floor":33,"key":"GamblersBrew"},{"floor":38,"key":"BlessingOfTheForge"}],"is_trial":false,"path_per_floor":["M","?","?","M","M","E","R","E","T","R","M","M","R","M","R","B",null,"M","?","?","M","$","R","M","M","T","E","M","T","?","$","R","B",null,"M","?","$","M","M","E"],"character_chosen":"IRONCLAD","items_purchased":["Mummified Hand","Barricade+1","Feel No Pain+1"],"campfire_rested":3,"item_purchase_floors":[22,31,37],"current_hp_per_floor":[74,67,67,67,72,40,40,20,20,20,8,14,14,9,31,25,63,46,46,46,43,43,65,58,41,41,20,11,11,26,41,63,52,69,66,66,75,63,30,0,0],"gold":120,"neow_bonus":"RANDOM_COMMON_RELIC","is_daily":false,"chose_seed":false,"campfire_upgraded":3,"win_rate":0.0,"timestamp":1612856043,"path_taken":["M","?","?","M","M","E","R","E","T","R","M","?","R","M","R","BOSS","M","?","?","M","$","R","M","?","T","E","?","?","?","$","R","BOSS","M","?","$","M","?","E"],"items_purchased_type":["Relic","Card","Card"],"build_version":"2020-12-22","purchased_purges":2,"victory":false,"max_hp_per_floor":[75,75,75,75,75,75,75,75,75,75,75,75,75,75,75,75,75,75,75,75,75,75,75,75,75,75,75,75,75,75,75,75,75,75,75,75,75,75,75,75,75],"card_choices":[{"not_picked":["Twin Strike","Sentinel"],"picked":"Blood for Blood","floor":1.0},{"not_picked":["Dual Wield","Carnage"],"picked":"Anger","floor":4.0},{"not_picked":["Headbutt","Entrench"],"picked":"True Grit","floor":5.0},{"not_picked":["Second Wind","Thunderclap"],"picked":"Fire Breathing","floor":6.0},{"not_picked":["Hemokinesis","Anger"],"picked":"Disarm","floor":8.0},{"not_picked":["Body Slam","Seeing Red"],"picked":"Wild Strike","floor":11.0},{"not_picked":["Searing Blow","Heavy Blade","Entrench"],"picked":"SKIP","floor":12.0},{"not_picked":["Clash","Twin Strike"],"picked":"Pommel Strike","floor":14},{"not_picked":["Exhume","Bludgeon"],"picked":"Berserk+1","floor":16},{"not_picked":["Clothesline","Burning Pact"],"picked":"Flame Barrier","floor":18},{"not_picked":["Iron Wave","Spot Weakness","Rampage"],"picked":"SKIP","floor":21},{"not_picked":["Armaments+1","Sentinel","Bloodletting"],"picked":"SKIP","floor":24},{"not_picked":["Armaments","Body Slam","Clash"],"picked":"SKIP","floor":25},{"not_picked":["Twin Strike","Rupture+1","Sword Boomerang"],"picked":"SKIP","floor":27},{"not_picked":["Twin Strike","Clash"],"picked":"Battle Trance","floor":28},{"not_picked":["Wild Strike","Double Tap"],"picked":"Power Through","floor":32},{"not_picked":["Impervious","Corruption+1"],"picked":"Offering","floor":33},{"not_picked":["Pommel Strike","Body Slam"],"picked":"Combust+1","floor":35},{"not_picked":["Clothesline","Twin Strike","Headbutt"],"picked":"SKIP","floor":38},{"not_picked":["Spot Weakness","Rampage+1","Heavy Blade"],"picked":"SKIP","floor":39}],"player_experience":5425404,"relics_obtained":[{"floor":6.0,"key":"Art of War"},{"floor":8.0,"key":"Frozen Egg 2"},{"floor":9.0,"key":"Bottled Tornado"},{"floor":26,"key":"Dream Catcher"},{"floor":27,"key":"Bronze Scales"},{"floor":29,"key":"MealTicket"}],"event_choices":[{"cards_removed":["Defend_R"],"damage_healed":0.0,"max_hp_gain":0.0,"max_hp_loss":0.0,"gold_gain":0.0,"event_name":"Golden Wing","player_choice":"Card Removal","floor":2.0,"gold_loss":0.0,"damage_taken":7.0},{"damage_healed":0.0,"max_hp_gain":0.0,"max_hp_loss":0.0,"gold_gain":0.0,"event_name":"Match and Keep!","player_choice":"2 cards matched","floor":3.0,"gold_loss":0.0,"damage_taken":0.0,"cards_obtained":["Clothesline","Bash"]},{"damage_healed":0,"gold_gain":50,"player_choice":"Steal","damage_taken":0,"max_hp_gain":0,"max_hp_loss":0,"event_name":"betterThird:BetterNest","floor":19,"gold_loss":0},{"damage_healed":0,"gold_gain":0,"player_choice":"Rummage","damage_taken":0,"relics_obtained":["WarpedTongs"],"max_hp_gain":0,"max_hp_loss":0,"event_name":"Accursed Blacksmith","floor":20,"gold_loss":0,"cards_obtained":["Pain"]},{"damage_healed":15,"gold_gain":0,"player_choice":"Heal","damage_taken":0,"max_hp_gain":0,"max_hp_loss":0,"event_name":"The Library","floor":30,"gold_loss":0},{"cards_removed":["Pain"],"damage_healed":0,"gold_gain":0,"player_choice":"Removed Curses","damage_taken":0,"max_hp_gain":0,"max_hp_loss":0,"event_name":"Fountain of Cleansing","floor":36,"gold_loss":0}],"is_beta":false,"boss_relics":[{"not_picked":["Black Blood","Runic Dome"],"picked":"Mark of Pain"},{"not_picked":["SacredBark","Black Star"],"picked":"Runic Cube"}],"items_purged_floors":[22,31],"is_endless":false,"potions_floor_spawned":[1,5,6,11,16,21,24,28,33,38],"killed_by":"Reptomancer","ascension_level":20}}