{"host":"0o4jkshs65tojivq","time":1612841523,"event":{"mods":["AchievementEnabler","BaseMod","Minty Spire (QoL Compilation)","Quick Restart","Relic Stats","Slay the Relics Exporter","StSLib"],"gold_per_floor":[116,23,23,40,40,40,67,67,67,83,233,158,178,191,191,268,268,288,24,42,60,60,60,75,75,121,154,28,28,28],"floor_reached":29,"language":"ENG","playtime":1578,"items_purged":["Doubt","Injury"],"score":478,"play_id":"845a679d-26d5-4f36-af2e-1250c1c71944","local_time":"20210208193203","is_ascension_mode":true,"campfire_choices":[{"data":"Reprogram","floor":6.0,"key":"SMITH"},{"data":"Beam Cell","floor":8.0,"key":"SMITH"},{"floor":15.0,"key":"REST"},{"floor":23.0,"key":"REST"},{"floor":25.0,"key":"REST"}],"circlet_count":0,"master_deck":["AscendersBane","Strike_B","Strike_B","Strike_B","Defend_B","Defend_B","Defend_B","Defend_B","Zap","Dualcast","Beam Cell+1","Reprogram+1","Gash","Steam","Rip and Tear","Rip and Tear","Reboot","CurseOfTheBell","Barrage","Reprogram+1","Reinforced Body"],"relics":["Cracked Core","Gambling Chip","Matryoshka","Regal Pillow","Symbiotic Virus","Calling Bell","Bag of Marbles","StrikeDummy","Shovel","DollysMirror","The Courier","Pen Nib","Oddly Smooth Stone","Membership Card"],"acts_visited":["Exordium","TheCity"],"potions_floor_usage":[],"damage_taken":[{"damage":1.0,"enemies":"Cultist","floor":1.0,"turns":3.0},{"damage":0.0,"enemies":"2 Louse","floor":4.0,"turns":3.0},{"damage":25.0,"enemies":"Lagavulin","floor":7.0,"turns":10.0},{"damage":0.0,"enemies":"Jaw Worm","floor":10.0,"turns":3.0},{"damage":34.0,"enemies":"Gremlin Gang","floor":13.0,"turns":5.0},{"damage":3.0,"enemies":"Blue Slaver","floor":14.0,"turns":3.0},{"damage":35.0,"enemies":"The Guardian","floor":16.0,"turns":12.0},{"damage":35.0,"enemies":"2 Thieves","floor":18.0,"turns":4.0},{"damage":6.0,"enemies":"Shell Parasite","floor":20.0,"turns":3.0},{"damage":10.0,"enemies":"Snecko","floor":21.0,"turns":4.0},{"damage":0.0,"enemies":"Snake Plant","floor":22.0,"turns":1.0},{"damage":14.0,"enemies":"Centurion and Healer","floor":24.0,"turns":5.0},{"damage":42.0,"enemies":"Slavers","floor":27.0,"turns":5.0},{"damage":30,"enemies":"3 Cultists","floor":29,"turns":4}],"seed_played":"1880965179115679129","potions_obtained":[{"floor":4.0,"key":"SkillPotion"},{"floor":7.0,"key":"Weak Potion"},{"floor":13.0,"key":"Ancient Potion"},{"floor":21.0,"key":"SmokeBomb"}],"is_trial":false,"path_per_floor":["M","$","?","M","$","R","E","R","T","M","?","$","M","M","R","B",null,"M","$","M","M","M","R","M","R","T","E","$","M"],"character_chosen":"DEFECT","items_purchased":["Reprogram","Gash","DollysMirror","Membership Card"],"campfire_rested":3,"item_purchase_floors":[2,2,19,28],"current_hp_per_floor":[63,63,63,63,63,63,38,38,38,38,38,38,4,1,37,2,54,19,19,13,3,3,39,25,61,61,19,19,0,0],"gold":28,"neow_bonus":"ONE_RARE_RELIC","is_daily":false,"chose_seed":false,"campfire_upgraded":2,"win_rate":0.0,"timestamp":1612841523,"path_taken":["M","$","?","?","?","R","E","R","T","M","?","$","M","?","R","BOSS","M","$","M","M","M","R","M","R","T","E","$","?"],"items_purchased_type":["Card","Card","Relic","Relic"],"build_version":"2020-12-22","purchased_purges":2,"victory":false,"max_hp_per_floor":[71,71,71,71,71,71,71,71,71,71,71,71,71,71,71,71,71,71,71,71,71,71,71,71,71,71,71,71,71,71],"relic_stats":{"Regal Pillow":45,"Shovel":0,"counters":[14,65],"Gambling Chip":[43],"Pen Nib":[1],"obtain_stats":[{"Regal Pillow":9,"Oddly Smooth Stone":27,"The Courier":26,"Pen Nib":26,"Calling Bell":17,"Matryoshka":7,"Shovel":17,"DollysMirror":19,"Gambling Chip":0,"Bag of Marbles":17,"Membership Card":28,"Cracked Core":0,"Symbiotic Virus":9,"StrikeDummy":17},{"Regal Pillow":3,"Oddly Smooth Stone":13,"The Courier":12,"Pen Nib":12,"Calling Bell":7,"Matryoshka":3,"Shovel":7,"DollysMirror":8,"Gambling Chip":0,"Bag of Marbles":7,"Membership Card":13,"Cracked Core":0,"Symbiotic Virus":3,"StrikeDummy":7},{"Regal Pillow":16,"Oddly Smooth Stone":61,"The Courier":56,"Pen Nib":56,"Calling Bell":39,"Matryoshka":16,"Shovel":39,"DollysMirror":43,"Gambling Chip":0,"Bag of Marbles":39,"Membership Card":61,"Cracked Core":0,"Symbiotic Virus":16,"StrikeDummy":39}]},"card_choices":[{"not_picked":["Sunder","Leap"],"picked":"Beam Cell","floor":1.0},{"not_picked":["Ball Lightning","Turbo","Coolheaded"],"picked":"SKIP","floor":4.0},{"not_picked":["Leap","Heatsinks"],"picked":"Rip and Tear","floor":7.0},{"not_picked":["Storm","Loop"],"picked":"Rip and Tear","floor":10.0},{"not_picked":["Turbo","Ball Lightning","Recycle"],"picked":"SKIP","floor":13.0},{"not_picked":["Doom and Gloom","Ball Lightning","Cold Snap"],"picked":"SKIP","floor":14.0},{"not_picked":["Amplify","Biased Cognition"],"picked":"Reboot","floor":16.0},{"not_picked":["Storm","Doom and Gloom"],"picked":"Barrage","floor":18.0},{"not_picked":["Blizzard","Cold Snap","Melter"],"picked":"SKIP","floor":20.0},{"not_picked":["Barrage","Cold Snap"],"picked":"Reinforced Body","floor":21.0},{"not_picked":["Loop","Stack","Self Repair"],"picked":"SKIP","floor":24.0},{"not_picked":["Tempest","Defragment","Doom and Gloom"],"picked":"SKIP","floor":27}],"player_experience":1087839,"relics_obtained":[{"floor":7.0,"key":"Matryoshka"},{"floor":9.0,"key":"Regal Pillow"},{"floor":9.0,"key":"Symbiotic Virus"},{"floor":17.0,"key":"Bag of Marbles"},{"floor":17.0,"key":"StrikeDummy"},{"floor":17.0,"key":"Shovel"},{"floor":26.0,"key":"The Courier"},{"floor":26.0,"key":"Pen Nib"},{"floor":27,"key":"Oddly Smooth Stone"}],"event_choices":[{"damage_healed":0.0,"max_hp_gain":0.0,"max_hp_loss":0.0,"gold_gain":0.0,"cards_transformed":["Strike_B"],"event_name":"Transmorgrifier","player_choice":"Transformed","floor":3.0,"gold_loss":0.0,"damage_taken":0.0,"cards_obtained":["Steam"]},{"damage_healed":0.0,"max_hp_gain":0.0,"max_hp_loss":0.0,"gold_gain":150.0,"event_name":"Liars Game","player_choice":"AGREE","floor":11.0,"gold_loss":0.0,"damage_taken":0.0,"cards_obtained":["Doubt"]}],"is_beta":false,"boss_relics":[{"not_picked":["Philosopher\u0027s Stone","Busted Crown"],"picked":"Calling Bell"}],"items_purged_floors":[12,19],"is_endless":false,"potions_floor_spawned":[4,7,13,21,22],"killed_by":"3 Cultists","ascension_level":19}}