{"host":"0o4jkshs65tojivq","time":1612842429,"event":{"mods":["AchievementEnabler","BaseMod","Minty Spire (QoL Compilation)","Quick Restart","Relic Stats","Slay the Relics Exporter","StSLib"],"gold_per_floor":[112,112,8,22,33,33,33,33],"floor_reached":7,"language":"ENG","playtime":195,"items_purged":["Pain"],"score":80,"play_id":"a56716c0-5108-4810-86a4-121dd29ea4b6","local_time":"20210208194709","is_ascension_mode":true,"campfire_choices":[{"data":"Reprogram","floor":6,"key":"SMITH"}],"circlet_count":0,"master_deck":["AscendersBane","Strike_B","Strike_B","Strike_B","Strike_B","Defend_B","Defend_B","Defend_B","Defend_B","Zap","Dualcast","Leap","Gash","Ball Lightning","Reprogram+1"],"relics":["Cracked Core","NeowsBlessing","WarpedTongs"],"acts_visited":["Exordium"],"potions_floor_usage":[],"damage_taken":[{"damage":0,"enemies":"Small Slimes","floor":1,"turns":1},{"damage":0,"enemies":"Cultist","floor":4,"turns":1},{"damage":0,"enemies":"2 Louse","floor":5,"turns":1},{"damage":72,"enemies":"Gremlin Nob","floor":7,"turns":4}],"seed_played":"-9194943111971533896","potions_obtained":[],"is_trial":false,"path_per_floor":["M","?","$","M","M","R","E"],"character_chosen":"DEFECT","items_purchased":["Gash"],"campfire_rested":0,"item_purchase_floors":[3],"current_hp_per_floor":[64,64,64,64,64,64,0,0],"gold":33,"neow_bonus":"THREE_ENEMY_KILL","is_daily":false,"chose_seed":false,"campfire_upgraded":1,"win_rate":0.0,"timestamp":1612842429,"path_taken":["M","?","?","M","?","R","E"],"items_purchased_type":["Card"],"build_version":"2020-12-22","purchased_purges":1,"victory":false,"max_hp_per_floor":[71,71,71,71,71,71,71,71],"relic_stats":{"counters":[4,7],"obtain_stats":[{"NeowsBlessing":0,"Cracked Core":0,"WarpedTongs":2},{"NeowsBlessing":0,"Cracked Core":0,"WarpedTongs":1},{"NeowsBlessing":0,"Cracked Core":0,"WarpedTongs":1}],"WarpedTongs":[6]},"card_choices":[{"not_picked":["Force Field","Go for the Eyes"],"picked":"Leap","floor":1},{"not_picked":["Reprogram","Skim"],"picked":"Ball Lightning","floor":4},{"not_picked":["Heatsinks","Compile Driver"],"picked":"Reprogram","floor":5}],"player_experience":1087839,"relics_obtained":[],"event_choices":[{"damage_healed":0,"gold_gain":0,"player_choice":"Rummage","damage_taken":0,"relics_obtained":["WarpedTongs"],"max_hp_gain":0,"max_hp_loss":0,"event_name":"Accursed Blacksmith","floor":2,"gold_loss":0,"cards_obtained":["Pain"]}],"is_beta":false,"boss_relics":[],"items_purged_floors":[3],"is_endless":false,"potions_floor_spawned":[],"killed_by":"Gremlin Nob","ascension_level":19}}