{"host":"188x3om7sf6mgxv1","time":1612846014,"event":{"mods":["BaseMod","Block Reminder","Jorbs\u0027s Wanderer Trilogy","Minty Spire (QoL Compilation)","Relic Stats","StSLib"],"gold_per_floor":[115,14,14,14,30,30,57,57,80,105,119,129,129,143,143,243,243,256,271,14,14,32,32,47,73,73,73,87,101,101,114,114,213,213,230,77,87,87,87,87,119,119,119,135,150,170,187,200,200,200,200,200,20,48,48,48],"floor_reached":55,"language":"ENG","playtime":1680,"items_purged":["Strike_G","Strike_G"],"score":922,"play_id":"2b63ba04-59ee-4fce-886f-c2cf512aa8a3","local_time":"20210208234654","is_ascension_mode":true,"campfire_choices":[{"data":"Blade Dance","floor":6,"key":"SMITH"},{"data":"Predator","floor":8,"key":"SMITH"},{"data":"Cloak And Dagger","floor":13,"key":"SMITH"},{"data":"Cloak And Dagger","floor":15,"key":"SMITH"},{"data":"Blade Dance","floor":23,"key":"SMITH"},{"data":"Blade Dance","floor":30,"key":"SMITH"},{"data":"Blade Dance","floor":32,"key":"SMITH"},{"floor":40,"key":"RECALL"},{"floor":42,"key":"REST"},{"floor":49,"key":"REST"},{"floor":52,"key":"REST"}],"circlet_count":0,"master_deck":["Strike_G","Defend_G","Defend_G","Defend_G","Defend_G","Defend_G","Survivor","Neutralize","Noxious Fumes+1","Poisoned Stab","Blade Dance+1","Predator+1","PiercingWail","Venomology","Cloak And Dagger+1","Cloak And Dagger+1","Backstab+1","Glass Knife+1","Blade Dance+1","Backflip","Cloak And Dagger","Deadly Poison","Corpse Explosion","Blade Dance+1","Well Laid Plans","Decay","Footwork","Blade Dance+1","Corpse Explosion","Backflip","Noxious Fumes","Calculated Gamble","Flash of Steel","Mayhem","PiercingWail","Bouncing Flask+1","Calculated Gamble+1","Escape Plan","Blade Dance+1","PiercingWail+1","Well Laid Plans","Catalyst+1"],"relics":["Ring of the Snake","NeowsBlessing","Toy Ornithopter","Happy Flower","Shuriken","Cursed Key","Snake Skull","Whetstone","Fusion Hammer","Anchor","Boot"],"acts_visited":["Exordium","TheCity","TheBeyond","TheEnding"],"potions_floor_usage":[14,19,25,29,33,41,45,50,54,55,55,55],"damage_taken":[{"damage":0,"enemies":"Jaw Worm","floor":1,"turns":1},{"damage":0,"enemies":"2 Louse","floor":5,"turns":1},{"damage":0,"enemies":"Gremlin Nob","floor":7,"turns":1},{"damage":2,"enemies":"3 Sentries","floor":10,"turns":6},{"damage":0,"enemies":"Cultist","floor":11,"turns":3},{"damage":0,"enemies":"Large Slime","floor":12,"turns":4},{"damage":0,"enemies":"Red Slaver","floor":14,"turns":2},{"damage":1,"enemies":"Hexaghost","floor":16,"turns":6},{"damage":0,"enemies":"3 Byrds","floor":18,"turns":4},{"damage":0,"enemies":"Shell Parasite","floor":19,"turns":3},{"damage":2,"enemies":"3 Cultists","floor":22,"turns":4},{"damage":3,"enemies":"Centurion and Healer","floor":24,"turns":2},{"damage":0,"enemies":"Gremlin Leader","floor":25,"turns":4},{"damage":9,"enemies":"Sentry and Sphere","floor":28,"turns":4},{"damage":18,"enemies":"Snake Plant","floor":29,"turns":4},{"damage":0,"enemies":"Chosen and Byrds","floor":31,"turns":4},{"damage":26,"enemies":"Champ","floor":33,"turns":7},{"damage":0,"enemies":"3 Shapes","floor":35,"turns":2},{"damage":0,"enemies":"3 Darklings","floor":37,"turns":1},{"damage":22,"enemies":"Nemesis","floor":41,"turns":5},{"damage":3,"enemies":"4 Shapes","floor":44,"turns":4},{"damage":0,"enemies":"Jaw Worm Horde","floor":45,"turns":2},{"damage":0,"enemies":"Transient","floor":46,"turns":5},{"damage":30,"enemies":"Writhing Mass","floor":47,"turns":5},{"damage":0,"enemies":"3 Darklings","floor":48,"turns":2},{"damage":37,"enemies":"Donu and Deca","floor":50,"turns":5},{"damage":62,"enemies":"Shield and Spear","floor":54,"turns":6},{"damage":42,"enemies":"The Heart","floor":55,"turns":2}],"seed_played":"6426044075838882524","potions_obtained":[{"floor":5,"key":"PowerPotion"},{"floor":10,"key":"Block Potion"},{"floor":16,"key":"Poison Potion"},{"floor":33,"key":"BlessingOfTheForge"}],"is_trial":false,"path_per_floor":["M","$","?","?","M","R","E","R","T","E","M","M","R","M","R","B",null,"M","M","$","?","M","R","M","E","T","$","M","M","R","M","R","B",null,"M","$","M","?","?","R","E","R","T","M","M","M","M","M","R","B",null,"R","$","E","B"],"character_chosen":"THE_SILENT","items_purchased":["Poisoned Stab","Blade Dance","Cloak And Dagger","Snake Skull","Deadly Poison","Noxious Fumes","Well Laid Plans"],"campfire_rested":3,"item_purchase_floors":[2,2,20,20,20,36,53],"current_hp_per_floor":[70,70,70,70,70,70,70,70,70,68,68,68,68,70,70,69,70,70,70,70,70,68,68,65,70,70,70,61,48,48,48,48,27,70,70,70,70,60,60,60,43,64,64,61,66,66,36,36,57,25,70,70,70,13,0,0],"gold":48,"neow_bonus":"THREE_ENEMY_KILL","is_daily":false,"chose_seed":false,"campfire_upgraded":7,"win_rate":0.0,"timestamp":1612846014,"path_taken":["M","$","?","?","?","R","E","R","T","E","M","M","R","M","R","BOSS","M","M","$","?","M","R","?","E","T","$","M","?","R","M","R","BOSS","M","$","M","?","?","R","E","R","T","M","M","M","M","?","R","BOSS","R","$","E","BOSS"],"items_purchased_type":["Card","Card","Card","Relic","Card","Card","Card"],"build_version":"2020-12-22","purchased_purges":2,"victory":false,"max_hp_per_floor":[70,70,70,70,70,70,70,70,70,70,70,70,70,70,70,70,70,70,70,70,70,70,70,70,70,70,70,70,70,70,70,70,70,70,70,70,70,70,70,70,70,70,70,70,70,70,70,70,70,70,70,70,70,70,70,70],"relic_stats":{"Happy Flower":[32],"counters":[28,99],"Shuriken":[118],"Snake Skull":[83],"Whetstone":["Glass Knife","Backstab"],"Cursed Key":1,"Boot":[3],"obtain_stats":[{"Anchor":41,"NeowsBlessing":0,"Happy Flower":9,"Shuriken":10,"Snake Skull":20,"Fusion Hammer":34,"Whetstone":25,"Cursed Key":17,"Boot":54,"Toy Ornithopter":7,"Ring of the Snake":0},{"Anchor":20,"NeowsBlessing":0,"Happy Flower":3,"Shuriken":4,"Snake Skull":10,"Fusion Hammer":17,"Whetstone":13,"Cursed Key":8,"Boot":27,"Toy Ornithopter":3,"Ring of the Snake":0},{"Anchor":68,"NeowsBlessing":0,"Happy Flower":3,"Shuriken":9,"Snake Skull":31,"Fusion Hammer":60,"Whetstone":41,"Cursed Key":24,"Boot":97,"Toy Ornithopter":3,"Ring of the Snake":0}],"Toy Ornithopter":52,"Ring of the Snake":[56]},"card_choices":[{"not_picked":["Acrobatics","Finisher"],"picked":"Noxious Fumes","floor":1},{"not_picked":["Quick Slash","Expertise","Backstab"],"picked":"SKIP","floor":5},{"not_picked":["Choke","Dodge and Roll"],"picked":"PiercingWail","floor":7},{"not_picked":["Dagger Throw","Venomology","Quick Slash"],"picked":"SKIP","floor":10},{"not_picked":["Dagger Throw","Quick Slash"],"picked":"Venomology","floor":10},{"not_picked":["Poisoned Stab","Dodge and Roll"],"picked":"Cloak And Dagger","floor":11},{"not_picked":["Slice","Dodge and Roll"],"picked":"Cloak And Dagger","floor":12},{"not_picked":["Slice","Deadly Poison"],"picked":"Backstab","floor":14},{"not_picked":["Doppelganger","Die Die Die"],"picked":"Glass Knife","floor":16},{"not_picked":["Sucker Punch+1","PiercingWail"],"picked":"Blade Dance","floor":18},{"not_picked":["Finisher","Choke"],"picked":"Backflip","floor":19},{"not_picked":["Outmaneuver","Quick Slash+1","Flying Knee"],"picked":"SKIP","floor":22},{"not_picked":["Acrobatics","Cloak And Dagger"],"picked":"Blade Dance","floor":24},{"not_picked":["Sucker Punch","Deflect"],"picked":"Well Laid Plans","floor":25},{"not_picked":["Deflect","Sucker Punch+1","Poisoned Stab"],"picked":"SKIP","floor":28},{"not_picked":["Outmaneuver","Blur"],"picked":"Footwork","floor":29},{"not_picked":["Slice","Well Laid Plans"],"picked":"Blade Dance","floor":31},{"not_picked":["Burst","Tools of the Trade"],"picked":"Corpse Explosion","floor":33},{"not_picked":["Cloak And Dagger","Sucker Punch"],"picked":"Backflip","floor":35},{"not_picked":["Sucker Punch","Cloak And Dagger+1"],"picked":"Calculated Gamble","floor":37},{"not_picked":["Bandage Up","Good Instincts"],"picked":"Flash of Steel","floor":38},{"not_picked":["Bandage Up","Chrysalis"],"picked":"Mayhem","floor":38},{"not_picked":["Bane+1","Prepared+1"],"picked":"PiercingWail","floor":41},{"not_picked":["Backflip","Cloak And Dagger"],"picked":"Bouncing Flask+1","floor":44},{"not_picked":["Acrobatics+1","Quick Slash"],"picked":"Calculated Gamble+1","floor":45},{"not_picked":["Skewer+1","Outmaneuver+1"],"picked":"Escape Plan","floor":46},{"not_picked":["Dagger Spray","PiercingWail+1"],"picked":"Blade Dance+1","floor":47},{"not_picked":["Quick Slash","Glass Knife"],"picked":"PiercingWail+1","floor":48},{"not_picked":["Dash","Reflex"],"picked":"Catalyst+1","floor":54}],"player_experience":40459,"relics_obtained":[{"floor":7,"key":"Toy Ornithopter"},{"floor":9,"key":"Happy Flower"},{"floor":10,"key":"Shuriken"},{"floor":25,"key":"Whetstone"},{"floor":41,"key":"Anchor"},{"floor":54,"key":"Boot"}],"event_choices":[{"damage_healed":0,"gold_gain":0,"player_choice":"Grow","damage_taken":0,"max_hp_gain":0,"max_hp_loss":0,"event_name":"Living Wall","floor":3,"gold_loss":0,"cards_upgraded":["Noxious Fumes"]},{"damage_healed":0,"gold_gain":0,"player_choice":"1 cards matched","damage_taken":0,"max_hp_gain":0,"max_hp_loss":0,"event_name":"Match and Keep!","floor":4,"gold_loss":0,"cards_obtained":["Predator"]},{"damage_healed":0,"gold_gain":0,"cards_transformed":["Strike_G"],"player_choice":"Transformed","damage_taken":0,"max_hp_gain":0,"max_hp_loss":0,"event_name":"Transmorgrifier","floor":21,"gold_loss":0,"cards_obtained":["Corpse Explosion"]},{"damage_healed":0,"gold_gain":0,"player_choice":"Memory 3","damage_taken":10,"max_hp_gain":0,"max_hp_loss":0,"event_name":"SensoryStone","floor":38,"gold_loss":0},{"cards_removed":["Strike_G"],"damage_healed":0,"gold_gain":0,"player_choice":"Removed Attack","damage_taken":0,"max_hp_gain":0,"max_hp_loss":0,"event_name":"Falling","floor":39,"gold_loss":0}],"is_beta":false,"boss_relics":[{"not_picked":["Runic Dome","Black Star"],"picked":"Cursed Key"},{"not_picked":["Busted Crown","Empty Cage"],"picked":"Fusion Hammer"}],"items_purged_floors":[36,53],"is_endless":false,"potions_floor_spawned":[5,10,11,12,16,18,24,29,31,33,35,44,47,48],"killed_by":"The Heart","ascension_level":3}}