{"host":"8f5cu9y0fpol72qs","time":1612837390,"event":{"mods":["AlwaysNeverKeys","BaseMod","Colored Map","Colored Powertips","Curses Come First","Highlight Path","Key Reminder","Minty Spire (QoL Compilation)","StSLib"],"gold_per_floor":[114,126,137,137,212,212,227,227,227,250,283,300,310,328,328,405,405,405,405,405,405],"floor_reached":20,"language":"ENG","playtime":4735,"items_purged":[],"score":326,"play_id":"22a74c15-cd0a-4894-a56f-4dfc40884e34","local_time":"20210208182310","is_ascension_mode":true,"campfire_choices":[{"data":"Deadly Poison","floor":6.0,"key":"SMITH"},{"floor":8.0,"key":"REST"},{"floor":15.0,"key":"REST"}],"circlet_count":0,"master_deck":["AscendersBane","Strike_G","Strike_G","Strike_G","Strike_G","Defend_G","Defend_G","Defend_G","Defend_G","Defend_G","Survivor","Neutralize","Deadly Poison+1","Slice","Cloak And Dagger","Dagger Throw","Poisoned Stab","Wraith Form v2","Noxious Fumes","Well Laid Plans","Crippling Poison","RitualDagger"],"relics":["Ring of the Snake","Orichalcum","Odd Mushroom","Kunai","Ectoplasm"],"acts_visited":["Exordium","TheCity"],"potions_floor_usage":[20,20],"damage_taken":[{"damage":0.0,"enemies":"2 Louse","floor":1.0,"turns":5.0},{"damage":2.0,"enemies":"Jaw Worm","floor":2.0,"turns":6.0},{"damage":8.0,"enemies":"Small Slimes","floor":3.0,"turns":5.0},{"damage":5.0,"enemies":"3 Louse","floor":7.0,"turns":4.0},{"damage":6.0,"enemies":"The Mushroom Lair","floor":10.0,"turns":4.0},{"damage":18.0,"enemies":"3 Sentries","floor":11.0,"turns":8.0},{"damage":9.0,"enemies":"Exordium Wildlife","floor":12.0,"turns":4.0},{"damage":6.0,"enemies":"2 Fungi Beasts","floor":13.0,"turns":3.0},{"damage":1.0,"enemies":"Exordium Thugs","floor":14.0,"turns":5.0},{"damage":18.0,"enemies":"Slime Boss","floor":16.0,"turns":13.0},{"damage":29,"enemies":"3 Byrds","floor":18,"turns":5},{"damage":38,"enemies":"Masked Bandits","floor":20,"turns":3}],"seed_played":"1999572124516084490","potions_obtained":[{"floor":1.0,"key":"AttackPotion"},{"floor":10.0,"key":"Poison Potion"},{"floor":12.0,"key":"DuplicationPotion"},{"floor":14.0,"key":"Swift Potion"},{"floor":16.0,"key":"PowerPotion"},{"floor":18,"key":"Regen Potion"}],"is_trial":false,"path_per_floor":["M","M","M","?","?","R","M","R","T","?","E","M","M","M","R","B",null,"M","?","?"],"character_chosen":"THE_SILENT","items_purchased":[],"campfire_rested":2,"item_purchase_floors":[],"current_hp_per_floor":[65,63,55,48,37,37,32,53,53,47,29,20,14,13,34,16,58,29,23,0,0],"gold":405,"neow_bonus":"TEN_PERCENT_HP_BONUS","is_daily":false,"chose_seed":false,"campfire_upgraded":1,"win_rate":0.0,"timestamp":1612837390,"path_taken":["M","M","M","?","?","R","M","R","T","?","E","M","M","?","R","BOSS","M","?","?"],"items_purchased_type":[],"build_version":"2020-12-22","purchased_purges":0,"victory":false,"max_hp_per_floor":[72,72,72,72,72,72,72,72,72,72,72,72,72,72,72,72,72,72,72,72,72],"card_choices":[{"not_picked":["Escape Plan","Masterful Stab"],"picked":"Deadly Poison","floor":1.0},{"not_picked":["Underhanded Strike","Outmaneuver"],"picked":"Slice","floor":2.0},{"not_picked":["Flying Knee","Prepared"],"picked":"Cloak And Dagger","floor":3.0},{"not_picked":["Dodge and Roll","Blur"],"picked":"Dagger Throw","floor":7.0},{"not_picked":["Flying Knee","Underhanded Strike"],"picked":"Poisoned Stab","floor":10.0},{"not_picked":["Slice","Deadly Poison"],"picked":"Wraith Form v2","floor":11.0},{"not_picked":["Slice","Expertise"],"picked":"Noxious Fumes","floor":12.0},{"not_picked":["Footwork","Backflip"],"picked":"Well Laid Plans","floor":13.0},{"not_picked":["Slice","Prepared"],"picked":"Crippling Poison","floor":14.0},{"not_picked":["Quick Slash","Tactician","Outmaneuver"],"picked":"SKIP","floor":18}],"player_experience":1048589,"relics_obtained":[{"floor":9.0,"key":"Orichalcum"},{"floor":10.0,"key":"Odd Mushroom"},{"floor":11.0,"key":"Kunai"}],"event_choices":[{"cards_removed":["Strike_G"],"damage_healed":0.0,"max_hp_gain":0.0,"max_hp_loss":0.0,"gold_gain":0.0,"event_name":"Golden Wing","player_choice":"Card Removal","floor":4.0,"gold_loss":0.0,"damage_taken":7.0},{"damage_healed":0.0,"max_hp_gain":0.0,"max_hp_loss":0.0,"gold_gain":75.0,"event_name":"World of Goop","player_choice":"Gather Gold","floor":5.0,"gold_loss":0.0,"damage_taken":11.0},{"damage_healed":0.0,"max_hp_gain":0.0,"max_hp_loss":0.0,"gold_gain":0.0,"event_name":"Mushrooms","player_choice":"Fought Mushrooms","floor":10.0,"gold_loss":0.0,"damage_taken":0.0},{"damage_healed":0,"gold_gain":0,"player_choice":"Joined the Cult","damage_taken":6,"max_hp_gain":0,"max_hp_loss":0,"event_name":"Nest","floor":19,"gold_loss":0,"cards_obtained":["RitualDagger"]},{"damage_healed":0,"gold_gain":0,"player_choice":"Fought Bandits","damage_taken":0,"max_hp_gain":0,"max_hp_loss":0,"event_name":"Masked Bandits","floor":20,"gold_loss":0}],"is_beta":false,"boss_relics":[{"not_picked":["WristBlade","Pandora\u0027s Box"],"picked":"Ectoplasm"}],"items_purged_floors":[],"is_endless":false,"potions_floor_spawned":[1,10,12,14,16,18],"killed_by":"Masked Bandits","ascension_level":17}}