{"host":"kh6fvhxn285ncg0o","time":1612852043,"event":{"mods":["Act Like it!","BaseMod","Colored Map","Friendly Minions","Keyboard Shortcuts","Minty Spire (QoL Compilation)","Quick Restart","Relic Stats","StSLib","SuperFastMode","UnlockEverythingMod"],"gold_per_floor":[119,44,44,65,65,98,98,131,131,165,180,220,60,76,76,172,172,196,212,231,244,334,375,393,436,436,470,370,370,404,135,135,225,225,245,264,264,264,287,325,325,364,418,454,475,365,365,407,407,407,407,407,407,74,113,113],"floor_reached":57,"language":"KOR","playtime":1919,"items_purged":["Strike_G","Storm of Steel+1","Defend_G","Bouncing Flask"],"score":3827,"play_id":"e5356092-54de-46a5-a9b9-5d561f2b73f7","local_time":"20210209152723","is_ascension_mode":true,"campfire_choices":[{"data":"Catalyst","floor":7.0,"key":"SMITH"},{"data":"Wraith Form v2","floor":15,"key":"SMITH"},{"data":"Wraith Form v2","floor":29,"key":"SMITH"},{"data":"Catalyst","floor":32,"key":"SMITH"},{"data":"Burst","floor":41,"key":"SMITH"},{"floor":47,"key":"RECALL"},{"data":"Impatience","floor":49,"key":"SMITH"},{"data":"Tactician","floor":53,"key":"SMITH"}],"circlet_count":0,"master_deck":["AscendersBane","Defend_G","Defend_G","Survivor","Catalyst+1","Corpse Explosion+1","PiercingWail","Adrenaline+1","Wraith Form v2+1","Wraith Form v2+1","Escape Plan+1","Bouncing Flask+1","Noxious Fumes","Acrobatics","Tactician+1","Catalyst+1","Prepared+1","Impatience+1","Adrenaline","Footwork+1","Burst+1","Escape Plan+1","Well Laid Plans+1","Escape Plan+1","Calculated Gamble","Master of Strategy"],"relics":["Ring of the Snake","Golden Idol","Prayer Wheel","Art of War","Toy Ornithopter","HornCleat","Astrolabe","Oddly Smooth Stone","Akabeko","Happy Flower","FossilizedHelix","Nunchaku","Membership Card","SlaversCollar","Blood Vial","Strawberry","CeramicFish","PreservedInsect","Eternal Feather","Paper Crane","Centennial Puzzle"],"acts_visited":["Exordium","TheCity","TheBeyond","TheEnding"],"potions_floor_usage":[12,19,21,23,25,27,39,56,56],"damage_taken":[{"damage":0.0,"enemies":"2 Louse","floor":1.0,"turns":3.0},{"damage":7.0,"enemies":"Small Slimes","floor":4.0,"turns":5.0},{"damage":12.0,"enemies":"Lagavulin","floor":6.0,"turns":6.0},{"damage":8.0,"enemies":"Gremlin Nob","floor":8.0,"turns":3.0},{"damage":12.0,"enemies":"3 Sentries","floor":10.0,"turns":4.0},{"damage":0.0,"enemies":"Cultist","floor":11.0,"turns":4.0},{"damage":17,"enemies":"Gremlin Nob","floor":12,"turns":3},{"damage":0,"enemies":"2 Fungi Beasts","floor":14,"turns":2},{"damage":0,"enemies":"The Guardian","floor":16,"turns":6},{"damage":0,"enemies":"Spheric Guardian","floor":18,"turns":2},{"damage":0,"enemies":"Shell Parasite","floor":19,"turns":4},{"damage":0,"enemies":"Snake Plant","floor":20,"turns":2},{"damage":3,"enemies":"Centurion and Healer","floor":21,"turns":5},{"damage":3,"enemies":"Gremlin Leader","floor":23,"turns":6},{"damage":0,"enemies":"Sentry and Sphere","floor":24,"turns":4},{"damage":0,"enemies":"Book of Stabbing","floor":25,"turns":5},{"damage":0,"enemies":"Slavers","floor":27,"turns":4},{"damage":0,"enemies":"Book of Stabbing","floor":30,"turns":5},{"damage":0,"enemies":"Automaton","floor":33,"turns":8},{"damage":0,"enemies":"3 Darklings","floor":35,"turns":4},{"damage":0,"enemies":"Orb Walker","floor":36,"turns":3},{"damage":0,"enemies":"Spire Growth","floor":39,"turns":3},{"damage":0,"enemies":"Nemesis","floor":40,"turns":5},{"damage":0,"enemies":"Giant Head","floor":42,"turns":2},{"damage":0,"enemies":"Reptomancer","floor":44,"turns":3},{"damage":0,"enemies":"Transient","floor":45,"turns":4},{"damage":0,"enemies":"Nemesis","floor":48,"turns":1},{"damage":0,"enemies":"Donu and Deca","floor":50,"turns":4},{"damage":0,"enemies":"Time Eater","floor":51,"turns":5},{"damage":0,"enemies":"Shield and Spear","floor":55,"turns":2},{"damage":0,"enemies":"The Heart","floor":56,"turns":4}],"seed_played":"-7586857461766724262","potions_obtained":[{"floor":4.0,"key":"SmokeBomb"},{"floor":8.0,"key":"Dexterity Potion"},{"floor":11.0,"key":"SkillPotion"},{"floor":14,"key":"GamblersBrew"},{"floor":19,"key":"FearPotion"},{"floor":23,"key":"Dexterity Potion"},{"floor":25,"key":"PowerPotion"},{"floor":35,"key":"SneckoOil"},{"floor":42,"key":"Dexterity Potion"},{"floor":44,"key":"EntropicBrew"}],"is_trial":false,"path_per_floor":["M","?","?","M","?","E","R","E","T","E","M","E","$","M","R","B",null,"M","M","M","M","?","E","M","E","T","E","$","R","E","$","R","B",null,"M","M","?","?","M","E","R","E","T","E","M","?","R","E","R","B","B",null,"R","$","E","B",null],"character_chosen":"THE_SILENT","items_purchased":["Adrenaline","Membership Card","Impatience","Paper Crane","DuplicationPotion","Master of Strategy"],"campfire_rested":0,"item_purchase_floors":[13,31,31,54,54,54],"current_hp_per_floor":[59,59,54,47,47,35,35,27,27,15,15,3,3,3,3,3,41,41,46,46,48,30,32,32,37,37,42,42,42,42,42,42,42,51,51,51,51,51,54,54,54,61,61,61,61,61,61,61,61,61,61,61,61,61,61,61],"gold":113,"neow_bonus":"TRANSFORM_TWO_CARDS","is_daily":false,"chose_seed":false,"campfire_upgraded":7,"win_rate":0.0,"timestamp":1612852043,"path_taken":["M","?","?","M","?","E","R","E","T","E","M","E","$","M","R","BOSS","M","M","M","M","?","E","M","E","T","E","$","R","E","$","R","BOSS","M","?","?","?","?","E","R","E","T","E","M","?","R","E","R","BOSS","BOSS","R","$","E","BOSS"],"items_purchased_type":["Card","Relic","Card","Relic","Potion","Card"],"build_version":"2020-12-22","purchased_purges":4,"victory":true,"max_hp_per_floor":[60,60,54,54,54,54,54,54,54,54,54,54,54,54,54,54,54,54,54,54,54,54,54,54,54,54,54,54,54,54,54,54,54,54,54,54,54,54,54,54,54,61,61,61,61,61,61,61,61,61,61,61,61,61,61,61],"relic_stats":{"Happy Flower":[19],"counters":[31,121],"Golden Idol":239,"Astrolabe":["Storm of Steel","Escape Plan","Bouncing Flask"],"CeramicFish":18,"Eternal Feather":0,"PreservedInsect":127,"Blood Vial":0,"Nunchaku":[0],"Centennial Puzzle":[0],"Prayer Wheel":11,"Art of War":[72],"obtain_stats":[{"Happy Flower":26,"Golden Idol":3,"Astrolabe":17,"CeramicFish":43,"Oddly Smooth Stone":23,"Eternal Feather":48,"PreservedInsect":44,"Paper Crane":54,"Akabeko":25,"Blood Vial":40,"SlaversCollar":34,"Nunchaku":30,"Centennial Puzzle":55,"HornCleat":12,"Strawberry":42,"Prayer Wheel":6,"Art of War":8,"Membership Card":31,"Toy Ornithopter":10,"FossilizedHelix":27,"Ring of the Snake":0},{"Happy Flower":16,"Golden Idol":1,"Astrolabe":9,"CeramicFish":24,"Oddly Smooth Stone":14,"Eternal Feather":27,"PreservedInsect":25,"Paper Crane":29,"Akabeko":16,"Blood Vial":23,"SlaversCollar":19,"Nunchaku":18,"Centennial Puzzle":30,"HornCleat":7,"Strawberry":24,"Prayer Wheel":3,"Art of War":4,"Membership Card":18,"Toy Ornithopter":5,"FossilizedHelix":17,"Ring of the Snake":0},{"Happy Flower":64,"Golden Idol":3,"Astrolabe":36,"CeramicFish":98,"Oddly Smooth Stone":55,"Eternal Feather":106,"PreservedInsect":101,"Paper Crane":115,"Akabeko":64,"Blood Vial":96,"SlaversCollar":81,"Nunchaku":73,"Centennial Puzzle":117,"HornCleat":28,"Strawberry":98,"Prayer Wheel":14,"Art of War":17,"Membership Card":73,"Toy Ornithopter":21,"FossilizedHelix":68,"Ring of the Snake":0}],"Toy Ornithopter":33,"Ring of the Snake":[62]},"card_choices":[{"not_picked":["All Out Attack","Distraction"],"picked":"PiercingWail","floor":4.0},{"not_picked":["Sucker Punch","Dagger Spray","Infinite Blades"],"picked":"SKIP","floor":6.0},{"not_picked":["Envenom","Dagger Throw","Flying Knee"],"picked":"SKIP","floor":8.0},{"not_picked":["Expertise","Accuracy","Storm of Steel"],"picked":"SKIP","floor":10.0},{"not_picked":["Cloak And Dagger","Flying Knee","Poisoned Stab"],"picked":"SKIP","floor":11.0},{"not_picked":["All Out Attack","Dagger Throw","Bane"],"picked":"SKIP","floor":11.0},{"not_picked":["PiercingWail","Dagger Throw"],"picked":"Bouncing Flask","floor":12},{"not_picked":["Slice","Quick Slash"],"picked":"Wraith Form v2","floor":14},{"not_picked":["Poisoned Stab","Concentrate","Outmaneuver"],"picked":"SKIP","floor":14},{"not_picked":["Malaise","Grand Finale"],"picked":"Wraith Form v2","floor":16},{"not_picked":["Expertise","Sucker Punch","Distraction+1"],"picked":"SKIP","floor":18},{"not_picked":["Underhanded Strike","Accuracy+1","Dagger Spray"],"picked":"SKIP","floor":18},{"not_picked":["Eviscerate+1","Poisoned Stab+1","Setup"],"picked":"SKIP","floor":19},{"not_picked":["Reflex","Dash","Storm of Steel"],"picked":"SKIP","floor":19},{"not_picked":["Leg Sweep","Underhanded Strike+1"],"picked":"Noxious Fumes","floor":20},{"not_picked":["Terror","PiercingWail"],"picked":"Acrobatics","floor":20},{"not_picked":["Cloak And Dagger","Infinite Blades"],"picked":"Tactician","floor":21},{"not_picked":["Choke","Heel Hook","Dodge and Roll"],"picked":"SKIP","floor":21},{"not_picked":["Distraction","Dash","Dodge and Roll"],"picked":"SKIP","floor":23},{"not_picked":["Flying Knee","Acrobatics"],"picked":"Catalyst","floor":24},{"not_picked":["Flying Knee","Deadly Poison"],"picked":"Prepared+1","floor":24},{"not_picked":["Envenom","Outmaneuver","Eviscerate"],"picked":"SKIP","floor":25},{"not_picked":["Deflect","Cloak And Dagger","Choke"],"picked":"SKIP","floor":27},{"not_picked":["Phantasmal Killer","Quick Slash","Sucker Punch"],"picked":"SKIP","floor":30},{"not_picked":["Corpse Explosion","Doppelganger"],"picked":"Adrenaline","floor":33},{"not_picked":["Deadly Poison","Quick Slash+1"],"picked":"Footwork+1","floor":35},{"not_picked":["Deflect","PiercingWail","Bouncing Flask"],"picked":"SKIP","floor":35},{"not_picked":["Reflex","Flying Knee+1"],"picked":"Burst","floor":36},{"not_picked":["Outmaneuver+1","Quick Slash","Poisoned Stab"],"picked":"SKIP","floor":36},{"not_picked":["Poisoned Stab","PiercingWail+1"],"picked":"Well Laid Plans+1","floor":39},{"not_picked":["Outmaneuver","Prepared+1","Backflip"],"picked":"SKIP","floor":39},{"not_picked":["Concentrate","Poisoned Stab"],"picked":"Escape Plan+1","floor":40},{"not_picked":["Reflex","Blade Dance","Dagger Spray"],"picked":"SKIP","floor":42},{"not_picked":["Escape Plan","Choke","Expertise"],"picked":"SKIP","floor":44},{"not_picked":["Terror+1","Backflip","Escape Plan"],"picked":"SKIP","floor":45},{"not_picked":["Quick Slash","Tools of the Trade","Flying Knee"],"picked":"SKIP","floor":45},{"not_picked":["Dagger Spray","Underhanded Strike"],"picked":"Calculated Gamble","floor":48},{"not_picked":["Deflect","Calculated Gamble","All Out Attack+1"],"picked":"SKIP","floor":55}],"player_experience":1347401,"relics_obtained":[{"floor":6.0,"key":"Prayer Wheel"},{"floor":8.0,"key":"Art of War"},{"floor":10.0,"key":"Toy Ornithopter"},{"floor":12,"key":"HornCleat"},{"floor":23,"key":"Oddly Smooth Stone"},{"floor":25,"key":"Akabeko"},{"floor":26,"key":"Happy Flower"},{"floor":27,"key":"FossilizedHelix"},{"floor":30,"key":"Nunchaku"},{"floor":40,"key":"Blood Vial"},{"floor":42,"key":"Strawberry"},{"floor":43,"key":"CeramicFish"},{"floor":44,"key":"PreservedInsect"},{"floor":48,"key":"Eternal Feather"},{"floor":55,"key":"Centennial Puzzle"}],"event_choices":[{"cards_removed":["Strike_G"],"damage_healed":0.0,"max_hp_gain":0.0,"max_hp_loss":0.0,"gold_gain":0.0,"event_name":"The Cleric","player_choice":"Card Removal","floor":2.0,"gold_loss":75.0,"damage_taken":0.0},{"damage_healed":0.0,"max_hp_gain":0.0,"max_hp_loss":6.0,"gold_gain":0.0,"event_name":"Golden Idol","player_choice":"Lose Max HP","floor":3.0,"gold_loss":0.0,"damage_taken":0.0,"relics_obtained":["Golden Idol"]},{"damage_healed":0.0,"max_hp_gain":0.0,"max_hp_loss":0.0,"gold_gain":0.0,"event_name":"Living Wall","player_choice":"Grow","floor":5.0,"gold_loss":0.0,"damage_taken":0.0,"cards_upgraded":["Corpse Explosion"]},{"damage_healed":0,"gold_gain":90,"player_choice":"GOLD POTION ","damage_taken":18,"max_hp_gain":0,"max_hp_loss":0,"event_name":"Knowing Skull","floor":22,"potions_obtained":["Strength Potion"],"gold_loss":0,"cards_obtained":[]},{"damage_healed":0,"gold_gain":0,"player_choice":"Ignored","damage_taken":0,"max_hp_gain":0,"max_hp_loss":0,"event_name":"Tomb of Lord Red Mask","floor":37,"gold_loss":0},{"damage_healed":0,"gold_gain":0,"player_choice":"Copied","damage_taken":0,"max_hp_gain":0,"max_hp_loss":0,"event_name":"Duplicator","floor":38,"gold_loss":0,"cards_obtained":["Escape Plan"]},{"cards_removed":["Defend_G"],"damage_healed":0,"gold_gain":0,"player_choice":"Upgrade and Remove","damage_taken":0,"max_hp_gain":0,"max_hp_loss":0,"event_name":"Designer","floor":46,"gold_loss":110,"cards_upgraded":["Adrenaline"]}],"is_beta":false,"boss_relics":[{"not_picked":["Fusion Hammer","Busted Crown"],"picked":"Astrolabe"},{"not_picked":["Cursed Key","Velvet Choker"],"picked":"SlaversCollar"}],"items_purged_floors":[13,28,31,54],"is_endless":false,"potions_floor_spawned":[4,8,11,14,19,20,23,25,35,42,44,55],"ascension_level":20}}