{"host":"kpyoctgc7jne3jiy","time":1612913283,"event":{"mods":["AchievementEnabler","BaseMod","Minty Spire (QoL Compilation)","Relic Stats"],"gold_per_floor":[109,184,199,199,199,232,248,248,248,48,62,90,90,90,90,194,194,212,231,231,231,246,246,281,281,281,305,334,346,346],"floor_reached":29,"language":"ENG","playtime":1517,"items_purged":[],"score":380,"play_id":"77832574-a24c-4c55-b9fb-517d323a1261","local_time":"20210210002803","is_ascension_mode":true,"campfire_choices":[{"data":"Bouncing Flask","floor":8,"key":"SMITH"},{"floor":13,"key":"REST"},{"data":"Backflip","floor":15,"key":"SMITH"},{"data":"Die Die Die","floor":23,"key":"SMITH"},{"data":"Strike_G","floor":25,"key":"PURGE"}],"circlet_count":0,"master_deck":["AscendersBane","Strike_G","Strike_G","Strike_G","Defend_G","Defend_G","Defend_G","Defend_G","Defend_G","Survivor","Neutralize","Backflip+1","Blade Dance","Endless Agony","Night Terror","Bouncing Flask+1","Flying Knee","Cloak And Dagger","PiercingWail","Die Die Die+1","Bane","Escape Plan+1","Decay","Flying Knee+1","After Image","Doubt","Acrobatics","Footwork"],"relics":["Runic Dome","Meat on the Bone","Regal Pillow","Peace Pipe","TheAbacus","Du-Vu Doll","Cursed Key","Bottled Lightning","MawBank"],"acts_visited":["Exordium","TheCity"],"potions_floor_usage":[24],"damage_taken":[{"damage":0,"enemies":"2 Louse","floor":1,"turns":3},{"damage":0,"enemies":"Small Slimes","floor":3,"turns":6},{"damage":35,"enemies":"3 Sentries","floor":6,"turns":11},{"damage":2,"enemies":"Jaw Worm","floor":7,"turns":4},{"damage":0,"enemies":"Looter","floor":11,"turns":2},{"damage":23,"enemies":"Gremlin Nob","floor":12,"turns":4},{"damage":4,"enemies":"The Guardian","floor":16,"turns":11},{"damage":11,"enemies":"Spheric Guardian","floor":18,"turns":3},{"damage":3,"enemies":"Chosen","floor":19,"turns":3},{"damage":8,"enemies":"Snecko","floor":22,"turns":4},{"damage":13,"enemies":"Slavers","floor":24,"turns":3},{"damage":13,"enemies":"Centurion and Healer","floor":27,"turns":8},{"damage":7,"enemies":"3 Cultists","floor":28,"turns":4},{"damage":43,"enemies":"Cultist and Chosen","floor":29,"turns":6}],"seed_played":"7532687141714853799","potions_obtained":[{"floor":6,"key":"ColorlessPotion"},{"floor":12,"key":"SteroidPotion"},{"floor":16,"key":"AttackPotion"},{"floor":24,"key":"Strength Potion"},{"floor":28,"key":"DistilledChaos"}],"is_trial":false,"path_per_floor":["M","?","M","?","?","E","M","R","T","$","M","E","R","$","R","B",null,"M","M","?","?","M","R","E","R","T","M","M","M"],"character_chosen":"THE_SILENT","items_purchased":["TheAbacus","Flying Knee"],"campfire_rested":1,"item_purchase_floors":[10,10],"current_hp_per_floor":[63,52,52,52,40,17,27,27,27,27,39,28,64,64,64,60,68,57,54,54,54,46,46,45,45,45,44,37,0,0],"gold":346,"neow_bonus":"BOSS_RELIC","is_daily":false,"chose_seed":false,"campfire_upgraded":3,"win_rate":0.0,"timestamp":1612913283,"path_taken":["M","?","M","?","?","E","M","R","T","$","M","E","R","$","R","BOSS","M","M","?","?","M","R","E","R","T","?","M","M"],"items_purchased_type":["Relic","Card"],"build_version":"2020-12-22","purchased_purges":0,"victory":false,"max_hp_per_floor":[70,70,70,70,70,70,70,70,70,70,70,70,70,70,70,70,70,70,70,70,70,70,70,70,70,70,70,70,70,70],"relic_stats":{"Peace Pipe":1,"Regal Pillow":15,"TheAbacus":[30],"counters":[14,72],"Cursed Key":1,"MawBank":36,"obtain_stats":[{"Peace Pipe":9,"Du-Vu Doll":12,"Runic Dome":0,"Regal Pillow":6,"TheAbacus":10,"Bottled Lightning":24,"Cursed Key":17,"MawBank":26,"Ring of the Snake":0,"Meat on the Bone":5},{"Peace Pipe":4,"Du-Vu Doll":6,"Runic Dome":0,"Regal Pillow":3,"TheAbacus":4,"Bottled Lightning":11,"Cursed Key":7,"MawBank":11,"Ring of the Snake":0,"Meat on the Bone":2},{"Peace Pipe":24,"Du-Vu Doll":30,"Runic Dome":0,"Regal Pillow":20,"TheAbacus":24,"Bottled Lightning":54,"Cursed Key":41,"MawBank":54,"Ring of the Snake":0,"Meat on the Bone":9}],"Meat on the Bone":72},"card_choices":[{"not_picked":["Poisoned Stab","Heel Hook"],"picked":"Backflip","floor":1},{"not_picked":["Skewer","Bane"],"picked":"Blade Dance","floor":3},{"not_picked":["Burst","Slice"],"picked":"Night Terror","floor":6},{"not_picked":["Eviscerate","Endless Agony"],"picked":"Bouncing Flask","floor":7},{"not_picked":["Dagger Spray","Eviscerate"],"picked":"Cloak And Dagger","floor":11},{"not_picked":["Envenom","Blade Dance"],"picked":"PiercingWail","floor":12},{"not_picked":["A Thousand Cuts","Bullet Time"],"picked":"Die Die Die","floor":16},{"not_picked":["Quick Slash","Prepared+1"],"picked":"Bane","floor":18},{"not_picked":["Backflip","Bane"],"picked":"Escape Plan+1","floor":19},{"not_picked":["Underhanded Strike","Quick Slash"],"picked":"Flying Knee+1","floor":22},{"not_picked":["Reflex","Choke"],"picked":"After Image","floor":24},{"not_picked":["Expertise","PiercingWail"],"picked":"Acrobatics","floor":27},{"not_picked":["Catalyst","Infinite Blades"],"picked":"Footwork","floor":28}],"player_experience":350708,"relics_obtained":[{"floor":6,"key":"Regal Pillow"},{"floor":9,"key":"Peace Pipe"},{"floor":12,"key":"Du-Vu Doll"},{"floor":24,"key":"Bottled Lightning"},{"floor":26,"key":"MawBank"}],"event_choices":[{"damage_healed":0,"gold_gain":75,"player_choice":"Gather Gold","damage_taken":11,"max_hp_gain":0,"max_hp_loss":0,"event_name":"World of Goop","floor":2,"gold_loss":0},{"damage_healed":0,"gold_gain":0,"cards_transformed":["Strike_G"],"player_choice":"Change","damage_taken":0,"max_hp_gain":0,"max_hp_loss":0,"event_name":"Living Wall","floor":4,"gold_loss":0,"cards_obtained":["Endless Agony"]},{"damage_healed":0,"gold_gain":0,"player_choice":"Success","damage_taken":12,"relics_obtained":["Meat on the Bone"],"max_hp_gain":0,"max_hp_loss":0,"event_name":"Scrap Ooze","floor":5,"gold_loss":0},{"damage_healed":0,"gold_gain":0,"player_choice":"Ignored","damage_taken":0,"max_hp_gain":0,"max_hp_loss":0,"event_name":"Ghosts","floor":20,"gold_loss":0},{"damage_healed":0,"gold_gain":0,"player_choice":"Cursed","damage_taken":0,"max_hp_gain":0,"max_hp_loss":0,"event_name":"Wheel of Change","floor":21,"gold_loss":0,"cards_obtained":["Decay"]}],"is_beta":false,"boss_relics":[{"not_picked":["Tiny House","Sozu"],"picked":"Cursed Key"}],"items_purged_floors":[],"is_endless":false,"potions_floor_spawned":[6,12,16,24,27,28],"killed_by":"Cultist and Chosen","ascension_level":10}}