{"host":"tpad8qsc9e0g0pa5","time":1612871750,"event":{"mods":["BaseMod","Minty Spire (QoL Compilation)","Quick Restart","StSLib","The Bug Knight"],"gold_per_floor":[113,38,113,131,131,131,160,160,160,176,187,215,215,225,225,225,225],"floor_reached":16,"language":"ZHS","playtime":1809,"items_purged":["HollowMod:QuickDashStart"],"score":155,"play_id":"0d2aed53-d350-4fef-9176-18e206010a4c","local_time":"20210209195550","is_ascension_mode":true,"campfire_choices":[{"data":"HollowMod:ShadowDash","floor":6.0,"key":"SMITH"},{"data":"HollowMod:CrystalDash","floor":8.0,"key":"SMITH"},{"data":"HollowMod:ShadowDash","floor":13,"key":"SMITH"},{"data":"HollowMod:MonarchWings","floor":15,"key":"SMITH"}],"circlet_count":0,"master_deck":["HollowMod:NailStrikeStart+1","HollowMod:NailStrikeStart","HollowMod:NailStrikeStart","HollowMod:NailStrikeStart","HollowMod:QuickDashStart","HollowMod:QuickDashStart","HollowMod:QuickDashStart","HollowMod:FocusHealStart","HollowMod:PogoStrike+1","HollowMod:ShadowDash+1","HollowMod:MonarchWings+1","HollowMod:CrystalDash+1","HollowMod:SiblingsSouls","HollowMod:ShadowDash+1","HollowMod:SiblingsShadow"],"relics":["HollowMod:VesselMask","NeowsBlessing","Eternal Feather","Torii","Lantern"],"acts_visited":["Exordium"],"potions_floor_usage":[12],"damage_taken":[{"damage":0.0,"enemies":"2 Louse","floor":1.0,"turns":1.0},{"damage":0.0,"enemies":"Small Slimes","floor":4.0,"turns":1.0},{"damage":0.0,"enemies":"3 Sentries","floor":7.0,"turns":1.0},{"damage":0.0,"enemies":"Jaw Worm","floor":10.0,"turns":3.0},{"damage":0.0,"enemies":"2 Fungi Beasts","floor":11.0,"turns":4.0},{"damage":16,"enemies":"Lagavulin","floor":12,"turns":8},{"damage":0,"enemies":"Large Slime","floor":14,"turns":6},{"damage":28,"enemies":"HollowMod:FalseKnight","floor":16,"turns":10}],"seed_played":"8985256538259860790","potions_obtained":[{"floor":7.0,"key":"SmokeBomb"},{"floor":10.0,"key":"Fire Potion"},{"floor":11.0,"key":"Dexterity Potion"}],"is_trial":false,"path_per_floor":["M","$","?","M","?","R","E","R","T","M","M","E","R","M","R","B"],"character_chosen":"THE_BUGKNIGHT","items_purchased":[],"campfire_rested":0,"item_purchase_floors":[],"current_hp_per_floor":[75,75,64,64,49,49,49,55,55,55,55,45,51,57,66,38,38],"gold":225,"neow_bonus":"THREE_ENEMY_KILL","is_daily":false,"chose_seed":false,"campfire_upgraded":4,"win_rate":0.0,"timestamp":1612871750,"path_taken":["M","$","?","M","?","R","E","R","T","M","M","E","R","M","R","BOSS"],"items_purchased_type":[],"build_version":"2020-12-22","purchased_purges":1,"victory":false,"max_hp_per_floor":[75,75,75,75,75,75,75,75,75,75,75,75,75,75,75,75,75],"card_choices":[{"not_picked":["HollowMod:SharpenedNail","HollowMod:HeavyBlow"],"picked":"HollowMod:ShadowDash","floor":1.0},{"not_picked":["HollowMod:MonomonsArchive","HollowMod:CornifersMapStart"],"picked":"HollowMod:MonarchWings","floor":4.0},{"not_picked":["HollowMod:NewInfectedGuardian","HollowMod:MonomonsArchive"],"picked":"HollowMod:CrystalDash","floor":7.0},{"not_picked":["HollowMod:GrimmsGift","HollowMod:InfectedCysts"],"picked":"HollowMod:SiblingsSouls","floor":10.0},{"not_picked":["HollowMod:CloakDash","HollowMod:NewLittleFool"],"picked":"HollowMod:ShadowDash","floor":11.0},{"not_picked":["HollowMod:MantisMark","HollowMod:SoulShaman","HollowMod:NewJinnsSoul"],"picked":"SKIP","floor":12},{"not_picked":["HollowMod:SoulEater","HollowMod:ShadowDash"],"picked":"HollowMod:SiblingsShadow","floor":14}],"player_experience":313778,"relics_obtained":[{"floor":7.0,"key":"Eternal Feather"},{"floor":9.0,"key":"Torii"},{"floor":12,"key":"Lantern"}],"event_choices":[{"damage_healed":0.0,"max_hp_gain":0.0,"max_hp_loss":0.0,"gold_gain":75.0,"event_name":"World of Goop","player_choice":"Gather Gold","floor":3.0,"gold_loss":0.0,"damage_taken":11.0},{"damage_healed":0.0,"max_hp_gain":0.0,"max_hp_loss":0.0,"gold_gain":0.0,"event_name":"Shining Light","player_choice":"Entered Light","floor":5.0,"gold_loss":0.0,"damage_taken":15.0,"cards_upgraded":["HollowMod:NailStrikeStart","HollowMod:PogoStrike"]}],"is_beta":false,"boss_relics":[],"items_purged_floors":[2],"is_endless":false,"potions_floor_spawned":[7,10,11],"killed_by":"HollowMod:FalseKnight","ascension_level":3}}