{"host":"farxtl2u8hmkbdo2","time":1612829451,"event":{"mods":["A Magickal Journey","BaseMod","Better Altar","Better Note","Better Sensory Stone","Better Skull","Better Third Choice","Challenge The Spire","Colored Map","Colored Powertips","Current Relic Mod","Downfall","Energized Spire","Fox Events","Gremlin Mod","Hermit","Hubris","Mimic Mod","Minty Spire (QoL Compilation)","Quick Restart","READ ME - Guardian Mod","Rare Cards Sparkle","StSLib","The Bladedancer","The Bug Knight","The Cursed","The Disciple","The Hierophant","The Marked","The Necromancer","The Runesmith","Transform Curses"],"gold_per_floor":[99,115,125,125,125,31,66,96,96,129,139,165,265,328,345,441,441,441,460,477,477,488,501,501,526,561,661,1,1,36,11,24,119,69,69,80,43,59,76,40,119,153,153,153,167,167,167,167,167],"floor_reached":47,"language":"SPA","playtime":4433,"items_purged":["Normality","Shame"],"score":714,"play_id":"f4c361e3-85ec-4b60-8096-b60c378a4190","local_time":"20210208211051","is_ascension_mode":true,"campfire_choices":[{"data":"Slimebound:Split","floor":1,"key":"SMITH"},{"floor":18,"key":"RECALL"},{"floor":29,"key":"REST"},{"data":"Slimebound:GrowthPunch","floor":35,"key":"SMITH"},{"data":"expansioncontent:PolyBeam","floor":44,"key":"SMITH"},{"data":"Slimebound:Gluttony","floor":46,"key":"SMITH"}],"circlet_count":0,"master_deck":["Slimebound:Strike_Slimebound","Slimebound:Strike_Slimebound","Slimebound:Tackle","Slimebound:Defend_Slimebound","Slimebound:Split+1","Slimebound:CorrosiveSpit+1","Slimebound:Schlurp","Slimebound:Prepare","Slimebound:LivingWall","Slimebound:GrowthPunch+1","Slimebound:Prepare","Slimebound:Gluttony+1","Slimebound:Teamwork","Slimebound:Chomp","Slimebound:SlimeSpikes","CurseOfTheBell","CurseOfTheBell","Slimebound:OozeBath","TheCursedMod:Dregs","Slimebound:ViciousTackle","Slimebound:RejuvenatingLick","Slimebound:PrepareCrush","Slimebound:Dissolve","Slimebound:SlimeBarrage+1","Slimebound:HauntingLick","Slimebound:Prepare+1","Slimebound:LeadByExample","Slimebound:PressTheAttack+1","Slimebound:AcidTongue+1","Slimebound:Grow","Slimebound:BestDefense","J.A.X.","Slimebound:LevelUp","Slimebound:Repurpose","Slimebound:LivingWall","Slimebound:Nibble","Enlightenment","Slimebound:LeadByExample+1","Slimebound:ComboTackle+1","Slimebound:LeechLife","Slimebound:Strike_Slimebound","Slimebound:LeechLife","Slimebound:Schlurp+1","Slimebound:RainOfGoop","Slimebound:SplitAcid+1","Slimebound:ForwardTackle+1","Slimebound:RejuvenatingLick","Slimebound:SlimeSpikes+1","expansioncontent:PolyBeam+1","expansioncontent:Chronoboost","expansioncontent:HyperBeam","Slimebound:MegaLick+1"],"relics":["Slimebound:AbsorbEndCombat","hubris:SlimyHat","hubris:Towel","Happy Flower","Toy Ornithopter","Gremlin Horn","hubris:GlazedTorus","Bronze Scales","downfall:ExtraCursedBell","Anchor","HollowMod:LifeEnderRelic","hubris:CuriousFeather","hubris:MysteriousPyramids","bronze:MakeshiftBattery","Pantograph","Nunchaku","Red Mask","MutagenicStrength","Slimebound:SelfDamagePreventRelic","hubris:TenFootPole","Centennial Puzzle","hubris:SphereOfDissonance","energizedSpire:HugeHouse","Mummified Hand","Slimebound:AggressiveSlimeRelic"],"acts_visited":["Exordium","TheCity","TheBeyond"],"potions_floor_usage":[10,16,25,25,25,28,31],"damage_taken":[{"damage":4,"enemies":"Cultist","floor":2,"turns":3},{"damage":3,"enemies":"Jaw Worm","floor":3,"turns":3},{"damage":3,"enemies":"downfall:FleeingMerchant","floor":6,"turns":4},{"damage":0,"enemies":"2 Louse","floor":7,"turns":7},{"damage":8,"enemies":"Lagavulin","floor":8,"turns":8},{"damage":2,"enemies":"3 Sentries","floor":10,"turns":8},{"damage":0,"enemies":"2 Louse","floor":11,"turns":2},{"damage":10,"enemies":"Lagavulin","floor":12,"turns":6},{"damage":26,"enemies":"Gremlin Nob","floor":14,"turns":5},{"damage":5,"enemies":"Exordium Wildlife","floor":15,"turns":4},{"damage":10,"enemies":"WA_ARCHETYPE_RETAIN","floor":16,"turns":5},{"damage":0,"enemies":"Chosen","floor":19,"turns":4},{"damage":3,"enemies":"Spheric Guardian","floor":20,"turns":3},{"damage":1,"enemies":"Chosen and Byrds","floor":22,"turns":3},{"damage":27,"enemies":"Snecko","floor":23,"turns":6},{"damage":15,"enemies":"HollowMod:Nosk","floor":25,"turns":6},{"damage":17,"enemies":"Masked Bandits","floor":26,"turns":4},{"damage":14,"enemies":"downfall:Augmenter","floor":27,"turns":4},{"damage":15,"enemies":"downfall:FleeingMerchant","floor":28,"turns":4},{"damage":21,"enemies":"Book of Stabbing","floor":30,"turns":4},{"damage":4,"enemies":"downfall:FleeingMerchant","floor":31,"turns":3},{"damage":0,"enemies":"Centurion and Healer","floor":32,"turns":4},{"damage":73,"enemies":"IC_MUSHROOM_ARCHETYPE","floor":33,"turns":7},{"damage":7,"enemies":"Orb Walker","floor":36,"turns":3},{"damage":0,"enemies":"3 Shapes","floor":38,"turns":3},{"damage":19,"enemies":"Writhing Mass","floor":39,"turns":3},{"damage":3,"enemies":"HollowMod:StalkingDevout","floor":42,"turns":3},{"damage":3,"enemies":"Spire Growth","floor":45,"turns":3},{"damage":71,"enemies":"Reptomancer","floor":47,"turns":2}],"seed_played":"-6590855437732037818","potions_obtained":[{"floor":3,"key":"AttackPotion"},{"floor":8,"key":"AttackPotion"},{"floor":11,"key":"Dexterity Potion"},{"floor":15,"key":"sneckomod:MuddlingPotion"},{"floor":16,"key":"Slimebound:SlimedPotion"},{"floor":22,"key":"PowerPotion"},{"floor":23,"key":"ColorlessPotion"},{"floor":27,"key":"FearPotion"},{"floor":30,"key":"Slimebound:SlimedPotion"},{"floor":33,"key":"Slimebound:SpawnSlimePotion"},{"floor":42,"key":"PowerPotion"}],"is_trial":false,"path_per_floor":["R","M","M","?","?","$","MIM","E","?","E","M","E","?","?","M","B",null,"R","M","M","?","M","M","T","E","?","?","$","R","E","$","M","B",null,"R","M","$","M","M","$","T","E","?","R","M","R","E"],"character_chosen":"SLIMEBOUND","items_purchased":["Slimebound:GrowthPunch","Slimebound:Repurpose","Slimebound:SelfDamagePreventRelic","hubris:TenFootPole","Slimebound:LivingWall","Slimebound:Nibble","Enlightenment","hubris:SphereOfDissonance","Slimebound:RainOfGoop","Slimebound:RejuvenatingLick"],"campfire_rested":1,"item_purchase_floors":[6,28,28,28,28,28,28,31,37,40],"current_hp_per_floor":[65,63,64,64,64,65,65,61,61,65,65,61,66,48,47,50,70,70,70,70,70,70,45,45,53,42,36,34,55,40,47,53,1,65,65,60,60,65,50,50,50,55,50,50,65,65,0,0,0],"gold":167,"neow_bonus":"RANDOM_COMMON_RELIC","is_daily":false,"chose_seed":false,"campfire_upgraded":4,"win_rate":0.0,"timestamp":1612829451,"path_taken":["R","M","M","?","?","$","MIM","E","?","E","?","E","?","?","M","BOSS","R","M","M","?","M","?","T","E","?","?","?","R","E","?","M","BOSS","R","M","$","M","M","?","T","E","?","R","M","R","E"],"items_purchased_type":["Card","Card","Relic","Relic","Card","Card","Card","Relic","Card","Card"],"build_version":"2020-12-22","purchased_purges":2,"victory":false,"max_hp_per_floor":[65,65,65,65,65,65,65,65,65,65,65,65,70,70,70,70,70,70,70,70,70,70,70,70,70,70,70,70,70,70,70,70,70,65,65,65,65,65,65,65,65,65,65,65,65,65,65,65,65],"card_choices":[{"not_picked":["Slimebound:FinishingTackle","Slimebound:SlimeBrawl"],"picked":"Slimebound:Schlurp","floor":2},{"not_picked":["Slimebound:LeechEnergy","Slimebound:GoopSpray"],"picked":"Slimebound:Prepare","floor":3},{"not_picked":["Slimebound:HauntingLick","Slimebound:SplitMire"],"picked":"Slimebound:LivingWall","floor":6},{"not_picked":["Slimebound:SamplingLick","Slimebound:GoopTackle"],"picked":"Slimebound:Prepare","floor":7},{"not_picked":["Slimebound:GoopSpray","Slimebound:Dissolve"],"picked":"Slimebound:Gluttony","floor":8},{"not_picked":["Slimebound:SplitBruiser","Slimebound:PressTheAttack"],"picked":"Slimebound:Teamwork","floor":10},{"not_picked":["Slimebound:FinishingTackle","Slimebound:RollThrough"],"picked":"Slimebound:Chomp","floor":11},{"not_picked":["Slimebound:FinishingTackle","Slimebound:SlimeBrawl"],"picked":"Slimebound:SlimeSpikes","floor":12},{"not_picked":["Slimebound:SplitBruiser","Slimebound:BestDefense"],"picked":"Slimebound:ViciousTackle","floor":14},{"not_picked":["Slimebound:LivingWall","Slimebound:RollThrough"],"picked":"Slimebound:RejuvenatingLick","floor":15},{"not_picked":["Slimebound:Overexert","Slimebound:MassFeed"],"picked":"Slimebound:PrepareCrush","floor":16},{"not_picked":["Slimebound:SplitBruiser","Slimebound:SplitMire"],"picked":"Slimebound:Dissolve","floor":19},{"not_picked":["Slimebound:Dissolve","Slimebound:SplitAcid"],"picked":"Slimebound:SlimeBarrage+1","floor":20},{"not_picked":["Slimebound:SplitMire","Slimebound:Dissolve"],"picked":"Slimebound:HauntingLick","floor":22},{"not_picked":["Slimebound:GoopTackle","Slimebound:SlimeTap"],"picked":"Slimebound:Prepare+1","floor":23},{"not_picked":["Slimebound:Nibble","Slimebound:PressTheAttack"],"picked":"Slimebound:LeadByExample","floor":25},{"not_picked":["Slimebound:Grow","Slimebound:Prepare"],"picked":"Slimebound:PressTheAttack+1","floor":26},{"not_picked":["Slimebound:DuplicatedForm","Slimebound:SplitBruiser"],"picked":"Slimebound:AcidTongue+1","floor":27},{"not_picked":[],"picked":"J.A.X.","floor":27},{"not_picked":["Slimebound:LeechingTouch","Slimebound:SlimeBrawl"],"picked":"Slimebound:LevelUp","floor":28},{"not_picked":["Slimebound:DisruptingSlam","Slimebound:ProtectTheBoss"],"picked":"Slimebound:LevelUp+1","floor":30},{"not_picked":["Slimebound:TongueLash","Slimebound:RejuvenatingLick"],"picked":"Slimebound:LeadByExample+1","floor":31},{"not_picked":["Slimebound:SlimeSpikes","Slimebound:DuplicatedForm"],"picked":"Slimebound:ComboTackle+1","floor":32},{"not_picked":["Slimebound:OozeBath","Slimebound:DouseInSlime"],"picked":"Slimebound:LeechLife","floor":33},{"not_picked":["Slimebound:LeechingTouch","Slimebound:Teamwork"],"picked":"Slimebound:Schlurp+1","floor":36},{"not_picked":["Slimebound:Nibble","Slimebound:FlameTackle+1"],"picked":"Slimebound:SplitAcid+1","floor":38},{"not_picked":["Slimebound:GoopSpray","Slimebound:SplitBruiser+1"],"picked":"Slimebound:ForwardTackle+1","floor":39},{"not_picked":["Slimebound:FinishingTackle+1","Slimebound:SplitMire+1"],"picked":"Slimebound:SlimeSpikes+1","floor":42},{"not_picked":["expansioncontent:AwakenDeath","expansioncontent:InvincibleStrength"],"picked":"expansioncontent:PolyBeam","floor":43},{"not_picked":["expansioncontent:PolyBeam","expansioncontent:YouAreMine"],"picked":"expansioncontent:Chronoboost","floor":43},{"not_picked":["expansioncontent:Chronoboost","expansioncontent:InvincibleStrength"],"picked":"expansioncontent:HyperBeam","floor":43},{"not_picked":["Slimebound:SelfFormingGoo","Slimebound:Schlurp"],"picked":"Slimebound:MegaLick+1","floor":45}],"player_experience":2031395,"relics_obtained":[{"floor":7,"key":"Happy Flower"},{"floor":7,"key":"Toy Ornithopter"},{"floor":8,"key":"Gremlin Horn"},{"floor":10,"key":"hubris:GlazedTorus"},{"floor":12,"key":"Bronze Scales"},{"floor":13,"key":"Anchor"},{"floor":13,"key":"HollowMod:LifeEnderRelic"},{"floor":13,"key":"hubris:CuriousFeather"},{"floor":24,"key":"Pantograph"},{"floor":25,"key":"Nunchaku"},{"floor":26,"key":"Red Mask"},{"floor":27,"key":"MutagenicStrength"},{"floor":30,"key":"Centennial Puzzle"},{"floor":41,"key":"Mummified Hand"},{"floor":42,"key":"Slimebound:AggressiveSlimeRelic"}],"event_choices":[{"cards_removed":["Slimebound:Defend_Slimebound"],"damage_healed":0,"gold_gain":0,"player_choice":"Card Removal","damage_taken":0,"max_hp_gain":0,"max_hp_loss":0,"event_name":"The Cleric","floor":9,"gold_loss":0},{"damage_healed":0,"gold_gain":0,"player_choice":"Fought Bandits","damage_taken":0,"max_hp_gain":0,"max_hp_loss":0,"event_name":"Masked Bandits","floor":26,"gold_loss":0}],"is_beta":false,"boss_relics":[{"not_picked":["Cursed Key","energizedSpire:NeverEndingSparkler"],"picked":"bronze:MakeshiftBattery"},{"not_picked":["energizedSpire:SpiderWeb","Slimebound:AbsorbEndCombatUpgraded"],"picked":"energizedSpire:HugeHouse"}],"items_purged_floors":[28,31],"is_endless":false,"potions_floor_spawned":[3,8,11,15,16,22,23,27,30,33,42],"killed_by":"Reptomancer","ascension_level":1}}