{"host":"eft627g0ddukeijo","time":1612895599,"event":{"mods":["AchievementEnabler","BaseMod","Bestiary","Better Note","Block Reminder","Colored Powertips","Highlight Path","Minty Spire (QoL Compilation)","Permanent Neow","Rare Cards Sparkle","Relic Stats","StSLib","Weighted Paths"],"gold_per_floor":[111,43,43,43,60,60,73,88,88,100,130,164,194,223,235,346,358,380,392,419,445,457,457],"floor_reached":22,"language":"ENG","playtime":756,"items_purged":[],"score":261,"play_id":"fb8befee-f66b-4574-afdb-57fe7330a257","local_time":"20210210033319","is_ascension_mode":true,"campfire_choices":[{"floor":6.0,"key":"RECALL"},{"data":"Heavy Blade","floor":10.0,"key":"SMITH"},{"data":"Inflame","floor":15,"key":"SMITH"}],"circlet_count":0,"master_deck":["Strike_R","Strike_R","Strike_R","Strike_R","Strike_R","Defend_R","Defend_R","Defend_R","Defend_R","Bash","Cleave","Inflame+1","Heavy Blade+1","Iron Wave","Disarm","Offering","Dropkick","Shrug It Off","Feed","Seeing Red+1","Headbutt+1","Disarm"],"relics":["Burning Blood","Ancient Tea Set","MawBank","Odd Mushroom","Philosopher\u0027s Stone"],"acts_visited":["Exordium","TheCity"],"potions_floor_usage":[18,18,18],"damage_taken":[{"damage":12.0,"enemies":"Jaw Worm","floor":1.0,"turns":2.0},{"damage":10.0,"enemies":"Small Slimes","floor":5.0,"turns":3.0},{"damage":0.0,"enemies":"Cultist","floor":7.0,"turns":2.0},{"damage":15.0,"enemies":"Large Slime","floor":8.0,"turns":5.0},{"damage":12.0,"enemies":"Red Slaver","floor":11.0,"turns":3.0},{"damage":6.0,"enemies":"The Mushroom Lair","floor":12.0,"turns":2.0},{"damage":6.0,"enemies":"Exordium Wildlife","floor":13.0,"turns":2.0},{"damage":6.0,"enemies":"3 Louse","floor":14.0,"turns":2.0},{"damage":46,"enemies":"Hexaghost","floor":16,"turns":11},{"damage":13,"enemies":"3 Byrds","floor":18,"turns":5},{"damage":34,"enemies":"Spheric Guardian","floor":20,"turns":5},{"damage":38,"enemies":"Shelled Parasite and Fungi","floor":21,"turns":7},{"damage":15,"enemies":"Centurion and Healer","floor":22,"turns":4}],"seed_played":"-328233740412451743","potions_obtained":[{"floor":7.0,"key":"Fire Potion"},{"floor":8.0,"key":"Fire Potion"},{"floor":13.0,"key":"Energy Potion"},{"floor":14.0,"key":"EssenceOfSteel"},{"floor":16,"key":"Regen Potion"}],"is_trial":false,"path_per_floor":["M","$","?","$","M","R","M","M","T","R","M","?","M","M","R","B",null,"M","?","M","M","M"],"character_chosen":"IRONCLAD","items_purchased":["Inflame"],"campfire_rested":0,"item_purchase_floors":[2],"current_hp_per_floor":[66,66,66,66,62,62,68,59,59,59,53,53,53,53,53,13,63,71,71,43,14,0,0],"gold":457,"neow_bonus":"RANDOM_COMMON_RELIC","is_daily":false,"chose_seed":false,"campfire_upgraded":2,"win_rate":0.0,"timestamp":1612895599,"path_taken":["M","$","?","?","M","R","M","M","T","R","M","?","M","M","R","BOSS","M","?","M","M","M"],"items_purchased_type":["Card"],"build_version":"2020-12-22","purchased_purges":0,"victory":false,"max_hp_per_floor":[80,80,80,80,80,80,80,80,80,80,80,80,80,80,80,80,80,83,83,83,86,86,86],"relic_stats":{"counters":[13,53],"MawBank":156,"obtain_stats":[{"Philosopher\u0027s Stone":17,"Odd Mushroom":12,"Ancient Tea Set":0,"MawBank":9,"Burning Blood":0},{"Philosopher\u0027s Stone":9,"Odd Mushroom":6,"Ancient Tea Set":0,"MawBank":4,"Burning Blood":0},{"Philosopher\u0027s Stone":32,"Odd Mushroom":17,"Ancient Tea Set":0,"MawBank":12,"Burning Blood":0}],"Burning Blood":72},"card_choices":[{"not_picked":["Evolve","Pummel"],"picked":"Cleave","floor":1.0},{"not_picked":["Battle Trance","Uppercut"],"picked":"Heavy Blade","floor":5.0},{"not_picked":["Infernal Blade","Flex"],"picked":"Iron Wave","floor":7.0},{"not_picked":["Dual Wield","Seeing Red"],"picked":"Disarm","floor":8.0},{"not_picked":["Thunderclap","Evolve"],"picked":"Offering","floor":11.0},{"not_picked":["Twin Strike","Wild Strike"],"picked":"Dropkick","floor":12.0},{"not_picked":["Wild Strike","Flex"],"picked":"Shrug It Off","floor":13.0},{"not_picked":["Carnage","Fiend Fire","Heavy Blade"],"picked":"SKIP","floor":14.0},{"not_picked":["Reaper","Berserk"],"picked":"Feed","floor":16},{"not_picked":["Sentinel","Dark Embrace+1"],"picked":"Seeing Red+1","floor":18},{"not_picked":["Armaments+1","Pommel Strike"],"picked":"Headbutt+1","floor":20},{"not_picked":["Anger+1","Headbutt"],"picked":"Disarm","floor":21}],"player_experience":547970,"relics_obtained":[{"floor":9.0,"key":"MawBank"},{"floor":12.0,"key":"Odd Mushroom"}],"event_choices":[{"damage_healed":0.0,"max_hp_gain":0.0,"max_hp_loss":0.0,"gold_gain":0.0,"event_name":"Liars Game","player_choice":"Ignored","floor":3.0,"gold_loss":0.0,"damage_taken":0.0},{"damage_healed":0.0,"max_hp_gain":0.0,"max_hp_loss":0.0,"gold_gain":0.0,"event_name":"Mushrooms","player_choice":"Fought Mushrooms","floor":12.0,"gold_loss":0.0,"damage_taken":0.0},{"damage_healed":0,"gold_gain":0,"player_choice":"Ignored","damage_taken":0,"max_hp_gain":0,"max_hp_loss":0,"event_name":"N\u0027loth","floor":19,"gold_loss":0}],"is_beta":false,"boss_relics":[{"not_picked":["Snecko Eye","Sozu"],"picked":"Philosopher\u0027s Stone"}],"items_purged_floors":[],"is_endless":false,"potions_floor_spawned":[7,8,13,14,16],"killed_by":"Centurion and Healer","ascension_level":9}}