{"host":"sum4dy402bbv9y4o","time":1612909014,"event":{"mods":["Aspiration","BaseMod","Conspire","Highlight Path","Minty Spire (QoL Compilation)","StSLib"],"gold_per_floor":[116,116,25,36,136,162,180,209,209,229,246,56,68,117,117,189,189,200,16,41,41,53,79,79,109,109,109,109,109,128,146,146,219,219,235,254,264,264,277,277,295,295,320,369,384,403,403,20,20,20,20],"floor_reached":52,"language":"ENG","playtime":2253,"items_purged":["Strike_P","Strike_P","Strike_P"],"score":1808,"play_id":"0c29552d-c6d6-4a78-9f46-2fa21f78f9b7","local_time":"20210210011654","is_ascension_mode":true,"campfire_choices":[{"data":"CrushJoints","floor":15,"key":"SMITH"},{"floor":24,"key":"REST"},{"floor":27,"key":"REST"},{"floor":32,"key":"REST"},{"floor":40,"key":"REST"},{"floor":47,"key":"REST"},{"floor":49,"key":"REST"}],"circlet_count":0,"master_deck":["AscendersBane","Defend_P","Defend_P","Defend_P","Eruption+1","Vigilance","JustLucky","MentalFortress","EmptyFist","BowlingBash","FlurryOfBlows","MentalFortress","Halt","Indignation","FlurryOfBlows","CrushJoints+1","FearNoEvil","Wireheading+1","Consecrate","FlyingSleeves","Evaluate+1","Halt","FearNoEvil+1","Nirvana","RitualDagger","LikeWater","CutThroughFate+1","FlurryOfBlows","ConjureBlade","Halt+1","Panache","MentalFortress","TalkToTheHand+1","Weave"],"relics":["PureWater","NeowsBlessing","Mummified Hand","Bag of Preparation","Sundial","Centennial Puzzle","aspiration:SecretTechniqueScroll","Red Mask","Question Card","Vajra","Unceasing Top","Empty Cage","Orichalcum","Ancient Tea Set","Oddly Smooth Stone"],"acts_visited":["Exordium","TheCity","TheBeyond"],"potions_floor_usage":[10,16,18,25,30,33,33,37,46],"damage_taken":[{"damage":0,"enemies":"2 Louse","floor":1,"turns":2},{"damage":0,"enemies":"Cultist","floor":4,"turns":1},{"damage":0,"enemies":"3 Sentries","floor":6,"turns":1},{"damage":0,"enemies":"Jaw Worm","floor":7,"turns":1},{"damage":14,"enemies":"Lagavulin","floor":8,"turns":5},{"damage":4,"enemies":"Exordium Thugs","floor":10,"turns":4},{"damage":3,"enemies":"Large Slime","floor":11,"turns":3},{"damage":0,"enemies":"Gremlin Gang","floor":13,"turns":4},{"damage":6,"enemies":"Hexaghost","floor":16,"turns":5},{"damage":0,"enemies":"Chosen","floor":18,"turns":3},{"damage":0,"enemies":"Masked Bandits","floor":20,"turns":3},{"damage":6,"enemies":"Spheric Guardian","floor":22,"turns":3},{"damage":17,"enemies":"Slavers","floor":23,"turns":4},{"damage":30,"enemies":"Book of Stabbing","floor":25,"turns":3},{"damage":22,"enemies":"Shelled Parasite and Fungi","floor":30,"turns":3},{"damage":2,"enemies":"Cultist and Chosen","floor":31,"turns":5},{"damage":46,"enemies":"Champ","floor":33,"turns":8},{"damage":8,"enemies":"Orb Walker","floor":35,"turns":3},{"damage":8,"enemies":"3 Shapes","floor":36,"turns":9},{"damage":10,"enemies":"Transient","floor":37,"turns":6},{"damage":12,"enemies":"Maw","floor":39,"turns":6},{"damage":0,"enemies":"Sphere and 2 Shapes","floor":41,"turns":4},{"damage":0,"enemies":"3 Darklings","floor":45,"turns":3},{"damage":2,"enemies":"Writhing Mass","floor":46,"turns":5},{"damage":40,"enemies":"Donu and Deca","floor":50,"turns":8},{"damage":26,"enemies":"conspire:OrnateMirror","floor":51,"turns":10}],"seed_played":"-7215706973282801551","potions_obtained":[{"floor":1,"key":"LiquidMemories"},{"floor":4,"key":"LiquidMemories"},{"floor":20,"key":"Ancient Potion"},{"floor":23,"key":"Fire Potion"},{"floor":30,"key":"LiquidMemories"},{"floor":31,"key":"BottledMiracle"},{"floor":35,"key":"AttackPotion"},{"floor":39,"key":"LiquidMemories"}],"is_trial":false,"path_per_floor":["M","?","$","M","?","E","M","E","T","M","M","$","M","T","R","B",null,"M","$","?","?","M","E","R","E","T","R","?","?","M","M","R","B",null,"M","M","M","?","M","R","M","?","T","T","M","M","R","$","R","B","B",null],"character_chosen":"WATCHER","items_purchased":["MentalFortress","EmptyFist","Strength Potion","CrushJoints","Consecrate","FlyingSleeves","Weave","Oddly Smooth Stone"],"campfire_rested":6,"item_purchase_floors":[3,3,12,12,19,19,48,48],"current_hp_per_floor":[61,61,61,61,61,61,61,47,47,43,40,40,40,40,40,34,60,60,60,60,60,54,37,57,27,27,47,41,55,33,31,51,5,52,44,36,26,26,14,34,34,34,34,34,34,32,52,52,68,28,2],"gold":20,"neow_bonus":"THREE_ENEMY_KILL","is_daily":false,"chose_seed":false,"campfire_upgraded":1,"win_rate":0.0,"timestamp":1612909014,"path_taken":["M","?","?","M","?","E","M","E","T","M","M","$","?","?","R","BOSS","M","$","?","?","?","E","R","E","T","R","?","?","M","M","R","BOSS","M","M","M","?","M","R","M","?","T","?","M","M","R","$","R","BOSS","BOSS"],"items_purchased_type":["Card","Card","Potion","Card","Card","Card","Card","Relic"],"build_version":"2020-12-22","purchased_purges":3,"victory":true,"max_hp_per_floor":[68,68,68,68,68,68,68,68,68,68,68,68,68,68,68,68,68,68,68,68,68,68,68,68,68,68,68,68,68,68,68,68,68,68,68,68,68,68,68,68,68,68,68,68,68,68,68,68,68,68,68],"card_choices":[{"not_picked":["WindmillStrike","PathToVictory"],"picked":"JustLucky","floor":1},{"not_picked":["Evaluate","WindmillStrike"],"picked":"BowlingBash","floor":4},{"not_picked":["Protect","WreathOfFlame"],"picked":"FlurryOfBlows","floor":6},{"not_picked":["BowlingBash","Halt"],"picked":"MentalFortress","floor":7},{"not_picked":["EmptyFist","CutThroughFate"],"picked":"Halt","floor":8},{"not_picked":["Crescendo","DevaForm"],"picked":"Indignation","floor":10},{"not_picked":["Evaluate","Consecrate"],"picked":"FlurryOfBlows","floor":11},{"not_picked":["EmptyFist","CarveReality"],"picked":"FearNoEvil","floor":13},{"not_picked":["Crescendo","Halt"],"picked":"Wireheading+1","floor":18},{"not_picked":["Crescendo","DeceiveReality"],"picked":"Evaluate+1","floor":20},{"not_picked":["WaveOfTheHand","PathToVictory","ThirdEye"],"picked":"SKIP","floor":22},{"not_picked":["ThirdEye","PathToVictory"],"picked":"FearNoEvil+1","floor":23},{"not_picked":["Halt","ThirdEye","Tantrum"],"picked":"Nirvana","floor":25},{"not_picked":["ClearTheMind+1","Evaluate","EmptyBody"],"picked":"LikeWater","floor":30},{"not_picked":["Halt","Worship","Wireheading"],"picked":"CutThroughFate+1","floor":31},{"not_picked":["CarveReality","Prostrate","CutThroughFate+1"],"picked":"FlurryOfBlows","floor":35},{"not_picked":["JustLucky+1","Protect","ForeignInfluence+1","Sanctity"],"picked":"SKIP","floor":36},{"not_picked":["PathToVictory","Crescendo","Evaluate"],"picked":"ConjureBlade","floor":37},{"not_picked":["Consecrate","Protect","JustLucky","CrushJoints+1"],"picked":"SKIP","floor":39},{"not_picked":["JustLucky+1","Establishment","Evaluate"],"picked":"Halt+1","floor":41},{"not_picked":["Deep Breath","Metamorphosis","Dramatic Entrance"],"picked":"Panache","floor":42},{"not_picked":["Indignation","Halt+1","Study"],"picked":"MentalFortress","floor":45},{"not_picked":["JustLucky","FollowUp","WheelKick"],"picked":"TalkToTheHand+1","floor":46}],"player_experience":3083459,"relics_obtained":[{"floor":6,"key":"Mummified Hand"},{"floor":8,"key":"Bag of Preparation"},{"floor":9,"key":"Sundial"},{"floor":14,"key":"Centennial Puzzle"},{"floor":20,"key":"Red Mask"},{"floor":23,"key":"Question Card"},{"floor":25,"key":"Vajra"},{"floor":26,"key":"Unceasing Top"},{"floor":43,"key":"Orichalcum"},{"floor":44,"key":"Ancient Tea Set"}],"event_choices":[{"damage_healed":0,"gold_gain":0,"player_choice":"Upgraded","damage_taken":0,"max_hp_gain":0,"max_hp_loss":0,"event_name":"Upgrade Shrine","floor":2,"gold_loss":0,"cards_upgraded":["Eruption"]},{"damage_healed":0,"gold_gain":100,"player_choice":"Gold","damage_taken":0,"max_hp_gain":0,"max_hp_loss":0,"event_name":"Wheel of Change","floor":5,"gold_loss":0},{"damage_healed":0,"gold_gain":0,"player_choice":"Fought Bandits","damage_taken":0,"max_hp_gain":0,"max_hp_loss":0,"event_name":"Masked Bandits","floor":20,"gold_loss":0},{"damage_healed":0,"gold_gain":0,"player_choice":"Copied","damage_taken":0,"max_hp_gain":0,"max_hp_loss":0,"event_name":"Duplicator","floor":21,"gold_loss":0,"cards_obtained":["Halt"]},{"damage_healed":0,"gold_gain":0,"player_choice":"Joined the Cult","damage_taken":6,"max_hp_gain":0,"max_hp_loss":0,"event_name":"Nest","floor":28,"gold_loss":0,"cards_obtained":["RitualDagger"]},{"damage_healed":14,"gold_gain":0,"player_choice":"Heal","damage_taken":0,"max_hp_gain":0,"max_hp_loss":0,"event_name":"The Library","floor":29,"gold_loss":0},{"damage_healed":0,"gold_gain":0,"player_choice":"Ignored","damage_taken":0,"max_hp_gain":0,"max_hp_loss":0,"event_name":"The Moai Head","floor":38,"gold_loss":0},{"damage_healed":0,"gold_gain":0,"player_choice":"Memory 1","damage_taken":0,"max_hp_gain":0,"max_hp_loss":0,"event_name":"SensoryStone","floor":42,"gold_loss":0}],"is_beta":false,"boss_relics":[{"not_picked":["Runic Dome","SlaversCollar"],"picked":"aspiration:SecretTechniqueScroll"},{"not_picked":["Snecko Eye","Philosopher\u0027s Stone"],"picked":"Empty Cage"}],"items_purged_floors":[12,19,48],"is_endless":false,"potions_floor_spawned":[1,4,8,13,20,23,30,31,35,39],"ascension_level":20}}