{"host":"rs1c3lkx7vj3kohb","time":1612895718,"event":{"mods":["Act Like it!","BaseMod","BetterRewards","Chen","Colored Map","Colored Powertips","Downfall","Friendly Minions","Gensokyo","Gremlin Mod","Hermit","Hero for Fun","KinomotoSakuraMod(木之本樱)","Koishi","KomeijiMod","Luminous","Marisa（F雨　魔理沙）","Minty Spire (QoL Compilation)","Onozuka Komachi Mod","Prisma Mod","Quick Restart","Reimu（博丽灵梦）","Remilia（蕾米莉亚）","SOS（斯巴达之子）","Shop Mod","StSLib","The Administrix","The Alterego","The Cursed","The Senshi","The Servant 0.9.4","Waifu the Spire","WarShipGirlsR/战舰少女R mod","Yakumo Yukari mod","Yohane!","Youmu（魂魄妖梦）","Yuri Mod","Yuyuko"],"gold_per_floor":[118,132,132,132,145,145,170,182,182,207,207,226,401,401,401,505,505,520,520,539,614,628,628,23,41,113,144,155,155,187,206,206,305,305,323,343,253,266,266,298,317,348,348,358,0,31,31,49,49,49],"floor_reached":51,"language":"ZHS","playtime":4582,"items_purged":["rmod:defend","rmod:defend"],"score":1113,"play_id":"3bc68c00-dcb2-42ea-b303-22ca5d2f6845","local_time":"20210210023518","is_ascension_mode":false,"campfire_choices":[{"data":"rmod:fuelsupply","floor":6.0,"key":"SMITH"},{"data":"rmod:maintain","floor":11.0,"key":"SMITH"},{"data":"rmod:fuelsupply","floor":15.0,"key":"SMITH"},{"data":"rmod:secretscript","floor":23,"key":"SMITH"},{"data":"rmod:advancebysurprise","floor":29,"key":"SMITH"},{"data":"rmod:maintain","floor":32,"key":"SMITH"},{"data":"rmod:openingtorpedo","floor":49,"key":"SMITH"}],"circlet_count":0,"master_deck":["rmod:strick","rmod:strick","rmod:basicallowance","rmod:maingunfire","rmod:ammunitionsupply","rmod:fuelsupply+1","rmod:mineteam","rmod:seals","rmod:chargemoney+1","rmod:maintain+1","rmod:maintain+1","rmod:fuelsupply+1","rmod:secretscript+1","rmod:fuelsupply+1","rmod:expedition+1","rmod:unsinkable","rmod:supportescort","rmod:advancebysurprise+1","rmod:aviationdawn+1","rmod:diaomin+1","rmod:fuelsupply+1","rmod:diamondstrike+1","rmod:diamondstrike+1","rmod:openingtorpedo+1","rmod:luckystar","Violence+1","rmod:maintain+1","rmod:generalist+1"],"relics":["rmod:firstchargereward","Pantograph","Ice Cream","Nunchaku","The Courier","rmod:equipmentrecovery","InkBottle","Spirit Poop","Astrolabe","theSenshi:FeatherClipsRelic","Omamori","theSenshi:SuperSailorFukuRelic","Ornamental Fan","Toxic Egg 2","CrazyTorch:ReiMu","rmod:monthlycard","Smiling Mask","Mastiff:ReiMu","Thread and Needle","Toolbox","Pear"],"acts_visited":["Exordium","TheCity","TheBeyond"],"potions_floor_usage":[22,38,40,50,50],"damage_taken":[{"damage":0.0,"enemies":"Cultist","floor":1.0,"turns":2.0},{"damage":0.0,"enemies":"Small Slimes","floor":2.0,"turns":3.0},{"damage":1.0,"enemies":"2 Louse","floor":5.0,"turns":3.0},{"damage":8.0,"enemies":"3 Sentries","floor":7.0,"turns":6.0},{"damage":16.0,"enemies":"Large Slime","floor":8.0,"turns":4.0},{"damage":0.0,"enemies":"Lagavulin","floor":10.0,"turns":5.0},{"damage":12.0,"enemies":"Exordium Thugs","floor":12.0,"turns":4.0},{"damage":0.0,"enemies":"Slime Boss","floor":16.0,"turns":4.0},{"damage":4.0,"enemies":"3 Byrds","floor":18.0,"turns":6.0},{"damage":10.0,"enemies":"Spheric Guardian","floor":20.0,"turns":5.0},{"damage":11,"enemies":"Snecko","floor":22,"turns":7},{"damage":18,"enemies":"Snake Plant","floor":25,"turns":5},{"damage":0,"enemies":"Slavers","floor":27,"turns":6},{"damage":0,"enemies":"3 Cultists","floor":28,"turns":5},{"damage":0,"enemies":"Gremlin Leader","floor":30,"turns":5},{"damage":0,"enemies":"Cultist and Chosen","floor":31,"turns":5},{"damage":0,"enemies":"Collector","floor":33,"turns":6},{"damage":0,"enemies":"Orb Walker","floor":35,"turns":3},{"damage":2,"enemies":"3 Shapes","floor":36,"turns":2},{"damage":0,"enemies":"Writhing Mass","floor":38,"turns":5},{"damage":35,"enemies":"Nemesis","floor":40,"turns":9},{"damage":0,"enemies":"Spire Growth","floor":41,"turns":5},{"damage":3,"enemies":"Giant Head","floor":42,"turns":6},{"damage":0,"enemies":"3 Darklings","floor":44,"turns":5},{"damage":0,"enemies":"Reptomancer","floor":46,"turns":5},{"damage":0,"enemies":"Sphere and 2 Shapes","floor":48,"turns":5},{"damage":0,"enemies":"Donu and Deca","floor":50,"turns":5}],"seed_played":"-5968346464823383137","potions_obtained":[{"floor":2.0,"key":"Fire Potion"},{"floor":7.0,"key":"SkillPotion"},{"floor":12.0,"key":"EssenceOfSteel"},{"floor":22,"key":"champ:CounterPotion"},{"floor":25,"key":"Energy Potion"},{"floor":27,"key":"LiquidBronze"},{"floor":30,"key":"Fire Potion"},{"floor":38,"key":"PowerPotion"},{"floor":40,"key":"SteroidPotion"},{"floor":46,"key":"PowerPotion"},{"floor":48,"key":"CultistPotion"}],"is_trial":false,"path_per_floor":["M","M","?","?","M","R","E","M","T","E","R","M","?","?","R","B",null,"M","?","M","?","M","R","$","M","T","E","M","R","E","M","R","B",null,"M","M","?","M","?","E","M","E","T","M","$","E","$","M","R","B",null],"character_chosen":"PRAEFECT","items_purchased":["Pantograph","rmod:ammunitionsupply","Nunchaku","theSenshi:FeatherClipsRelic","Omamori","theSenshi:SuperSailorFukuRelic","rmod:openingtorpedo","rmod:luckystar","Violence+1","Toolbox"],"campfire_rested":0,"item_purchase_floors":[0,0,0,24,24,24,45,45,45,45],"current_hp_per_floor":[40,40,45,45,44,44,36,20,20,20,20,8,8,8,8,33,80,76,76,66,58,47,47,47,35,35,41,47,47,53,59,59,80,80,80,80,80,80,80,51,57,60,60,66,66,82,82,88,88,90],"gold":49,"neow_bonus":"","is_daily":false,"chose_seed":false,"campfire_upgraded":7,"win_rate":0.0,"timestamp":1612895718,"path_taken":["M","?","?","?","M","R","E","M","T","E","R","M","?","?","R","BOSS","M","?","M","?","M","R","$","M","T","E","?","R","E","M","R","BOSS","M","M","?","?","?","E","M","E","T","M","$","E","?","M","R","BOSS"],"items_purchased_type":["Relic","Card","Relic","Relic","Relic","Relic","Card","Card","Card","Relic"],"build_version":"2020-12-22","purchased_purges":2,"victory":true,"max_hp_per_floor":[75,75,80,80,80,80,80,80,80,80,80,80,80,80,80,80,80,80,80,80,80,80,80,80,80,80,80,80,80,80,80,80,80,80,80,80,80,80,80,80,80,80,80,80,80,90,90,90,90,90],"card_choices":[{"not_picked":["rmod:fletcherpendant","rmod:salvage"],"picked":"rmod:fuelsupply","floor":1.0},{"not_picked":["rmod:luckystar","rmod:firesupport"],"picked":"rmod:mineteam","floor":2.0},{"not_picked":[],"picked":"rmod:seals","floor":4.0},{"not_picked":["rmod:aluminumsupply","rmod:smokecover","rmod:lonelyqueen"],"picked":"SKIP","floor":5.0},{"not_picked":["rmod:ammunitionsupply","rmod:diaomin"],"picked":"rmod:chargemoney","floor":7.0},{"not_picked":["rmod:combined","rmod:supportaircraftcarrier"],"picked":"rmod:maintain","floor":8.0},{"not_picked":["rmod:shuttlebombing","rmod:unsinkable"],"picked":"rmod:maintain","floor":10.0},{"not_picked":["rmod:firesupport","rmod:aviationdawn"],"picked":"rmod:fuelsupply","floor":12.0},{"not_picked":["rmod:stealaluminum","rmod:windflower"],"picked":"rmod:secretscript","floor":16.0},{"not_picked":["rmod:steelsupply","rmod:shuttlebombing"],"picked":"rmod:unsinkable","floor":18.0},{"not_picked":["rmod:victimresponsibility","rmod:expedition","rmod:combined"],"picked":"SKIP","floor":20.0},{"not_picked":["rmod:firesupport","rmod:intelligenceanalysis","rmod:launchingtorpedo"],"picked":"SKIP","floor":22},{"not_picked":["rmod:firesupport","rmod:intelligenceanalysis","rmod:launchingtorpedo"],"picked":"SKIP","floor":22},{"not_picked":["rmod:gendarmerie+1","rmod:generalist"],"picked":"rmod:advancebysurprise","floor":25},{"not_picked":["rmod:unsinkable+1","rmod:diamondstrike"],"picked":"rmod:aviationdawn+1","floor":27},{"not_picked":["rmod:tearstotiara+1","rmod:victimresponsibility+1"],"picked":"rmod:diaomin+1","floor":28},{"not_picked":["rmod:abidefaith","rmod:sl+1","rmod:diamondstrike"],"picked":"SKIP","floor":30},{"not_picked":["rmod:diamondstrike","rmod:goodsister"],"picked":"rmod:fuelsupply+1","floor":31},{"not_picked":["rmod:fletcherpendant","rmod:victimresponsibility+1","rmod:aluminumsupply+1"],"picked":"SKIP","floor":35},{"not_picked":["rmod:diamondstrike","rmod:heivgo+1","rmod:gendarmerie+1"],"picked":"SKIP","floor":36},{"not_picked":["rmod:firesupport+1","rmod:intelligenceanalysis+1","rmod:aluminumsupply+1"],"picked":"SKIP","floor":38},{"not_picked":["rmod:firesupport+1","rmod:intelligenceanalysis+1","rmod:aluminumsupply+1"],"picked":"SKIP","floor":38},{"not_picked":["rmod:expedition+1","rmod:shuttlebombing+1"],"picked":"rmod:diamondstrike+1","floor":40},{"not_picked":["rmod:timeschanged","rmod:firesupport","rmod:expedition"],"picked":"SKIP","floor":41},{"not_picked":["rmod:garrisonisland+1","rmod:punchline+1"],"picked":"rmod:diamondstrike+1","floor":42},{"not_picked":["rmod:circuitoustactics+1","rmod:diamondstrike","rmod:fletcher"],"picked":"SKIP","floor":44},{"not_picked":["rmod:slowdown+1","rmod:selfconfidence"],"picked":"rmod:maintain+1","floor":46},{"not_picked":["rmod:wife+1","rmod:mineteam+1"],"picked":"rmod:generalist+1","floor":48}],"player_experience":445781,"relics_obtained":[{"floor":7.0,"key":"The Courier"},{"floor":9.0,"key":"rmod:equipmentrecovery"},{"floor":10.0,"key":"InkBottle"},{"floor":26,"key":"Ornamental Fan"},{"floor":27,"key":"Toxic Egg 2"},{"floor":30,"key":"CrazyTorch:ReiMu"},{"floor":40,"key":"Smiling Mask"},{"floor":42,"key":"Mastiff:ReiMu"},{"floor":43,"key":"Thread and Needle"},{"floor":46,"key":"Pear"}],"event_choices":[{"damage_healed":0.0,"max_hp_gain":5.0,"max_hp_loss":0.0,"gold_gain":0.0,"event_name":"Big Fish","player_choice":"Donut","floor":3.0,"gold_loss":0.0,"damage_taken":0.0},{"damage_healed":0.0,"max_hp_gain":0.0,"max_hp_loss":0.0,"gold_gain":175.0,"event_name":"Liars Game","player_choice":"AGREE","floor":13.0,"gold_loss":0.0,"damage_taken":0.0,"cards_obtained":["Doubt"]},{"cards_removed":["Doubt"],"damage_healed":0.0,"max_hp_gain":0.0,"max_hp_loss":0.0,"gold_gain":0.0,"event_name":"Bonfire Elementals","player_choice":"Offered Curse","floor":14.0,"gold_loss":0.0,"damage_taken":0.0,"relics_obtained":["Spirit Poop"]},{"damage_healed":0.0,"max_hp_gain":0.0,"max_hp_loss":0.0,"gold_gain":0.0,"event_name":"The Library","player_choice":"Read","floor":19.0,"gold_loss":0.0,"damage_taken":0.0,"cards_obtained":["rmod:supportescort"]},{"damage_healed":0,"gold_gain":75,"player_choice":"Touch","damage_taken":8,"max_hp_gain":0,"max_hp_loss":0,"event_name":"FaceTrader","floor":21,"gold_loss":0},{"cards_removed":["rmod:defend"],"damage_healed":0,"gold_gain":0,"player_choice":"Upgrade and Remove","damage_taken":0,"max_hp_gain":0,"max_hp_loss":0,"event_name":"Designer","floor":37,"gold_loss":90,"cards_upgraded":["rmod:chargemoney"]},{"cards_removed":["rmod:firesupport"],"damage_healed":0,"gold_gain":0,"player_choice":"Removed Attack","damage_taken":0,"max_hp_gain":0,"max_hp_loss":0,"event_name":"Falling","floor":39,"gold_loss":0}],"is_beta":false,"boss_relics":[{"not_picked":["Runic Dome","Velvet Choker"],"picked":"Astrolabe"},{"not_picked":["Fusion Hammer","Pandora\u0027s Box"],"picked":"rmod:monthlycard"}],"items_purged_floors":[0,24],"is_endless":false,"potions_floor_spawned":[2,7,12,22,25,27,30,38,40,46,48],"ascension_level":0}}