{"host":"jt4xaqerixsfdsye","time":1612873278,"event":{"mods":["Astrologer","Bard","BaseMod","Downfall","Hermit","Minty Spire (QoL Compilation)","StSLib","The Bug Knight","The Cursed"],"gold_per_floor":[117,128,144,35,50,50,64,64,64,239,256,28,28,47,47,150,150,168,267,11,24,24,24,43,43,89,89,103,24,42,42,42,42,42],"floor_reached":33,"language":"ENG","playtime":2213,"items_purged":[],"score":364,"play_id":"3ded9989-221e-4e85-aada-016b56606b74","local_time":"20210209132118","is_ascension_mode":false,"campfire_choices":[{"data":"astrologer:Confirmation","floor":6.0,"key":"SMITH"},{"data":"astrologer:Fireball","floor":8.0,"key":"SMITH"},{"data":"astrologer:Prismatic","floor":15.0,"key":"SMITH"},{"data":"astrologer:TheSun","floor":23,"key":"SMITH"},{"data":"astrologer:Prismatic","floor":25,"key":"SMITH"},{"floor":27,"key":"REST"},{"floor":32,"key":"REST"}],"circlet_count":0,"master_deck":["astrologer:Strike","astrologer:Strike","astrologer:Strike","astrologer:Strike","astrologer:Defend","astrologer:Defend","astrologer:Defend","astrologer:Defend","astrologer:NorthStar","astrologer:TheFool","astrologer:TheHighPriestess","astrologer:GlassStar","astrologer:TheEmpress","astrologer:LonelyStar","astrologer:Fireball+1","astrologer:Confirmation+1","astrologer:StarOfMisfortune","astrologer:MeteorShower","Doubt","astrologer:Stardust","astrologer:Prismatic+1","astrologer:StarOfRegret","astrologer:TheTower","astrologer:Moonlight","astrologer:NeutronStar","astrologer:TheSun+1","CurseOfTheBell","astrologer:FrozenStar","astrologer:Prismatic+1","astrologer:ShiningStar","astrologer:FrozenStar","astrologer:Eclipse","astrologer:Radiance","astrologer:LonelyStar","TheCursedMod:Dregs","astrologer:Premonition","astrologer:SolarFlare+1","downfall:Malfunctioning","Injury","astrologer:Observe","astrologer:CosmicExpanse","astrologer:CosmicExpanse","Shame"],"relics":["astrologer:SkyMirror","White Beast Statue","Calling Bell","Centennial Puzzle","Meat on the Bone","Girya","downfall:ExtraCursedKey","Strawberry","Molten Egg 2"],"acts_visited":["Exordium","TheCity"],"potions_floor_usage":[24,24,33,33,33],"damage_taken":[{"damage":7.0,"enemies":"Jaw Worm","floor":1.0,"turns":4.0},{"damage":2.0,"enemies":"2 Louse","floor":2.0,"turns":4.0},{"damage":2.0,"enemies":"Small Slimes","floor":3.0,"turns":5.0},{"damage":8.0,"enemies":"2 Fungi Beasts","floor":5.0,"turns":3.0},{"damage":0.0,"enemies":"Large Slime","floor":7.0,"turns":5.0},{"damage":6.0,"enemies":"Red Slaver","floor":11.0,"turns":2.0},{"damage":1.0,"enemies":"Looter","floor":14.0,"turns":2.0},{"damage":36.0,"enemies":"Hexaghost","floor":16.0,"turns":8.0},{"damage":40,"enemies":"Spheric Guardian","floor":18,"turns":5},{"damage":13,"enemies":"Chosen","floor":21,"turns":6},{"damage":38,"enemies":"Shelled Parasite and Fungi","floor":24,"turns":6},{"damage":10,"enemies":"Snake Plant","floor":28,"turns":3},{"damage":43,"enemies":"Chosen and Byrds","floor":30,"turns":7},{"damage":45,"enemies":"Automaton","floor":33,"turns":6}],"seed_played":"-4523459454742606230","potions_obtained":[{"floor":3.0,"key":"PowerPotion"},{"floor":5.0,"key":"Regen Potion"},{"floor":7.0,"key":"Strength Potion"},{"floor":11.0,"key":"FearPotion"},{"floor":14.0,"key":"Slimebound:ThreeZeroPotion"},{"floor":16.0,"key":"Fire Potion"},{"floor":18,"key":"Energy Potion"},{"floor":21,"key":"AttackPotion"},{"floor":24,"key":"champ:CounterPotion"},{"floor":28,"key":"ColorlessPotion"}],"is_trial":false,"path_per_floor":["M","M","M","$","M","R","M","R","T","?","M","$","?","M","R","B",null,"M","?","$","M","?","R","M","R","T","R","M","$","M","?","R","B"],"character_chosen":"ASTROLOGER","items_purchased":["astrologer:Fireball","astrologer:Confirmation","astrologer:Prismatic","astrologer:StarOfRegret","astrologer:TheTower","astrologer:Moonlight","astrologer:Prismatic","astrologer:ShiningStar","astrologer:FrozenStar","astrologer:Eclipse","astrologer:Radiance","astrologer:CosmicExpanse"],"campfire_rested":2,"item_purchase_floors":[4,4,12,12,12,12,20,20,20,20,20,29],"current_hp_per_floor":[63,61,59,59,51,51,51,51,51,51,54,54,70,69,69,33,70,42,42,42,41,41,41,15,15,22,45,47,47,16,16,39,0,0],"gold":42,"neow_bonus":"THREE_CARDS","is_daily":false,"chose_seed":false,"campfire_upgraded":5,"win_rate":0.0,"timestamp":1612873278,"path_taken":["M","M","M","$","M","R","M","R","T","?","M","$","?","M","R","BOSS","M","?","$","M","?","R","M","R","T","R","M","?","M","?","R","BOSS"],"items_purchased_type":["Card","Card","Card","Card","Card","Card","Card","Card","Card","Card","Card","Card"],"build_version":"2020-12-22","purchased_purges":0,"victory":false,"max_hp_per_floor":[70,70,70,70,70,70,70,70,70,70,70,70,70,70,70,70,70,70,70,70,70,70,70,70,70,77,77,77,77,77,77,77,77,77],"card_choices":[{"not_picked":["astrologer:Eclipse","astrologer:SpaceDust"],"picked":"astrologer:TheHighPriestess","floor":0.0},{"not_picked":["astrologer:SpaceDust","astrologer:Retelling"],"picked":"astrologer:GlassStar","floor":1.0},{"not_picked":["astrologer:Still","astrologer:ReadTheStars"],"picked":"astrologer:TheEmpress","floor":2.0},{"not_picked":["astrologer:Opposition","astrologer:MeteorShower"],"picked":"astrologer:LonelyStar","floor":3.0},{"not_picked":["astrologer:Temperance","astrologer:TheEmperor"],"picked":"astrologer:StarOfMisfortune","floor":5.0},{"not_picked":["astrologer:ReadTheStars","astrologer:Moonlight"],"picked":"astrologer:MeteorShower","floor":7.0},{"not_picked":["astrologer:BlackHole","astrologer:Temperance"],"picked":"astrologer:Stardust","floor":11.0},{"not_picked":["astrologer:Confirmation","astrologer:Prestidigitation"],"picked":"astrologer:NeutronStar","floor":14.0},{"not_picked":["astrologer:Wish","astrologer:TheWorld"],"picked":"astrologer:TheSun","floor":16.0},{"not_picked":["astrologer:Eclipse","astrologer:Opposition"],"picked":"astrologer:FrozenStar","floor":18},{"not_picked":["astrologer:Moonlight","astrologer:Quincunx"],"picked":"astrologer:LonelyStar","floor":21},{"not_picked":["astrologer:Eclipse+1","astrologer:Conjunction"],"picked":"astrologer:SolarFlare+1","floor":24},{"not_picked":["astrologer:Radiance","astrologer:TheDevil+1"],"picked":"astrologer:Observe","floor":28},{"not_picked":["astrologer:Radiance","astrologer:Still"],"picked":"astrologer:CosmicExpanse","floor":30}],"player_experience":202028,"relics_obtained":[{"floor":9.0,"key":"White Beast Statue"},{"floor":17,"key":"Centennial Puzzle"},{"floor":17,"key":"Meat on the Bone"},{"floor":17,"key":"Girya"},{"floor":26,"key":"Strawberry"}],"event_choices":[{"damage_healed":0.0,"max_hp_gain":0.0,"max_hp_loss":0.0,"gold_gain":175.0,"event_name":"Liars Game","player_choice":"AGREE","floor":10.0,"gold_loss":0.0,"damage_taken":0.0,"cards_obtained":["Doubt"]},{"damage_healed":23.0,"max_hp_gain":0.0,"max_hp_loss":0.0,"gold_gain":0.0,"event_name":"Big Fish","player_choice":"Banana","floor":13.0,"gold_loss":0.0,"damage_taken":0.0},{"damage_healed":0,"gold_gain":99,"player_choice":"Stole From Cult","damage_taken":0,"max_hp_gain":0,"max_hp_loss":0,"event_name":"Nest","floor":19,"gold_loss":0},{"damage_healed":0,"gold_gain":0,"player_choice":"Stole Relic","damage_taken":0,"relics_obtained":["Molten Egg 2"],"max_hp_gain":0,"max_hp_loss":0,"event_name":"Addict","floor":31,"gold_loss":0,"cards_obtained":["Shame"]}],"is_beta":false,"boss_relics":[{"not_picked":["Fusion Hammer","Astrolabe"],"picked":"Calling Bell"}],"items_purged_floors":[],"is_endless":false,"potions_floor_spawned":[3,5,7,11,14,16,18,21,24,28,30],"killed_by":"Automaton","ascension_level":0}}