{"host":"1bzbl1adcbkdzqlf","time":1612836130,"event":{"mods":["BaseMod","Minty Spire (QoL Compilation)","Slay the Relics Exporter"],"gold_per_floor":[161,161,181,181,200,228,248,248,272,298,298,298,314,331,331,433,433,450,517,532,260,310,310],"floor_reached":22,"language":"ENG","playtime":1855,"items_purged":[],"score":257,"play_id":"c429079d-d6fc-474d-a44c-1e43d2428041","local_time":"20210208200210","is_ascension_mode":true,"campfire_choices":[{"data":"Genetic Algorithm","floor":8,"key":"SMITH"},{"floor":11,"key":"REST"},{"floor":15,"key":"REST"}],"circlet_count":0,"master_deck":["Strike_B","Strike_B","Strike_B","Defend_B","Defend_B","Defend_B","Defend_B+1","Zap","Dualcast","Sweeping Beam+1","Rebound+1","Genetic Algorithm+1","Streamline","Defragment","Echo Form","Hologram","Turbo","Go for the Eyes","Conserve Battery","Electrodynamics","Conserve Battery+1","Sweeping Beam","Force Field+1","Self Repair","Beam Cell","Apotheosis"],"relics":["Tiny House","Omamori","Happy Flower","Dream Catcher","SsserpentHead","Nuclear Battery"],"acts_visited":["Exordium","TheCity"],"potions_floor_usage":[6,6,10,10,16],"damage_taken":[{"damage":7,"enemies":"Jaw Worm","floor":1,"turns":3},{"damage":0,"enemies":"Cultist","floor":3,"turns":3},{"damage":0,"enemies":"2 Louse","floor":5,"turns":1},{"damage":16,"enemies":"3 Sentries","floor":6,"turns":4},{"damage":8,"enemies":"Blue Slaver","floor":7,"turns":5},{"damage":16,"enemies":"Gremlin Nob","floor":10,"turns":3},{"damage":8,"enemies":"Exordium Wildlife","floor":13,"turns":3},{"damage":4,"enemies":"Red Slaver","floor":14,"turns":4},{"damage":38,"enemies":"Slime Boss","floor":16,"turns":9},{"damage":34,"enemies":"3 Byrds","floor":18,"turns":4},{"damage":10,"enemies":"Spheric Guardian","floor":19,"turns":4},{"damage":13,"enemies":"Snake Plant","floor":20,"turns":5},{"damage":11,"enemies":"Snecko","floor":22,"turns":3}],"seed_played":"4011893555273815662","potions_obtained":[{"floor":0,"key":"Ancient Potion"},{"floor":1,"key":"BlessingOfTheForge"},{"floor":3,"key":"LiquidMemories"},{"floor":7,"key":"Swift Potion"},{"floor":14,"key":"SteroidPotion"},{"floor":19,"key":"LiquidMemories"}],"is_trial":false,"path_per_floor":["M","?","M","?","M","E","M","R","T","E","R","?","M","M","R","B",null,"M","M","M","$","M"],"character_chosen":"DEFECT","items_purchased":["Self Repair","Beam Cell","Apotheosis"],"campfire_rested":2,"item_purchase_floors":[21,21,21],"current_hp_per_floor":[66,50,50,50,50,34,26,26,26,10,34,34,26,22,46,8,62,28,18,5,5,0,0],"gold":310,"neow_bonus":"BOSS_RELIC","is_daily":false,"chose_seed":false,"campfire_upgraded":1,"win_rate":0.0,"timestamp":1612836130,"path_taken":["M","?","M","?","?","E","M","R","T","E","R","?","M","M","R","BOSS","M","?","M","$","?"],"items_purchased_type":["Card","Card","Card"],"build_version":"2020-12-22","purchased_purges":0,"victory":false,"max_hp_per_floor":[80,80,80,80,80,80,80,80,80,80,80,80,80,80,80,80,80,80,80,80,80,80,80],"card_choices":[{"not_picked":["Recycle","Ball Lightning"],"picked":"Sweeping Beam","floor":0},{"not_picked":["Barrage","Stack"],"picked":"Rebound","floor":1},{"not_picked":["Storm","Turbo"],"picked":"Genetic Algorithm","floor":3},{"not_picked":["Rebound","Go for the Eyes"],"picked":"Streamline","floor":5},{"not_picked":["Skim","Sweeping Beam"],"picked":"Defragment","floor":6},{"not_picked":["Tempest","Leap"],"picked":"Echo Form","floor":7},{"not_picked":["Ball Lightning","Skim"],"picked":"Hologram","floor":10},{"not_picked":["Redo","Streamline"],"picked":"Turbo","floor":11},{"not_picked":["Redo","Aggregate"],"picked":"Go for the Eyes","floor":13},{"not_picked":["Steam","Go for the Eyes"],"picked":"Conserve Battery","floor":14},{"not_picked":["Creative AI","Multi-Cast"],"picked":"Electrodynamics","floor":16},{"not_picked":["Undo","Compile Driver"],"picked":"Conserve Battery+1","floor":18},{"not_picked":["Consume","Auto Shields"],"picked":"Sweeping Beam","floor":19},{"not_picked":["Skim+1","Barrage"],"picked":"Force Field+1","floor":20}],"player_experience":381523,"relics_obtained":[{"floor":6,"key":"Omamori"},{"floor":9,"key":"Happy Flower"},{"floor":10,"key":"Dream Catcher"}],"event_choices":[{"damage_healed":0,"gold_gain":0,"player_choice":"Entered Light","damage_taken":16,"max_hp_gain":0,"max_hp_loss":0,"event_name":"Shining Light","floor":2,"gold_loss":0,"cards_upgraded":["Rebound","Sweeping Beam"]},{"cards_removed":["Strike_B"],"damage_healed":0,"gold_gain":0,"player_choice":"Offered Basic","damage_taken":0,"max_hp_gain":0,"max_hp_loss":0,"event_name":"Bonfire Elementals","floor":4,"gold_loss":0},{"damage_healed":0,"gold_gain":0,"player_choice":"Trade","damage_taken":0,"relics_obtained":["SsserpentHead"],"max_hp_gain":0,"max_hp_loss":0,"event_name":"FaceTrader","floor":12,"gold_loss":0}],"is_beta":false,"boss_relics":[{"not_picked":["SacredBark","Runic Dome"],"picked":"Nuclear Battery"}],"items_purged_floors":[],"is_endless":false,"potions_floor_spawned":[1,3,7,14,19],"killed_by":"Snecko","ascension_level":6}}