{"host":"ox77rn1xcurm2t5a","time":1612903137,"event":{"mods":["2.2 Compatiblity","AchievementEnabler","Act Like it!","Aspiration","BaseMod","Best Route Mod","Better Match","Better Note","Better Sensory Stone","Block Reminder","Colored Map","Colored Powertips","Conjunction","Conspire","Custom Start","Energized Spire","GifTheSpireLib","Gold Saver","Gremlin Skip","Halation","Highlight Path","Hubris","Infinite Spire","Minty Spire (QoL Compilation)","Pale of the Ancients","Quick Restart","Replay The Spire","Reworked Bosses","ShortenTheSpire","Spire Exporter","StSLib","Stuff the Spire","Wandering Minibosses"],"gold_per_floor":[119,119,119,136,5367,5393,5409,5422,5422,5382,5400,5428,4808,4842,4842,4916,4916,4931,4951,4951,4968,4968,5001,5013,5013,5038,5071,5071,5088,5108,5408,5408,5489,5489,5513,5463,4765,4789,4789,4810,4847,4873,4873,4918,4155,4188,4188,4221,4221,4250,4250,4250,3272,3317,3404],"floor_reached":56,"language":"ENG","playtime":2874,"items_purged":["Strike_B","Strike_B","Strike_B","Strike_B"],"score":2290,"play_id":"8755cef6-e796-4ebb-ad37-25e7b6364675","local_time":"20210209223857","is_ascension_mode":true,"campfire_choices":[{"floor":15.0,"key":"RECALL"},{"floor":25.0,"key":"REST"},{"data":"Capacitor","floor":28.0,"key":"SMITH"},{"data":"Echo Form","floor":32.0,"key":"SMITH"},{"data":"Streamline+1","floor":49.0,"key":"SMITH"},{"data":"Dualcast","floor":52,"key":"SMITH"}],"circlet_count":0,"master_deck":["AscendersBane","Defend_B+2","Defend_B+1","Defend_B","Zap","Dualcast+1","Chill+1","Chill+1","Gash","Capacitor+1","Creative AI+1","Coolheaded","White Noise","Cold Snap","Glacier","Echo Form+1","FIFO Queue+1","Ball Lightning+1","Coolheaded","Streamline+2","Cold Snap+1","Ball Lightning+1","Loop+1","Loop+1","Chill+1","infinitespire:Gouge","hubris:DuctTapeCard","Cold Snap+1","Loop+1","Lockon+1"],"relics":["Cracked Core","NeowsBlessing","Chameleon Ring","conspire:Dentures","Eternal Feather","StuffTheSpire:ForceGauntlet","Bronze Scales","StuffTheSpire:GrapeVine","aspiration:FrozenJewel","Letter Opener","Nuclear Battery","Black Star","Gremlin Food","hubris:CrystalStatue","Potion Belt","DataDisk","hubris:SoftwareUpdate","hubris:Metronome","CaptainsWheel","PreservedInsect","Gremlin Horn","Blood Vial","ReplayFunnel","infinitespire:Lucky Rock","HornCleat","hubris:FunFungus","Guide Book","aspiration:EnhancedActuators","ClockworkSouvenir","aspiration:ChemicalBlood","conspire:GiftBox","halation:IllGainedPizza","infinitespire:WardingShard","Meat on the Bone","Replay:Baseball","Mango","Counterbalance","infinitespire:SolderingIron","infinitespire:FocusingShard","Gremlin Food","hubris:GlazedTorus","conspire:InfiniteJournal","Ornamental Fan","Old Coin","aspiration:Lifesprig","infinitespire:ShieldingShard","halation:KoshaPiece","StuffTheSpire:Mouthbags","Replay:Rubber Ducky","hubris:BottledRain","Orichalcum","FossilizedHelix","Replay:Bottled Steam","StuffTheSpire:Rhapsscallions","Replay:Ringing Soul","hubris:MysteriousPyramids","Replay:Bottled Flurry","Unceasing Top","hubris:BundleOfHerbs","hubris:CuriousFeather","Garlic","aspiration:TomeofQuesting","Pear","Shuriken","Dream Catcher","Smiling Mask","hubris:ToyBattleship","Regal Pillow","halation:VictoryRuler","Golden Egg","hubris:SlimyHat","infinitespire:Bottled Soul","hubris:DuctTape","aspiration:BursterCore","aspiration:FetidBarrel","Nunchaku","Replay:Bandana","Replay:WaspNest","hubris:DeckOfHolding","StuffTheSpire:ColdMirror","Gambling Chip","StuffTheSpire:SapphireSignet","halation:SwordOfLegend","halation:Toothbrush","Ginger","hubris:PeanutButter","halation:Sosunser","infinitespire:Freezer","Simple Rune"],"acts_visited":["Exordium","TheCity","TheBeyond","TheEnding"],"potions_floor_usage":[55,55,55,55,55],"damage_taken":[{"damage":0.0,"enemies":"Jaw Worm","floor":1.0,"turns":1.0},{"damage":0.0,"enemies":"Small Slimes","floor":4.0,"turns":1.0},{"damage":0.0,"enemies":"Lagavulin","floor":6.0,"turns":1.0},{"damage":0.0,"enemies":"Cultist","floor":7.0,"turns":3.0},{"damage":7.0,"enemies":"Blue Slaver","floor":8.0,"turns":5.0},{"damage":0.0,"enemies":"Lots of Slimes","floor":11.0,"turns":5.0},{"damage":34.0,"enemies":"Gremlin Nob","floor":12.0,"turns":4.0},{"damage":0.0,"enemies":"Lagavulin","floor":14.0,"turns":8.0},{"damage":35.0,"enemies":"Fading Forest","floor":16.0,"turns":13.0},{"damage":6.0,"enemies":"Chosen","floor":18.0,"turns":5.0},{"damage":7.0,"enemies":"Shell Parasite","floor":19.0,"turns":5.0},{"damage":9.0,"enemies":"Shelled Parasite and Fungi","floor":21.0,"turns":9.0},{"damage":5.0,"enemies":"Replay:Snechameleon","floor":23.0,"turns":9.0},{"damage":22.0,"enemies":"Centurion and Healer","floor":24.0,"turns":8.0},{"damage":17.0,"enemies":"conspire:SneckoGhost","floor":27.0,"turns":9.0},{"damage":1.0,"enemies":"Snake Plant","floor":29.0,"turns":4.0},{"damage":8.0,"enemies":"Cultist and Chosen","floor":30.0,"turns":10.0},{"damage":0.0,"enemies":"bossMod:newChamp","floor":33.0,"turns":8.0},{"damage":0.0,"enemies":"Orb Walker","floor":35.0,"turns":4.0},{"damage":0.0,"enemies":"3 Darklings","floor":38.0,"turns":4.0},{"damage":0.0,"enemies":"Sphere and 2 Shapes","floor":40.0,"turns":4.0},{"damage":0.0,"enemies":"R_Hoarder","floor":41.0,"turns":5.0},{"damage":0.0,"enemies":"Jaw Worm Horde","floor":42.0,"turns":3.0},{"damage":0.0,"enemies":"Giant Head","floor":44.0,"turns":5.0},{"damage":0.0,"enemies":"Spire Growth","floor":46.0,"turns":4.0},{"damage":0.0,"enemies":"Sphere and 2 Shapes","floor":48.0,"turns":3.0},{"damage":0.0,"enemies":"Replay:Hell Engine","floor":50.0,"turns":7.0},{"damage":0,"enemies":"Shield and Spear","floor":54,"turns":5},{"damage":0,"enemies":"The Heart","floor":55,"turns":9}],"seed_played":"-4968308514960986184","potions_obtained":[{"floor":4.0,"key":"FairyPotion"},{"floor":6.0,"key":"PowerPotion"},{"floor":10.0,"key":"Block Potion"},{"floor":11.0,"key":"Swift Potion"},{"floor":14.0,"key":"Fire Potion"},{"floor":16.0,"key":"Energy Potion"},{"floor":19.0,"key":"DuplicationPotion"},{"floor":23.0,"key":"Fire Potion"},{"floor":27.0,"key":"ColorlessPotion"},{"floor":33.0,"key":"PotionOfCapacity"},{"floor":41.0,"key":"Flashbang"},{"floor":42.0,"key":"PotionOfCapacity"}],"is_trial":false,"path_per_floor":["M","?","T","M","$","E","M","M","T","?","M","E","$","E","R","B",null,"M","M","AVR","M","?","E","M","R","T","E","R","M","M","$","R","B",null,"M","?","$","M","?","M","E","M","T","E","$","M","AVR","M","R","B",null,"R","$","E","B",null],"character_chosen":"DEFECT","items_purchased":["Chill","Chameleon Ring","conspire:Dentures","StuffTheSpire:GrapeVine","aspiration:FrozenJewel","EssenceOfSteel","CaptainsWheel","PreservedInsect","Gremlin Horn","Blood Vial","ReplayFunnel","infinitespire:Lucky Rock","HornCleat","hubris:FunFungus","Guide Book","aspiration:EnhancedActuators","ClockworkSouvenir","aspiration:ChemicalBlood","conspire:GiftBox","halation:IllGainedPizza","infinitespire:WardingShard","Meat on the Bone","Replay:Baseball","Mango","Counterbalance","infinitespire:SolderingIron","infinitespire:FocusingShard","Gremlin Food","hubris:GlazedTorus","conspire:InfiniteJournal","Ornamental Fan","Old Coin","aspiration:Lifesprig","infinitespire:ShieldingShard","halation:KoshaPiece","StuffTheSpire:Mouthbags","Replay:Rubber Ducky","hubris:BottledRain","Orichalcum","FossilizedHelix","Replay:Bottled Steam","StuffTheSpire:Rhapsscallions","Replay:Ringing Soul","hubris:MysteriousPyramids","Replay:Bottled Flurry","Unceasing Top","hubris:BundleOfHerbs","hubris:CuriousFeather","Garlic","aspiration:TomeofQuesting","Pear","Shuriken","Dream Catcher","Smiling Mask","hubris:ToyBattleship","Regal Pillow","halation:VictoryRuler","Golden Egg","hubris:SlimyHat","infinitespire:Bottled Soul","hubris:DuctTape","aspiration:FetidBarrel","Nunchaku","FIFO Queue","EssenceOfSteel","Energy Potion","Ball Lightning","StuffTheSpire:SapphireSignet","Cold Snap","Ball Lightning","Loop","halation:SwordOfLegend","Ginger","hubris:PeanutButter","halation:Sosunser","Cold Snap","Loop","Lockon"],"campfire_rested":1,"item_purchase_floors":[5,5,5,13,13,13,31,31,31,31,31,31,31,31,31,31,31,31,31,31,31,31,31,31,31,31,31,31,31,31,31,31,31,31,31,31,31,31,31,31,31,31,31,31,31,31,31,31,31,31,31,31,31,31,31,31,31,31,31,31,31,37,37,37,37,37,37,45,45,45,45,45,53,53,53,53,53,53],"current_hp_per_floor":[64,64,64,64,64,64,64,57,57,57,57,23,23,23,29,25,60,54,47,47,38,38,33,11,41,41,24,33,32,24,101,101,101,101,101,101,104,104,104,107,107,110,110,110,113,113,113,116,116,116,119,119,122,122,122],"gold":3404,"neow_bonus":"THREE_ENEMY_KILL","is_daily":false,"chose_seed":false,"campfire_upgraded":4,"win_rate":0.0,"timestamp":1612903137,"path_taken":["M","?","?","M","$","E","?","M","T","?","M","E","$","E","R","BOSS","M","M","AVR","?","?","E","M","R","T","E","R","M","M","?","R","BOSS","M","?","$","?","?","M","E","M","T","E","$","M","AVR","M","R","BOSS","R","$","E","BOSS"],"items_purchased_type":["Card","Relic","Relic","Relic","Relic","Potion","Relic","Relic","Relic","Relic","Relic","Relic","Relic","Relic","Relic","Relic","Relic","Relic","Relic","Relic","Relic","Relic","Relic","Relic","Relic","Relic","Relic","Relic","Relic","Relic","Relic","Relic","Relic","Relic","Relic","Relic","Relic","Relic","Relic","Relic","Relic","Relic","Relic","Relic","Relic","Relic","Relic","Relic","Relic","Relic","Relic","Relic","Relic","Relic","Relic","Relic","Relic","Relic","Relic","Relic","Relic","Relic","Relic","Card","Potion","Potion","Card","Relic","Card","Card","Card","Relic","Relic","Relic","Relic","Card","Card","Card"],"build_version":"2020-12-22","purchased_purges":4,"victory":true,"max_hp_per_floor":[71,71,71,71,71,71,71,71,71,71,71,71,71,71,71,71,71,71,71,71,71,71,71,71,71,71,71,71,71,71,101,101,101,101,101,101,104,104,104,107,107,110,110,110,113,113,113,116,116,116,119,119,122,122,122],"card_choices":[{"not_picked":["Melter","Leap","StuffTheSpire:LoadUp"],"picked":"SKIP","floor":1.0},{"not_picked":["Reprogram","Go for the Eyes","Stack"],"picked":"SKIP","floor":4.0},{"not_picked":["Go for the Eyes","StuffTheSpire:Plugnplay","Turbo"],"picked":"SKIP","floor":6.0},{"not_picked":["Stack","Chaos","Beam Cell"],"picked":"SKIP","floor":7.0},{"not_picked":["Panic Button","StuffTheSpire:LoadUp"],"picked":"Chill","floor":8.0},{"not_picked":["Streamline","Cold Snap"],"picked":"Gash","floor":11.0},{"not_picked":["Rip and Tear","Double Energy"],"picked":"Capacitor","floor":12.0},{"not_picked":["Stack","Go for the Eyes","StuffTheSpire:LaunchingStrike"],"picked":"SKIP","floor":14.0},{"not_picked":["Biased Cognition","Amplify"],"picked":"Creative AI","floor":16.0},{"not_picked":["Self Repair","Go for the Eyes"],"picked":"Coolheaded","floor":18.0},{"not_picked":["Steam","Go for the Eyes+1"],"picked":"Coolheaded","floor":19.0},{"not_picked":["Darkness","Core Surge","Melter"],"picked":"SKIP","floor":21.0},{"not_picked":["Leap","Force Field"],"picked":"White Noise","floor":23.0},{"not_picked":["Steam Power","FTL","Compile Driver"],"picked":"SKIP","floor":24.0},{"not_picked":["Aggregate","ReplayTheSpireMod:System Scan"],"picked":"Cold Snap","floor":27.0},{"not_picked":["Compile Driver","Conserve Battery"],"picked":"Glacier","floor":29.0},{"not_picked":["StuffTheSpire:LoadUp","Force Field"],"picked":"Cold Snap","floor":30.0},{"not_picked":["hubris:DoWhile","Reboot"],"picked":"Echo Form","floor":31.0},{"not_picked":["Turbo","Compile Driver","conspire:Rain"],"picked":"SKIP","floor":35.0},{"not_picked":["conspire:Rain","FIFO Queue","Panic Button"],"picked":"SKIP","floor":38.0},{"not_picked":["Reprogram","Capacitor"],"picked":"Coolheaded","floor":40.0},{"not_picked":["Panic Button+1","Steam","BasicCrystalCard"],"picked":"SKIP","floor":41.0},{"not_picked":["Auto Shields","Sweeping Beam"],"picked":"Streamline+1","floor":42.0},{"not_picked":["Panic Button","hubris:Prefetch","Core Surge"],"picked":"SKIP","floor":44.0},{"not_picked":["StuffTheSpire:GlassShard","Consume","Time Bomb"],"picked":"SKIP","floor":46.0},{"not_picked":["Turbo","StuffTheSpire:ShieldGenerator"],"picked":"Chill+1","floor":48.0},{"not_picked":["Panic Button","Capacitor","Leap"],"picked":"SKIP","floor":54}],"player_experience":3068279,"relics_obtained":[{"floor":6.0,"key":"Eternal Feather"},{"floor":9.0,"key":"StuffTheSpire:ForceGauntlet"},{"floor":12.0,"key":"Bronze Scales"},{"floor":14.0,"key":"Letter Opener"},{"floor":23.0,"key":"hubris:CrystalStatue"},{"floor":23.0,"key":"Potion Belt"},{"floor":26.0,"key":"DataDisk"},{"floor":27.0,"key":"hubris:SoftwareUpdate"},{"floor":27.0,"key":"hubris:Metronome"},{"floor":41.0,"key":"Replay:Bandana"},{"floor":41.0,"key":"Replay:WaspNest"},{"floor":43.0,"key":"hubris:DeckOfHolding"},{"floor":44.0,"key":"StuffTheSpire:ColdMirror"},{"floor":44.0,"key":"Gambling Chip"},{"floor":54,"key":"infinitespire:Freezer"},{"floor":54,"key":"Simple Rune"}],"event_choices":[{"damage_healed":0.0,"max_hp_gain":0.0,"max_hp_loss":0.0,"gold_gain":1.0,"event_name":"betterStone:BetterStone","player_choice":"1","floor":2.0,"gold_loss":0.0,"damage_taken":0.0},{"damage_healed":0.0,"max_hp_gain":0.0,"max_hp_loss":0.0,"gold_gain":0.0,"event_name":"The Woman in Blue","player_choice":"Bought 3 Potions","floor":10.0,"gold_loss":0.0,"damage_taken":0.0},{"damage_healed":0.0,"max_hp_gain":0.0,"max_hp_loss":0.0,"gold_gain":0.0,"event_name":"Upgrade Shrine","player_choice":"Upgraded","floor":22.0,"gold_loss":0.0,"damage_taken":0.0,"cards_upgraded":["Creative AI"]},{"damage_healed":0.0,"max_hp_gain":0.0,"max_hp_loss":0.0,"gold_gain":0.0,"event_name":"Designer","player_choice":"Upgrade","floor":36.0,"gold_loss":50.0,"damage_taken":0.0,"cards_upgraded":["hubris:DuctTapeCard"]}],"is_beta":false,"boss_relics":[{"not_picked":["energizedSpire:UnstableMolecules","hubris:BlackHole"],"picked":"Nuclear Battery"},{"not_picked":["Abe\u0027s Treasure","halation:Prosthetics"],"picked":"aspiration:BursterCore"}],"items_purged_floors":[5,13,20,31],"is_endless":false,"potions_floor_spawned":[4,6,11,14,16,19,23,27,33,41,42,54],"ascension_level":19}}