{"host":"vit9b6u76k1y61sh","time":1612860010,"event":{"mods":["BaseMod","Block Reminder","Colored Powertips","Highlight Path","Minty Spire (QoL Compilation)","Rare Cards Sparkle","Relic Sorter","Relic Stats","StSLib"],"gold_per_floor":[109,125,5,16,16,16,41,55,126,126,26,57,57,89,89,188,188,198,198,210,224,224,252,252,252,252],"floor_reached":25,"language":"ENG","playtime":1057,"items_purged":["Strike_R","Defend_R"],"score":263,"play_id":"6b4b0d79-d587-41ae-95ea-d468eae37107","local_time":"20210209034010","is_ascension_mode":true,"campfire_choices":[{"data":"Body Slam","floor":6,"key":"SMITH"},{"data":"Armaments","floor":10,"key":"SMITH"},{"data":"Armaments","floor":13,"key":"SMITH"},{"data":"1","floor":15,"key":"LIFT"},{"data":"2","floor":24,"key":"LIFT"}],"circlet_count":0,"master_deck":["Strike_R","Strike_R","Strike_R","Strike_R","Defend_R","Defend_R","Defend_R","Bash","Armaments+1","Armaments+1","Body Slam+1","Disarm","Armaments","Cleave","Iron Wave","Rampage","Barricade","Shrug It Off","Decay","Iron Wave","Body Slam","RitualDagger"],"relics":["Burning Blood","NeowsBlessing","Incense Burner","Charon\u0027s Ashes","Matryoshka","White Beast Statue","Girya","Runic Dome","MealTicket"],"acts_visited":["Exordium","TheCity"],"potions_floor_usage":[16,16,16,18,21,21,23],"damage_taken":[{"damage":0,"enemies":"Cultist","floor":1,"turns":1},{"damage":0,"enemies":"Jaw Worm","floor":2,"turns":1},{"damage":0,"enemies":"Small Slimes","floor":4,"turns":1},{"damage":50,"enemies":"Gremlin Nob","floor":7,"turns":7},{"damage":0,"enemies":"Exordium Wildlife","floor":8,"turns":6},{"damage":16,"enemies":"Lagavulin","floor":12,"turns":7},{"damage":16,"enemies":"Gremlin Nob","floor":14,"turns":5},{"damage":2,"enemies":"Hexaghost","floor":16,"turns":10},{"damage":0,"enemies":"2 Thieves","floor":18,"turns":3},{"damage":0,"enemies":"Chosen","floor":20,"turns":6},{"damage":26,"enemies":"Centurion and Healer","floor":21,"turns":7},{"damage":23,"enemies":"Book of Stabbing","floor":23,"turns":7},{"damage":37,"enemies":"Slavers","floor":25,"turns":3}],"seed_played":"-5974016545559618364","potions_obtained":[{"floor":7,"key":"SteroidPotion"},{"floor":12,"key":"EssenceOfSteel"},{"floor":14,"key":"Strength Potion"},{"floor":16,"key":"AttackPotion"},{"floor":18,"key":"BlessingOfTheForge"},{"floor":20,"key":"SkillPotion"},{"floor":21,"key":"Energy Potion"},{"floor":23,"key":"SteroidPotion"}],"is_trial":false,"path_per_floor":["M","M","$","M","T","R","E","M","T","R","$","E","R","E","R","B",null,"M","?","M","M","?","E","R","E"],"character_chosen":"IRONCLAD","items_purchased":["Body Slam"],"campfire_rested":0,"item_purchase_floors":[3],"current_hp_per_floor":[80,80,80,80,80,80,36,42,42,42,42,32,32,22,22,26,80,80,80,80,60,54,37,37,0,0],"gold":252,"neow_bonus":"THREE_ENEMY_KILL","is_daily":false,"chose_seed":false,"campfire_upgraded":3,"win_rate":0.0,"timestamp":1612860010,"path_taken":["M","?","$","M","?","R","E","M","T","R","$","E","R","E","R","BOSS","M","?","M","?","?","E","R","E"],"items_purchased_type":["Card"],"build_version":"2020-12-22","purchased_purges":2,"victory":false,"max_hp_per_floor":[80,80,80,80,80,80,80,80,80,80,80,80,80,80,80,80,80,80,80,80,80,80,80,80,80,80],"relic_stats":{"counters":[13,64],"MealTicket":0,"Charon\u0027s Ashes":[44],"obtain_stats":[{"Girya":14,"Runic Dome":17,"Matryoshka":9,"NeowsBlessing":0,"MealTicket":23,"Charon\u0027s Ashes":7,"Incense Burner":5,"Burning Blood":0,"White Beast Statue":12},{"Girya":7,"Runic Dome":8,"Matryoshka":5,"NeowsBlessing":0,"MealTicket":12,"Charon\u0027s Ashes":4,"Incense Burner":3,"Burning Blood":0,"White Beast Statue":6},{"Girya":28,"Runic Dome":38,"Matryoshka":16,"NeowsBlessing":0,"MealTicket":61,"Charon\u0027s Ashes":10,"Incense Burner":3,"Burning Blood":0,"White Beast Statue":23}],"Burning Blood":42},"card_choices":[{"not_picked":["Warcry","Headbutt"],"picked":"Armaments","floor":1},{"not_picked":["Headbutt","Disarm"],"picked":"Armaments","floor":2},{"not_picked":["Thunderclap","Clash"],"picked":"Disarm","floor":4},{"not_picked":["Thunderclap","Bloodletting"],"picked":"Armaments","floor":7},{"not_picked":["Sword Boomerang","Burning Pact"],"picked":"Cleave","floor":8},{"not_picked":["Twin Strike","Evolve"],"picked":"Iron Wave","floor":12},{"not_picked":["Searing Blow","Immolate"],"picked":"Rampage","floor":14},{"not_picked":["Bludgeon","Offering"],"picked":"Barricade","floor":16},{"not_picked":["Warcry","Cleave"],"picked":"Shrug It Off","floor":18},{"not_picked":["Flex","Dropkick"],"picked":"Iron Wave","floor":20},{"not_picked":["Flex+1","Dark Embrace"],"picked":"Body Slam","floor":21},{"not_picked":["Heavy Blade","Twin Strike","Spot Weakness"],"picked":"SKIP","floor":23}],"player_experience":160512,"relics_obtained":[{"floor":5,"key":"Incense Burner"},{"floor":7,"key":"Charon\u0027s Ashes"},{"floor":9,"key":"Matryoshka"},{"floor":12,"key":"White Beast Statue"},{"floor":14,"key":"Girya"},{"floor":23,"key":"MealTicket"}],"event_choices":[{"damage_healed":0,"gold_gain":0,"player_choice":"Cursed","damage_taken":0,"max_hp_gain":0,"max_hp_loss":0,"event_name":"Wheel of Change","floor":19,"gold_loss":0,"cards_obtained":["Decay"]},{"damage_healed":0,"gold_gain":0,"player_choice":"Joined the Cult","damage_taken":6,"max_hp_gain":0,"max_hp_loss":0,"event_name":"Nest","floor":22,"gold_loss":0,"cards_obtained":["RitualDagger"]}],"is_beta":false,"boss_relics":[{"not_picked":["Mark of Pain","Philosopher\u0027s Stone"],"picked":"Runic Dome"}],"items_purged_floors":[3,11],"is_endless":false,"potions_floor_spawned":[7,12,14,16,18,20,21,23],"killed_by":"Slavers","ascension_level":2}}