{"host":"tml1x4ylw9tadh99","time":1612889269,"event":{"mods":["AchievementEnabler","Act Like it!","BaseMod","Bestiary","Colored Map","Colored Powertips","DeckTracker","Friendly Minions","GifTheSpireLib","Minty Spire (QoL Compilation)","Quick Restart","Random Character Button","Random Character Mod","Relic Stats","StSLib","Synergy Search"],"gold_per_floor":[117,117,117,127,144,170,170,187,187,213,213,213,232,245,245,245,245],"floor_reached":16,"language":"ENG","playtime":1308,"items_purged":[],"score":112,"play_id":"b69f8b3c-e454-4b89-a43d-ad1aa9defe36","local_time":"20210209174749","is_ascension_mode":false,"campfire_choices":[{"floor":7,"key":"REST"},{"floor":12,"key":"REST"},{"floor":15,"key":"REST"}],"circlet_count":0,"master_deck":["Strike_G","Strike_G","Strike_G","Strike_G","Strike_G","Defend_G","Defend_G","Defend_G","Defend_G","Defend_G+1","Survivor","Neutralize+1","Expertise","Deflect","Die Die Die","Slice","Deflect"],"relics":["Ring of the Snake","NeowsBlessing","Omamori","Matryoshka","Incense Burner","Bird Faced Urn"],"acts_visited":["Exordium"],"potions_floor_usage":[10,16],"damage_taken":[{"damage":0,"enemies":"Small Slimes","floor":1,"turns":1},{"damage":0,"enemies":"Jaw Worm","floor":4,"turns":1},{"damage":0,"enemies":"Cultist","floor":5,"turns":1},{"damage":45,"enemies":"3 Sentries","floor":6,"turns":16},{"damage":0,"enemies":"Blue Slaver","floor":8,"turns":5},{"damage":27,"enemies":"Gremlin Nob","floor":10,"turns":5},{"damage":0,"enemies":"Exordium Thugs","floor":13,"turns":4},{"damage":0,"enemies":"2 Fungi Beasts","floor":14,"turns":4},{"damage":48,"enemies":"Hexaghost","floor":16,"turns":19}],"seed_played":"-4345615907904387487","potions_obtained":[{"floor":6,"key":"Poison Potion"},{"floor":13,"key":"AttackPotion"}],"is_trial":false,"path_per_floor":["M","?","?","M","M","E","R","M","T","E","?","R","M","M","R","B"],"character_chosen":"THE_SILENT","items_purchased":[],"campfire_rested":3,"item_purchase_floors":[],"current_hp_per_floor":[70,56,56,56,56,11,32,32,32,5,5,26,26,26,47,0,0],"gold":245,"neow_bonus":"THREE_ENEMY_KILL","is_daily":false,"chose_seed":false,"campfire_upgraded":0,"win_rate":0.0,"timestamp":1612889269,"path_taken":["M","?","?","?","M","E","R","M","T","E","?","R","M","M","R","BOSS"],"items_purchased_type":[],"build_version":"2020-12-22","purchased_purges":0,"victory":false,"max_hp_per_floor":[70,70,70,70,70,70,70,70,70,70,70,70,70,70,70,70,70],"relic_stats":{"counters":[9,56],"Bird Faced Urn":[0],"obtain_stats":[{"Matryoshka":9,"NeowsBlessing":0,"Bird Faced Urn":11,"Omamori":6,"Incense Burner":10,"Ring of the Snake":0},{"Matryoshka":5,"NeowsBlessing":0,"Bird Faced Urn":6,"Omamori":4,"Incense Burner":6,"Ring of the Snake":0},{"Matryoshka":24,"NeowsBlessing":0,"Bird Faced Urn":29,"Omamori":19,"Incense Burner":29,"Ring of the Snake":0}],"Ring of the Snake":[18]},"card_choices":[{"not_picked":["Deadly Poison","Dagger Spray"],"picked":"Expertise","floor":1},{"not_picked":["Dagger Throw","Backflip","Acrobatics"],"picked":"SKIP","floor":4},{"not_picked":["Dagger Spray","Crippling Poison"],"picked":"Deflect","floor":5},{"not_picked":["Deflect","Backflip"],"picked":"Die Die Die","floor":6},{"not_picked":["Eviscerate","Bane"],"picked":"Calculated Gamble","floor":8},{"not_picked":["Choke","Catalyst","Leg Sweep"],"picked":"SKIP","floor":10},{"not_picked":["All Out Attack","Dagger Throw"],"picked":"Slice","floor":13},{"not_picked":["Dodge and Roll","Distraction"],"picked":"Deflect","floor":14}],"player_experience":38242,"relics_obtained":[{"floor":6,"key":"Omamori"},{"floor":9,"key":"Matryoshka"},{"floor":10,"key":"Incense Burner"}],"event_choices":[{"damage_healed":0,"gold_gain":0,"player_choice":"Entered Light","damage_taken":14,"max_hp_gain":0,"max_hp_loss":0,"event_name":"Shining Light","floor":2,"gold_loss":0,"cards_upgraded":["Neutralize","Defend_G"]},{"damage_healed":0,"gold_gain":0,"player_choice":"0 cards matched","damage_taken":0,"max_hp_gain":0,"max_hp_loss":0,"event_name":"Match and Keep!","floor":3,"gold_loss":0,"cards_obtained":[]},{"cards_removed":["Calculated Gamble"],"damage_healed":0,"gold_gain":0,"player_choice":"Gave Card","damage_taken":0,"relics_obtained":["Bird Faced Urn"],"max_hp_gain":0,"max_hp_loss":0,"event_name":"WeMeetAgain","floor":11,"gold_loss":0}],"is_beta":false,"boss_relics":[],"items_purged_floors":[],"is_endless":false,"potions_floor_spawned":[6,13],"killed_by":"Hexaghost","ascension_level":0}}