{"host":"q5siq61nvu2g7ud8","time":1612877730,"event":{"mods":["BaseMod","KinomotoSakuraMod(木之本樱)","Marisa（F雨　魔理沙）","Minty Spire (QoL Compilation)","Remilia（蕾米莉亚）","Replay The Spire","StSLib","The Senshi","The Servant 0.9.4"],"gold_per_floor":[115,115,115,125,37,69,97,97,97,97,22,22,32,77,77,77,77],"floor_reached":16,"language":"ZHS","playtime":816,"items_purged":["Strike_RM"],"score":166,"play_id":"39e8f7be-6aa8-4ce9-bd24-1adb15b50b7b","local_time":"20210209213529","is_ascension_mode":false,"campfire_choices":[{"data":"HunterOfTheNight","floor":8,"key":"SMITH"},{"data":"Septette","floor":15,"key":"SMITH"}],"circlet_count":0,"master_deck":["Strike_RM","Defend_RM","Defend_RM","Defend_RM","RedMoon","ScarletShoot","BlasphemousPunishment","HunterOfTheNight+1","FavorOfDestiny","TwelveNightmare","BombardNight","FavorOfDestiny","EternalNight","Septette+1"],"relics":["ChewingGum","WingedGreaves","Replay:Mystery Machine","Golden Egg","Smiling Mask"],"acts_visited":["Exordium"],"potions_floor_usage":[14,16,16,16],"damage_taken":[{"damage":5,"enemies":"Small Slimes","floor":1,"turns":3},{"damage":0,"enemies":"2 Louse","floor":4,"turns":5},{"damage":27,"enemies":"Replay:BlueRogue","floor":6,"turns":5},{"damage":10,"enemies":"3 Sentries","floor":7,"turns":2},{"damage":0,"enemies":"Jaw Worm","floor":13,"turns":5},{"damage":10,"enemies":"Gremlin Nob","floor":14,"turns":2},{"damage":85,"enemies":"Hexaghost","floor":16,"turns":11}],"seed_played":"-9069251668865149778","potions_obtained":[{"floor":1,"key":"Explosive Potion"},{"floor":4,"key":"Toxic Potion"},{"floor":6,"key":"Energy Potion"},{"floor":14,"key":"Milkshake"}],"is_trial":false,"path_per_floor":["M","?","?","M","$","E","E","R","T","?","$","?","M","E","R","B"],"character_chosen":"REMILIA","items_purchased":["FavorOfDestiny","TwelveNightmare"],"campfire_rested":0,"item_purchase_floors":[5,5],"current_hp_per_floor":[70,70,63,65,65,38,28,28,28,28,28,85,85,78,78,0,0],"gold":77,"neow_bonus":"BOSS_RELIC","is_daily":false,"chose_seed":false,"campfire_upgraded":2,"win_rate":0.0,"timestamp":1612877729,"path_taken":["M","?","?","M","$","E","E","R","T","?","?","?","M","E","R","BOSS"],"items_purchased_type":["Card","Card"],"build_version":"2020-12-22","purchased_purges":1,"victory":false,"max_hp_per_floor":[75,75,75,75,75,75,75,75,75,75,75,85,85,85,85,85,85],"card_choices":[{"not_picked":["ScarletNetherworld","LeisurelyOfLord"],"picked":"BlasphemousPunishment","floor":1},{"not_picked":["NightDance","ScarletDevil"],"picked":"HunterOfTheNight","floor":4},{"not_picked":["Stigmanizer","BlasphemousPunishment"],"picked":"BombardNight","floor":6},{"not_picked":["StarOfDavid","ScarletDevil"],"picked":"FavorOfDestiny","floor":7},{"not_picked":["DiffusionOfMisfortune","Stigmanizer"],"picked":"EternalNight","floor":13},{"not_picked":["TwelveNightmare","ScarletDevil"],"picked":"Septette","floor":14}],"player_experience":126720,"relics_obtained":[{"floor":6,"key":"WingedGreaves"},{"floor":7,"key":"Replay:Mystery Machine"},{"floor":9,"key":"Golden Egg"},{"floor":14,"key":"Smiling Mask"}],"event_choices":[{"cards_removed":["Strike_RM"],"damage_healed":0,"gold_gain":0,"player_choice":"Card Removal","damage_taken":7,"max_hp_gain":0,"max_hp_loss":0,"event_name":"Golden Wing","floor":3,"gold_loss":0},{"damage_healed":0,"gold_gain":0,"cards_transformed":["Strike_RM"],"player_choice":"Change","damage_taken":0,"max_hp_gain":0,"max_hp_loss":0,"event_name":"Living Wall","floor":10,"gold_loss":0,"cards_obtained":["BloodyCatastrophe"]},{"cards_removed":["BloodyCatastrophe"],"damage_healed":47,"gold_gain":0,"player_choice":"Offered Rare","damage_taken":0,"max_hp_gain":10,"max_hp_loss":0,"event_name":"Bonfire Elementals","floor":12,"gold_loss":0}],"is_beta":false,"boss_relics":[],"items_purged_floors":[11],"is_endless":false,"potions_floor_spawned":[1,4,7],"killed_by":"Hexaghost","ascension_level":0}}