{"host":"rolltorest","time":1612905711,"event":{"mods":["BaseMod","Minty Spire (QoL Compilation)","Relic Stats","Slay the Relics Exporter","StSLib"],"gold_per_floor":[112,124,124,124,137,137,170,190,213,213,213,213],"floor_reached":11,"language":"ENG","playtime":212,"items_purged":[],"score":146,"play_id":"5f2e039f-119b-485f-acec-fc53493c1878","local_time":"20210209132151","is_ascension_mode":true,"campfire_choices":[{"data":"Blade Dance","floor":6,"key":"SMITH"},{"data":"Dagger Spray","floor":10,"key":"SMITH"}],"circlet_count":0,"master_deck":["AscendersBane","Strike_G","Strike_G","Strike_G","Strike_G","Strike_G","Defend_G","Defend_G","Defend_G","Defend_G","Defend_G","Survivor","Neutralize","Blade Dance+1","Terror","Dagger Spray+1","Storm of Steel"],"relics":["Ring of the Snake","NeowsBlessing","Golden Idol","Darkstone Periapt","Bottled Lightning","Art of War"],"acts_visited":["Exordium"],"potions_floor_usage":[],"damage_taken":[{"damage":0,"enemies":"Cultist","floor":1,"turns":1},{"damage":0,"enemies":"Jaw Worm","floor":2,"turns":1},{"damage":0,"enemies":"2 Louse","floor":5,"turns":1},{"damage":24,"enemies":"3 Sentries","floor":7,"turns":9},{"damage":1,"enemies":"Blue Slaver","floor":8,"turns":2},{"damage":11,"enemies":"Gremlin Nob","floor":11,"turns":3}],"seed_played":"-2172188299208062697","potions_obtained":[{"floor":5,"key":"GamblersBrew"}],"is_trial":false,"path_per_floor":["M","M","?","T","M","R","E","M","T","R","E"],"character_chosen":"THE_SILENT","items_purchased":[],"campfire_rested":0,"item_purchase_floors":[],"current_hp_per_floor":[59,59,59,59,59,59,35,34,34,34,23,23],"gold":213,"neow_bonus":"THREE_ENEMY_KILL","is_daily":false,"chose_seed":false,"campfire_upgraded":2,"win_rate":0.0,"timestamp":1612905711,"path_taken":["M","?","?","?","?","R","E","M","T","R","E"],"items_purchased_type":[],"build_version":"2020-12-18","purchased_purges":0,"victory":false,"max_hp_per_floor":[66,66,60,60,60,60,60,60,60,60,60,60],"relic_stats":{"Darkstone Periapt":0,"counters":[6,17],"Golden Idol":14,"Art of War":[0],"obtain_stats":[{"Darkstone Periapt":4,"NeowsBlessing":0,"Golden Idol":3,"Art of War":9,"Bottled Lightning":7,"Ring of the Snake":0},{"Darkstone Periapt":2,"NeowsBlessing":0,"Golden Idol":2,"Art of War":5,"Bottled Lightning":4,"Ring of the Snake":0},{"Darkstone Periapt":2,"NeowsBlessing":0,"Golden Idol":2,"Art of War":14,"Bottled Lightning":12,"Ring of the Snake":0}],"Ring of the Snake":[12]},"card_choices":[{"not_picked":["Skewer","Calculated Gamble"],"picked":"Blade Dance","floor":1},{"not_picked":["Backflip","Eviscerate"],"picked":"Terror","floor":2},{"not_picked":["Deadly Poison","All Out Attack"],"picked":"Dagger Spray","floor":5},{"not_picked":["Deflect","Backflip","Flying Knee"],"picked":"SKIP","floor":7},{"not_picked":["PiercingWail","Endless Agony"],"picked":"Storm of Steel","floor":8}],"player_experience":1932364,"relics_obtained":[{"floor":4,"key":"Darkstone Periapt"},{"floor":7,"key":"Bottled Lightning"},{"floor":9,"key":"Art of War"}],"event_choices":[{"damage_healed":0,"gold_gain":0,"player_choice":"Lose Max HP","damage_taken":0,"relics_obtained":["Golden Idol"],"max_hp_gain":0,"max_hp_loss":6,"event_name":"Golden Idol","floor":3,"gold_loss":0}],"is_beta":true,"boss_relics":[],"items_purged_floors":[],"is_endless":false,"potions_floor_spawned":[5],"killed_by":"Gremlin Nob","ascension_level":20}}