{"host":"97gqqvl04geh4ia8","time":1612880846,"event":{"mods":["BaseMod","Curses Come First","Downfall","Minty Spire (QoL Compilation)","Say the Spire","StSLib","The Servant 0.9.4","UnlockEverythingMod","[IsaacMod]ÒÔÈö¼âËþ","¡¾ÒÅÎï¿¨ÅÆ¡¿REMEMod"],"gold_per_floor":[99,99,24,87,87,99,99,99,99,84,84,96,96,109,124,227,227,227,241,252,268,268,268,317,330,343,228,228,238,248,248,291,387,387,387,432,448,463,463,463,463],"floor_reached":39,"language":"ZHS","playtime":2078,"items_purged":["sneckomod:Strike","sneckomod:Strike","sneckomod:UnknownBoss","sneckomod:Strike+1"],"score":423,"play_id":"dea3df54-934f-42c4-affd-5a193f570220","local_time":"20210209222726","is_ascension_mode":false,"campfire_choices":[{"data":"Adrenaline","floor":11,"key":"SMITH"},{"data":"sneckomod:Cheat","floor":35,"key":"SMITH"}],"circlet_count":0,"master_deck":["sneckomod:Defend+1","sneckomod:Defend+1","sneckomod:Defend+1","sneckomod:TailWhip","sneckomod:SnekBite","Adrenaline+1","sneckomod:MorePower","sneckomod:DiceBlock","sneckomod:SoulDraw","Malaise+1","Panache+1","sneckomod:UnknownRareAttack+1","sneckomod:UnknownUncommonPower+1","sneckomod:SlitherStrike","Guardian:StasisStrike","Thinking Ahead+1","sneckomod:UnknownClassGREEN","REME_MawOfCthun+1","sneckomod:CheapStock","sneckomod:ImprovisedGuard","sneckomod:Cheat+1","Guardian:ChargeUp","sneckomod:RainOfDice","sneckomod:UnknownClassGREEN+1"],"relics":["sneckomod:SuperSneckoSoul","HushsDoor","Void","Blue Candle","Sundial","REME_ChargedStone","sneckomod:SneckoCommon","Matryoshka","Bottled Tornado"],"acts_visited":["Exordium","TheCity","TheBeyond"],"potions_floor_usage":[16,29,32,33,33],"damage_taken":[{"damage":0,"enemies":"Jaw Worm","floor":2,"turns":1},{"damage":0,"enemies":"downfall:FleeingMerchant","floor":3,"turns":1},{"damage":0,"enemies":"Lagavulin Event","floor":4,"turns":1},{"damage":5,"enemies":"2 Louse","floor":6,"turns":2},{"damage":0,"enemies":"downfall:FleeingMerchant","floor":10,"turns":4},{"damage":0,"enemies":"Cultist","floor":12,"turns":4},{"damage":5,"enemies":"3 Louse","floor":14,"turns":3},{"damage":0,"enemies":"2 Fungi Beasts","floor":15,"turns":4},{"damage":0,"enemies":"WA_ARCHETYPE_RETAIN","floor":16,"turns":6},{"damage":0,"enemies":"Shell Parasite","floor":19,"turns":3},{"damage":0,"enemies":"Spheric Guardian","floor":20,"turns":5},{"damage":0,"enemies":"Shelled Parasite and Fungi","floor":21,"turns":2},{"damage":15,"enemies":"Snake Plant","floor":25,"turns":3},{"damage":0,"enemies":"Snecko","floor":26,"turns":5},{"damage":0,"enemies":"downfall:FleeingMerchant","floor":27,"turns":4},{"damage":5,"enemies":"Chosen and Byrds","floor":29,"turns":4},{"damage":0,"enemies":"Snake Plant","floor":30,"turns":4},{"damage":15,"enemies":"Centurion and Healer","floor":32,"turns":4},{"damage":32,"enemies":"DF_ARCHETYPE_CLAW","floor":33,"turns":8},{"damage":0,"enemies":"2 Orb Walkers","floor":36,"turns":3},{"damage":0,"enemies":"Orb Walker","floor":37,"turns":4},{"damage":0,"enemies":"3 Shapes","floor":38,"turns":4},{"damage":4,"enemies":"Sphere and 2 Shapes","floor":39,"turns":3}],"seed_played":"-8049604283673859808","potions_obtained":[{"floor":4,"key":"Block Potion"},{"floor":14,"key":"LiquidBronze"},{"floor":15,"key":"sneckomod:DiceRollPotion"},{"floor":16,"key":"BlessingOfTheForge"},{"floor":29,"key":"Block Potion"},{"floor":32,"key":"REME_GoldPotion"},{"floor":37,"key":"Explosive Potion"}],"is_trial":false,"path_per_floor":["R","M","$","?","?","M","T","R","T","$","R","M","R","M","M","B",null,"R","M","M","M","?","R","T","M","M","$","R","M","M","?","M","B",null,"R","?","M","M","M"],"character_chosen":"THE_SNECKO","items_purchased":["SatanicBible","sneckomod:UnknownBoss","Damocles"],"campfire_rested":0,"item_purchase_floors":[17,17,34],"current_hp_per_floor":[90,90,90,90,85,80,80,80,80,80,80,80,80,75,75,75,71,71,71,71,71,71,71,71,56,56,56,56,51,51,51,36,4,54,54,54,54,54,0,0,0],"gold":463,"neow_bonus":"THREE_ENEMY_KILL","is_daily":false,"chose_seed":false,"campfire_upgraded":2,"win_rate":0.0,"timestamp":1612880846,"path_taken":["R","M","$","?","?","M","T","R","?","$","R","M","R","?","M","BOSS","R","M","M","?","?","R","T","M","M","$","R","M","M","?","M","BOSS","R","?","M","M","M"],"items_purchased_type":["Relic","Card","Relic"],"build_version":"2020-12-22","purchased_purges":4,"victory":false,"max_hp_per_floor":[90,90,90,90,90,90,90,90,90,90,90,90,90,90,90,90,71,71,71,71,71,71,71,71,71,71,71,71,71,71,71,71,71,54,54,54,54,54,54,54,54],"card_choices":[{"not_picked":["sneckomod:UnknownX","sneckomod:UnknownDraw","sneckomod:QuickMove"],"picked":"SKIP","floor":2},{"not_picked":["sneckomod:UnendingSupply","sneckomod:DiceCrush"],"picked":"sneckomod:MorePower","floor":3},{"not_picked":["sneckomod:IronFang","sneckomod:SoulCleanse"],"picked":"sneckomod:DiceBlock","floor":4},{"not_picked":["sneckomod:UnknownVulnerable+1","sneckomod:UnknownBlock+1"],"picked":"sneckomod:UnknownWeak+1","floor":6},{"not_picked":["sneckomod:Nope","sneckomod:Unknown1Cost"],"picked":"sneckomod:SoulDraw","floor":6},{"not_picked":["sneckomod:UnknownBlock+1","sneckomod:UnknownCommonSkill+1"],"picked":"sneckomod:UnknownRarePower+1","floor":10},{"not_picked":["sneckomod:Mudshield","sneckomod:QuickBite","sneckomod:UnknownStrike"],"picked":"SKIP","floor":10},{"not_picked":["sneckomod:RainOfDice","sneckomod:QuickBite","sneckomod:UnknownUncommonAttack"],"picked":"SKIP","floor":12},{"not_picked":["sneckomod:UnknownBlock+1","sneckomod:UnknownVulnerable+1"],"picked":"sneckomod:UnknownRareAttack+1","floor":14},{"not_picked":["sneckomod:SoulDraw","sneckomod:IronFang","sneckomod:SoulRoll"],"picked":"SKIP","floor":14},{"not_picked":["sneckomod:UnknownRarePower+1","sneckomod:UnknownDraw+1"],"picked":"sneckomod:UnknownUncommonPower+1","floor":15},{"not_picked":["sneckomod:DiceCrush","Bomb"],"picked":"sneckomod:SlitherStrike","floor":15},{"not_picked":["sneckomod:Unknown1Cost+1","sneckomod:UnknownBlock+1"],"picked":"sneckomod:UnknownRareSkill+1","floor":16},{"not_picked":["sneckomod:UnknownCommonAttack+1","sneckomod:Nope+1","sneckomod:DefensiveFlair"],"picked":"SKIP","floor":19},{"not_picked":["sneckomod:UnknownBlock","sneckomod:ImprovisedAttack"],"picked":"sneckomod:Unknown0Cost","floor":20},{"not_picked":["sneckomod:DiceCrush+1","sneckomod:Nope+1","sneckomod:SerpentIdol"],"picked":"SKIP","floor":21},{"not_picked":["sneckomod:Unknown3Cost+1","sneckomod:UnknownUncommonSkill+1"],"picked":"sneckomod:UnknownWeak+1","floor":25},{"not_picked":["sneckomod:SnekBeam","sneckomod:WideSting+1","sneckomod:SoulDraw+1"],"picked":"SKIP","floor":25},{"not_picked":["sneckomod:RainOfDice","sneckomod:ImprovisedAttack","sneckomod:DiceCrush+1"],"picked":"SKIP","floor":26},{"not_picked":["sneckomod:DiceBoulder","sneckomod:SoulDraw+1","sneckomod:SerpentIdol"],"picked":"SKIP","floor":27},{"not_picked":["sneckomod:UnknownVulnerable","sneckomod:ImprovisedAttack"],"picked":"sneckomod:CheapStock","floor":29},{"not_picked":["sneckomod:UnknownUncommonPower+1","sneckomod:SlitherStrike","sneckomod:MasterEye"],"picked":"SKIP","floor":30},{"not_picked":["sneckomod:UnknownDraw","sneckomod:UnknownWeak","sneckomod:DiceBlock"],"picked":"SKIP","floor":32},{"not_picked":["sneckomod:UnknownDraw","sneckomod:UnknownWeak","sneckomod:DiceBlock"],"picked":"SKIP","floor":32},{"not_picked":["sneckomod:UnlimitedRolls","sneckomod:Mudshield"],"picked":"sneckomod:Cheat","floor":33},{"not_picked":["sneckomod:UnknownUncommonPower","sneckomod:WideSting+1"],"picked":"sneckomod:RainOfDice","floor":36},{"not_picked":["sneckomod:DiceCrush","sneckomod:UnknownClassGUARDIAN+1","sneckomod:UnknownCommonSkill+1"],"picked":"SKIP","floor":37},{"not_picked":["sneckomod:UnknownX+1","sneckomod:DiceBlock+1"],"picked":"sneckomod:UnknownClassGREEN+1","floor":38}],"player_experience":107327,"relics_obtained":[{"floor":4,"key":"Dream Catcher"},{"floor":7,"key":"AnarchistCookbook"},{"floor":9,"key":"Sundial"},{"floor":24,"key":"sneckomod:SneckoCommon"},{"floor":36,"key":"Unceasing Top"},{"floor":36,"key":"Matryoshka"},{"floor":37,"key":"BookOfRevelations"},{"floor":38,"key":"Bottled Tornado"}],"event_choices":[{"damage_healed":0,"gold_gain":0,"player_choice":"Read","damage_taken":0,"max_hp_gain":0,"max_hp_loss":0,"event_name":"The Library","floor":31,"gold_loss":0,"cards_obtained":["sneckomod:ImprovisedGuard"]},{"damage_healed":0,"gold_gain":0,"player_choice":"Fight","damage_taken":0,"max_hp_gain":0,"max_hp_loss":0,"event_name":"Mysterious Sphere","floor":36,"gold_loss":0}],"is_beta":false,"boss_relics":[{"not_picked":["Velvet Choker","ChampionBelt"],"picked":"REME_ChargedStone"},{"not_picked":[]},{"not_picked":["SacredBark","bronze:MakeshiftBattery"],"picked":"sneckomod:SuperSneckoSoul"},{"not_picked":[]}],"items_purged_floors":[3,17,27,34],"is_endless":false,"potions_floor_spawned":[4,14,15,16,20,29,30,32,37],"killed_by":"Sphere and 2 Shapes","ascension_level":0}}