{"host":"fdip6nj211smoxvi","time":1612832954,"event":{"mods":["BaseMod","BetterRewards","Colored Map","Downfall","Hermit","Minty Spire (QoL Compilation)","Shop Mod","StSLib","The Hierophant","The Servant 0.9.4"],"gold_per_floor":[113,123,73,73,85,111,91,103,127,147,182,182,196,27,27,132,132,143,155,155,180,196,196,230,230,230,249,284,132,57,156,156,260,260,280,300,350,4,15,15,15,15,67,92,109,109,109,109],"floor_reached":47,"language":"DEU","playtime":2628,"items_purged":["Strike_G","Defend_G"],"score":603,"play_id":"ce378879-9dd6-463a-8de8-b85d8a1ab450","local_time":"20210209020914","is_ascension_mode":true,"campfire_choices":[{"floor":15,"key":"REST"},{"data":"Deadly Poison","floor":23,"key":"SMITH"},{"floor":25,"key":"REST"},{"floor":32,"key":"REST"},{"floor":40,"key":"REST"},{"floor":46,"key":"REST"}],"circlet_count":0,"master_deck":["Strike_G+1","Strike_G","Strike_G","Defend_G+1","Defend_G","Survivor","Neutralize","All Out Attack","Underhanded Strike","Slice","Poisoned Stab","Deadly Poison+1","Poisoned Stab","Flying Knee","Noxious Fumes","Sucker Punch","Flying Knee","Adrenaline+1","Eviscerate+1","Sucker Punch","Bouncing Flask","Acrobatics+1","PiercingWail+1","Blur","Footwork+1","After Image","Deadly Poison+1","Tactician+1","Deadly Poison+1","Underhanded Strike+1","Die Die Die+1","Poisoned Stab+1"],"relics":["Runic Pyramid","Lantern","Dream Catcher","Blood Vial","bronze:MakeshiftBattery","Centennial Puzzle","Pen Nib","Matryoshka","CaptainsWheel","War Paint","HoveringKite","Tingsha","Kunai","Gremlin Horn","Boot","Molten Egg 2"],"acts_visited":["Exordium","TheCity","TheBeyond"],"potions_floor_usage":[5,11,16,22,22,28,28,37,47],"damage_taken":[{"damage":3,"enemies":"2 Louse","floor":1,"turns":4},{"damage":0,"enemies":"Small Slimes","floor":2,"turns":3},{"damage":0,"enemies":"Cultist","floor":5,"turns":4},{"damage":9,"enemies":"3 Sentries","floor":6,"turns":7},{"damage":0,"enemies":"Lots of Slimes","floor":8,"turns":1},{"damage":5,"enemies":"2 Fungi Beasts","floor":10,"turns":2},{"damage":19,"enemies":"Lagavulin","floor":11,"turns":5},{"damage":9,"enemies":"Blue Slaver","floor":13,"turns":2},{"damage":21,"enemies":"Hexaghost","floor":16,"turns":8},{"damage":7,"enemies":"Chosen","floor":18,"turns":4},{"damage":0,"enemies":"Spheric Guardian","floor":19,"turns":3},{"damage":5,"enemies":"3 Cultists","floor":22,"turns":4},{"damage":40,"enemies":"Slavers","floor":24,"turns":5},{"damage":15,"enemies":"Centurion and Healer","floor":27,"turns":5},{"damage":17,"enemies":"Gremlin Leader","floor":28,"turns":6},{"damage":30,"enemies":"Champ","floor":33,"turns":10},{"damage":35,"enemies":"3 Shapes","floor":35,"turns":4},{"damage":8,"enemies":"Orb Walker","floor":36,"turns":3},{"damage":0,"enemies":"Mind Bloom Boss Battle","floor":37,"turns":6},{"damage":18,"enemies":"Transient","floor":39,"turns":5},{"damage":29,"enemies":"Nemesis","floor":44,"turns":6},{"damage":0,"enemies":"Jaw Worm Horde","floor":45,"turns":2},{"damage":37,"enemies":"Reptomancer","floor":47,"turns":2}],"seed_played":"-6733948850047883264","potions_obtained":[{"floor":1,"key":"Regen Potion"},{"floor":5,"key":"Swift Potion"},{"floor":7,"key":"AttackPotion"},{"floor":10,"key":"Weak Potion"},{"floor":16,"key":"Strength Potion"},{"floor":24,"key":"BlessingOfTheForge"},{"floor":27,"key":"SneckoOil"},{"floor":33,"key":"ColorlessPotion"},{"floor":36,"key":"EssenceOfSteel"},{"floor":44,"key":"BlessingOfTheForge"}],"is_trial":false,"path_per_floor":["M","M","?","?","M","E","?","M","T","M","E","?","M","$","R","B",null,"M","M","?","T","M","R","E","R","T","M","E","$","?","?","R","B",null,"M","M","?","$","M","R","?","$","T","E","M","R","E"],"character_chosen":"THE_SILENT","items_purchased":["Noxious Fumes","Sucker Punch","War Paint","Kunai"],"campfire_rested":5,"item_purchase_floors":[14,14,29,38],"current_hp_per_floor":[67,67,67,53,65,56,56,56,56,51,32,32,25,25,46,27,70,63,65,65,65,62,62,24,45,45,32,17,17,17,17,38,10,70,35,29,31,31,15,36,36,36,36,9,11,32,0,0],"gold":109,"neow_bonus":"BOSS_RELIC","is_daily":false,"chose_seed":false,"campfire_upgraded":1,"win_rate":0.0,"timestamp":1612832954,"path_taken":["M","M","?","?","M","E","?","?","T","?","E","?","M","$","R","BOSS","M","M","?","?","M","R","E","R","T","?","E","$","?","?","R","BOSS","M","M","?","$","M","R","?","?","T","E","?","R","E"],"items_purchased_type":["Card","Card","Relic","Relic"],"build_version":"2020-12-22","purchased_purges":2,"victory":false,"max_hp_per_floor":[70,70,70,70,70,70,70,70,70,70,70,70,70,70,70,70,70,70,70,70,70,70,70,70,70,70,70,70,70,70,70,70,70,70,70,70,70,70,70,70,70,70,70,70,70,70,70,70],"card_choices":[{"not_picked":["Cloak And Dagger","Expertise"],"picked":"All Out Attack","floor":1},{"not_picked":["Skewer","Masterful Stab"],"picked":"Underhanded Strike","floor":2},{"not_picked":["Cloak And Dagger","Blur"],"picked":"Slice","floor":5},{"not_picked":["Catalyst","Blade Dance"],"picked":"Poisoned Stab","floor":6},{"not_picked":["PiercingWail","Poisoned Stab"],"picked":"Deadly Poison","floor":8},{"not_picked":["Flechettes","Deflect","Eviscerate"],"picked":"SKIP","floor":10},{"not_picked":["Endless Agony","Predator"],"picked":"Poisoned Stab","floor":11},{"not_picked":["Dash","Dodge and Roll"],"picked":"Flying Knee","floor":13},{"not_picked":["Quick Slash","Dodge and Roll"],"picked":"Flying Knee","floor":15},{"not_picked":["Grand Finale","Burst"],"picked":"Adrenaline","floor":16},{"not_picked":["Outmaneuver","Quick Slash"],"picked":"Eviscerate+1","floor":18},{"not_picked":["Dodge and Roll","Endless Agony"],"picked":"Sucker Punch","floor":19},{"not_picked":["Noxious Fumes","Acrobatics","Blade Dance+1"],"picked":"SKIP","floor":22},{"not_picked":["Setup+1","Accuracy"],"picked":"Acrobatics+1","floor":24},{"not_picked":["Dash+1","Noxious Fumes"],"picked":"PiercingWail","floor":25},{"not_picked":["Eviscerate","Quick Slash","Sucker Punch"],"picked":"SKIP","floor":27},{"not_picked":["Outmaneuver","Masterful Stab"],"picked":"Blur","floor":28},{"not_picked":["Heel Hook","Dagger Throw+1"],"picked":"Footwork+1","floor":32},{"not_picked":["Glass Knife","Die Die Die"],"picked":"After Image","floor":33},{"not_picked":["Backflip","Underhanded Strike"],"picked":"Deadly Poison+1","floor":35},{"not_picked":["Cloak And Dagger","PiercingWail"],"picked":"Tactician+1","floor":36},{"not_picked":["Endless Agony+1","Quick Slash"],"picked":"Deadly Poison+1","floor":37},{"not_picked":["Dagger Spray+1","Well Laid Plans+1","Bouncing Flask"],"picked":"SKIP","floor":39},{"not_picked":["Finisher","Backstab"],"picked":"Underhanded Strike+1","floor":40},{"not_picked":["Footwork","Underhanded Strike+1"],"picked":"Die Die Die+1","floor":44},{"not_picked":["Flying Knee+1","Heel Hook+1"],"picked":"Poisoned Stab+1","floor":45}],"player_experience":261402,"relics_obtained":[{"floor":6,"key":"Lantern"},{"floor":9,"key":"Dream Catcher"},{"floor":11,"key":"Blood Vial"},{"floor":21,"key":"Centennial Puzzle"},{"floor":24,"key":"Pen Nib"},{"floor":26,"key":"Matryoshka"},{"floor":28,"key":"CaptainsWheel"},{"floor":37,"key":"Tingsha"},{"floor":43,"key":"Gremlin Horn"},{"floor":43,"key":"Boot"},{"floor":44,"key":"Molten Egg 2"}],"event_choices":[{"cards_removed":["Strike_G"],"damage_healed":0,"gold_gain":0,"player_choice":"Card Removal","damage_taken":0,"max_hp_gain":0,"max_hp_loss":0,"event_name":"The Cleric","floor":3,"gold_loss":50},{"damage_healed":0,"gold_gain":0,"player_choice":"Entered Light","damage_taken":14,"max_hp_gain":0,"max_hp_loss":0,"event_name":"Shining Light","floor":4,"gold_loss":0,"cards_upgraded":["Defend_G","Strike_G"]},{"damage_healed":0,"gold_gain":0,"player_choice":"Bought 1 Potion","damage_taken":0,"max_hp_gain":0,"max_hp_loss":0,"event_name":"The Woman in Blue","floor":7,"gold_loss":0},{"damage_healed":0,"gold_gain":0,"player_choice":"Searched \u00270\u0027 times","damage_taken":0,"max_hp_gain":0,"max_hp_loss":0,"event_name":"Dead Adventurer","floor":12,"gold_loss":0},{"damage_healed":0,"gold_gain":0,"player_choice":"Read","damage_taken":0,"max_hp_gain":0,"max_hp_loss":0,"event_name":"The Library","floor":20,"gold_loss":0,"cards_obtained":["Bouncing Flask"]},{"cards_removed":["Defend_G"],"damage_healed":0,"gold_gain":0,"player_choice":"Gave Gold","damage_taken":0,"max_hp_gain":0,"max_hp_loss":0,"event_name":"Beggar","floor":30,"gold_loss":75},{"damage_healed":0,"gold_gain":99,"player_choice":"Stole From Cult","damage_taken":0,"max_hp_gain":0,"max_hp_loss":0,"event_name":"Nest","floor":31,"gold_loss":0},{"damage_healed":0,"gold_gain":0,"player_choice":"Fight","damage_taken":0,"max_hp_gain":0,"max_hp_loss":0,"event_name":"MindBloom","floor":37,"gold_loss":0},{"cards_removed":["Defend_G"],"damage_healed":0,"gold_gain":0,"player_choice":"Removed Skill","damage_taken":0,"max_hp_gain":0,"max_hp_loss":0,"event_name":"Falling","floor":41,"gold_loss":0}],"is_beta":false,"boss_relics":[{"not_picked":["Empty Cage","SlaversCollar"],"picked":"bronze:MakeshiftBattery"},{"not_picked":["Fusion Hammer","Coffee Dripper"],"picked":"HoveringKite"}],"items_purged_floors":[14,38],"is_endless":false,"potions_floor_spawned":[1,5,10,16,24,27,33,36,44],"killed_by":"Reptomancer","ascension_level":3}}