{"host":"8d3fefv2347kqkpz","time":1612890961,"event":{"mods":["AchievementEnabler","Act Like it!","BaseMod","Better Vampires","Colored Map","Colored Powertips","Downfall","GifTheSpireLib","Highlight Path","Minty Spire (QoL Compilation)","Quick Restart","Rare Cards Sparkle","Relic Stats","Replay The Spire","Spicy Shops","StSLib","Waifu the Spire"],"gold_per_floor":[99,99,99,99,99,118,118,118,134,164,64,75,75,91,104,206,206,279,299,314,21,39,73,98,98,98,116,143,143,143,143,154,254,254,254,270,78,98,93,93,118,134,49,63,63,113,132,132,148,148],"floor_reached":51,"language":"ZHS","playtime":3197,"items_purged":["Guardian:Gem_Blue","Guardian:Strike_Guardian","Guardian:MultiBeam+1","Guardian:Strike_Guardian"],"score":687,"play_id":"bca3978c-11af-4639-984b-246ec966395c","local_time":"20210210011601","is_ascension_mode":false,"campfire_choices":[{"data":"Guardian:TwinSlam","floor":1.0,"key":"SMITH"},{"floor":11.0,"key":"REST"},{"data":"Guardian:PiercingHide","floor":13.0,"key":"SMITH"},{"data":"Guardian:ExploitGems","floor":25.0,"key":"SMITH"},{"data":"Guardian:BaubleBeam","floor":35.0,"key":"SMITH"},{"floor":45.0,"key":"REST"}],"circlet_count":0,"master_deck":["Guardian:Defend_Guardian","Guardian:Defend_Guardian","Guardian:Defend_Guardian","Guardian:TwinSlam+1","Guardian:Incinerate","Guardian:Suspension+1","Guardian:Clone","Guardian:PiercingHide+1","Guardian:VentSteam","Guardian:GemFinder+1","Guardian:TimeBomb","Guardian:PrimingBeam","Guardian:ExploitGems+1","Guardian:GemFire","Guardian:PrismaticBeam","Guardian:TemporalStrike","Guardian:VentSteam+1","Guardian:FloatingOrbs","Guardian:CrystalBeam+1","Guardian:BaubleBeam+1","Guardian:Reroute+1","Guardian:PrismaticBarrier","Guardian:PiercingHide+1","Thinking Ahead","Guardian:Gem_Cyan"],"relics":["Guardian:ModeShifter","downfall:HeartsMalice","Torii","Guardian:SackOfGems","downfall:HeartBlessingGreen","Astrolabe","Orrery","Replay:Baseball","PreservedInsect","Smiling Mask","CaptainsWheel","Blue Candle"],"acts_visited":["Exordium","TheCity","TheBeyond"],"potions_floor_usage":[50,50],"damage_taken":[{"damage":0.0,"enemies":"Jaw Worm","floor":2.0,"turns":1.0},{"damage":0.0,"enemies":"Cultist","floor":3.0,"turns":1.0},{"damage":0.0,"enemies":"2 Louse","floor":5.0,"turns":1.0},{"damage":0.0,"enemies":"3 Louse","floor":6.0,"turns":3.0},{"damage":9.0,"enemies":"Red Slaver","floor":9.0,"turns":4.0},{"damage":28.0,"enemies":"3 Sentries","floor":10.0,"turns":16.0},{"damage":1.0,"enemies":"Exordium Thugs","floor":12.0,"turns":5.0},{"damage":0.0,"enemies":"Large Slime","floor":14.0,"turns":5.0},{"damage":1.0,"enemies":"3 Louse","floor":15.0,"turns":4.0},{"damage":3.0,"enemies":"SI_SHIV_ARCHETYPE","floor":16.0,"turns":7.0},{"damage":7.0,"enemies":"Spheric Guardian","floor":19.0,"turns":5.0},{"damage":1.0,"enemies":"Chosen","floor":20.0,"turns":6.0},{"damage":0.0,"enemies":"downfall:FleeingMerchant","floor":21.0,"turns":4.0},{"damage":0.0,"enemies":"Centurion and Healer","floor":22.0,"turns":2.0},{"damage":14.0,"enemies":"Replay:Snechameleon","floor":23.0,"turns":5.0},{"damage":0.0,"enemies":"Sentry and Sphere","floor":27.0,"turns":2.0},{"damage":1.0,"enemies":"Book of Stabbing","floor":28.0,"turns":3.0},{"damage":0.0,"enemies":"Chosen and Byrds","floor":32.0,"turns":1.0},{"damage":44.0,"enemies":"DF_ARCHETYPE_CLAW","floor":33.0,"turns":8.0},{"damage":14.0,"enemies":"3 Shapes","floor":36.0,"turns":5.0},{"damage":0.0,"enemies":"downfall:FleeingMerchant","floor":37.0,"turns":4.0},{"damage":7.0,"enemies":"3 Darklings","floor":38.0,"turns":3.0},{"damage":0.0,"enemies":"downfall:FleeingMerchant","floor":39.0,"turns":2.0},{"damage":16.0,"enemies":"Spire Growth","floor":42.0,"turns":5.0},{"damage":0.0,"enemies":"Jaw Worm Horde","floor":44.0,"turns":1.0},{"damage":1.0,"enemies":"Jaw Worm Horde","floor":46.0,"turns":5.0},{"damage":1.0,"enemies":"4 Shapes","floor":47.0,"turns":7.0},{"damage":1.0,"enemies":"3 Darklings","floor":49.0,"turns":5.0},{"damage":21,"enemies":"WA_ARCHETYPE_DIVINITY","floor":50,"turns":9}],"seed_played":"8443248042645179922","potions_obtained":[{"floor":6.0,"key":"Fire Potion"},{"floor":9.0,"key":"SpeedPotion"},{"floor":10.0,"key":"Explosive Potion"},{"floor":12.0,"key":"AttackPotion"},{"floor":14.0,"key":"Adrenaline Potion"},{"floor":22.0,"key":"Energy Potion"},{"floor":23.0,"key":"PowerPotion"},{"floor":33.0,"key":"Elixir"},{"floor":36.0,"key":"LifebloodPotion"},{"floor":42.0,"key":"Fire Potion"},{"floor":46.0,"key":"Weak Potion"},{"floor":49.0,"key":"DistilledChaos"}],"is_trial":false,"path_per_floor":["R","M","M","?","M","M","T","?","M","E","R","M","R","M","M","B",null,"R_BF","M","M","$","M","E","T","R","?","M","E","?","?","?","M","B",null,"R","M","$","M","$","?","T","M","$","M","R","?","M","?","M","B",null],"character_chosen":"GUARDIAN","items_purchased":["Orrery","Guardian:PrismaticBeam","Guardian:PrismaticBarrier","Guardian:Gem_Green","Thinking Ahead","Guardian:Gem_White"],"campfire_rested":2,"item_purchase_floors":[21,21,37,39,39,43],"current_hp_per_floor":[80,80,80,80,80,80,80,80,71,43,67,66,66,66,65,62,80,80,73,72,72,72,58,58,58,58,58,57,57,57,57,57,13,80,80,66,66,59,59,59,59,43,43,43,67,66,65,60,59,38],"gold":148,"neow_bonus":"THREE_ENEMY_KILL","is_daily":false,"chose_seed":false,"campfire_upgraded":4,"win_rate":0.0,"timestamp":1612890961,"path_taken":["R","M","M","?","?","M","T","?","M","E","R","M","R","M","M","BOSS","R_BF","M","M","$","M","E","T","R","?","M","E","?","?","?","M","BOSS","R","M","?","M","?","?","T","M","$","M","R","?","?","?","M","BOSS"],"items_purchased_type":["Relic","Card","Card","Card","Card","Card"],"build_version":"2020-12-22","purchased_purges":4,"victory":true,"max_hp_per_floor":[80,80,80,80,80,80,80,80,80,80,80,80,80,80,80,80,80,80,80,80,80,80,80,80,80,80,80,80,80,80,80,80,80,80,80,80,80,80,80,80,80,80,80,80,80,80,80,80,80,80],"relic_stats":{"Torii":34,"counters":[29,126],"Astrolabe":["Guardian:GemFinder","Guardian:RevengeProtocol","Guardian:Gem_Lightblue"],"Blue Candle":[0],"PreservedInsect":50,"Smiling Mask":100,"obtain_stats":[{"Replay:Baseball":24,"CaptainsWheel":46,"Torii":7,"Astrolabe":17,"Blue Candle":48,"Guardian:ModeShifter":0,"Orrery":21,"downfall:HeartsMalice":0,"Guardian:SackOfGems":10,"downfall:HeartBlessingGreen":11,"PreservedInsect":28,"Smiling Mask":41},{"Replay:Baseball":15,"CaptainsWheel":26,"Torii":4,"Astrolabe":10,"Blue Candle":27,"Guardian:ModeShifter":0,"Orrery":13,"downfall:HeartsMalice":0,"Guardian:SackOfGems":6,"downfall:HeartBlessingGreen":6,"PreservedInsect":17,"Smiling Mask":23},{"Replay:Baseball":66,"CaptainsWheel":105,"Torii":3,"Astrolabe":44,"Blue Candle":112,"Guardian:ModeShifter":0,"Orrery":59,"downfall:HeartsMalice":0,"Guardian:SackOfGems":23,"downfall:HeartBlessingGreen":23,"PreservedInsect":71,"Smiling Mask":94}]},"card_choices":[{"not_picked":["Guardian:Suspension","Guardian:Planning"],"picked":"Guardian:Incinerate","floor":2.0},{"not_picked":["Guardian:ShieldCharger","Guardian:Planning"],"picked":"Guardian:Suspension","floor":3.0},{"not_picked":["Guardian:Recover","Guardian:Gem_Lightblue"],"picked":"Guardian:Clone","floor":5.0},{"not_picked":["Guardian:DonusPower","Guardian:Gem_Lightblue","Guardian:PrismaticBeam"],"picked":"SKIP","floor":6.0},{"not_picked":["Guardian:Gem_Red","Guardian:CrystalBeam"],"picked":"Guardian:Gem_Crimson","floor":9.0},{"not_picked":["Guardian:Suspension","Guardian:CrystalBeam"],"picked":"Guardian:PiercingHide","floor":10.0},{"not_picked":["Guardian:ShieldCharger","Guardian:ArmoredProtocol"],"picked":"Guardian:Gem_Purple","floor":12.0},{"not_picked":["Guardian:WalkerClaw","Guardian:Suspension","Guardian:RollAttack"],"picked":"SKIP","floor":14.0},{"not_picked":["Guardian:Incinerate","Guardian:FastForward"],"picked":"Guardian:VentSteam","floor":15.0},{"not_picked":["Guardian:FastForward","Guardian:ExploitGems"],"picked":"Guardian:Gem_Orange","floor":16.0},{"not_picked":["Guardian:Gem_Red","Guardian:Gem_Lightblue"],"picked":"Guardian:Gem_Cyan","floor":19.0},{"not_picked":["Guardian:Gem_Red","Guardian:Gem_Green"],"picked":"Guardian:Gem_Cyan","floor":19.0},{"not_picked":["Guardian:Gem_Green","Guardian:TemporalStrike"],"picked":"Guardian:TimeBomb","floor":19.0},{"not_picked":["Guardian:GemFire","Guardian:Incinerate"],"picked":"Guardian:PrimingBeam","floor":20.0},{"not_picked":["Guardian:Gem_Red","Guardian:DecasProtection+1"],"picked":"Guardian:MultiBeam+1","floor":21.0},{"not_picked":["Guardian:MultiBeam","Guardian:Gem_Green"],"picked":"Guardian:ExploitGems","floor":21.0},{"not_picked":["Guardian:GatlingBeam","Guardian:TimeCapacitor"],"picked":"Guardian:Gem_Orange","floor":21.0},{"not_picked":["Guardian:EvasiveProtocol","Guardian:Planning"],"picked":"Guardian:GemFire","floor":21.0},{"not_picked":["Guardian:ShieldCharger+1","Guardian:Harden"],"picked":"Guardian:TemporalStrike","floor":22.0},{"not_picked":["Guardian:Reroute","Guardian:ChargeCore"],"picked":"Guardian:Gem_Cyan","floor":23.0},{"not_picked":["Guardian:Gem_Green","Guardian:Gem_Red"],"picked":"Guardian:Gem_Cyan","floor":23.0},{"not_picked":["Guardian:Gem_Purple","Guardian:RollAttack","Guardian:Gem_Green"],"picked":"SKIP","floor":27.0},{"not_picked":["Guardian:SentryBeam+1","Guardian:Recover"],"picked":"Guardian:VentSteam+1","floor":28.0},{"not_picked":["Guardian:Gem_Lightblue","Guardian:Gem_Green"],"picked":"Guardian:Gem_Cyan","floor":28.0},{"not_picked":["Guardian:Planning","Guardian:EvasiveProtocol"],"picked":"Guardian:CrystalBeam+1","floor":32.0},{"not_picked":["Guardian:HyperBeam_Guardian","Guardian:FierceBash"],"picked":"Guardian:BaubleBeam","floor":33.0},{"not_picked":["Guardian:Gem_Lightblue","Guardian:Gem_Red"],"picked":"Guardian:Gem_Green","floor":33.0},{"not_picked":["Guardian:Gem_Lightblue","Guardian:Gem_Red"],"picked":"Guardian:Gem_Cyan","floor":36.0},{"not_picked":["Guardian:GuardianWhirl","Guardian:ChargeCore"],"picked":"Guardian:Reroute+1","floor":36.0},{"not_picked":["Guardian:Gem_Cyan","Guardian:Gem_Red"],"picked":"Guardian:Gem_Green","floor":37.0},{"not_picked":["Guardian:WalkerClaw+1","Guardian:RefractedBeam","Guardian:CrystalBeam+1"],"picked":"SKIP","floor":37.0},{"not_picked":["Guardian:Gem_Red","Guardian:Gem_Cyan"],"picked":"Guardian:Gem_Green","floor":38.0},{"not_picked":["Guardian:Incinerate","Guardian:TimeSifter"],"picked":"Guardian:PiercingHide+1","floor":38.0},{"not_picked":["Guardian:VentSteam+1","Guardian:TemporalStrike+1","Guardian:ChargeCore"],"picked":"SKIP","floor":39.0},{"not_picked":["Guardian:Gem_Red","Guardian:Gem_Lightblue"],"picked":"Guardian:Gem_Green","floor":42.0},{"not_picked":["Guardian:Repulse+1","Guardian:VentSteam+1"],"picked":"Guardian:Gem_Purple","floor":42.0},{"not_picked":["Guardian:Gem_Fragmented","Guardian:PrimingBeam"],"picked":"Guardian:Gem_Green","floor":44.0},{"not_picked":["Guardian:Gem_Green","Guardian:Gem_Lightblue"],"picked":"Guardian:Gem_Cyan","floor":46.0},{"not_picked":["Guardian:PrimingBeam","Guardian:Suspension","Guardian:Gem_Lightblue"],"picked":"SKIP","floor":47.0},{"not_picked":["Guardian:Incinerate+1","Guardian:Gem_Cyan","Guardian:Planning+1"],"picked":"SKIP","floor":49.0}],"player_experience":318798,"relics_obtained":[{"floor":7.0,"key":"Torii"},{"floor":10.0,"key":"Guardian:SackOfGems"},{"floor":24.0,"key":"Replay:Baseball"},{"floor":28.0,"key":"PreservedInsect"},{"floor":41.0,"key":"Smiling Mask"},{"floor":46.0,"key":"CaptainsWheel"}],"event_choices":[{"damage_healed":0.0,"max_hp_gain":0.0,"max_hp_loss":0.0,"gold_gain":0.0,"event_name":"Ghosts","player_choice":"Ignored","floor":26.0,"gold_loss":0.0,"damage_taken":0.0}],"is_beta":false,"boss_relics":[{"not_picked":["Replay:Grab Bag","Snecko Eye"],"picked":"Astrolabe"},{"not_picked":["Calling Bell","Snecko Heart","Replay:Wanted Poster"]}],"items_purged_floors":[21,37,39,43],"is_endless":false,"potions_floor_spawned":[6,9,10,12,14,15,22,23,33,36,42,46,49],"ascension_level":0}}