{"host":"6bsan6hkua32tfq7","time":1612855034,"event":{"mods":["BaseMod","Better Third Choice","Colored Map","Highlight Path","Minty Spire (QoL Compilation)","StSLib"],"gold_per_floor":[118,43,14,14,14,14,32,73,99,140,140,165,145,169,169,262,262,283,302,302,322,341,341,341,9,57,76,76,109,142,157,157,157,157],"floor_reached":33,"language":"ENG","playtime":851,"items_purged":["Strike_B"],"score":550,"play_id":"855026e7-43fc-4ada-8991-890f8e506c6c","local_time":"20210209081714","is_ascension_mode":true,"campfire_choices":[{"data":"Doom and Gloom","floor":6.0,"key":"SMITH"},{"data":"Dualcast","floor":11.0,"key":"SMITH"},{"data":"Zap","floor":15.0,"key":"SMITH"},{"floor":23,"key":"REST"},{"data":"Defragment","floor":28,"key":"SMITH"},{"floor":32,"key":"REST"}],"circlet_count":0,"master_deck":["AscendersBane","Strike_B","Strike_B","Strike_B+1","Defend_B","Defend_B","Defend_B","Zap+1","Dualcast+1","Good Instincts","Doom and Gloom+1","Steam","Go for the Eyes+1","Reboot","Streamline","Cold Snap","Glacier","Electrodynamics","Glacier","Rip and Tear","Blizzard+1","Ghostly","Ghostly","Ghostly","Defragment+1","Machine Learning","Hologram+1"],"relics":["Cracked Core","Golden Idol","FaceOfCleric","Anchor","Happy Flower","Boot","SlaversCollar","Medical Kit","Bag of Preparation","Whetstone","Red Mask"],"acts_visited":["Exordium","TheCity"],"potions_floor_usage":[30,33,33],"damage_taken":[{"damage":0.0,"enemies":"Cultist","floor":1.0,"turns":3.0},{"damage":9.0,"enemies":"Jaw Worm","floor":7.0,"turns":4.0},{"damage":9.0,"enemies":"3 Sentries","floor":8.0,"turns":4.0},{"damage":15.0,"enemies":"Lagavulin","floor":10.0,"turns":7.0},{"damage":0.0,"enemies":"Small Slimes","floor":12.0,"turns":2.0},{"damage":0.0,"enemies":"3 Louse","floor":14.0,"turns":2.0},{"damage":18.0,"enemies":"Slime Boss","floor":16.0,"turns":8.0},{"damage":18.0,"enemies":"Shell Parasite","floor":18.0,"turns":6.0},{"damage":0.0,"enemies":"Spheric Guardian","floor":19.0,"turns":4.0},{"damage":14.0,"enemies":"Shelled Parasite and Fungi","floor":21.0,"turns":9.0},{"damage":12.0,"enemies":"Centurion and Healer","floor":22.0,"turns":8.0},{"damage":0,"enemies":"Snake Plant","floor":27,"turns":4},{"damage":22,"enemies":"Slavers","floor":29,"turns":3},{"damage":0,"enemies":"Masked Bandits","floor":30,"turns":5},{"damage":0,"enemies":"Cultist and Chosen","floor":31,"turns":5},{"damage":53,"enemies":"Automaton","floor":33,"turns":6}],"seed_played":"-4322547695699678465","potions_obtained":[{"floor":7.0,"key":"DistilledChaos"},{"floor":8.0,"key":"DuplicationPotion"},{"floor":13.0,"key":"AttackPotion"},{"floor":16.0,"key":"CultistPotion"},{"floor":21.0,"key":"ColorlessPotion"},{"floor":29,"key":"Swift Potion"},{"floor":30,"key":"BlessingOfTheForge"}],"is_trial":false,"path_per_floor":["M","?","$","?","?","R","M","E","T","E","R","M","?","M","R","B",null,"M","M","?","M","M","R","?","$","T","M","R","E","?","M","R","B"],"character_chosen":"DEFECT","items_purchased":["Steam","Medical Kit","Defragment"],"campfire_rested":2,"item_purchase_floors":[3,25,25],"current_hp_per_floor":[64,64,64,64,64,64,56,48,48,34,34,35,35,36,36,19,57,40,41,41,28,17,39,37,37,37,38,38,17,18,19,31,0,0],"gold":157,"neow_bonus":"RANDOM_COLORLESS","is_daily":false,"chose_seed":false,"campfire_upgraded":4,"win_rate":0.0,"timestamp":1612855034,"path_taken":["M","?","?","?","?","R","?","E","T","E","R","M","?","M","R","BOSS","M","?","?","M","M","R","?","$","T","M","R","E","?","M","R","BOSS"],"items_purchased_type":["Card","Relic","Card"],"build_version":"2020-12-22","purchased_purges":1,"victory":false,"max_hp_per_floor":[71,71,71,64,64,64,65,66,66,67,67,68,68,69,69,70,70,71,72,72,73,74,74,37,37,37,38,38,39,40,41,41,41,41],"card_choices":[{"not_picked":["Purity","Dark Shackles"],"picked":"Good Instincts","floor":0.0},{"not_picked":["Rebound","Melter"],"picked":"Doom and Gloom","floor":1.0},{"not_picked":["Auto Shields","Blizzard"],"picked":"Go for the Eyes","floor":7.0},{"not_picked":["Chaos","Streamline"],"picked":"Reboot","floor":8.0},{"not_picked":["Consume","Turbo"],"picked":"Streamline","floor":10.0},{"not_picked":["Reprogram","Heatsinks"],"picked":"Cold Snap","floor":12.0},{"not_picked":["FTL","Compile Driver"],"picked":"Glacier","floor":14.0},{"not_picked":["Rainbow","Biased Cognition"],"picked":"Electrodynamics","floor":16.0},{"not_picked":["Streamline","Stack"],"picked":"Glacier","floor":18.0},{"not_picked":["Genetic Algorithm","Cold Snap","Skim+1"],"picked":"SKIP","floor":19.0},{"not_picked":["Force Field","Chill"],"picked":"Rip and Tear","floor":21.0},{"not_picked":["Ball Lightning","Sunder"],"picked":"Blizzard+1","floor":22},{"not_picked":["Conserve Battery","Sweeping Beam","Beam Cell"],"picked":"SKIP","floor":27},{"not_picked":["Compile Driver","Ball Lightning"],"picked":"Machine Learning","floor":29},{"not_picked":["Ball Lightning","Go for the Eyes"],"picked":"Hologram+1","floor":31}],"player_experience":5424553,"relics_obtained":[{"floor":8.0,"key":"Anchor"},{"floor":9.0,"key":"Happy Flower"},{"floor":10.0,"key":"Boot"},{"floor":26,"key":"Bag of Preparation"},{"floor":29,"key":"Whetstone"},{"floor":30,"key":"Red Mask"}],"event_choices":[{"cards_removed":["Defend_B"],"damage_healed":0.0,"max_hp_gain":0.0,"max_hp_loss":0.0,"gold_gain":0.0,"event_name":"The Cleric","player_choice":"Card Removal","floor":2.0,"gold_loss":75.0,"damage_taken":0.0},{"damage_healed":0.0,"max_hp_gain":0.0,"max_hp_loss":7.0,"gold_gain":0.0,"event_name":"Golden Idol","player_choice":"Lose Max HP","floor":4.0,"gold_loss":0.0,"damage_taken":0.0,"relics_obtained":["Golden Idol"]},{"damage_healed":0.0,"max_hp_gain":0.0,"max_hp_loss":0.0,"gold_gain":0.0,"event_name":"FaceTrader","player_choice":"Trade","floor":5.0,"gold_loss":0.0,"damage_taken":0.0,"relics_obtained":["FaceOfCleric"]},{"damage_healed":0.0,"max_hp_gain":0.0,"max_hp_loss":0.0,"gold_gain":0.0,"event_name":"The Woman in Blue","player_choice":"Bought 1 Potion","floor":13.0,"gold_loss":0.0,"damage_taken":0.0},{"damage_healed":0.0,"max_hp_gain":0.0,"max_hp_loss":0.0,"gold_gain":0.0,"event_name":"betterThird:BetterWriting","player_choice":"Adaptability","floor":20.0,"gold_loss":0.0,"damage_taken":0.0},{"damage_healed":0,"gold_gain":0,"player_choice":"Became a Ghost","damage_taken":0,"max_hp_gain":0,"max_hp_loss":37,"event_name":"Ghosts","floor":24,"gold_loss":0,"cards_obtained":["Ghostly","Ghostly","Ghostly"]},{"damage_healed":0,"gold_gain":0,"player_choice":"Fought Bandits","damage_taken":0,"max_hp_gain":0,"max_hp_loss":0,"event_name":"Masked Bandits","floor":30,"gold_loss":0}],"is_beta":false,"boss_relics":[{"not_picked":["Empty Cage","Runic Pyramid"],"picked":"SlaversCollar"}],"items_purged_floors":[25],"is_endless":false,"potions_floor_spawned":[7,8,14,16,19,21,29,30,31],"killed_by":"Automaton","ascension_level":20}}