{"host":"5rycm1ajjg5acc5q","time":1612912900,"event":{"mods":["BaseMod","Better Third Choice","Downfall","Highlight Path","Minty Spire (QoL Compilation)","Replay The Spire","StSLib"],"gold_per_floor":[99,117,143,10,22,22,22,38,38,48,48,103,131,144,159,257,257,57,71,13,13,13,25,49,64,78,93,93,124,134,134,152,249,249,249,268,286,299,126,136,136,36,136,147,147,160,160,188,207,207,207,235,49,49,49,49],"floor_reached":57,"language":"ENG","playtime":23958,"items_purged":[],"score":1310,"play_id":"fc126796-1513-4087-87a0-dbad0ac06563","local_time":"20210209172140","is_ascension_mode":false,"campfire_choices":[{"data":"sneckomod:SnekBite","floor":1,"key":"SMITH"},{"data":"sneckomod:SerpentIdol","floor":6,"key":"SMITH"},{"data":"sneckomod:Restock","floor":9,"key":"SMITH"},{"data":"sneckomod:SerpentIdol","floor":11,"key":"SMITH"},{"data":"sneckomod:Restock","floor":18,"key":"SMITH"},{"data":"sneckomod:UnknownBoss","floor":28,"key":"SMITH"},{"floor":35,"key":"RECALL"},{"data":"sneckomod:Cheat","floor":42,"key":"SMITH"},{"data":"sneckomod:UnendingSupply","floor":45,"key":"SMITH"},{"data":"sneckomod:CheapStock","floor":47,"key":"SMITH"},{"data":"ReplayTheSpireMod:Brewmster","floor":54,"key":"SMITH"}],"circlet_count":0,"master_deck":["sneckomod:Defend","sneckomod:Defend","sneckomod:Defend","sneckomod:TailWhip","sneckomod:SnekBite+1","sneckomod:Unknown","sneckomod:SerpentIdol+1","sneckomod:CheapStock+1","sneckomod:Nope","sneckomod:Restock+1","sneckomod:SerpentIdol+1","sneckomod:UnendingSupply+1","sneckomod:Restock+1","sneckomod:SoulExchange","sneckomod:PureSnecko","sneckomod:CheapStock+1","sneckomod:Rotation","sneckomod:Cheat+1","sneckomod:SnakeSap","sneckomod:QuickBite","Guardian:AncientConstruct","sneckomod:ImprovisedAttack+1","sneckomod:UnknownUncommonPower","sneckomod:ImprovisedGuard","bronze:CleanCode","sneckomod:ImprovisedAttack","sneckomod:SoulDraw+1","sneckomod:QuickBite+1","Reinforced Body","sneckomod:SnakeSap","sneckomod:TrashToTreasure+1","sneckomod:Unknown0Cost+1","ReplayTheSpireMod:Brewmster+1","sneckomod:Unknown3Cost+1","Replay:SS_hec_1+1","bronze:FunctionCard"],"relics":["sneckomod:SuperSneckoSoul","Oddly Smooth Stone","Quantum Egg","Whetstone","Replay:Drink Me","downfall:HeartBlessingGreen","downfall:HeartBlessingBlue","Blue Doll","Frozen Eye","sneckomod:BabySnecko","Pet Ghost","Bottled Lightning","Chemical X","Mercury Hourglass","downfall:HeartBlessingRed","White Beast Statue","Gremlin Food","Toy Ornithopter"],"acts_visited":["Exordium","TheCity","TheBeyond","TheEnding"],"potions_floor_usage":[13,13,16,19,20,25,29,33,36,40,46,48,52,55,55,55,55,55,55,55,55,55,56,56,56,56,56,56,56,56,56,56,56],"damage_taken":[{"damage":0,"enemies":"Cultist","floor":2,"turns":1},{"damage":10,"enemies":"downfall:FleeingMerchant","floor":4,"turns":4},{"damage":11,"enemies":"Jaw Worm","floor":5,"turns":4},{"damage":0,"enemies":"Small Slimes","floor":8,"turns":2},{"damage":8,"enemies":"Gremlin Gang","floor":10,"turns":5},{"damage":4,"enemies":"Gremlin Nob","floor":12,"turns":3},{"damage":10,"enemies":"Gremlin Nob","floor":13,"turns":4},{"damage":7,"enemies":"Exordium Thugs","floor":14,"turns":3},{"damage":10,"enemies":"Gremlin Gang","floor":15,"turns":3},{"damage":32,"enemies":"DF_ARCHETYPE_STREAMLINE","floor":16,"turns":6},{"damage":28,"enemies":"3 Byrds","floor":19,"turns":4},{"damage":6,"enemies":"downfall:FleeingMerchant","floor":20,"turns":4},{"damage":0,"enemies":"Spheric Guardian","floor":23,"turns":4},{"damage":12,"enemies":"3 Cultists","floor":25,"turns":3},{"damage":0,"enemies":"Chosen and Byrds","floor":26,"turns":4},{"damage":2,"enemies":"Centurion and Healer","floor":27,"turns":8},{"damage":0,"enemies":"Gremlin Leader","floor":29,"turns":6},{"damage":0,"enemies":"Shelled Parasite and Fungi","floor":30,"turns":6},{"damage":0,"enemies":"Snake Plant","floor":32,"turns":4},{"damage":20,"enemies":"WA_ARCHETYPE_CALM","floor":33,"turns":7},{"damage":5,"enemies":"3 Shapes","floor":36,"turns":3},{"damage":0,"enemies":"Orb Walker","floor":37,"turns":4},{"damage":0,"enemies":"3 Darklings","floor":38,"turns":2},{"damage":0,"enemies":"Sphere and 2 Shapes","floor":40,"turns":2},{"damage":8,"enemies":"downfall:LadyInBlue","floor":43,"turns":4},{"damage":0,"enemies":"Jaw Worm Horde","floor":44,"turns":3},{"damage":0,"enemies":"Spire Growth","floor":46,"turns":3},{"damage":0,"enemies":"Reptomancer","floor":48,"turns":7},{"damage":23,"enemies":"Transient","floor":49,"turns":5},{"damage":15,"enemies":"SI_POISON_ARCHETYPE","floor":50,"turns":6},{"damage":0,"enemies":"downfall:CharBossMerchant","floor":52,"turns":10},{"damage":12,"enemies":"downfall:NeowBoss","floor":55,"turns":9},{"damage":30,"enemies":"downfall:NeowBossFinal","floor":56,"turns":9}],"seed_played":"1633710882232755177","potions_obtained":[{"floor":2,"key":"Elixir"},{"floor":10,"key":"Cursed Concoction"},{"floor":13,"key":"Weak Potion"},{"floor":14,"key":"SteroidPotion"},{"floor":15,"key":"champ:CounterPotion"},{"floor":16,"key":"EssenceOfSteel"},{"floor":19,"key":"PowerPotion"},{"floor":22,"key":"downfall:CursedFountainPotion"},{"floor":23,"key":"Swift Potion"},{"floor":27,"key":"sneckomod:DiceRollPotion"},{"floor":30,"key":"SkillPotion"},{"floor":32,"key":"sneckomod:MuddlingPotion"},{"floor":37,"key":"sneckomod:DiceRollPotion"},{"floor":40,"key":"Block Potion"},{"floor":43,"key":"DuplicationPotion"},{"floor":44,"key":"Strength Potion"},{"floor":46,"key":"SteroidPotion"},{"floor":48,"key":"Guardian:BlockOnCardUsePotion"},{"floor":52,"key":"Strength Potion"}],"is_trial":false,"path_per_floor":["R","M","T","$","M","R","T","M","R","M","R","?","E","M","M","B",null,"R","M","$","?","?","M","T","M","M","M","R","E","M","?","M","B",null,"R","M","M","M","$","M","T","R","?","M","R","M","R","E","M","B",null,"E","$","R","B","B",null],"character_chosen":"THE_SNECKO","items_purchased":["sneckomod:CheapStock+1","sneckomod:UnknownX","Blue Doll","Frozen Eye","sneckomod:CheapStock","Chemical X","sneckomod:UnknownUncommonPower","ReplayTheSpireMod:Brewmster","sneckomod:Unknown3Cost+1"],"campfire_rested":0,"item_purchase_floors":[4,4,20,20,20,39,39,53,53],"current_hp_per_floor":[99,99,99,89,78,78,78,78,78,70,70,66,56,49,39,7,75,85,57,51,51,51,51,51,39,39,37,37,37,37,37,37,17,85,85,80,80,80,80,80,80,80,72,79,79,79,79,79,56,46,85,85,85,85,85,85],"gold":49,"neow_bonus":"TEN_PERCENT_HP_BONUS","is_daily":false,"chose_seed":false,"campfire_upgraded":10,"win_rate":0.0,"timestamp":1612912900,"path_taken":["R","M","?","$","M","R","T","M","R","M","R","?","E","M","M","BOSS","R","M","$","?","?","M","T","?","M","M","R","E","?","?","M","BOSS","R","M","M","M","$","M","T","R","?","M","R","M","R","E","M","BOSS","E","$","R","BOSS","BOSS"],"items_purchased_type":["Card","Card","Relic","Relic","Card","Relic","Card","Card","Card"],"build_version":"2020-12-22","purchased_purges":0,"victory":true,"max_hp_per_floor":[99,99,99,99,99,99,99,99,99,99,99,99,99,99,99,99,75,85,85,85,85,85,85,85,85,85,85,85,85,85,85,85,85,85,85,85,85,85,85,85,85,85,85,85,85,85,85,85,85,85,85,85,85,85,85,85],"card_choices":[{"not_picked":["sneckomod:UnknownUncommonSkill","sneckomod:QuickMove"],"picked":"sneckomod:SerpentIdol","floor":2},{"not_picked":["sneckomod:SoulRoll","sneckomod:SoulDraw","sneckomod:DiceBlock"],"picked":"SKIP","floor":4},{"not_picked":["sneckomod:SoulDraw","sneckomod:QuickMove"],"picked":"sneckomod:Nope","floor":5},{"not_picked":["sneckomod:UnknownUncommonSkill","sneckomod:Unknown1Cost"],"picked":"sneckomod:Restock","floor":8},{"not_picked":["sneckomod:Unknown2Cost","sneckomod:DiceBlock"],"picked":"sneckomod:SerpentIdol","floor":10},{"not_picked":["sneckomod:Memorize","sneckomod:ImprovisedAttack"],"picked":"sneckomod:UnendingSupply","floor":13},{"not_picked":["sneckomod:UnknownUncommonAttack","sneckomod:DiceBoulder","sneckomod:QuickBite"],"picked":"SKIP","floor":14},{"not_picked":["sneckomod:UnknownCommonAttack","sneckomod:SoulDraw"],"picked":"sneckomod:Restock","floor":15},{"not_picked":["sneckomod:Cheat","sneckomod:DangerNoodle"],"picked":"sneckomod:SoulExchange","floor":16},{"not_picked":["sneckomod:RainOfDice","sneckomod:UnknownDraw+1","sneckomod:UnknownCommonAttack"],"picked":"SKIP","floor":19},{"not_picked":["sneckomod:UnknownClassBLUE","sneckomod:Nope"],"picked":"sneckomod:PureSnecko","floor":20},{"not_picked":["sneckomod:UnknownCommonAttack","sneckomod:SnekBeam","sneckomod:SoulRoll"],"picked":"SKIP","floor":23},{"not_picked":["sneckomod:UnendingSupply","sneckomod:DiceBlock"],"picked":"sneckomod:UnknownBoss","floor":25},{"not_picked":["sneckomod:UnknownCommonSkill","sneckomod:UnknownClassBLUE"],"picked":"sneckomod:Rotation","floor":26},{"not_picked":["sneckomod:UnknownDraw","sneckomod:DiceBlock","sneckomod:SoulRoll+1"],"picked":"SKIP","floor":27},{"not_picked":["sneckomod:UnknownUncommonAttack+1","sneckomod:Unknown0Cost"],"picked":"sneckomod:Cheat","floor":29},{"not_picked":["sneckomod:QuickMove+1","sneckomod:SerpentIdol+1"],"picked":"sneckomod:SnakeSap","floor":30},{"not_picked":["sneckomod:SoulRoll+1","sneckomod:UnknownUncommonSkill"],"picked":"sneckomod:QuickBite","floor":32},{"not_picked":["sneckomod:SoulExchange","sneckomod:Mudshield"],"picked":"sneckomod:UnknownRarePower","floor":33},{"not_picked":["sneckomod:MasterEye+1","sneckomod:UnknownWeak"],"picked":"sneckomod:ImprovisedAttack+1","floor":36},{"not_picked":["sneckomod:SoulRoll+1","sneckomod:DiceBlock+1","sneckomod:WideSting+1"],"picked":"SKIP","floor":37},{"not_picked":["sneckomod:QuickMove","sneckomod:UnknownClassTHE_BRONZE_AUTOMATON","sneckomod:UnknownClassBLUE+1"],"picked":"SKIP","floor":38},{"not_picked":["sneckomod:SoulRoll+1","sneckomod:SnekBeam+1"],"picked":"sneckomod:ImprovisedGuard","floor":40},{"not_picked":["sneckomod:UnknownUncommonPower","sneckomod:Unknown1Cost+1"],"picked":"sneckomod:ImprovisedAttack","floor":43},{"not_picked":["sneckomod:UnknownClassTHE_BRONZE_AUTOMATON","sneckomod:QuickMove+1"],"picked":"sneckomod:SoulDraw+1","floor":44},{"not_picked":["sneckomod:SoulCleanse","sneckomod:UnknownClassGUARDIAN+1"],"picked":"sneckomod:QuickBite+1","floor":46},{"not_picked":["sneckomod:Memorize+1","sneckomod:UnknownVulnerable+1"],"picked":"sneckomod:SnakeSap","floor":48},{"not_picked":["sneckomod:Unknown1Cost","sneckomod:MasterEye+1"],"picked":"sneckomod:TrashToTreasure+1","floor":49},{"not_picked":["sneckomod:UnknownExhaust","sneckomod:Unknown2Cost+1"],"picked":"sneckomod:Unknown0Cost+1","floor":52}],"player_experience":352075,"relics_obtained":[{"floor":3,"key":"Oddly Smooth Stone"},{"floor":12,"key":"Quantum Egg"},{"floor":13,"key":"Whetstone"},{"floor":24,"key":"Pet Ghost"},{"floor":29,"key":"Bottled Lightning"},{"floor":41,"key":"Mercury Hourglass"},{"floor":43,"key":"White Beast Statue"},{"floor":48,"key":"Gremlin Food"},{"floor":52,"key":"Toy Ornithopter"}],"event_choices":[],"is_beta":false,"boss_relics":[{"not_picked":["Busted Crown","Replay:Wanted Poster"],"picked":"Replay:Drink Me"},{"not_picked":["Velvet Choker","SlaversCollar"],"picked":"sneckomod:SuperSneckoSoul"}],"items_purged_floors":[],"is_endless":false,"potions_floor_spawned":[2,10,13,14,15,16,19,23,27,30,32,37,40,44,46,48,49,52],"ascension_level":0}}