{"host":"5jdby9iqu3ct6557","time":1612903355,"event":{"mods":["BaseMod","DeckTracker","Highlight Path","Minty Spire (QoL Compilation)","Relic Stats","StSLib"],"gold_per_floor":[115,135,146,221,12,41,41,41,112,127,147,174,174,207,207,278,278,256,306,316,316,316],"floor_reached":21,"language":"ENG","playtime":6150,"items_purged":["Strike_R"],"score":498,"play_id":"4d9ed44d-2e76-470b-a2bc-e0e1f3eb0f06","local_time":"20210209154235","is_ascension_mode":true,"campfire_choices":[{"floor":8,"key":"REST"},{"floor":13,"key":"REST"},{"floor":15,"key":"REST"}],"circlet_count":0,"master_deck":["AscendersBane","Strike_R","Strike_R","Defend_R","Defend_R","Defend_R","Defend_R","Bash","Iron Wave","Rupture","Hemokinesis","Sword Boomerang","Offering","Armaments","Immolate","Shrug It Off","Feed","Cleave+1"],"relics":["SacredBark","StrikeDummy","Red Skull","Darkstone Periapt","Champion Belt","Toy Ornithopter","Empty Cage"],"acts_visited":["Exordium","TheCity"],"potions_floor_usage":[6,10,12,20],"damage_taken":[{"damage":2,"enemies":"2 Louse","floor":1,"turns":4},{"damage":9,"enemies":"Jaw Worm","floor":2,"turns":4},{"damage":13,"enemies":"Small Slimes","floor":3,"turns":5},{"damage":12,"enemies":"Gremlin Nob","floor":6,"turns":3},{"damage":24,"enemies":"Exordium Thugs","floor":10,"turns":6},{"damage":2,"enemies":"Gremlin Gang","floor":11,"turns":4},{"damage":8,"enemies":"Lagavulin","floor":12,"turns":3},{"damage":8,"enemies":"Gremlin Nob","floor":14,"turns":2},{"damage":44,"enemies":"Hexaghost","floor":16,"turns":9},{"damage":18,"enemies":"2 Thieves","floor":18,"turns":4},{"damage":22,"enemies":"Chosen","floor":20,"turns":8},{"damage":33,"enemies":"Snake Plant","floor":21,"turns":3}],"seed_played":"-8884806185038984495","potions_obtained":[{"floor":2,"key":"Dexterity Potion"},{"floor":3,"key":"LiquidBronze"},{"floor":11,"key":"AttackPotion"},{"floor":18,"key":"Dexterity Potion"}],"is_trial":false,"path_per_floor":["M","M","M","?","$","E","T","R","T","M","M","E","R","E","R","B",null,"M","?","M","M"],"character_chosen":"IRONCLAD","items_purchased":["Hemokinesis","Fire Potion"],"campfire_rested":3,"item_purchase_floors":[5,5],"current_hp_per_floor":[66,57,44,33,33,21,21,43,43,19,17,9,31,23,45,1,57,39,39,26,0,0],"gold":316,"neow_bonus":"BOSS_RELIC","is_daily":false,"chose_seed":false,"campfire_upgraded":0,"win_rate":0.0,"timestamp":1612903355,"path_taken":["M","M","M","?","$","E","?","R","T","M","M","E","R","E","R","BOSS","M","?","M","M"],"items_purchased_type":["Card","Potion"],"build_version":"2020-12-22","purchased_purges":1,"victory":false,"max_hp_per_floor":[75,75,75,75,75,75,75,75,75,75,75,75,75,75,75,75,75,75,75,79,79,79],"relic_stats":{"Darkstone Periapt":0,"counters":[12,55],"Champion Belt":[3],"obtain_stats":[{"Darkstone Periapt":9,"SacredBark":0,"Champion Belt":12,"StrikeDummy":6,"Empty Cage":17,"Burning Blood":0,"Red Skull":7,"Toy Ornithopter":14},{"Darkstone Periapt":4,"SacredBark":0,"Champion Belt":7,"StrikeDummy":4,"Empty Cage":9,"Burning Blood":0,"Red Skull":4,"Toy Ornithopter":8},{"Darkstone Periapt":16,"SacredBark":0,"Champion Belt":29,"StrikeDummy":16,"Empty Cage":40,"Burning Blood":0,"Red Skull":16,"Toy Ornithopter":31}],"Toy Ornithopter":5},"card_choices":[{"not_picked":["Intimidate","Ghostly Armor"],"picked":"Iron Wave","floor":1},{"not_picked":["Heavy Blade","Body Slam"],"picked":"Rupture","floor":3},{"not_picked":["Body Slam","Ghostly Armor"],"picked":"Sword Boomerang","floor":6},{"not_picked":["Havoc","Combust"],"picked":"Offering","floor":10},{"not_picked":["Heavy Blade","Iron Wave"],"picked":"Armaments","floor":11},{"not_picked":["Havoc","Berserk"],"picked":"Immolate","floor":12},{"not_picked":["Feel No Pain","Clothesline"],"picked":"Shrug It Off","floor":14},{"not_picked":["Immolate","Berserk"],"picked":"Feed","floor":16},{"not_picked":["Heavy Blade","Seeing Red"],"picked":"Cleave+1","floor":20}],"player_experience":2601246,"relics_obtained":[{"floor":6,"key":"StrikeDummy"},{"floor":7,"key":"Red Skull"},{"floor":9,"key":"Darkstone Periapt"},{"floor":12,"key":"Champion Belt"},{"floor":14,"key":"Toy Ornithopter"}],"event_choices":[{"damage_healed":0,"gold_gain":75,"player_choice":"Gather Gold","damage_taken":11,"max_hp_gain":0,"max_hp_loss":0,"event_name":"World of Goop","floor":4,"gold_loss":0},{"damage_healed":0,"gold_gain":50,"player_choice":"Stole From Cult","damage_taken":0,"max_hp_gain":0,"max_hp_loss":0,"event_name":"Nest","floor":19,"gold_loss":0}],"is_beta":false,"boss_relics":[{"not_picked":["Sozu","Busted Crown"],"picked":"Empty Cage"}],"items_purged_floors":[5],"is_endless":false,"potions_floor_spawned":[2,3,11,18],"killed_by":"Snake Plant","ascension_level":20}}