{"host":"okvf2hy7r209l3k2","time":1612833237,"event":{"mods":["BaseMod","Block Reminder","Colored Map","Colored Powertips","Downfall","Hermit","Highlight Path","Minty Spire (QoL Compilation)","Permanent Neow","Quick Restart","StSLib","The Cursed","The Disciple","The Hierophant","The Necromancer","The Runesmith","The Servant 0.9.4"],"gold_per_floor":[117,117,137,19,19,19,19],"floor_reached":6,"language":"ENG","playtime":1197,"items_purged":[],"score":34,"play_id":"c0796178-a371-4ec8-b2a2-137b03f1d098","local_time":"20210208161357","is_ascension_mode":false,"campfire_choices":[],"circlet_count":0,"master_deck":["Runesmith:Strike_RS","Runesmith:Strike_RS","Runesmith:Strike_RS","Runesmith:Strike_RS","Runesmith:Defend_RS","Runesmith:Defend_RS","Runesmith:Defend_RS","Runesmith:Defend_RS","Runesmith:CraftFirestone","Runesmith:Fortify","Runesmith:CraftMedicinae","Runesmith:CraftMagma","Runesmith:ChiselStab","Runesmith:Duplicate","Forethought","Runesmith:WhiteBalance","Runesmith:ChaoticBlast","Runesmith:Grindstone"],"relics":["Runesmith:BrokenRuby"],"acts_visited":["Exordium"],"potions_floor_usage":[],"damage_taken":[{"damage":4,"enemies":"Small Slimes","floor":1,"turns":4},{"damage":1,"enemies":"Cultist","floor":3,"turns":4},{"damage":68,"enemies":"Gremlin Nob","floor":6,"turns":4}],"seed_played":"-3946016143464913299","potions_obtained":[],"is_trial":false,"path_per_floor":["M","?","M","$","$","E"],"character_chosen":"RUNESMITH_CLASS","items_purchased":["Runesmith:ChaoticBlast","Runesmith:Grindstone"],"campfire_rested":0,"item_purchase_floors":[4,4],"current_hp_per_floor":[59,59,58,58,58,0,0],"gold":19,"neow_bonus":"THREE_RARE_CARDS","is_daily":false,"chose_seed":false,"campfire_upgraded":0,"win_rate":0.0,"timestamp":1612833237,"path_taken":["M","?","M","?","$","E"],"items_purchased_type":["Card","Card"],"build_version":"2020-12-22","purchased_purges":0,"victory":false,"max_hp_per_floor":[63,63,63,63,63,63,63],"card_choices":[{"not_picked":["Runesmith:CreatorForm","Runesmith:LastStand"],"picked":"Runesmith:CraftMedicinae","floor":0},{"not_picked":["Runesmith:MakeshiftArmor","Runesmith:FrozenChisel"],"picked":"Runesmith:CraftMagma","floor":1},{"not_picked":["Runesmith:Accelerate","Runesmith:HeatExchange"],"picked":"Runesmith:WhiteBalance","floor":3}],"player_experience":218944,"relics_obtained":[],"event_choices":[{"damage_healed":0,"gold_gain":0,"player_choice":"3 cards matched","damage_taken":0,"max_hp_gain":0,"max_hp_loss":0,"event_name":"Match and Keep!","floor":2,"gold_loss":0,"cards_obtained":["Runesmith:ChiselStab","Runesmith:Duplicate","Forethought"]}],"is_beta":false,"boss_relics":[],"items_purged_floors":[],"is_endless":false,"potions_floor_spawned":[],"killed_by":"Gremlin Nob","ascension_level":0}}