{"host":"ibckqdmmf9y74ymf","time":1612892541,"event":{"mods":["2.2 Compatiblity","BaseMod","Colored Map","Curses Come First","Highlight Path","Minty Spire (QoL Compilation)","Quick Restart","Rare Cards Sparkle","Relic Stats","StSLib"],"gold_per_floor":[110,120,120,135,135,135,168,168,168,195,195,195,30,30,30,121,121,137,161,76,97,97,97,20,20,20,20,20,54,54,54,54],"floor_reached":31,"language":"ENG","playtime":3188,"items_purged":[],"score":514,"play_id":"e8f675b1-2ec7-4cb9-ade5-44ff67e42438","local_time":"20210209184221","is_ascension_mode":true,"campfire_choices":[{"data":"Rip and Tear","floor":6.0,"key":"SMITH"},{"data":"Leap","floor":8.0,"key":"SMITH"},{"data":"Defragment","floor":12.0,"key":"SMITH"},{"data":"Go for the Eyes","floor":15.0,"key":"SMITH"},{"data":"Defragment","floor":23.0,"key":"SMITH"},{"data":"Doom and Gloom","floor":25.0,"key":"SMITH"},{"data":"Coolheaded","floor":27.0,"key":"SMITH"}],"circlet_count":0,"master_deck":["AscendersBane","Strike_B","Defend_B","Defend_B","Defend_B","Defend_B","Zap","Dualcast","Rip and Tear+1","Go for the Eyes+1","Coolheaded+1","Leap+1","Echo Form","Defragment+1","Defragment+1","BootSequence","Doom and Gloom+1","Creative AI","Ball Lightning"],"relics":["Cracked Core","Juzu Bracelet","Letter Opener","Oddly Smooth Stone","Bronze Scales","Gremlin Horn","Golden Idol","Lee\u0027s Waffle","Snecko Eye","Eternal Feather","Potion Belt","Blood Vial","Orichalcum"],"acts_visited":["Exordium","TheCity"],"potions_floor_usage":[29,29,29],"damage_taken":[{"damage":0.0,"enemies":"2 Louse","floor":1.0,"turns":4.0},{"damage":5.0,"enemies":"Small Slimes","floor":2.0,"turns":3.0},{"damage":0.0,"enemies":"Jaw Worm","floor":4.0,"turns":3.0},{"damage":12.0,"enemies":"Lagavulin","floor":7.0,"turns":6.0},{"damage":16.0,"enemies":"Gremlin Nob","floor":10.0,"turns":4.0},{"damage":45.0,"enemies":"The Guardian","floor":16.0,"turns":10.0},{"damage":5.0,"enemies":"Spheric Guardian","floor":18.0,"turns":4.0},{"damage":2.0,"enemies":"Chosen","floor":19.0,"turns":4.0},{"damage":9.0,"enemies":"3 Cultists","floor":21.0,"turns":4.0},{"damage":29,"enemies":"Slavers","floor":29,"turns":4},{"damage":0,"enemies":"Gremlin Leader","floor":31,"turns":2}],"seed_played":"8616458893813796368","potions_obtained":[{"floor":4.0,"key":"Swift Potion"},{"floor":10.0,"key":"Swift Potion"},{"floor":19.0,"key":"LiquidMemories"},{"floor":28.0,"key":"SkillPotion"},{"floor":28.0,"key":"FocusPotion"}],"is_trial":false,"path_per_floor":["M","M","?","M","?","R","E","R","T","E","?","R","$","?","R","B",null,"M","M","?","M","?","R","$","R","T","R","?","E","T","E"],"character_chosen":"DEFECT","items_purchased":["Lee\u0027s Waffle","Creative AI"],"campfire_rested":0,"item_purchase_floors":[13,24],"current_hp_per_floor":[64,59,54,54,54,54,42,42,42,26,26,26,71,76,76,31,65,60,58,58,49,49,58,58,67,67,76,76,47,47,49,49],"gold":54,"neow_bonus":"RANDOM_COMMON_RELIC","is_daily":false,"chose_seed":false,"campfire_upgraded":7,"win_rate":0.0,"timestamp":1612892541,"path_taken":["M","M","?","M","?","R","E","R","T","E","?","R","$","?","R","BOSS","M","M","?","M","?","R","?","R","T","R","?","E","?","E"],"items_purchased_type":["Relic","Card"],"build_version":"2020-12-22","purchased_purges":0,"victory":false,"max_hp_per_floor":[71,71,71,71,71,71,71,71,71,71,64,64,71,76,76,76,76,76,76,76,76,76,76,76,76,76,76,76,76,76,76,76],"relic_stats":{"Blood Vial":2,"Lee\u0027s Waffle":45,"Gremlin Horn":[4,4],"counters":[11,48],"Golden Idol":37,"Bronze Scales":[78],"Snecko Eye":[38,30,29,24],"Eternal Feather":27,"Juzu Bracelet":1,"Letter Opener":[45],"Orichalcum":[0],"obtain_stats":[{"Potion Belt":26,"Lee\u0027s Waffle":13,"Gremlin Horn":10,"Golden Idol":11,"Oddly Smooth Stone":7,"Eternal Feather":20,"Juzu Bracelet":0,"Letter Opener":3,"Orichalcum":30,"Blood Vial":29,"Bronze Scales":9,"Snecko Eye":17,"Cracked Core":0},{"Potion Belt":9,"Lee\u0027s Waffle":5,"Gremlin Horn":5,"Golden Idol":5,"Oddly Smooth Stone":4,"Eternal Feather":8,"Juzu Bracelet":0,"Letter Opener":2,"Orichalcum":10,"Blood Vial":10,"Bronze Scales":4,"Snecko Eye":6,"Cracked Core":0},{"Potion Belt":42,"Lee\u0027s Waffle":20,"Gremlin Horn":20,"Golden Idol":20,"Oddly Smooth Stone":16,"Eternal Feather":38,"Juzu Bracelet":0,"Letter Opener":7,"Orichalcum":46,"Blood Vial":46,"Bronze Scales":16,"Snecko Eye":30,"Cracked Core":0}]},"card_choices":[{"not_picked":["Go for the Eyes","Skim"],"picked":"Rip and Tear","floor":1.0},{"not_picked":["Coolheaded","Gash"],"picked":"Go for the Eyes","floor":2.0},{"not_picked":["Beam Cell","Streamline"],"picked":"Coolheaded","floor":4.0},{"not_picked":["Hologram","Coolheaded"],"picked":"Echo Form","floor":7.0},{"not_picked":["Genetic Algorithm","Cold Snap"],"picked":"Defragment","floor":10.0},{"not_picked":["Gash","Redo","Barrage"],"picked":"SKIP","floor":18.0},{"not_picked":["Conserve Battery","Streamline"],"picked":"Defragment","floor":19.0},{"not_picked":["Gash","Hologram","Beam Cell"],"picked":"SKIP","floor":21.0},{"not_picked":["BootSequence","Melter"],"picked":"Ball Lightning","floor":29}],"player_experience":696810,"relics_obtained":[{"floor":7.0,"key":"Oddly Smooth Stone"},{"floor":9.0,"key":"Bronze Scales"},{"floor":10.0,"key":"Gremlin Horn"},{"floor":26.0,"key":"Potion Belt"},{"floor":29,"key":"Blood Vial"},{"floor":30,"key":"Orichalcum"}],"event_choices":[{"damage_healed":0.0,"max_hp_gain":0.0,"max_hp_loss":0.0,"gold_gain":0.0,"event_name":"Scrap Ooze","player_choice":"Success","floor":3.0,"gold_loss":0.0,"damage_taken":5.0,"relics_obtained":["Letter Opener"]},{"damage_healed":0.0,"max_hp_gain":0.0,"max_hp_loss":0.0,"gold_gain":0.0,"cards_transformed":["Strike_B"],"event_name":"Living Wall","player_choice":"Change","floor":5.0,"gold_loss":0.0,"damage_taken":0.0,"cards_obtained":["Leap"]},{"damage_healed":0.0,"max_hp_gain":0.0,"max_hp_loss":7.0,"gold_gain":0.0,"event_name":"Golden Idol","player_choice":"Lose Max HP","floor":11.0,"gold_loss":0.0,"damage_taken":0.0,"relics_obtained":["Golden Idol"]},{"damage_healed":0.0,"max_hp_gain":5.0,"max_hp_loss":0.0,"gold_gain":0.0,"event_name":"Big Fish","player_choice":"Donut","floor":14.0,"gold_loss":0.0,"damage_taken":0.0},{"damage_healed":0.0,"max_hp_gain":0.0,"max_hp_loss":0.0,"gold_gain":0.0,"event_name":"Addict","player_choice":"Obtained Relic","floor":20.0,"gold_loss":85.0,"damage_taken":0.0,"relics_obtained":["Eternal Feather"]},{"damage_healed":0.0,"max_hp_gain":0.0,"max_hp_loss":0.0,"gold_gain":0.0,"cards_transformed":["Strike_B","Strike_B"],"event_name":"Drug Dealer","player_choice":"Became Test Subject","floor":22.0,"gold_loss":0.0,"damage_taken":0.0,"cards_obtained":["BootSequence","Doom and Gloom"]},{"damage_healed":0.0,"max_hp_gain":0.0,"max_hp_loss":0.0,"gold_gain":0.0,"event_name":"Lab","player_choice":"Got Potions","floor":28.0,"gold_loss":0.0,"damage_taken":0.0}],"is_beta":false,"boss_relics":[{"not_picked":["Fusion Hammer","Sozu"],"picked":"Snecko Eye"}],"items_purged_floors":[],"is_endless":false,"potions_floor_spawned":[4,10,19],"killed_by":"Gremlin Leader","ascension_level":20}}