{"host":"qy1e0kd24tpj3i2m","time":1612894494,"event":{"mods":["Act Like it!","BaseMod","Better Skull","Better Vampires","Colored Map","Colored Powertips","Custom Start","Displayed Cursed Tome","Faster Ascension Climbing","Friendly Minions","GifTheSpireLib","Gremlin Skip","Highlight Path","Minty Spire (QoL Compilation)","Permanent Neow","Poor People Problems","Quick Restart","Red Circlet Mod","Relic Filter Mod","Relic Sorter","Reorder Act Four","SacredBarkPlus","Shop Mod","StSLib","SuperFastMode","Transform Curses","没有小屋子和绿帽子啦"],"gold_per_floor":[10,23,23,23,41,41,66,83,107,126,146,146,146,181,181,257,257,276,276,326,343,293,293,325,325,325],"floor_reached":25,"language":"ZHS","playtime":575,"items_purged":[],"score":462,"play_id":"b28059a9-4e52-4928-b969-e2a64fa74d95","local_time":"20210210031454","is_ascension_mode":true,"campfire_choices":[{"data":"Whirlwind","floor":6.0,"key":"SMITH"},{"data":"Entrench","floor":12.0,"key":"SMITH"},{"data":"Uppercut","floor":15.0,"key":"SMITH"},{"data":"Rage","floor":23.0,"key":"SMITH"}],"circlet_count":0,"master_deck":["AscendersBane","Strike_R","Strike_R","Strike_R","Strike_R","Strike_R","Defend_R","Defend_R","Defend_R","Carnage+1","Uppercut+1","Whirlwind+1","Power Through","Flex","Rage+1","Entrench+1","Feel No Pain+1","Sentinel","Barricade+1","Evolve","Body Slam"],"relics":["Burning Blood","Lantern","Vajra","Oddly Smooth Stone","Coffee Dripper","Darkstone Periapt"],"acts_visited":["Exordium","TheCity"],"potions_floor_usage":[],"damage_taken":[{"damage":1.0,"enemies":"Cultist","floor":1.0,"turns":3.0},{"damage":1.0,"enemies":"2 Louse","floor":2.0,"turns":3.0},{"damage":4.0,"enemies":"Small Slimes","floor":5.0,"turns":3.0},{"damage":21.0,"enemies":"Gremlin Nob","floor":7.0,"turns":4.0},{"damage":3.0,"enemies":"Blue Slaver","floor":8.0,"turns":2.0},{"damage":8.0,"enemies":"Large Slime","floor":10.0,"turns":4.0},{"damage":6.0,"enemies":"Exordium Thugs","floor":11.0,"turns":3.0},{"damage":5.0,"enemies":"3 Sentries","floor":14.0,"turns":8.0},{"damage":57.0,"enemies":"Hexaghost","floor":16.0,"turns":11.0},{"damage":0.0,"enemies":"Spheric Guardian","floor":18.0,"turns":1.0},{"damage":19.0,"enemies":"2 Thieves","floor":21.0,"turns":4.0},{"damage":44,"enemies":"Slavers","floor":24,"turns":8},{"damage":0,"enemies":"Snake Plant","floor":25,"turns":1}],"seed_played":"2678932659339193596","potions_obtained":[{"floor":1.0,"key":"Strength Potion"},{"floor":5.0,"key":"ColorlessPotion"},{"floor":14.0,"key":"EntropicBrew"}],"is_trial":false,"path_per_floor":["M","M","?","$","M","R","E","M","T","M","M","R","?","E","R","B",null,"M","?","?","M","?","R","E","M"],"character_chosen":"IRONCLAD","items_purchased":[],"campfire_rested":0,"item_purchase_floors":[],"current_hp_per_floor":[73,75,75,75,75,75,60,63,63,61,61,61,61,62,62,11,59,65,65,65,52,52,52,14,14,14],"gold":325,"neow_bonus":"TRANSFORM_TWO_CARDS","is_daily":false,"chose_seed":false,"campfire_upgraded":4,"win_rate":0.0,"timestamp":1612894494,"path_taken":["M","?","?","$","?","R","E","M","T","M","M","R","?","E","R","BOSS","M","?","?","M","?","R","E","M"],"items_purchased_type":[],"build_version":"2020-12-22","purchased_purges":0,"victory":false,"max_hp_per_floor":[75,75,75,75,75,75,75,75,75,75,75,75,75,75,75,75,75,75,75,75,75,75,75,75,75,75],"card_choices":[{"not_picked":["Heavy Blade","Armaments"],"picked":"Whirlwind","floor":1.0},{"not_picked":["Headbutt","Intimidate"],"picked":"Power Through","floor":2.0},{"not_picked":["Hemokinesis","Pommel Strike"],"picked":"Flex","floor":5.0},{"not_picked":["Shrug It Off","Anger"],"picked":"Rage","floor":7.0},{"not_picked":["Iron Wave","Dropkick"],"picked":"Entrench","floor":8.0},{"not_picked":["Twin Strike","Fiend Fire","Headbutt"],"picked":"SKIP","floor":10.0},{"not_picked":["Twin Strike","Fiend Fire","Headbutt"],"picked":"SKIP","floor":10.0},{"not_picked":["Shrug It Off","Sever Soul"],"picked":"Feel No Pain","floor":11.0},{"not_picked":["Anger","Feel No Pain"],"picked":"Sentinel","floor":14.0},{"not_picked":["Berserk","Exhume"],"picked":"Barricade","floor":16.0},{"not_picked":["Perfected Strike","Pummel","Searing Blow"],"picked":"SKIP","floor":18.0},{"not_picked":["Bloodletting","Headbutt","Sword Boomerang+1"],"picked":"SKIP","floor":21.0},{"not_picked":["Battle Trance","Disarm"],"picked":"Body Slam","floor":24}],"player_experience":999158,"relics_obtained":[{"floor":7.0,"key":"Lantern"},{"floor":9.0,"key":"Vajra"},{"floor":14.0,"key":"Oddly Smooth Stone"},{"floor":24,"key":"Darkstone Periapt"}],"event_choices":[{"damage_healed":0.0,"max_hp_gain":0.0,"max_hp_loss":0.0,"gold_gain":0.0,"event_name":"Upgrade Shrine","player_choice":"Upgraded","floor":3.0,"gold_loss":0.0,"damage_taken":0.0,"cards_upgraded":["Carnage"]},{"damage_healed":0.0,"max_hp_gain":0.0,"max_hp_loss":0.0,"gold_gain":0.0,"event_name":"Living Wall","player_choice":"Grow","floor":13.0,"gold_loss":0.0,"damage_taken":0.0,"cards_upgraded":["Feel No Pain"]},{"damage_healed":0.0,"max_hp_gain":0.0,"max_hp_loss":0.0,"gold_gain":0.0,"event_name":"The Library","player_choice":"Read","floor":19.0,"gold_loss":0.0,"damage_taken":0.0,"cards_obtained":["Evolve"]},{"damage_healed":0.0,"max_hp_gain":0.0,"max_hp_loss":0.0,"gold_gain":50.0,"event_name":"Nest","player_choice":"Stole From Cult","floor":20.0,"gold_loss":0.0,"damage_taken":0.0},{"damage_healed":0.0,"max_hp_gain":0.0,"max_hp_loss":0.0,"gold_gain":0.0,"event_name":"Designer","player_choice":"Upgrade","floor":22.0,"gold_loss":50.0,"damage_taken":0.0,"cards_upgraded":["Barricade"]}],"is_beta":false,"boss_relics":[{"not_picked":["Calling Bell","Philosopher\u0027s Stone"],"picked":"Coffee Dripper"}],"items_purged_floors":[],"is_endless":false,"potions_floor_spawned":[1,5,7,14],"killed_by":"Snake Plant","ascension_level":20}}