{"host":"k7udt7atmcuzf6l0","time":1612834778,"event":{"mods":["AchievementEnabler","BaseMod","BetterRewards","Colored Map","Colored Powertips","Highlight Path","Minty Spire (QoL Compilation)","Quick Restart","Rare Cards Sparkle","Relic Stats","StSLib","UnlockEverythingMod"],"gold_per_floor":[110,110,124,9,9,9,41,41,41,54,54,67,82,131,131,231,231,244,262,275,288,288,313,331,331,331,331,364,364,376,71,71,171,171,186,186,34,0,15,48,48,48,71,71,21,21,21,51,51,51],"floor_reached":51,"language":"ZHS","playtime":1260,"items_purged":["Defend_R+1"],"score":841,"play_id":"30bdc8f0-5124-4415-9f32-d29e83a891fa","local_time":"20210209093937","is_ascension_mode":false,"campfire_choices":[{"data":"Offering","floor":6.0,"key":"SMITH"},{"data":"Rage","floor":8.0,"key":"SMITH"},{"data":"Anger","floor":11.0,"key":"SMITH"},{"data":"Double Tap","floor":15.0,"key":"SMITH"},{"data":"Bludgeon","floor":25.0,"key":"SMITH"},{"floor":32.0,"key":"REST"},{"data":"Body Slam","floor":42,"key":"SMITH"},{"data":"Forethought","floor":44,"key":"SMITH"},{"data":"J.A.X.","floor":46,"key":"SMITH"},{"data":"Offering","floor":49,"key":"SMITH"}],"circlet_count":0,"master_deck":["Strike_R+1","Strike_R+1","Strike_R+1","Strike_R+1","Defend_R+1","Defend_R+1","Defend_R+1","Bash","Clash+1","Thunderclap","Headbutt","Rage+1","Offering+1","Forethought+1","Anger+1","Rampage","Double Tap+1","Bludgeon+1","Flame Barrier+1","Cleave+1","J.A.X.+1","Armaments+1","Sword Boomerang+1","Body Slam+1","Seeing Red","Reaper","Clothesline+1","Seeing Red+1","Offering+1"],"relics":["Burning Blood","NeowsBlessing","Pen Nib","PreservedInsect","Art of War","Black Star","Potion Belt","Orichalcum","Whetstone","Letter Opener","Juzu Bracelet","Centennial Puzzle","Ornamental Fan","Sozu","Sling","Red Mask","Boot","Toy Ornithopter","Smiling Mask","Blue Candle","The Courier"],"acts_visited":["Exordium","TheCity","TheBeyond"],"potions_floor_usage":[33,33,39],"damage_taken":[{"damage":0.0,"enemies":"Cultist","floor":1.0,"turns":1.0},{"damage":0.0,"enemies":"2 Louse","floor":3.0,"turns":1.0},{"damage":0.0,"enemies":"Lagavulin","floor":7.0,"turns":1.0},{"damage":6.0,"enemies":"Jaw Worm","floor":10.0,"turns":2.0},{"damage":6.0,"enemies":"Large Slime","floor":12.0,"turns":3.0},{"damage":0.0,"enemies":"Blue Slaver","floor":13.0,"turns":1.0},{"damage":29.0,"enemies":"Hexaghost","floor":16.0,"turns":6.0},{"damage":17.0,"enemies":"3 Byrds","floor":18.0,"turns":4.0},{"damage":5.0,"enemies":"Chosen","floor":19.0,"turns":3.0},{"damage":15.0,"enemies":"3 Cultists","floor":20.0,"turns":4.0},{"damage":11.0,"enemies":"Cultist and Chosen","floor":21.0,"turns":3.0},{"damage":9.0,"enemies":"Slavers","floor":23.0,"turns":2.0},{"damage":0.0,"enemies":"Chosen and Byrds","floor":24.0,"turns":5.0},{"damage":57.0,"enemies":"Gremlin Leader","floor":28.0,"turns":4.0},{"damage":15.0,"enemies":"Snecko","floor":30.0,"turns":3.0},{"damage":17,"enemies":"Collector","floor":33,"turns":6},{"damage":11,"enemies":"Orb Walker","floor":35,"turns":2},{"damage":9,"enemies":"3 Darklings","floor":39,"turns":5},{"damage":6,"enemies":"Nemesis","floor":40,"turns":3},{"damage":24,"enemies":"Giant Head","floor":48,"turns":3},{"damage":100,"enemies":"Awakened One","floor":50,"turns":10}],"seed_played":"-426223990329956446","potions_obtained":[{"floor":1.0,"key":"LiquidBronze"},{"floor":7.0,"key":"Regen Potion"},{"floor":10.0,"key":"SteroidPotion"},{"floor":12.0,"key":"SmokeBomb"},{"floor":16.0,"key":"FairyPotion"},{"floor":19.0,"key":"SkillPotion"},{"floor":20.0,"key":"Regen Potion"},{"floor":30.0,"key":"SteroidPotion"},{"floor":33,"key":"Fire Potion"}],"is_trial":false,"path_per_floor":["M","?","M","$","?","R","E","R","T","M","R","M","M","T","R","B",null,"M","M","M","M","?","E","M","R","T","?","E","T","M","$","R","B",null,"M","?","$","?","M","E","?","R","T","R","$","R","?","E","R","B",null],"character_chosen":"IRONCLAD","items_purchased":["Headbutt","Rage","Ornamental Fan","SkillPotion","Sling"],"campfire_rested":1,"item_purchase_floors":[4,4,31,31,37],"current_hp_per_floor":[80,80,80,80,80,80,80,80,80,80,80,80,80,80,80,57,80,69,79,70,74,74,71,77,77,77,77,26,26,17,17,41,30,80,75,75,75,75,80,80,80,80,80,80,80,80,80,62,62,30],"gold":51,"neow_bonus":"THREE_ENEMY_KILL","is_daily":false,"chose_seed":false,"campfire_upgraded":9,"win_rate":0.0,"timestamp":1612834777,"path_taken":["M","?","M","$","?","R","E","R","T","M","R","M","?","?","R","BOSS","M","M","M","?","?","E","M","R","T","?","E","?","M","$","R","BOSS","M","?","$","?","M","E","?","R","T","R","?","R","?","E","R","BOSS"],"items_purchased_type":["Card","Card","Relic","Potion","Relic"],"build_version":"2020-12-22","purchased_purges":1,"victory":true,"max_hp_per_floor":[80,80,80,80,80,80,80,80,80,80,80,80,80,80,80,80,80,80,80,80,80,80,80,80,80,80,80,80,80,80,80,80,80,80,80,80,80,80,80,80,80,80,80,80,80,80,80,80,80,80],"relic_stats":{"counters":[21,72],"Blue Candle":[0],"Pen Nib":[19],"PreservedInsect":255,"Juzu Bracelet":1,"Whetstone":["Strike_R","Strike_R"],"Letter Opener":[80],"Orichalcum":[18],"Boot":[0],"Smiling Mask":25,"Burning Blood":102,"Sozu":5,"Centennial Puzzle":[21],"Ornamental Fan":[76],"Art of War":[0],"Black Star":4,"obtain_stats":[{"Potion Belt":23,"NeowsBlessing":0,"Blue Candle":48,"Pen Nib":7,"PreservedInsect":9,"The Courier":48,"Juzu Bracelet":28,"Whetstone":26,"Letter Opener":28,"Orichalcum":23,"Sling":37,"Boot":40,"Smiling Mask":43,"Burning Blood":0,"Sozu":34,"Centennial Puzzle":29,"Ornamental Fan":31,"Art of War":14,"Black Star":17,"Red Mask":38,"Toy Ornithopter":40},{"Potion Belt":12,"NeowsBlessing":0,"Blue Candle":20,"Pen Nib":3,"PreservedInsect":3,"The Courier":20,"Juzu Bracelet":14,"Whetstone":13,"Letter Opener":14,"Orichalcum":12,"Sling":17,"Boot":19,"Smiling Mask":19,"Burning Blood":0,"Sozu":16,"Centennial Puzzle":14,"Ornamental Fan":15,"Art of War":6,"Black Star":7,"Red Mask":17,"Toy Ornithopter":19},{"Potion Belt":31,"NeowsBlessing":0,"Blue Candle":62,"Pen Nib":3,"PreservedInsect":3,"The Courier":62,"Juzu Bracelet":40,"Whetstone":36,"Letter Opener":40,"Orichalcum":31,"Sling":51,"Boot":59,"Smiling Mask":59,"Burning Blood":0,"Sozu":49,"Centennial Puzzle":40,"Ornamental Fan":43,"Art of War":9,"Black Star":15,"Red Mask":51,"Toy Ornithopter":59}],"Toy Ornithopter":0},"card_choices":[{"not_picked":["Havoc","Dark Embrace"],"picked":"Clash","floor":1.0},{"not_picked":["Rupture","Battle Trance"],"picked":"Thunderclap","floor":3.0},{"not_picked":["Ghostly Armor","Perfected Strike","Flame Barrier"],"picked":"SKIP","floor":7.0},{"not_picked":["Headbutt","Twin Strike"],"picked":"Anger","floor":10.0},{"not_picked":["Combust","Sword Boomerang"],"picked":"Rampage","floor":12.0},{"not_picked":["Shrug It Off","Perfected Strike"],"picked":"Double Tap","floor":13.0},{"not_picked":["Berserk","Reaper"],"picked":"Bludgeon","floor":16.0},{"not_picked":["True Grit","Havoc","Dropkick"],"picked":"SKIP","floor":18.0},{"not_picked":["Twin Strike","Battle Trance","Heavy Blade"],"picked":"SKIP","floor":19.0},{"not_picked":["Burning Pact+1","Second Wind"],"picked":"Flame Barrier+1","floor":20.0},{"not_picked":["True Grit","Sword Boomerang+1"],"picked":"Cleave+1","floor":21.0},{"not_picked":["Pummel","Fire Breathing"],"picked":"Armaments+1","floor":23.0},{"not_picked":["Feed","Disarm"],"picked":"Sword Boomerang+1","floor":24.0},{"not_picked":["Sword Boomerang+1","Pummel+1"],"picked":"Body Slam","floor":28.0},{"not_picked":["True Grit","Headbutt"],"picked":"Seeing Red","floor":30.0},{"not_picked":["Double Tap","Juggernaut"],"picked":"Reaper","floor":33},{"not_picked":["Iron Wave","Anger","Cleave+1"],"picked":"SKIP","floor":35},{"not_picked":["Fiend Fire","Headbutt"],"picked":"Clothesline+1","floor":39},{"not_picked":["True Grit+1","Shrug It Off+1"],"picked":"Seeing Red+1","floor":40},{"not_picked":["Juggernaut","Ghostly Armor","Rampage"],"picked":"SKIP","floor":48}],"player_experience":75797,"relics_obtained":[{"floor":7.0,"key":"Pen Nib"},{"floor":9.0,"key":"PreservedInsect"},{"floor":14.0,"key":"Art of War"},{"floor":23.0,"key":"Potion Belt"},{"floor":23.0,"key":"Orichalcum"},{"floor":26.0,"key":"Whetstone"},{"floor":28.0,"key":"Letter Opener"},{"floor":28.0,"key":"Juzu Bracelet"},{"floor":29.0,"key":"Centennial Puzzle"},{"floor":40,"key":"Boot"},{"floor":40,"key":"Toy Ornithopter"},{"floor":43,"key":"Smiling Mask"},{"floor":48,"key":"Blue Candle"},{"floor":48,"key":"The Courier"}],"event_choices":[{"damage_healed":0.0,"max_hp_gain":0.0,"max_hp_loss":0.0,"gold_gain":0.0,"event_name":"Living Wall","player_choice":"Grow","floor":2.0,"gold_loss":0.0,"damage_taken":0.0,"cards_upgraded":["Clash"]},{"damage_healed":0.0,"max_hp_gain":0.0,"max_hp_loss":0.0,"gold_gain":0.0,"event_name":"Match and Keep!","player_choice":"2 cards matched","floor":5.0,"gold_loss":0.0,"damage_taken":0.0,"cards_obtained":["Offering","Forethought"]},{"damage_healed":0.0,"max_hp_gain":0.0,"max_hp_loss":0.0,"gold_gain":0.0,"event_name":"Drug Dealer","player_choice":"Obtain J.A.X.","floor":22.0,"gold_loss":0.0,"damage_taken":0.0,"cards_obtained":["J.A.X."]},{"damage_healed":0.0,"max_hp_gain":0.0,"max_hp_loss":0.0,"gold_gain":0.0,"event_name":"Back to Basics","player_choice":"Simplicity","floor":27.0,"gold_loss":0.0,"damage_taken":0.0,"cards_upgraded":["Strike_R","Strike_R","Strike_R","Defend_R","Defend_R","Defend_R","Defend_R"]},{"damage_healed":0,"gold_gain":0,"player_choice":"Ignored","damage_taken":0,"max_hp_gain":0,"max_hp_loss":0,"event_name":"SecretPortal","floor":36,"gold_loss":0},{"damage_healed":0,"gold_gain":0,"player_choice":"Paid","damage_taken":0,"relics_obtained":["Red Mask"],"max_hp_gain":0,"max_hp_loss":0,"event_name":"Tomb of Lord Red Mask","floor":38,"gold_loss":34},{"damage_healed":0,"gold_gain":0,"player_choice":"Got Potions","damage_taken":0,"max_hp_gain":0,"max_hp_loss":0,"event_name":"Lab","floor":41,"gold_loss":0},{"damage_healed":0,"gold_gain":0,"cards_transformed":["Strike_R"],"player_choice":"Transformed","damage_taken":0,"max_hp_gain":0,"max_hp_loss":0,"event_name":"Transmorgrifier","floor":47,"gold_loss":0,"cards_obtained":["Offering"]}],"is_beta":false,"boss_relics":[{"not_picked":["Mark of Pain","Runic Pyramid"],"picked":"Black Star"},{"not_picked":["Coffee Dripper","Fusion Hammer"],"picked":"Sozu"}],"items_purged_floors":[45],"is_endless":false,"potions_floor_spawned":[1,7,10,12,16,19,20,30,33,39,48],"ascension_level":0}}