{"host":"3gyvhg7mg6y9ble1","time":1612841007,"event":{"mods":["BaseMod","Block Reminder","Colored Powertips","Highlight Path","Minty Spire (QoL Compilation)","Rare Cards Sparkle","Relic Sorter","Relic Stats","StSLib"],"gold_per_floor":[116,134,309,1,1,1,42,42,68,93,106,106,129,147,147,276,276,296,296,311,28,49,49,83,83,83,8,26,59,72,95,95,220,283,308,308,308,67,130,169,169,169,169],"floor_reached":42,"language":"ENG","playtime":2171,"items_purged":["Doubt","Strike_R","Clumsy"],"score":593,"play_id":"9fa9849c-28d9-4fe3-9c7a-9c97cab20344","local_time":"20210208222327","is_ascension_mode":true,"campfire_choices":[{"data":"Carnage","floor":6,"key":"SMITH"},{"data":"Flame Barrier","floor":15,"key":"SMITH"},{"data":"Flex","floor":23,"key":"SMITH"},{"data":"Shockwave","floor":25,"key":"SMITH"},{"data":"Armaments","floor":32,"key":"SMITH"},{"data":"Berserk","floor":41,"key":"SMITH"}],"circlet_count":0,"master_deck":["Strike_R","Strike_R","Strike_R","Defend_R","Defend_R","Defend_R","Defend_R","Bash","Clothesline","Carnage+1","Flex+1","Flame Barrier+1","Shockwave+1","Spot Weakness","Pommel Strike","Twin Strike","Demon Form","Battle Trance+1","Heavy Blade+1","Armaments+1","Inflame","Limit Break","Enlightenment","Metallicize","Dropkick","Dropkick+1","Berserk+1"],"relics":["Burning Blood","NeowsBlessing","Lee\u0027s Waffle","Golden Idol","Anchor","Potion Belt","Sundial","Cursed Key","Orichalcum","Bag of Preparation","Happy Flower","Ginger","Tiny House","Du-Vu Doll","Shovel"],"acts_visited":["Exordium","TheCity","TheBeyond"],"potions_floor_usage":[11,20,24,24,29,29,30,39,39,40,42],"damage_taken":[{"damage":0,"enemies":"Cultist","floor":1,"turns":1},{"damage":0,"enemies":"2 Louse","floor":2,"turns":1},{"damage":0,"enemies":"Lagavulin","floor":7,"turns":1},{"damage":0,"enemies":"Jaw Worm","floor":10,"turns":2},{"damage":0,"enemies":"Looter","floor":11,"turns":2},{"damage":5,"enemies":"3 Louse","floor":13,"turns":4},{"damage":4,"enemies":"Large Slime","floor":14,"turns":5},{"damage":58,"enemies":"Hexaghost","floor":16,"turns":10},{"damage":10,"enemies":"Shell Parasite","floor":18,"turns":3},{"damage":1,"enemies":"Spheric Guardian","floor":20,"turns":3},{"damage":12,"enemies":"Snecko","floor":22,"turns":4},{"damage":10,"enemies":"Book of Stabbing","floor":24,"turns":4},{"damage":4,"enemies":"Centurion and Healer","floor":28,"turns":4},{"damage":5,"enemies":"Gremlin Leader","floor":29,"turns":5},{"damage":6,"enemies":"Sentry and Sphere","floor":30,"turns":3},{"damage":19,"enemies":"3 Cultists","floor":31,"turns":5},{"damage":19,"enemies":"Champ","floor":33,"turns":6},{"damage":0,"enemies":"Orb Walker","floor":35,"turns":2},{"damage":0,"enemies":"Mind Bloom Boss Battle","floor":39,"turns":3},{"damage":44,"enemies":"Giant Head","floor":40,"turns":8},{"damage":62,"enemies":"Nemesis","floor":42,"turns":6}],"seed_played":"29416","potions_obtained":[{"floor":2,"key":"SteroidPotion"},{"floor":10,"key":"EssenceOfSteel"},{"floor":13,"key":"GamblersBrew"},{"floor":16,"key":"DistilledChaos"},{"floor":19,"key":"Fire Potion"},{"floor":19,"key":"HeartOfIron"},{"floor":19,"key":"Weak Potion"},{"floor":20,"key":"AttackPotion"},{"floor":24,"key":"Ancient Potion"},{"floor":29,"key":"SteroidPotion"},{"floor":33,"key":"SkillPotion"},{"floor":34,"key":"Ancient Potion"},{"floor":39,"key":"FearPotion"},{"floor":40,"key":"Fire Potion"}],"is_trial":false,"path_per_floor":["M","M","?","$","?","R","E","?","T","M","M","T","M","M","R","B",null,"M","?","M","$","M","R","E","R","T","$","M","E","M","M","R","B",null,"M","?","?","$","?","E","R","E"],"character_chosen":"IRONCLAD","items_purchased":["Lee\u0027s Waffle","Carnage","Flex","Orichalcum","Battle Trance","Armaments","BlessingOfTheForge","Metallicize","Dropkick"],"campfire_rested":0,"item_purchase_floors":[4,4,4,21,21,27,27,38,38],"current_hp_per_floor":[80,80,80,87,66,66,72,65,65,71,77,77,78,80,80,28,87,83,83,87,87,81,81,77,77,77,77,79,80,80,67,67,54,92,92,92,92,92,92,54,54,0,0],"gold":169,"neow_bonus":"THREE_ENEMY_KILL","is_daily":false,"chose_seed":true,"campfire_upgraded":6,"win_rate":0.0,"timestamp":1612841007,"path_taken":["M","?","?","?","?","R","E","?","T","M","M","?","M","M","R","BOSS","M","?","M","$","M","R","E","R","T","?","?","E","M","M","R","BOSS","M","?","?","?","?","E","R","E"],"items_purchased_type":["Relic","Card","Card","Relic","Card","Card","Potion","Card","Card"],"build_version":"2020-12-22","purchased_purges":3,"victory":false,"max_hp_per_floor":[80,80,80,87,87,87,87,87,87,87,87,87,87,87,87,87,87,87,87,87,87,87,87,87,87,87,87,87,87,87,87,87,87,92,92,92,92,92,92,92,92,92,92],"relic_stats":{"Lee\u0027s Waffle":7,"Shovel":0,"Happy Flower":[14],"counters":[21,82],"Golden Idol":152,"Sundial":[10],"Bag of Preparation":[18],"Ginger":[5],"Orichalcum":[84],"Cursed Key":1,"obtain_stats":[{"Potion Belt":9,"Lee\u0027s Waffle":4,"Tiny House":34,"NeowsBlessing":0,"Happy Flower":26,"Golden Idol":5,"Bag of Preparation":24,"Ginger":29,"Orichalcum":21,"Cursed Key":17,"Burning Blood":0,"Du-Vu Doll":39,"Anchor":7,"Shovel":40,"Sundial":12},{"Potion Belt":3,"Lee\u0027s Waffle":2,"Tiny House":17,"NeowsBlessing":0,"Happy Flower":12,"Golden Idol":2,"Bag of Preparation":12,"Ginger":14,"Orichalcum":10,"Cursed Key":8,"Burning Blood":0,"Du-Vu Doll":19,"Anchor":3,"Shovel":20,"Sundial":5},{"Potion Belt":3,"Lee\u0027s Waffle":2,"Tiny House":63,"NeowsBlessing":0,"Happy Flower":40,"Golden Idol":2,"Bag of Preparation":40,"Ginger":49,"Orichalcum":32,"Cursed Key":26,"Burning Blood":0,"Du-Vu Doll":68,"Anchor":3,"Shovel":76,"Sundial":7}],"Burning Blood":95},"card_choices":[{"not_picked":["Clash","Entrench","Anger"],"picked":"SKIP","floor":1},{"not_picked":["Clash","Rupture"],"picked":"Clothesline","floor":2},{"not_picked":["Clash","Anger"],"picked":"Flame Barrier","floor":7},{"not_picked":["Sword Boomerang","Shrug It Off"],"picked":"Shockwave","floor":10},{"not_picked":["Wild Strike","Iron Wave"],"picked":"Spot Weakness","floor":11},{"not_picked":["Clothesline","Clash"],"picked":"Pommel Strike","floor":13},{"not_picked":["Anger","Body Slam"],"picked":"Twin Strike","floor":14},{"not_picked":["Immolate","Brutality"],"picked":"Demon Form","floor":16},{"not_picked":["Ghostly Armor","Warcry","Twin Strike"],"picked":"SKIP","floor":18},{"not_picked":["Thunderclap","Iron Wave","Sword Boomerang"],"picked":"SKIP","floor":20},{"not_picked":["Havoc","Second Wind"],"picked":"Heavy Blade+1","floor":22},{"not_picked":["Clash","Heavy Blade","Second Wind"],"picked":"SKIP","floor":24},{"not_picked":["Flame Barrier+1","Rage"],"picked":"Inflame","floor":28},{"not_picked":["Armaments","Bludgeon","Wild Strike+1"],"picked":"SKIP","floor":29},{"not_picked":["Havoc+1","Heavy Blade","Body Slam"],"picked":"SKIP","floor":30},{"not_picked":["Flex","Power Through+1","Anger"],"picked":"SKIP","floor":31},{"not_picked":["Exhume","Corruption"],"picked":"Limit Break","floor":33},{"not_picked":["Clash+1","Body Slam+1","Wild Strike+1"],"picked":"SKIP","floor":35},{"not_picked":["Mind Blast","Purity"],"picked":"Enlightenment","floor":37},{"not_picked":["True Grit+1","Body Slam+1"],"picked":"Dropkick+1","floor":39},{"not_picked":["Thunderclap","Fire Breathing"],"picked":"Berserk","floor":40}],"player_experience":335521,"relics_obtained":[{"floor":7,"key":"Anchor"},{"floor":9,"key":"Potion Belt"},{"floor":12,"key":"Sundial"},{"floor":24,"key":"Bag of Preparation"},{"floor":26,"key":"Happy Flower"},{"floor":29,"key":"Ginger"},{"floor":39,"key":"Du-Vu Doll"},{"floor":40,"key":"Shovel"}],"event_choices":[{"damage_healed":0,"gold_gain":175,"player_choice":"AGREE","damage_taken":0,"max_hp_gain":0,"max_hp_loss":0,"event_name":"Liars Game","floor":3,"gold_loss":0,"cards_obtained":["Doubt"]},{"damage_healed":0,"gold_gain":0,"player_choice":"Take Damage","damage_taken":21,"relics_obtained":["Golden Idol"],"max_hp_gain":0,"max_hp_loss":0,"event_name":"Golden Idol","floor":5,"gold_loss":0},{"cards_removed":["Strike_R"],"damage_healed":0,"gold_gain":0,"player_choice":"Card Removal","damage_taken":7,"max_hp_gain":0,"max_hp_loss":0,"event_name":"Golden Wing","floor":8,"gold_loss":0},{"damage_healed":0,"gold_gain":0,"player_choice":"Got Potions","damage_taken":0,"max_hp_gain":0,"max_hp_loss":0,"event_name":"Lab","floor":19,"gold_loss":0},{"damage_healed":0,"gold_gain":0,"player_choice":"Ignored","damage_taken":0,"max_hp_gain":0,"max_hp_loss":0,"event_name":"Tomb of Lord Red Mask","floor":36,"gold_loss":0},{"damage_healed":0,"gold_gain":0,"player_choice":"Memory 1","damage_taken":0,"max_hp_gain":0,"max_hp_loss":0,"event_name":"SensoryStone","floor":37,"gold_loss":0},{"damage_healed":0,"gold_gain":0,"player_choice":"Fight","damage_taken":0,"max_hp_gain":0,"max_hp_loss":0,"event_name":"MindBloom","floor":39,"gold_loss":0}],"is_beta":false,"boss_relics":[{"not_picked":["SacredBark","Pandora\u0027s Box"],"picked":"Cursed Key"},{"not_picked":["Empty Cage","Calling Bell"],"picked":"Tiny House"}],"items_purged_floors":[4,21,38],"is_endless":false,"potions_floor_spawned":[2,10,13,16,20,24,29,33,39,40],"killed_by":"Nemesis","ascension_level":3}}