{"host":"lxu17chzujqn8whl","time":1612851774,"event":{"mods":["BaseMod","Minty Spire (QoL Compilation)","Relic Stats","StSLib"],"gold_per_floor":[119,119,138,138,162,162,162,197,245,266,297,316,334,349,349,478,478,496,496,517,517,535,535,578,578,578,618,639,131,151,176,176,295,295,311,329,394,394,413,451,784,801,801,406,456,489,145,157,157,157],"floor_reached":51,"language":"ENG","playtime":1848,"items_purged":["Strike_G","Strike_G","Cloak And Dagger"],"score":836,"play_id":"0116fa40-1170-4fa2-8014-3ce2a74fe82b","local_time":"20210208222254","is_ascension_mode":false,"campfire_choices":[{"data":"Cloak And Dagger","floor":6.0,"key":"SMITH"},{"floor":15.0,"key":"REST"},{"floor":23.0,"key":"REST"},{"floor":25.0,"key":"REST"},{"floor":32.0,"key":"REST"},{"floor":49,"key":"REST"}],"circlet_count":0,"master_deck":["Strike_G","Strike_G","Strike_G","Defend_G","Defend_G","Defend_G","Defend_G","Defend_G","Survivor","Neutralize","Cloak And Dagger+1","Well Laid Plans","Cloak And Dagger+1","Backstab","Backflip","Accuracy","Terror","Sucker Punch","Die Die Die","Dodge and Roll","Blade Dance","Crippling Poison+1","Panache","Prepared+1","Slice+1","Wraith Form v2","Blur","Slice+1","Dramatic Entrance","Escape Plan+1","Footwork","Accuracy","Master of Strategy","Slice","Adrenaline","Cloak And Dagger+1"],"relics":["Ring of the Snake","Bronze Scales","Nunchaku","Boot","Regal Pillow","WristBlade","Bottled Lightning","InkBottle","Centennial Puzzle","Pear","Philosopher\u0027s Stone","Pocketwatch","Shuriken","MawBank","Ice Cream","Gremlin Horn","Strange Spoon"],"acts_visited":["Exordium","TheCity","TheBeyond"],"potions_floor_usage":[40,50,50],"damage_taken":[{"damage":0.0,"enemies":"Small Slimes","floor":1.0,"turns":3.0},{"damage":0.0,"enemies":"2 Louse","floor":3.0,"turns":3.0},{"damage":1.0,"enemies":"Jaw Worm","floor":5.0,"turns":4.0},{"damage":14.0,"enemies":"Gremlin Nob","floor":8.0,"turns":4.0},{"damage":0.0,"enemies":"Lots of Slimes","floor":10.0,"turns":3.0},{"damage":1.0,"enemies":"Lagavulin","floor":11.0,"turns":4.0},{"damage":0.0,"enemies":"Exordium Thugs","floor":12.0,"turns":3.0},{"damage":0.0,"enemies":"2 Fungi Beasts","floor":13.0,"turns":3.0},{"damage":0.0,"enemies":"3 Louse","floor":14.0,"turns":2.0},{"damage":3.0,"enemies":"Slime Boss","floor":16.0,"turns":5.0},{"damage":13.0,"enemies":"Shell Parasite","floor":18.0,"turns":3.0},{"damage":14.0,"enemies":"Spheric Guardian","floor":20.0,"turns":4.0},{"damage":1.0,"enemies":"3 Cultists","floor":22.0,"turns":4.0},{"damage":37.0,"enemies":"Gremlin Leader","floor":24.0,"turns":8.0},{"damage":23.0,"enemies":"Book of Stabbing","floor":27.0,"turns":4.0},{"damage":0.0,"enemies":"Snake Plant","floor":28.0,"turns":2.0},{"damage":0.0,"enemies":"Cultist and Chosen","floor":30.0,"turns":4.0},{"damage":7.0,"enemies":"Snecko","floor":31.0,"turns":3.0},{"damage":41.0,"enemies":"Champ","floor":33.0,"turns":7.0},{"damage":0.0,"enemies":"3 Shapes","floor":35.0,"turns":2.0},{"damage":9.0,"enemies":"3 Darklings","floor":36.0,"turns":3.0},{"damage":24.0,"enemies":"2 Orb Walkers","floor":37.0,"turns":3.0},{"damage":0.0,"enemies":"Jaw Worm Horde","floor":39.0,"turns":3.0},{"damage":14,"enemies":"Giant Head","floor":40,"turns":6},{"damage":11,"enemies":"Transient","floor":42,"turns":5},{"damage":0,"enemies":"Mind Bloom Boss Battle","floor":45,"turns":3},{"damage":15,"enemies":"Nemesis","floor":46,"turns":4},{"damage":2,"enemies":"4 Shapes","floor":48,"turns":2},{"damage":22,"enemies":"Donu and Deca","floor":50,"turns":7}],"seed_played":"6370713871711239262","potions_obtained":[{"floor":3.0,"key":"SneckoOil"},{"floor":8.0,"key":"DuplicationPotion"},{"floor":10.0,"key":"ColorlessPotion"},{"floor":11.0,"key":"Fire Potion"},{"floor":12.0,"key":"LiquidBronze"},{"floor":21.0,"key":"FairyPotion"},{"floor":21.0,"key":"EssenceOfSteel"},{"floor":27.0,"key":"Fire Potion"},{"floor":33.0,"key":"GamblersBrew"},{"floor":40,"key":"Explosive Potion"}],"is_trial":false,"path_per_floor":["M","?","M","?","M","R","?","E","T","M","E","M","M","M","R","B",null,"M","?","M","?","M","R","E","R","T","E","M","$","M","M","R","B",null,"M","M","?","?","M","E","?","M","T","$","?","E","$","M","R","B",null],"character_chosen":"THE_SILENT","items_purchased":["Panache","Pear","Accuracy","Master of Strategy","Energy Potion","Adrenaline","Strange Spoon"],"campfire_rested":5,"item_purchase_floors":[29,29,44,44,44,47,47],"current_hp_per_floor":[77,77,77,58,57,57,45,31,31,31,30,30,30,30,68,65,77,64,64,50,50,49,77,40,77,77,54,54,64,64,57,87,46,87,87,78,54,54,54,40,40,29,29,29,29,14,14,12,53,31],"gold":157,"neow_bonus":"TEN_PERCENT_HP_BONUS","is_daily":false,"chose_seed":false,"campfire_upgraded":1,"win_rate":0.0,"timestamp":1612851774,"path_taken":["M","?","M","?","M","R","?","E","T","M","E","M","M","M","R","BOSS","M","?","M","?","?","R","E","R","T","E","M","$","M","M","R","BOSS","M","M","?","?","M","E","?","M","T","$","?","E","$","M","R","BOSS"],"items_purchased_type":["Card","Relic","Card","Card","Potion","Card","Relic"],"build_version":"2020-12-22","purchased_purges":3,"victory":true,"max_hp_per_floor":[77,77,77,77,77,77,77,77,77,77,77,77,77,77,77,77,77,77,77,77,77,77,77,77,77,77,77,77,87,87,87,87,87,87,87,87,87,87,87,87,87,87,87,87,87,87,87,87,87,87],"relic_stats":{"Regal Pillow":53,"Gremlin Horn":[4,4],"counters":[29,111],"Boot":[90],"MawBank":12,"Strange Spoon":[16],"Nunchaku":[34],"Centennial Puzzle":[24],"Shuriken":[20],"Bronze Scales":[223],"obtain_stats":[{"Ice Cream":45,"Regal Pillow":11,"Pear":29,"Gremlin Horn":46,"Golden Idol":4,"Boot":9,"MawBank":43,"Strange Spoon":47,"Nunchaku":8,"Centennial Puzzle":27,"WristBlade":17,"Shuriken":40,"Bronze Scales":7,"Philosopher\u0027s Stone":34,"Bottled Lightning":24,"InkBottle":26,"Ring of the Snake":0,"Pocketwatch":37},{"Ice Cream":26,"Regal Pillow":6,"Pear":16,"Gremlin Horn":27,"Golden Idol":2,"Boot":4,"MawBank":25,"Strange Spoon":27,"Nunchaku":4,"Centennial Puzzle":15,"WristBlade":10,"Shuriken":24,"Bronze Scales":3,"Philosopher\u0027s Stone":19,"Bottled Lightning":14,"InkBottle":14,"Ring of the Snake":0,"Pocketwatch":22},{"Ice Cream":98,"Regal Pillow":21,"Pear":59,"Gremlin Horn":102,"Golden Idol":6,"Boot":14,"MawBank":95,"Strange Spoon":102,"Nunchaku":14,"Centennial Puzzle":57,"WristBlade":34,"Shuriken":90,"Bronze Scales":10,"Philosopher\u0027s Stone":73,"Bottled Lightning":53,"InkBottle":53,"Ring of the Snake":0,"Pocketwatch":81}],"InkBottle":[39],"Ring of the Snake":[58],"Pocketwatch":[3]},"card_choices":[{"not_picked":["Deadly Poison","Deflect"],"picked":"Cloak And Dagger","floor":1.0},{"not_picked":["Expertise","PiercingWail"],"picked":"Well Laid Plans","floor":3.0},{"not_picked":["Sucker Punch","Dagger Throw"],"picked":"Cloak And Dagger","floor":5.0},{"not_picked":["Caltrops","Poisoned Stab"],"picked":"Backstab","floor":8.0},{"not_picked":["Bane","Masterful Stab","Slice"],"picked":"SKIP","floor":10.0},{"not_picked":["Phantasmal Killer","After Image"],"picked":"Backflip","floor":11.0},{"not_picked":["Dagger Spray","Prepared"],"picked":"Accuracy","floor":12.0},{"not_picked":["Dagger Throw","Prepared"],"picked":"Terror","floor":13.0},{"not_picked":["Riddle With Holes","Tactician"],"picked":"Sucker Punch","floor":14.0},{"not_picked":["Glass Knife","Corpse Explosion"],"picked":"Die Die Die","floor":16.0},{"not_picked":["Calculated Gamble","Deadly Poison"],"picked":"Dodge and Roll","floor":18.0},{"not_picked":["PiercingWail+1","Deadly Poison"],"picked":"Cloak And Dagger","floor":20.0},{"not_picked":["Deadly Poison","Slice","PiercingWail"],"picked":"SKIP","floor":22.0},{"not_picked":["Unload","Acrobatics+1"],"picked":"Blade Dance","floor":24.0},{"not_picked":["Sucker Punch","Choke+1"],"picked":"Crippling Poison+1","floor":27.0},{"not_picked":["Caltrops","Blur","Dagger Throw"],"picked":"SKIP","floor":28.0},{"not_picked":["Dagger Spray","Dodge and Roll"],"picked":"Prepared+1","floor":30.0},{"not_picked":["Sucker Punch","Backflip"],"picked":"Slice+1","floor":31.0},{"not_picked":["Malaise","Unload"],"picked":"Wraith Form v2","floor":33.0},{"not_picked":["Prepared","Catalyst+1"],"picked":"Blur","floor":35.0},{"not_picked":["Underhanded Strike+1","Outmaneuver"],"picked":"Slice+1","floor":36.0},{"not_picked":["Sadistic Nature","Madness"],"picked":"Dramatic Entrance","floor":38.0},{"not_picked":["Blur+1","Acrobatics","Flying Knee"],"picked":"SKIP","floor":39.0},{"not_picked":["Flechettes+1","Dagger Spray"],"picked":"Escape Plan+1","floor":40},{"not_picked":["Poisoned Stab","Dagger Spray"],"picked":"Footwork","floor":42},{"not_picked":["Outmaneuver","All Out Attack"],"picked":"Slice","floor":45},{"not_picked":["PiercingWail+1","Tools of the Trade","Eviscerate"],"picked":"SKIP","floor":46},{"not_picked":["Deflect","Skewer"],"picked":"Cloak And Dagger+1","floor":48}],"player_experience":655532,"relics_obtained":[{"floor":8.0,"key":"Nunchaku"},{"floor":9.0,"key":"Boot"},{"floor":11.0,"key":"Regal Pillow"},{"floor":24.0,"key":"Bottled Lightning"},{"floor":26.0,"key":"InkBottle"},{"floor":27.0,"key":"Centennial Puzzle"},{"floor":37.0,"key":"Pocketwatch"},{"floor":40,"key":"Shuriken"},{"floor":43,"key":"MawBank"},{"floor":45,"key":"Ice Cream"},{"floor":46,"key":"Gremlin Horn"}],"event_choices":[{"damage_healed":0.0,"max_hp_gain":0.0,"max_hp_loss":0.0,"gold_gain":0.0,"event_name":"Living Wall","player_choice":"Grow","floor":2.0,"gold_loss":0.0,"damage_taken":0.0,"cards_upgraded":["Cloak And Dagger"]},{"damage_healed":0.0,"max_hp_gain":0.0,"max_hp_loss":0.0,"gold_gain":0.0,"event_name":"Golden Idol","player_choice":"Take Damage","floor":4.0,"gold_loss":0.0,"damage_taken":19.0,"relics_obtained":["Golden Idol"]},{"damage_healed":0.0,"max_hp_gain":0.0,"max_hp_loss":0.0,"gold_gain":0.0,"event_name":"Scrap Ooze","player_choice":"Success","floor":7.0,"gold_loss":0.0,"damage_taken":12.0,"relics_obtained":["Bronze Scales"]},{"damage_healed":0.0,"max_hp_gain":0.0,"max_hp_loss":0.0,"gold_gain":0.0,"event_name":"Ghosts","player_choice":"Ignored","floor":19.0,"gold_loss":0.0,"damage_taken":0.0},{"damage_healed":0.0,"max_hp_gain":0.0,"max_hp_loss":0.0,"gold_gain":0.0,"event_name":"Lab","player_choice":"Got Potions","floor":21.0,"gold_loss":0.0,"damage_taken":0.0},{"damage_healed":0.0,"max_hp_gain":0.0,"max_hp_loss":0.0,"gold_gain":0.0,"event_name":"Mysterious Sphere","player_choice":"Fight","floor":37.0,"gold_loss":0.0,"damage_taken":0.0},{"damage_healed":0.0,"max_hp_gain":0.0,"max_hp_loss":0.0,"gold_gain":0.0,"event_name":"SensoryStone","player_choice":"Memory 1","floor":38.0,"gold_loss":0.0,"damage_taken":0.0},{"damage_healed":0,"gold_gain":333,"player_choice":"Gave Idol","damage_taken":0,"max_hp_gain":0,"max_hp_loss":0,"event_name":"The Moai Head","floor":41,"relics_lost":["Golden Idol"],"gold_loss":0},{"damage_healed":0,"gold_gain":0,"player_choice":"Fight","damage_taken":0,"max_hp_gain":0,"max_hp_loss":0,"event_name":"MindBloom","floor":45,"gold_loss":0}],"is_beta":false,"boss_relics":[{"not_picked":["Black Star","Calling Bell"],"picked":"WristBlade"},{"not_picked":["Fusion Hammer","HoveringKite"],"picked":"Philosopher\u0027s Stone"}],"items_purged_floors":[29,44,47],"is_endless":false,"potions_floor_spawned":[3,8,10,11,12,22,27,33,37,39,40,42,45],"ascension_level":0}}