{"host":"0o4jkshs65tojivq","time":1612841703,"event":{"mods":["AchievementEnabler","BaseMod","Minty Spire (QoL Compilation)","Quick Restart","Relic Stats","Slay the Relics Exporter","StSLib"],"gold_per_floor":[112,112,112,128,128,128,128],"floor_reached":6,"language":"ENG","playtime":175,"items_purged":[],"score":66,"play_id":"12608ad3-16fb-4aa1-83ee-a28f2e6839af","local_time":"20210208193503","is_ascension_mode":true,"campfire_choices":[],"circlet_count":0,"master_deck":["AscendersBane","Strike_B","Strike_B","Strike_B","Strike_B","Defend_B","Defend_B","Defend_B","Defend_B","Zap","Dualcast","Genetic Algorithm","Defragment"],"relics":["Sozu","Sundial","FaceOfCleric"],"acts_visited":["Exordium"],"potions_floor_usage":[],"damage_taken":[{"damage":3,"enemies":"Small Slimes","floor":1,"turns":4},{"damage":8,"enemies":"2 Louse","floor":4,"turns":3},{"damage":36,"enemies":"Gremlin Nob","floor":6,"turns":3}],"seed_played":"1450696081234160672","potions_obtained":[],"is_trial":false,"path_per_floor":["M","?","?","M","?","E"],"character_chosen":"DEFECT","items_purchased":[],"campfire_rested":0,"item_purchase_floors":[],"current_hp_per_floor":[61,35,35,27,27,0,0],"gold":128,"neow_bonus":"BOSS_RELIC","is_daily":false,"chose_seed":false,"campfire_upgraded":0,"win_rate":0.0,"timestamp":1612841703,"path_taken":["M","?","?","M","?","E"],"items_purchased_type":[],"build_version":"2020-12-22","purchased_purges":0,"victory":false,"max_hp_per_floor":[71,71,71,71,71,71,71],"relic_stats":{"Sozu":0,"FaceOfCleric":0,"counters":[3,10],"Sundial":[0],"obtain_stats":[{"Sozu":0,"FaceOfCleric":5,"Sundial":2,"Cracked Core":0},{"Sozu":0,"FaceOfCleric":2,"Sundial":1,"Cracked Core":0},{"Sozu":0,"FaceOfCleric":7,"Sundial":4,"Cracked Core":0}]},"card_choices":[{"not_picked":["Conserve Battery","Hello World"],"picked":"Genetic Algorithm","floor":1},{"not_picked":["Redo","Conserve Battery"],"picked":"Defragment","floor":4}],"player_experience":1087839,"relics_obtained":[],"event_choices":[{"damage_healed":0,"gold_gain":0,"player_choice":"Success","damage_taken":26,"relics_obtained":["Sundial"],"max_hp_gain":0,"max_hp_loss":0,"event_name":"Scrap Ooze","floor":2,"gold_loss":0},{"damage_healed":0,"gold_gain":0,"player_choice":"Ignored","damage_taken":0,"max_hp_gain":0,"max_hp_loss":0,"event_name":"Golden Wing","floor":3,"gold_loss":0},{"damage_healed":0,"gold_gain":0,"player_choice":"Trade","damage_taken":0,"relics_obtained":["FaceOfCleric"],"max_hp_gain":0,"max_hp_loss":0,"event_name":"FaceTrader","floor":5,"gold_loss":0}],"is_beta":false,"boss_relics":[],"items_purged_floors":[],"is_endless":false,"potions_floor_spawned":[],"killed_by":"Gremlin Nob","ascension_level":19}}