{"host":"9fuvscx47tolndfl","time":1612863481,"event":{"mods":["100% Spire Juice","AchievementEnabler","Act Like it!","Arknights","Aspiration","BaseMod","Beaked The Cultist","Better Match","Better Note","Better Third Choice","CapriCore","Colored Map","Colored Powertips","Conspire","Downfall","GungeonMod","Halation","Hermit","Hubris","Infinite Spire","Jedi Mod","JesterMod","Jorbs\u0027s Wanderer Trilogy","Koishi","Luminous","Marisa????????","Minty Spire (QoL Compilation)","Prisma Mod","Rare Cards Sparkle","Remilia??????","Replay The Spire","Shade Mod","Shop Mod","StSLib","The Administrix","The Alterego","The Animator","The Bug Knight","The Construct","The Cursed","The Disciple","The Fake Hero","The Forsaken","The Hayseed","The Hierophant","The Immortal","The Jungle","The Mystic","The Necromancer","The Poker Player","The Problem Sleuth","The Runesmith","The Servant 0.9.4","The Trickster","TheBandit","TheHero","TheSwordswoman","Waifu the Spire","Wandering Minibosses","WarShipGirlsR/????R mod","Yuyuko","thorton","??????REMEMod"],"gold_per_floor":[111,201,228,238,254,254,269,269,269,324,324,17,32,32,32,130,130,145,156,256,256,256,256],"floor_reached":21,"language":"ENG","playtime":3310,"items_purged":[],"score":179,"play_id":"14c3c675-09ad-454c-bef3-15ce4a87e85f","local_time":"20210209013801","is_ascension_mode":false,"campfire_choices":[{"floor":6,"key":"REST"},{"floor":8,"key":"REST"},{"floor":11,"key":"REST"},{"floor":15,"key":"REST"}],"circlet_count":0,"master_deck":["MokouMod:Strike","MokouMod:Strike","MokouMod:Strike","MokouMod:Strike","MokouMod:Strike","MokouMod:Defend","MokouMod:Defend","MokouMod:Defend","MokouMod:Defend","MokouMod:HeatSpark","MokouMod:DanceofFlames","MokouMod:RoaringFlare","MokouMod:ThermalPressure","MokouMod:AdaptivePyromancy","MokouMod:FlamingFireTalons","MokouMod:Combust","MokouMod:SearingShot","MokouMod:RoaringFlare","MokouMod:Sear","MokouMod:Geothermal","MokouMod:IgneousBlow","MokouMod:ShiftIgnition","MokouMod:Overheat","MokouMod:InfernalWave","MokouMod:PhoenixForm","MokouMod:TemporalFireSeal","MokouMod:BlazingComet"],"relics":["MokouMod:PhoenixFeather","REME_ComplimentaryCards","DemoMod:WeirdEgg","Replay:Towering Pillar of Hats","SlaversCollar"],"acts_visited":["Exordium","TheCity"],"potions_floor_usage":[10,10,16,16,19,21],"damage_taken":[{"damage":7,"enemies":"Small Slimes","floor":1,"turns":4},{"damage":37,"enemies":"conspire:MimicChest","floor":3,"turns":9},{"damage":9,"enemies":"2 Louse","floor":4,"turns":3},{"damage":1,"enemies":"Cultist","floor":5,"turns":3},{"damage":4,"enemies":"Looter","floor":7,"turns":3},{"damage":16,"enemies":"Gremlin Nob","floor":10,"turns":4},{"damage":25,"enemies":"Exordium Thugs","floor":13,"turns":4},{"damage":43,"enemies":"Slime Boss","floor":16,"turns":9},{"damage":48,"enemies":"3 Byrds","floor":18,"turns":7},{"damage":30,"enemies":"2 Thieves","floor":19,"turns":4},{"damage":74,"enemies":"Centurion and Healer","floor":21,"turns":8}],"seed_played":"-2416659692469942122","potions_obtained":[{"floor":5,"key":"Block Potion"},{"floor":7,"key":"REME_GoldPotion"},{"floor":13,"key":"SpeedPotion"},{"floor":18,"key":"AttackPotion"},{"floor":19,"key":"champ:CounterPotion"}],"is_trial":false,"path_per_floor":["M","?","?","M","M","R","M","R","T","E","R","$","M","?","R","B",null,"M","M","?","M"],"character_chosen":"MKU","items_purchased":["MokouMod:Geothermal","MokouMod:IgneousBlow","MokouMod:ShiftIgnition","MokouMod:Overheat","Adrenaline Potion"],"campfire_rested":4,"item_purchase_floors":[12,12,12,12,12],"current_hp_per_floor":[75,43,6,20,19,43,39,63,63,47,71,71,46,46,70,27,82,34,4,4,0,0,0],"gold":256,"neow_bonus":"TEN_PERCENT_HP_BONUS","is_daily":false,"chose_seed":false,"campfire_upgraded":0,"win_rate":0.0,"timestamp":1612863481,"path_taken":["M","?","?","M","M","R","M","R","T","E","R","$","M","?","R","BOSS","M","M","?","M"],"items_purchased_type":["Card","Card","Card","Card","Potion"],"build_version":"2020-12-22","purchased_purges":0,"victory":false,"max_hp_per_floor":[82,82,82,82,82,82,82,82,82,82,82,82,82,82,82,82,82,82,82,82,82,82,82],"card_choices":[{"not_picked":["MokouMod:UncontrollableSolarReaction","MokouMod:HeatCyclone"],"picked":"MokouMod:DanceofFlames","floor":1},{"not_picked":["MokouMod:IgnitionBarrier","MokouMod:HeatCyclone"],"picked":"MokouMod:RoaringFlare","floor":2},{"not_picked":["MokouMod:InfernalWave","MokouMod:UncontrollableSolarReaction"],"picked":"MokouMod:ThermalPressure","floor":2},{"not_picked":["MokouMod:InfernalWave","MokouMod:BlazingComet"],"picked":"MokouMod:AdaptivePyromancy","floor":2},{"not_picked":["MokouMod:Stoke","MokouMod:ThermalPressure"],"picked":"MokouMod:FlamingFireTalons","floor":3},{"not_picked":["MokouMod:Ember","MokouMod:FlareStarter"],"picked":"MokouMod:Combust","floor":4},{"not_picked":["MokouMod:FlickeringFlame","MokouMod:BlazingComet"],"picked":"MokouMod:SearingShot","floor":5},{"not_picked":["MokouMod:InfernalWave","MokouMod:IgnitionBlast"],"picked":"MokouMod:RoaringFlare","floor":7},{"not_picked":["MokouMod:ResoluteFlare","MokouMod:EnchantingBambooForest"],"picked":"MokouMod:Sear","floor":10},{"not_picked":["MokouMod:EternalBurstReactor","MokouMod:Firecracker"],"picked":"MokouMod:InfernalWave","floor":13},{"not_picked":["MokouMod:Rekindle","MokouMod:SearingBlow"],"picked":"MokouMod:PhoenixForm","floor":16},{"not_picked":["MokouMod:SubterraneanCore","MokouMod:EternalBurstReactor"],"picked":"MokouMod:TemporalFireSeal","floor":18},{"not_picked":["MokouMod:Burn","MokouMod:CrimsonFlare"],"picked":"MokouMod:BlazingComet","floor":19}],"player_experience":240214,"relics_obtained":[{"floor":3,"key":"DemoMod:WeirdEgg"},{"floor":10,"key":"Replay:Towering Pillar of Hats"}],"event_choices":[{"damage_healed":0,"gold_gain":100,"player_choice":"Pray","damage_taken":0,"max_hp_gain":0,"max_hp_loss":0,"event_name":"Golden Shrine","floor":20,"gold_loss":0}],"is_beta":false,"boss_relics":[{"not_picked":["conspire:RunicOctahedron","Philosopher\u0027s Stone"],"picked":"SlaversCollar"}],"items_purged_floors":[],"is_endless":false,"potions_floor_spawned":[5,7,13,18,19],"killed_by":"Centurion and Healer","ascension_level":0}}