{"host":"m4pe905ae9bldoe7","time":1612867764,"event":{"mods":["BaseMod","Bestiary","Block Reminder","Downfall","Minty Spire (QoL Compilation)","StSLib"],"gold_per_floor":[118,137,148,148,148,148,167,199,199,210,285,285,285,296,296,296,296],"floor_reached":16,"language":"ENG","playtime":304,"items_purged":[],"score":179,"play_id":"fdc51574-71ef-4e07-acb7-401234447a72","local_time":"20210209114924","is_ascension_mode":true,"campfire_choices":[{"data":"Bash","floor":6,"key":"SMITH"},{"floor":13,"key":"REST"},{"floor":15,"key":"REST"}],"circlet_count":0,"master_deck":["AscendersBane","Strike_R","Strike_R","Strike_R","Strike_R","Strike_R","Defend_R","Defend_R","Defend_R","Defend_R","Bash+1","Clash","Twin Strike","Pommel Strike","Fire Breathing","Limit Break","Bloodletting"],"relics":["Burning Blood","NeowsBlessing","Oddly Smooth Stone","Pear","StrikeDummy"],"acts_visited":["Exordium"],"potions_floor_usage":[14,16,16],"damage_taken":[{"damage":0,"enemies":"Cultist","floor":1,"turns":1},{"damage":0,"enemies":"Small Slimes","floor":2,"turns":1},{"damage":0,"enemies":"2 Louse","floor":3,"turns":1},{"damage":11,"enemies":"Blue Slaver","floor":7,"turns":3},{"damage":50,"enemies":"Lagavulin","floor":8,"turns":6},{"damage":11,"enemies":"Looter","floor":10,"turns":3},{"damage":21,"enemies":"Gremlin Gang","floor":14,"turns":3},{"damage":45,"enemies":"Hexaghost","floor":16,"turns":7}],"seed_played":"542250372642353636","potions_obtained":[{"floor":1,"key":"Explosive Potion"},{"floor":10,"key":"champ:CounterPotion"},{"floor":14,"key":"GamblersBrew"}],"is_trial":false,"path_per_floor":["M","M","M","?","$","R","M","E","T","M","?","T","R","M","R","B"],"character_chosen":"IRONCLAD","items_purchased":[],"campfire_rested":2,"item_purchase_floors":[],"current_hp_per_floor":[74,75,75,64,64,64,59,15,25,20,9,9,34,19,44,0,0],"gold":296,"neow_bonus":"THREE_ENEMY_KILL","is_daily":false,"chose_seed":false,"campfire_upgraded":1,"win_rate":0.0,"timestamp":1612867764,"path_taken":["M","M","?","?","$","R","?","E","T","?","?","?","R","M","R","BOSS"],"items_purchased_type":[],"build_version":"2020-12-22","purchased_purges":0,"victory":false,"max_hp_per_floor":[75,75,75,75,75,75,75,75,85,85,85,85,85,85,85,85,85],"card_choices":[{"not_picked":["Second Wind","Sever Soul"],"picked":"Clash","floor":1},{"not_picked":["Iron Wave","Sever Soul"],"picked":"Twin Strike","floor":2},{"not_picked":["Rage","Shockwave"],"picked":"Pommel Strike","floor":3},{"not_picked":["Shrug It Off","Clothesline"],"picked":"Fire Breathing","floor":7},{"not_picked":["Wild Strike","Spot Weakness"],"picked":"Limit Break","floor":8},{"not_picked":["Carnage","Feel No Pain"],"picked":"Bloodletting","floor":10},{"not_picked":["Headbutt","Armaments","Havoc"],"picked":"SKIP","floor":14}],"player_experience":539353,"relics_obtained":[{"floor":8,"key":"Oddly Smooth Stone"},{"floor":9,"key":"Pear"},{"floor":12,"key":"StrikeDummy"}],"event_choices":[{"damage_healed":0,"gold_gain":0,"player_choice":"Damaged","damage_taken":11,"max_hp_gain":0,"max_hp_loss":0,"event_name":"Wheel of Change","floor":4,"gold_loss":0},{"damage_healed":0,"gold_gain":75,"player_choice":"Gather Gold","damage_taken":11,"max_hp_gain":0,"max_hp_loss":0,"event_name":"World of Goop","floor":11,"gold_loss":0}],"is_beta":false,"boss_relics":[],"items_purged_floors":[],"is_endless":false,"potions_floor_spawned":[1,10,14],"killed_by":"Hexaghost","ascension_level":15}}