{"host":"mi0eibewekhugwl1","time":1612856716,"event":{"mods":["AchievementEnabler","BaseMod","Colored Map","Colored Powertips","DeckTracker","Keyboard Shortcuts","Minty Spire (QoL Compilation)","Quick Restart","Rare Cards Sparkle","Relic Stats","StSLib","SuperFastMode","everything is the same but u backflip on backflip"],"gold_per_floor":[113,38,52,62,112,112,126,126,153,153,172,172,186,206,206,283,283,300,170,170,170],"floor_reached":20,"language":"KOR","playtime":444,"items_purged":["Strike_G"],"score":332,"play_id":"255b3a88-f6ae-47dc-951e-3565e671d9a0","local_time":"20210209164516","is_ascension_mode":true,"campfire_choices":[{"data":"Bouncing Flask","floor":6,"key":"SMITH"},{"data":"Neutralize","floor":8,"key":"SMITH"},{"data":"Dagger Throw","floor":10,"key":"SMITH"},{"data":"Blur","floor":12,"key":"SMITH"},{"floor":15,"key":"REST"}],"circlet_count":0,"master_deck":["AscendersBane","Strike_G","Strike_G","Defend_G","Defend_G","Defend_G","Defend_G","Survivor","Neutralize+1","Dagger Throw+1","Blur+1","Bouncing Flask+1","Blur","PiercingWail","Burst"],"relics":["Ring of the Snake","Oddly Smooth Stone","SlaversCollar"],"acts_visited":["Exordium","TheCity"],"potions_floor_usage":[13,16,20,20],"damage_taken":[{"damage":2.0,"enemies":"Jaw Worm","floor":1.0,"turns":7.0},{"damage":7.0,"enemies":"Small Slimes","floor":3.0,"turns":3.0},{"damage":0.0,"enemies":"Cultist","floor":4.0,"turns":3.0},{"damage":7,"enemies":"3 Louse","floor":7,"turns":5},{"damage":0,"enemies":"2 Fungi Beasts","floor":11,"turns":3},{"damage":0,"enemies":"Blue Slaver","floor":13,"turns":2},{"damage":6,"enemies":"Large Slime","floor":14,"turns":9},{"damage":8,"enemies":"The Guardian","floor":16,"turns":9},{"damage":7,"enemies":"Chosen","floor":18,"turns":6},{"damage":50,"enemies":"3 Byrds","floor":20,"turns":7}],"seed_played":"-1407906522701052620","potions_obtained":[{"floor":1.0,"key":"Energy Potion"},{"floor":3.0,"key":"Dexterity Potion"},{"floor":16,"key":"DistilledChaos"}],"is_trial":false,"path_per_floor":["M","?","M","M","?","R","M","R","T","R","M","R","M","M","R","B",null,"M","$","M"],"character_chosen":"THE_SILENT","items_purchased":["Energy Potion"],"campfire_rested":1,"item_purchase_floors":[19],"current_hp_per_floor":[42,42,35,35,29,29,22,22,22,22,22,22,22,16,35,27,56,49,49,0,0],"gold":170,"neow_bonus":"REMOVE_TWO","is_daily":false,"chose_seed":false,"campfire_upgraded":4,"win_rate":0.0,"timestamp":1612856716,"path_taken":["M","?","M","M","?","R","M","R","T","R","M","R","M","?","R","BOSS","M","$","M"],"items_purchased_type":["Potion"],"build_version":"2020-12-22","purchased_purges":1,"victory":false,"max_hp_per_floor":[66,66,66,66,66,66,66,66,66,66,66,66,66,66,66,66,66,66,66,66,66],"relic_stats":{"counters":[10,54],"obtain_stats":[{"SlaversCollar":17,"Oddly Smooth Stone":9,"Ring of the Snake":0},{"SlaversCollar":8,"Oddly Smooth Stone":4,"Ring of the Snake":0},{"SlaversCollar":41,"Oddly Smooth Stone":18,"Ring of the Snake":0}],"Ring of the Snake":[20]},"card_choices":[{"not_picked":["Flechettes","Choke"],"picked":"Dagger Throw","floor":1.0},{"not_picked":["Sucker Punch","Quick Slash"],"picked":"Blur","floor":3.0},{"not_picked":["Underhanded Strike","Flechettes"],"picked":"Bouncing Flask","floor":4.0},{"not_picked":["Dagger Throw","Dash"],"picked":"Blur","floor":7},{"not_picked":["Outmaneuver","Quick Slash"],"picked":"PiercingWail","floor":11},{"not_picked":["Accuracy","Storm of Steel","Bane"],"picked":"SKIP","floor":13},{"not_picked":["Eviscerate","Outmaneuver","Bane"],"picked":"SKIP","floor":14},{"not_picked":["Envenom","Venomology"],"picked":"Burst","floor":16},{"not_picked":["Setup","Slice+1","Cloak And Dagger+1"],"picked":"SKIP","floor":18}],"player_experience":1788693,"relics_obtained":[{"floor":9,"key":"Oddly Smooth Stone"}],"event_choices":[{"cards_removed":["Strike_G"],"damage_healed":0.0,"max_hp_gain":0.0,"max_hp_loss":0.0,"gold_gain":0.0,"event_name":"The Cleric","player_choice":"Card Removal","floor":2.0,"gold_loss":75.0,"damage_taken":0.0},{"damage_healed":0,"gold_gain":50,"player_choice":"Touch","damage_taken":6,"max_hp_gain":0,"max_hp_loss":0,"event_name":"FaceTrader","floor":5,"gold_loss":0}],"is_beta":false,"boss_relics":[{"not_picked":["Velvet Choker","Tiny House"],"picked":"SlaversCollar"}],"items_purged_floors":[19],"is_endless":false,"potions_floor_spawned":[1,3,11,16],"killed_by":"3 Byrds","ascension_level":20}}