{"host":"ap8nepptd6icxyz7","time":1612852110,"event":{"mods":["2.2 Compatiblity","AchievementEnabler","BaseMod","Bestiary","Better Altar","Better Match","Better Note","Better Sensory Stone","Better Skull","Better Third Choice","Better Vampires","CCEM2","Colored Powertips","Colorless Booster Pack","Displayed Cursed Tome","Faster Ascension Climbing","Hermit","Highlight Path","Hubris","Marked Mod","Mimic Mod","Minty Spire (QoL Compilation)","Permanent Neow","Quick Restart","RRrroohrrRGHHhhh!!","Random Character Button","Rare Cards Sparkle","Relic Sorter","Relic Stats","SacredBarkPlus","Spikes Relics","StSLib","Uncapped"],"gold_per_floor":[110,285,285,285,97,97,116,145,145],"floor_reached":8,"language":"ENG","playtime":319,"items_purged":[],"score":65,"play_id":"4053778c-d925-4dd3-8ff1-a712ee2a4e1b","local_time":"20210209002830","is_ascension_mode":true,"campfire_choices":[{"data":"Infinite Blades","floor":6,"key":"SMITH"}],"circlet_count":0,"master_deck":["Strike_G","Strike_G","Strike_G","Strike_G","Strike_G","Defend_G","Defend_G","Defend_G","Defend_G","Defend_G","Survivor","Neutralize","rorgmod:Storm of Steel","Deflect","Calculated Gamble","Infinite Blades+1","Deep Breath","rorgmod:Prepared"],"relics":["Ring of the Snake","hubris:Icosahedron"],"acts_visited":["Exordium"],"potions_floor_usage":[],"damage_taken":[{"damage":2.0,"enemies":"Jaw Worm","floor":1.0,"turns":5.0},{"damage":0,"enemies":"2 Louse","floor":7,"turns":4},{"damage":42,"enemies":"Lagavulin","floor":8,"turns":9}],"seed_played":"-5851543394849332655","potions_obtained":[],"is_trial":false,"path_per_floor":["M","?","?","?","$","R","M","E"],"character_chosen":"THE_SILENT","items_purchased":["Calculated Gamble","Infinite Blades","Deep Breath"],"campfire_rested":0,"item_purchase_floors":[5,5,5],"current_hp_per_floor":[47,47,47,47,47,47,47,5,5],"gold":145,"neow_bonus":"THREE_RARE_CARDS","is_daily":false,"chose_seed":false,"campfire_upgraded":1,"win_rate":0.0,"timestamp":1612852110,"path_taken":["M","?","?","?","$","R","M","E"],"items_purchased_type":["Card","Card","Card"],"build_version":"2020-12-22","purchased_purges":0,"victory":false,"max_hp_per_floor":[70,70,70,70,70,70,70,70,70],"relic_stats":{"counters":[3,18],"obtain_stats":[{"hubris:Icosahedron":3,"Ring of the Snake":0},{"hubris:Icosahedron":1,"Ring of the Snake":0},{"hubris:Icosahedron":5,"Ring of the Snake":0}],"Ring of the Snake":[6]},"card_choices":[{"not_picked":["Unload","Sadistic Nature"],"picked":"rorgmod:Storm of Steel","floor":0.0},{"not_picked":["rorgmod:Catalyst","Flechettes"],"picked":"Deflect","floor":1.0},{"not_picked":["Deadly Poison","hubris:Counter"],"picked":"rorgmod:Prepared","floor":7}],"player_experience":19010,"relics_obtained":[],"event_choices":[{"damage_healed":0.0,"max_hp_gain":0.0,"max_hp_loss":0.0,"gold_gain":175.0,"event_name":"betterThird:BetterSerpent","player_choice":"AGREE","floor":2.0,"gold_loss":0.0,"damage_taken":110.0},{"cards_removed":["Doubt"],"damage_healed":0,"gold_gain":0,"player_choice":"Forget","damage_taken":0,"max_hp_gain":0,"max_hp_loss":0,"event_name":"Living Wall","floor":4,"gold_loss":0}],"is_beta":false,"boss_relics":[],"items_purged_floors":[],"is_endless":false,"potions_floor_spawned":[8],"killed_by":"Lagavulin","ascension_level":4}}