{"host":"phniwng9zo19jwdb","time":1612894860,"event":{"mods":["AchievementEnabler","BaseMod","Colored Powertips","Dark Map","Faster Ascension Climbing","GifTheSpireLib","Minty Spire (QoL Compilation)","Permanent Neow","Rare Cards Sparkle","Relic Filter Mod","StSLib","Weighted Paths"],"gold_per_floor":[113,123,136,146,221,221,252,53,53,53,53],"floor_reached":10,"language":"ENG","playtime":206,"items_purged":[],"score":136,"play_id":"7140a823-0b47-4e22-ad5e-0315e7963150","local_time":"20210209192100","is_ascension_mode":true,"campfire_choices":[{"floor":6,"key":"REST"}],"circlet_count":0,"master_deck":["AscendersBane","Strike_G","Strike_G","Strike_G","Strike_G","Defend_G","Defend_G","Defend_G","Defend_G","Survivor","Neutralize","Bullet Time","Flying Knee","Crippling Poison","Backstab","Poisoned Stab","Backflip","After Image","Mayhem"],"relics":["Ring of the Snake","Letter Opener"],"acts_visited":["Exordium"],"potions_floor_usage":[7,10],"damage_taken":[{"damage":2,"enemies":"2 Louse","floor":1,"turns":3},{"damage":3,"enemies":"Small Slimes","floor":2,"turns":4},{"damage":1,"enemies":"Jaw Worm","floor":3,"turns":2},{"damage":3,"enemies":"Looter","floor":4,"turns":2},{"damage":24,"enemies":"Gremlin Nob","floor":7,"turns":4},{"damage":10,"enemies":"Lagavulin","floor":10,"turns":3}],"seed_played":"-8893843189384728235","potions_obtained":[{"floor":1,"key":"FearPotion"},{"floor":7,"key":"LiquidBronze"}],"is_trial":false,"path_per_floor":["M","M","M","M","?","R","E","$","T","E"],"character_chosen":"THE_SILENT","items_purchased":["Mayhem"],"campfire_rested":1,"item_purchase_floors":[8],"current_hp_per_floor":[42,39,38,35,24,43,19,19,19,9,9],"gold":53,"neow_bonus":"TRANSFORM_TWO_CARDS","is_daily":false,"chose_seed":false,"campfire_upgraded":0,"win_rate":0.0,"timestamp":1612894860,"path_taken":["M","M","M","M","?","R","E","$","T","E"],"items_purchased_type":["Card"],"build_version":"2020-12-22","purchased_purges":0,"victory":false,"max_hp_per_floor":[66,66,66,66,66,66,66,66,66,66,66],"card_choices":[{"not_picked":["Skewer","PiercingWail"],"picked":"Crippling Poison","floor":1},{"not_picked":["Predator","Outmaneuver"],"picked":"Backstab","floor":2},{"not_picked":["Dagger Spray","Tactician"],"picked":"Poisoned Stab","floor":3},{"not_picked":["Flying Knee","Cloak And Dagger"],"picked":"Backflip","floor":4},{"not_picked":["PiercingWail","Quick Slash"],"picked":"After Image","floor":7}],"player_experience":90088,"relics_obtained":[{"floor":7,"key":"Letter Opener"}],"event_choices":[{"damage_healed":0,"gold_gain":75,"player_choice":"Gather Gold","damage_taken":11,"max_hp_gain":0,"max_hp_loss":0,"event_name":"World of Goop","floor":5,"gold_loss":0}],"is_beta":false,"boss_relics":[],"items_purged_floors":[],"is_endless":false,"potions_floor_spawned":[1,7],"killed_by":"Lagavulin","ascension_level":20}}