{"host":"e8rlfedn69rz2s07","time":1612876161,"event":{"mods":["AchievementEnabler","BaseMod","Minty Spire (QoL Compilation)","Permanent Neow","Relic Stats"],"gold_per_floor":[167,92,92,104,116,145,145,178,205,205,224,243,257,270,270,270,270],"floor_reached":16,"language":"ENG","playtime":3013,"items_purged":[],"score":228,"play_id":"982da9a2-7d48-478c-b8d9-e37393a76bf3","local_time":"20210209150921","is_ascension_mode":true,"campfire_choices":[{"data":"Capacitor","floor":7.0,"key":"SMITH"},{"floor":10.0,"key":"REST"},{"data":"Genetic Algorithm","floor":15.0,"key":"SMITH"}],"circlet_count":0,"master_deck":["AscendersBane","Strike_B","Strike_B","Strike_B","Defend_B+1","Defend_B","Defend_B","Defend_B","Zap","Dualcast","Conserve Battery","Sweeping Beam","Core Surge","Zap","Auto Shields","Capacitor+1","Rainbow","Electrodynamics","Genetic Algorithm+1"],"relics":["Tiny House","Tiny Chest","Blood Vial","Regal Pillow"],"acts_visited":["Exordium"],"potions_floor_usage":[],"damage_taken":[{"damage":2.0,"enemies":"Jaw Worm","floor":1.0,"turns":5.0},{"damage":4.0,"enemies":"2 Louse","floor":4.0,"turns":3.0},{"damage":6.0,"enemies":"Cultist","floor":5.0,"turns":4.0},{"damage":23.0,"enemies":"Lagavulin","floor":6.0,"turns":7.0},{"damage":44.0,"enemies":"3 Sentries","floor":8.0,"turns":8.0},{"damage":0.0,"enemies":"2 Fungi Beasts","floor":11.0,"turns":2.0},{"damage":6.0,"enemies":"Blue Slaver","floor":12.0,"turns":5.0},{"damage":8.0,"enemies":"Large Slime","floor":13.0,"turns":5.0},{"damage":4.0,"enemies":"Exordium Wildlife","floor":14.0,"turns":4.0},{"damage":44,"enemies":"Hexaghost","floor":16,"turns":7}],"seed_played":"-8705620372779904384","potions_obtained":[{"floor":0.0,"key":"SkillPotion"},{"floor":4.0,"key":"FairyPotion"}],"is_trial":false,"path_per_floor":["M","?","?","M","M","E","R","E","T","R","M","M","M","M","R","B"],"character_chosen":"DEFECT","items_purchased":[],"campfire_rested":1,"item_purchase_floors":[],"current_hp_per_floor":[67,67,67,63,57,34,34,12,12,49,51,47,41,39,39,0,0],"gold":270,"neow_bonus":"BOSS_RELIC","is_daily":false,"chose_seed":false,"campfire_upgraded":2,"win_rate":0.0,"timestamp":1612876161,"path_taken":["M","?","?","M","M","E","R","E","T","R","M","M","M","M","R","BOSS"],"items_purchased_type":[],"build_version":"2020-12-22","purchased_purges":0,"victory":false,"max_hp_per_floor":[76,76,76,76,76,76,76,76,76,76,76,76,76,76,76,76,76],"relic_stats":{"Blood Vial":10,"Regal Pillow":15,"counters":[10,50],"Tiny Chest":0,"obtain_stats":[{"Blood Vial":8,"Regal Pillow":9,"Tiny House":0,"Tiny Chest":6,"Cracked Core":0},{"Blood Vial":5,"Regal Pillow":5,"Tiny House":0,"Tiny Chest":4,"Cracked Core":0},{"Blood Vial":27,"Regal Pillow":27,"Tiny House":0,"Tiny Chest":19,"Cracked Core":0}]},"card_choices":[{"not_picked":["Go for the Eyes","Blizzard"],"picked":"Conserve Battery","floor":0.0},{"not_picked":["Redo","Leap"],"picked":"Sweeping Beam","floor":1.0},{"not_picked":["Go for the Eyes","Recycle"],"picked":"Auto Shields","floor":4.0},{"not_picked":["Hologram","Compile Driver","Steam"],"picked":"SKIP","floor":5.0},{"not_picked":["Redo","Meteor Strike"],"picked":"Capacitor","floor":6.0},{"not_picked":["Force Field","Beam Cell"],"picked":"Rainbow","floor":8.0},{"not_picked":["Sunder","Conserve Battery","Rebound"],"picked":"SKIP","floor":11.0},{"not_picked":["Defragment","Stack"],"picked":"Electrodynamics","floor":12.0},{"not_picked":["Gash","Static Discharge","Rip and Tear"],"picked":"SKIP","floor":13.0},{"not_picked":["Ball Lightning","Force Field"],"picked":"Genetic Algorithm","floor":14.0}],"player_experience":1047914,"relics_obtained":[{"floor":6.0,"key":"Tiny Chest"},{"floor":8.0,"key":"Blood Vial"},{"floor":9.0,"key":"Regal Pillow"}],"event_choices":[{"cards_removed":["Strike_B"],"damage_healed":0.0,"max_hp_gain":0.0,"max_hp_loss":0.0,"gold_gain":0.0,"event_name":"The Cleric","player_choice":"Card Removal","floor":2.0,"gold_loss":75.0,"damage_taken":0.0},{"damage_healed":0.0,"max_hp_gain":0.0,"max_hp_loss":0.0,"gold_gain":0.0,"event_name":"Match and Keep!","player_choice":"2 cards matched","floor":3.0,"gold_loss":0.0,"damage_taken":0.0,"cards_obtained":["Core Surge","Zap"]}],"is_beta":false,"boss_relics":[],"items_purged_floors":[],"is_endless":false,"potions_floor_spawned":[4,5,6],"killed_by":"Hexaghost","ascension_level":20}}