{"host":"aqym1xxr3lb31d9m","time":1612886265,"event":{"mods":["BaseMod","Block Reminder","Colored Map","Colored Powertips","DeckTracker","Highlight Path","Minty Spire (QoL Compilation)","Quick Restart","Random Character Button","StSLib","SuperFastMode","UnlockEverythingMod"],"gold_per_floor":[18,18,18,18,35,35,35,35,35,46,63,63,104,119,119,212,275,293,317,242,256,16,16,56,56,56,56,56],"floor_reached":27,"language":"JPN","playtime":908,"items_purged":[],"score":462,"play_id":"07fbe460-1c9b-4444-8eba-b4e1efffc803","local_time":"20210210005745","is_ascension_mode":true,"campfire_choices":[{"data":"Sword Boomerang","floor":6.0,"key":"SMITH"},{"data":"Body Slam","floor":8.0,"key":"SMITH"},{"data":"True Grit","floor":15.0,"key":"SMITH"},{"floor":23,"key":"REST"}],"circlet_count":0,"master_deck":["AscendersBane","Strike_R","Strike_R","Defend_R","Defend_R","Defend_R+1","Bash","Spot Weakness","Body Slam+1","Sword Boomerang+1","True Grit+1","Cleave","Disarm","Offering","Metallicize","Anger","Clothesline","Dropkick","Dropkick","Inflame+1"],"relics":["Burning Blood","Potion Belt","Bloody Idol","Du-Vu Doll","Tiny House","Membership Card","Omamori","Pear"],"acts_visited":["Exordium","TheCity"],"potions_floor_usage":[24,24,24,24,27],"damage_taken":[{"damage":9.0,"enemies":"Jaw Worm","floor":1.0,"turns":5.0},{"damage":8.0,"enemies":"2 Louse","floor":5.0,"turns":3.0},{"damage":1.0,"enemies":"Cultist","floor":10.0,"turns":3.0},{"damage":21.0,"enemies":"Lots of Slimes","floor":11.0,"turns":5.0},{"damage":12.0,"enemies":"3 Sentries","floor":13.0,"turns":8.0},{"damage":11.0,"enemies":"3 Louse","floor":14.0,"turns":2.0},{"damage":24.0,"enemies":"The Guardian","floor":16.0,"turns":13.0},{"damage":17.0,"enemies":"Shell Parasite","floor":18.0,"turns":4.0},{"damage":17.0,"enemies":"2 Thieves","floor":19.0,"turns":3.0},{"damage":29,"enemies":"3 Cultists","floor":21,"turns":5},{"damage":30,"enemies":"Gremlin Leader","floor":24,"turns":5},{"damage":49,"enemies":"Slavers","floor":27,"turns":3}],"seed_played":"-7594561207196397345","potions_obtained":[{"floor":1.0,"key":"BlessingOfTheForge"},{"floor":3.0,"key":"Regen Potion"},{"floor":3.0,"key":"HeartOfIron"},{"floor":13.0,"key":"ElixirPotion"},{"floor":16.0,"key":"AttackPotion"},{"floor":17.0,"key":"EssenceOfSteel"},{"floor":19.0,"key":"Weak Potion"},{"floor":24,"key":"Fire Potion"}],"is_trial":false,"path_per_floor":["M","?","?","$","M","R","$","R","T","M","M","?","E","M","R","B",null,"M","M","?","M","$","R","E","?","T","E"],"character_chosen":"IRONCLAD","items_purchased":["Membership Card","Dropkick","BloodPotion"],"campfire_rested":1,"item_purchase_floors":[22,22,22],"current_hp_per_floor":[65,65,65,65,63,63,63,63,63,68,53,27,36,31,31,13,65,54,43,43,20,20,44,36,36,46,0,0],"gold":56,"neow_bonus":"REMOVE_TWO","is_daily":false,"chose_seed":false,"campfire_upgraded":3,"win_rate":0.0,"timestamp":1612886265,"path_taken":["M","?","?","$","?","R","?","R","T","M","M","?","E","M","R","BOSS","M","M","?","M","$","R","E","?","T","E"],"items_purchased_type":["Relic","Card","Potion"],"build_version":"2020-12-22","purchased_purges":0,"victory":false,"max_hp_per_floor":[75,75,75,75,75,75,75,75,75,75,75,75,75,75,75,75,80,80,80,80,80,80,80,80,80,90,90,90],"card_choices":[{"not_picked":["Metallicize","Headbutt"],"picked":"Spot Weakness","floor":1.0},{"not_picked":["Flex","Hemokinesis"],"picked":"Sword Boomerang","floor":5.0},{"not_picked":["Headbutt","Twin Strike"],"picked":"True Grit","floor":10.0},{"not_picked":["Brutality","Infernal Blade"],"picked":"Cleave","floor":11.0},{"not_picked":["Anger","Clash","Sever Soul"],"picked":"SKIP","floor":13.0},{"not_picked":["Heavy Blade","Body Slam"],"picked":"Disarm","floor":14.0},{"not_picked":["Impervious","Reaper"],"picked":"Offering","floor":16.0},{"not_picked":["Flex","Warcry"],"picked":"Metallicize","floor":17.0},{"not_picked":["Headbutt","Havoc"],"picked":"Anger","floor":18.0},{"not_picked":["Iron Wave","Headbutt"],"picked":"Clothesline","floor":19.0},{"not_picked":["Twin Strike","Warcry"],"picked":"Dropkick","floor":21},{"not_picked":["True Grit","Combust"],"picked":"Inflame+1","floor":24}],"player_experience":4190137,"relics_obtained":[{"floor":9.0,"key":"Potion Belt"},{"floor":13.0,"key":"Du-Vu Doll"},{"floor":24,"key":"Omamori"},{"floor":26,"key":"Pear"}],"event_choices":[{"damage_healed":0.0,"max_hp_gain":0.0,"max_hp_loss":0.0,"gold_gain":0.0,"cards_transformed":["Strike_R"],"event_name":"Living Wall","player_choice":"Change","floor":2.0,"gold_loss":0.0,"damage_taken":0.0,"cards_obtained":["Body Slam"]},{"damage_healed":0.0,"max_hp_gain":0.0,"max_hp_loss":0.0,"gold_gain":0.0,"event_name":"Lab","player_choice":"Got Potions","floor":3.0,"gold_loss":0.0,"damage_taken":0.0},{"damage_healed":0.0,"max_hp_gain":0.0,"max_hp_loss":0.0,"gold_gain":0.0,"event_name":"Golden Idol","player_choice":"Take Damage","floor":12.0,"gold_loss":0.0,"damage_taken":26.0,"relics_obtained":["Golden Idol"]},{"cards_removed":["Strike_R"],"damage_healed":0.0,"max_hp_gain":0.0,"max_hp_loss":0.0,"gold_gain":0.0,"event_name":"Beggar","player_choice":"Gave Gold","floor":20.0,"gold_loss":75.0,"damage_taken":0.0},{"damage_healed":0,"gold_gain":0,"player_choice":"Gave Idol","damage_taken":0,"relics_obtained":["Bloody Idol"],"max_hp_gain":0,"max_hp_loss":0,"event_name":"Forgotten Altar","floor":25,"relics_lost":["Golden Idol"],"gold_loss":0}],"is_beta":false,"boss_relics":[{"not_picked":["Black Star","Snecko Eye"],"picked":"Tiny House"}],"items_purged_floors":[],"is_endless":false,"potions_floor_spawned":[1,13,16,19,24],"killed_by":"Slavers","ascension_level":20}}