{"host":"72j3if4hls1tefkc","time":1612903817,"event":{"mods":["AchievementEnabler","Always Whale","Aspiration","BaseMod","Beaked The Cultist","Colored Map","Conspire","FetchMod","Halation","Hermit","Hubris","Infinite Spire","Minty Spire (QoL Compilation)","Reliquary","Replay The Spire","Shop Mod","StSLib","The Construct","The Cursed","The Jungle","The Marked","The Necromancer","The Poker Player"],"gold_per_floor":[114,114,114,114,129,160,160,203,203,226,260,275,200,225,225,355,355,375,395,420,25,38,73,73,91,91,91,107,163,163,199,199,199,199],"floor_reached":33,"language":"ENG","playtime":882,"items_purged":["TheCursedMod:Stigma","TheCursedMod:Mangle"],"score":578,"play_id":"17cfe6a2-a725-4f64-9466-b639229d922e","local_time":"20210209135017","is_ascension_mode":true,"campfire_choices":[{"data":"TheCursedMod:CircleOfFlame","floor":7,"key":"SMITH"},{"floor":15,"key":"REST"},{"data":"TheCursedMod:Mangle","floor":24,"key":"SMITH"},{"data":"TheCursedMod:Mangle","floor":27,"key":"SMITH"},{"floor":32,"key":"RECALL"}],"circlet_count":0,"master_deck":["TheCursedMod:CircleOfFlame+1","TheCursedMod:Mangle+1","TheCursedMod:Mangle+1","TheCursedMod:CircleOfFlame+1","TheCursedMod:CircleOfBlood+1"],"relics":["TheCursedMod:Tack","NeowsBlessing","Golden Idol","Toxic Egg 2","infinitespire:PuzzleCube","halation:AfternoonTea","reliquary:Aerogel","reliquary:FeatherDuster","construct:WeddingRing","Gremlin Food","Toy Ornithopter","reliquary:RosewoodLute","Torii","infinitespire:Bottled Soul","aspiration:RitualStick","StoneCalendar"],"acts_visited":["Exordium","TheCity"],"potions_floor_usage":[14,33],"damage_taken":[{"damage":0,"enemies":"Small Slimes","floor":1,"turns":1},{"damage":3,"enemies":"conspire:RoseBush","floor":5,"turns":1},{"damage":0,"enemies":"Gremlin Nob","floor":6,"turns":1},{"damage":0,"enemies":"Lagavulin","floor":8,"turns":1},{"damage":0,"enemies":"2 Louse","floor":10,"turns":1},{"damage":9,"enemies":"Replay:BlueRogue","floor":11,"turns":2},{"damage":0,"enemies":"Exordium Wildlife","floor":12,"turns":1},{"damage":12,"enemies":"conspire:2 RoseBushes","floor":14,"turns":1},{"damage":0,"enemies":"Hexaghost","floor":16,"turns":1},{"damage":0,"enemies":"2 Thieves","floor":18,"turns":1},{"damage":0,"enemies":"3 Byrds","floor":19,"turns":1},{"damage":0,"enemies":"Snecko","floor":20,"turns":1},{"damage":0,"enemies":"3 Cultists","floor":22,"turns":1},{"damage":0,"enemies":"Replay:Snechameleon","floor":23,"turns":1},{"damage":0,"enemies":"Snake Plant","floor":25,"turns":1},{"damage":0,"enemies":"Snecko","floor":28,"turns":1},{"damage":0,"enemies":"Book of Stabbing","floor":31,"turns":1},{"damage":32,"enemies":"Automaton","floor":33,"turns":4}],"seed_played":"-992941780806369925","potions_obtained":[{"floor":1,"key":"construct:ShiftPotion"},{"floor":10,"key":"SpeedPotion"},{"floor":12,"key":"BlessingOfTheForge"},{"floor":14,"key":"SkillPotion"},{"floor":18,"key":"Regen Potion"}],"is_trial":false,"path_per_floor":["M","?","?","?","M","E","R","E","T","M","E","M","$","M","R","B",null,"M","M","M","$","M","E","R","M","T","R","M","?","?","E","R","B"],"character_chosen":"THE_CURSED","items_purchased":["Gremlin Food","Toy Ornithopter"],"campfire_rested":1,"item_purchase_floors":[21,21],"current_hp_per_floor":[75,57,57,57,54,54,54,54,54,54,45,45,45,33,55,55,75,75,75,75,75,75,75,75,75,75,75,75,57,42,75,75,43,43],"gold":199,"neow_bonus":"THREE_ENEMY_KILL","is_daily":false,"chose_seed":false,"campfire_upgraded":3,"win_rate":0.0,"timestamp":1612903817,"path_taken":["M","?","?","?","?","E","R","E","T","M","E","M","$","M","R","BOSS","M","M","M","$","M","E","R","M","T","R","M","?","?","E","R","BOSS"],"items_purchased_type":["Relic","Relic"],"build_version":"2020-12-22","purchased_purges":2,"victory":false,"max_hp_per_floor":[75,75,75,75,75,75,75,75,75,75,75,75,75,75,75,75,75,75,75,75,75,75,75,75,75,75,75,75,75,75,75,75,75,75],"card_choices":[{"not_picked":["TheCursedMod:FuryStrike","TheCursedMod:Torture","TheCursedMod:StingEye"],"picked":"SKIP","floor":1},{"not_picked":["TheCursedMod:HellsGateOpen","TheCursedMod:LuckyCharm","TheCursedMod:DoubleShield+1"],"picked":"SKIP","floor":5},{"not_picked":["TheCursedMod:DarkBarrier+1","TheCursedMod:CircleOfCorruption+1","TheCursedMod:ManaBullet"],"picked":"SKIP","floor":6},{"not_picked":["TheCursedMod:Stigma","TheCursedMod:TacticalStrike","TheCursedMod:Evocation+1"],"picked":"SKIP","floor":8},{"not_picked":["TheCursedMod:Torture+1","TheCursedMod:SmokeScreen+1","TheCursedMod:Wield"],"picked":"SKIP","floor":10},{"not_picked":["TheCursedMod:CircleOfCorruption+1","TheCursedMod:StunningStrike","TheCursedMod:FuryStrike"],"picked":"SKIP","floor":11},{"not_picked":["TheCursedMod:Hemoplague","TheCursedMod:Grudge+1"],"picked":"TheCursedMod:CircleOfFlame+1","floor":12},{"not_picked":["TheCursedMod:Mangle","TheCursedMod:SmokeScreen+1","TheCursedMod:Stigma"],"picked":"SKIP","floor":14},{"not_picked":["TheCursedMod:Torture+1","TheCursedMod:DoubleShield+1"],"picked":"TheCursedMod:CircleOfBlood+1","floor":18},{"not_picked":["TheCursedMod:SmokeScreen+1","TheCursedMod:CursedStaff","TheCursedMod:TroublousMinions+1"],"picked":"SKIP","floor":19},{"not_picked":["TheCursedMod:SaltUponWound+1","TheCursedMod:CircleOfFocus+1","TheCursedMod:SpitefulPray+1"],"picked":"SKIP","floor":20},{"not_picked":["TheCursedMod:SpitefulStrike","TheCursedMod:CircleOfFlame+1","TheCursedMod:SmokeScreen+1"],"picked":"SKIP","floor":22},{"not_picked":["TheCursedMod:Mangle+1","TheCursedMod:CursedBlade","TheCursedMod:DoubleShield+1"],"picked":"SKIP","floor":23},{"not_picked":["TheCursedMod:BloodBarrier+1","TheCursedMod:Wield","TheCursedMod:DoubleShield+1"],"picked":"SKIP","floor":25},{"not_picked":["TheCursedMod:FleshFromBone+1","TheCursedMod:CursedBlade+1","TheCursedMod:Torture+1"],"picked":"SKIP","floor":28},{"not_picked":["TheCursedMod:ManaCirculation","TheCursedMod:SurpriseAttack","TheCursedMod:CursedBlade"],"picked":"SKIP","floor":31}],"player_experience":412766,"relics_obtained":[{"floor":6,"key":"infinitespire:PuzzleCube"},{"floor":8,"key":"halation:AfternoonTea"},{"floor":9,"key":"reliquary:Aerogel"},{"floor":11,"key":"reliquary:FeatherDuster"},{"floor":23,"key":"reliquary:RosewoodLute"},{"floor":26,"key":"Torii"},{"floor":29,"key":"infinitespire:Bottled Soul"},{"floor":31,"key":"StoneCalendar"}],"event_choices":[{"damage_healed":0,"gold_gain":0,"player_choice":"Take Damage","damage_taken":18,"relics_obtained":["Golden Idol"],"max_hp_gain":0,"max_hp_loss":0,"event_name":"Golden Idol","floor":2,"gold_loss":0},{"cards_removed":["Injury"],"damage_healed":0,"gold_gain":0,"player_choice":"Forget","damage_taken":0,"max_hp_gain":0,"max_hp_loss":0,"event_name":"Living Wall","floor":4,"gold_loss":0}],"is_beta":false,"boss_relics":[{"not_picked":["halation:PinkAlligatorPlush","hubris:TerracottaHorce"],"picked":"construct:WeddingRing"}],"items_purged_floors":[13,21],"is_endless":false,"potions_floor_spawned":[1,10,12,14,18,20,31],"killed_by":"Automaton","ascension_level":4}}