{"host":"bf5upntvbdompq33","time":1612856157,"event":{"mods":["BaseMod","Colored Map","Colored Powertips","Curses Come First","Minty Spire (QoL Compilation)","StSLib","The Dragon Tamer","The Hierophant","The Marked","The Mystic","The Servant 0.9.4"],"gold_per_floor":[20,32,32,32,32,67,67,89,113,142,165,192,233,277,289,387,399,411,411],"floor_reached":18,"language":"ENG","playtime":1112,"items_purged":[],"score":292,"play_id":"311614c3-2c08-42f2-8883-c892ea8eb672","local_time":"20210209003557","is_ascension_mode":true,"campfire_choices":[{"data":"Feel No Pain","floor":7,"key":"SMITH"},{"data":"Body Slam","floor":15,"key":"SMITH"}],"circlet_count":0,"master_deck":["AscendersBane","Strike_R+1","Strike_R","Strike_R","Strike_R","Defend_R","Defend_R","Defend_R","Defend_R","Bash+1","Infernal Blade","Rampage","Dark Embrace","Feel No Pain+1","Ghostly Armor","Clothesline","Ghostly Armor","Cleave","Wild Strike","Body Slam+1","Barricade"],"relics":["Black Blood","TungstenRod","Meat on the Bone","CeramicFish","Whetstone","MawBank","Odd Mushroom"],"acts_visited":["Exordium","TheCity"],"potions_floor_usage":[16,16],"damage_taken":[{"damage":15,"enemies":"Cultist","floor":1,"turns":6},{"damage":13,"enemies":"2 Louse","floor":2,"turns":3},{"damage":39,"enemies":"3 Sentries","floor":6,"turns":9},{"damage":11,"enemies":"Jaw Worm","floor":8,"turns":6},{"damage":12,"enemies":"Blue Slaver","floor":10,"turns":4},{"damage":3,"enemies":"Looter","floor":11,"turns":3},{"damage":16,"enemies":"3 Louse","floor":12,"turns":4},{"damage":26,"enemies":"Gremlin Nob","floor":13,"turns":5},{"damage":10,"enemies":"The Mushroom Lair","floor":14,"turns":5},{"damage":56,"enemies":"The Guardian","floor":16,"turns":17},{"damage":63,"enemies":"3 Byrds","floor":18,"turns":8}],"seed_played":"-6801763055437411009","potions_obtained":[{"floor":1,"key":"Energy Potion"},{"floor":2,"key":"BloodPotion"},{"floor":16,"key":"SteroidPotion"}],"is_trial":false,"path_per_floor":["M","M","T","$","?","E","R","M","T","M","M","M","E","?","R","B",null,"M"],"character_chosen":"IRONCLAD","items_purchased":[],"campfire_rested":0,"item_purchase_floors":[],"current_hp_per_floor":[59,52,52,52,52,31,31,38,38,44,47,49,41,49,49,26,63,0,0],"gold":411,"neow_bonus":"ONE_RARE_RELIC","is_daily":false,"chose_seed":false,"campfire_upgraded":2,"win_rate":0.0,"timestamp":1612856157,"path_taken":["M","M","?","?","?","E","R","?","T","M","M","M","E","?","R","BOSS","M"],"items_purchased_type":[],"build_version":"2020-12-22","purchased_purges":0,"victory":false,"max_hp_per_floor":[75,75,75,75,75,75,75,75,75,75,75,75,75,75,75,75,75,75,75],"card_choices":[{"not_picked":["Rupture","Second Wind"],"picked":"Infernal Blade","floor":1},{"not_picked":["Reckless Charge","Shockwave"],"picked":"Rampage","floor":2},{"not_picked":["Spot Weakness","Exhume"],"picked":"Feel No Pain","floor":6},{"not_picked":["Disarm","Twin Strike"],"picked":"Ghostly Armor","floor":8},{"not_picked":["Ghostly Armor","True Grit"],"picked":"Clothesline","floor":10},{"not_picked":["Wild Strike","Thunderclap"],"picked":"Ghostly Armor","floor":11},{"not_picked":["Iron Wave","Rampage"],"picked":"Cleave","floor":12},{"not_picked":["Rage","Flex"],"picked":"Wild Strike","floor":13},{"not_picked":["Power Through","Twin Strike"],"picked":"Body Slam","floor":14},{"not_picked":["Berserk","Double Tap"],"picked":"Barricade","floor":16}],"player_experience":1528577,"relics_obtained":[{"floor":3,"key":"Meat on the Bone"},{"floor":6,"key":"CeramicFish"},{"floor":9,"key":"Whetstone"},{"floor":13,"key":"MawBank"},{"floor":14,"key":"Odd Mushroom"}],"event_choices":[{"damage_healed":0,"gold_gain":0,"cards_transformed":["Strike_R"],"player_choice":"Change","damage_taken":0,"max_hp_gain":0,"max_hp_loss":0,"event_name":"Living Wall","floor":5,"gold_loss":0,"cards_obtained":["Dark Embrace"]},{"damage_healed":0,"gold_gain":0,"player_choice":"Fought Mushrooms","damage_taken":0,"max_hp_gain":0,"max_hp_loss":0,"event_name":"Mushrooms","floor":14,"gold_loss":0}],"is_beta":false,"boss_relics":[{"not_picked":["Runic Dome","Velvet Choker"],"picked":"Black Blood"}],"items_purged_floors":[],"is_endless":false,"potions_floor_spawned":[1,2,12,14,16],"killed_by":"3 Byrds","ascension_level":14}}