{"host":"np4f5reu8f2vit8r","time":1612830491,"event":{"mods":["BaseMod","Bestiary","Curses Come First","Minty Spire (QoL Compilation)","Permanent Neow","Relic Stats","StSLib"],"gold_per_floor":[364,59,59,92,72,72,128,171,171,240,240,260,260,306,306,455,455,455,579,579,628,553,597,638,687,753,826,826,826,895,895,940,985,985,1054,605,605,703,703,703,802,802,818,313,398,442,442,477,477,477,477,517,267,310,355,388,388,413,413,413,413,18,77,77,77],"floor_reached":64,"language":"ENG","playtime":3857,"items_purged":["Strike_P","Strike_P+1","Strike_P+1","Defend_P+1"],"score":3448,"play_id":"e0735575-266a-4e80-970a-ae5380fa3536","local_time":"20210209132811","is_ascension_mode":true,"campfire_choices":[{"data":"HandOfGreed","floor":6.0,"key":"SMITH"},{"floor":11.0,"key":"REST"},{"data":"Omniscience","floor":13.0,"key":"SMITH"},{"data":"Wallop","floor":15.0,"key":"SMITH"},{"data":"Blasphemy","floor":18.0,"key":"SMITH"},{"data":"Eruption","floor":28.0,"key":"SMITH"},{"floor":31.0,"key":"REST"},{"data":"MentalFortress","floor":37.0,"key":"SMITH"},{"data":"Wish","floor":40.0,"key":"SMITH"},{"floor":49.0,"key":"RECALL"},{"floor":57.0,"key":"REST"},{"data":"Wireheading","floor":61.0,"key":"SMITH"}],"circlet_count":0,"master_deck":["AscendersBane","Defend_P+1","Defend_P+1","Defend_P+1","Eruption+1","Vigilance+1","EmptyBody+1","SashWhip+1","HandOfGreed+1","Wallop+1","Prostrate+1","Consecrate+1","Omniscience+1","BowlingBash","Crescendo","Blasphemy+1","LessonLearned+1","CrushJoints+1","FearNoEvil+1","Collect+1","FearNoEvil+1","MentalFortress+1","Wireheading+1","ThirdEye+1","Indignation+1","Wish+1","Omniscience","WheelKick+1","WheelKick","Flash of Steel","Indignation+1","Violence+1","FearNoEvil+1","Secret Weapon+1","Dark Shackles+1","Secret Weapon","Omniscience","EmptyBody+1","MentalFortress","Tantrum"],"relics":["PureWater","Golden Idol","Singing Bowl","Bag of Preparation","Velvet Choker","Black Star","Damaru","Gambling Chip","Blue Candle","CaptainsWheel","Toy Ornithopter","Dream Catcher","Mercury Hourglass","Eternal Feather","SlaversCollar","Runic Pyramid","Membership Card","Nunchaku","Centennial Puzzle","Pantograph","Oddly Smooth Stone","War Paint","Mango","Du-Vu Doll","Blood Vial","HornCleat","Lee\u0027s Waffle","Lantern","Gremlin Horn","Bag of Marbles","Shuriken"],"acts_visited":["TheCity","TheBeyond","TheEnding"],"potions_floor_usage":[64],"damage_taken":[{"damage":0.0,"enemies":"Jaw Worm","floor":1.0,"turns":4.0},{"damage":0.0,"enemies":"2 Louse","floor":4.0,"turns":2.0},{"damage":15.0,"enemies":"Lagavulin","floor":7.0,"turns":5.0},{"damage":4.0,"enemies":"Cultist","floor":8.0,"turns":5.0},{"damage":12.0,"enemies":"Gremlin Nob","floor":10.0,"turns":3.0},{"damage":0.0,"enemies":"Large Slime","floor":12.0,"turns":3.0},{"damage":0.0,"enemies":"Blue Slaver","floor":14.0,"turns":1.0},{"damage":18.0,"enemies":"Slime Boss","floor":16.0,"turns":7.0},{"damage":10.0,"enemies":"Slime Boss","floor":19.0,"turns":6.0},{"damage":0.0,"enemies":"Chosen","floor":21.0,"turns":3.0},{"damage":2.0,"enemies":"Spheric Guardian","floor":23.0,"turns":3.0},{"damage":4.0,"enemies":"Centurion and Healer","floor":24.0,"turns":5.0},{"damage":0.0,"enemies":"Snecko","floor":25.0,"turns":2.0},{"damage":0.0,"enemies":"Gremlin Leader","floor":26.0,"turns":4.0},{"damage":18.0,"enemies":"3 Cultists","floor":27.0,"turns":5.0},{"damage":23.0,"enemies":"Slavers","floor":30.0,"turns":5.0},{"damage":0.0,"enemies":"Centurion and Healer","floor":32.0,"turns":3.0},{"damage":0.0,"enemies":"Snake Plant","floor":33.0,"turns":1.0},{"damage":17.0,"enemies":"Gremlin Leader","floor":35.0,"turns":3.0},{"damage":14.0,"enemies":"Champ","floor":38.0,"turns":10.0},{"damage":20.0,"enemies":"Champ","floor":41.0,"turns":11.0},{"damage":3.0,"enemies":"3 Darklings","floor":43.0,"turns":3.0},{"damage":4.0,"enemies":"Orb Walker","floor":45.0,"turns":2.0},{"damage":0.0,"enemies":"Transient","floor":46.0,"turns":6.0},{"damage":25.0,"enemies":"Nemesis","floor":48.0,"turns":5.0},{"damage":19.0,"enemies":"Giant Head","floor":52.0,"turns":5.0},{"damage":0.0,"enemies":"Maw","floor":54.0,"turns":6.0},{"damage":15.0,"enemies":"Jaw Worm Horde","floor":55.0,"turns":4.0},{"damage":0.0,"enemies":"Reptomancer","floor":56.0,"turns":2.0},{"damage":54.0,"enemies":"Awakened One","floor":58.0,"turns":12.0},{"damage":38.0,"enemies":"Time Eater","floor":59.0,"turns":7.0},{"damage":30,"enemies":"Shield and Spear","floor":63,"turns":5},{"damage":132,"enemies":"The Heart","floor":64,"turns":6}],"seed_played":"1437712620322302417","potions_obtained":[{"floor":1.0,"key":"FearPotion"},{"floor":5.0,"key":"EssenceOfSteel"},{"floor":8.0,"key":"Fire Potion"},{"floor":12.0,"key":"Ancient Potion"},{"floor":14.0,"key":"FearPotion"},{"floor":21.0,"key":"EssenceOfSteel"},{"floor":25.0,"key":"SkillPotion"},{"floor":26.0,"key":"Fruit Juice"},{"floor":30.0,"key":"FearPotion"},{"floor":33.0,"key":"DuplicationPotion"},{"floor":54.0,"key":"Fruit Juice"},{"floor":55.0,"key":"Weak Potion"}],"is_trial":false,"path_per_floor":["M","$","?","M","?","R","E","M","T","E","R","M","R","M","R","B",null,"R","B",null,"M","?","M","M","M","E","M","R","T","E","R","M","M","?","E","$","R","B",null,"R","B",null,"M","$","M","M","?","E","R","?","T","E","$","M","M","E","R","B","B",null,"R","$","E","B"],"character_chosen":"WATCHER","items_purchased":["SashWhip","HandOfGreed","Eternal Feather","Indignation","Membership Card","Nunchaku","WheelKick","Flash of Steel","Indignation","Violence","Omniscience","Du-Vu Doll","MentalFortress","Lee\u0027s Waffle","Lantern","Gremlin Horn"],"campfire_rested":3,"item_purchase_floors":[2,2,36,36,44,44,44,44,44,44,53,53,62,62,62,62],"current_hp_per_floor":[43,43,43,43,43,43,28,24,24,12,30,30,30,30,30,12,12,12,2,47,47,47,45,43,45,45,27,27,27,4,23,23,33,33,18,18,33,19,19,34,14,58,55,55,53,53,43,20,41,41,41,38,38,40,37,39,90,46,35,84,100,107,77,0,0],"gold":77,"neow_bonus":"TWO_FIFTY_GOLD","is_daily":false,"chose_seed":false,"campfire_upgraded":8,"win_rate":0.0,"timestamp":1612830491,"path_taken":["M","$","?","M","?","R","E","M","T","E","R","M","R","M","R","BOSS","R","BOSS","M","?","M","M","M","E","M","R","T","E","R","M","M","?","E","$","R","BOSS","R","BOSS","M","$","M","M","?","E","R","?","T","E","$","M","M","E","R","BOSS","BOSS","R","$","E","BOSS"],"items_purchased_type":["Card","Card","Relic","Card","Relic","Relic","Card","Card","Card","Card","Card","Relic","Card","Relic","Relic","Relic"],"build_version":"2020-12-22","purchased_purges":4,"victory":false,"max_hp_per_floor":[68,68,62,62,62,62,62,62,62,62,62,62,62,62,62,62,62,62,62,62,62,62,62,64,66,66,66,66,66,66,66,66,71,71,73,73,73,73,73,73,73,73,73,73,75,75,75,77,77,73,73,89,89,91,98,100,100,100,100,100,100,107,107,107,107],"relic_stats":{"Lee\u0027s Waffle":7,"Singing Bowl":18,"Gremlin Horn":[1,1],"counters":[33,154],"Golden Idol":250,"Blue Candle":[0],"Eternal Feather":88,"Bag of Preparation":[56],"War Paint":["Violence","Indignation"],"Mercury Hourglass":[242],"Blood Vial":6,"Dream Catcher":1,"Nunchaku":[13],"Centennial Puzzle":[18],"Shuriken":[3],"Gambling Chip":[40],"Pantograph":58,"Black Star":7,"obtain_stats":[{"Lantern":62,"Singing Bowl":7,"Gremlin Horn":62,"Mango":52,"Bag of Preparation":10,"Blood Vial":56,"Dream Catcher":35,"Nunchaku":44,"Centennial Puzzle":48,"HornCleat":56,"Gambling Chip":26,"Pantograph":48,"Runic Pyramid":42,"Lee\u0027s Waffle":62,"Golden Idol":3,"Blue Candle":29,"Velvet Choker":17,"Damaru":26,"Oddly Smooth Stone":51,"Eternal Feather":36,"War Paint":52,"Mercury Hourglass":35,"Du-Vu Doll":53,"SlaversCollar":39,"CaptainsWheel":30,"Shuriken":63,"Black Star":20,"Bag of Marbles":63,"Membership Card":44,"PureWater":0,"Toy Ornithopter":30},{"Lantern":31,"Singing Bowl":3,"Gremlin Horn":31,"Mango":26,"Bag of Preparation":5,"Blood Vial":29,"Dream Catcher":19,"Nunchaku":22,"Centennial Puzzle":25,"HornCleat":29,"Gambling Chip":14,"Pantograph":25,"Runic Pyramid":21,"Lee\u0027s Waffle":31,"Golden Idol":1,"Blue Candle":15,"Velvet Choker":8,"Damaru":14,"Oddly Smooth Stone":25,"Eternal Feather":19,"War Paint":26,"Mercury Hourglass":19,"Du-Vu Doll":26,"SlaversCollar":20,"CaptainsWheel":16,"Shuriken":32,"Black Star":9,"Bag of Marbles":32,"Membership Card":22,"PureWater":0,"Toy Ornithopter":16},{"Lantern":143,"Singing Bowl":11,"Gremlin Horn":143,"Mango":112,"Bag of Preparation":19,"Blood Vial":124,"Dream Catcher":70,"Nunchaku":94,"Centennial Puzzle":107,"HornCleat":124,"Gambling Chip":53,"Pantograph":107,"Runic Pyramid":91,"Lee\u0027s Waffle":143,"Golden Idol":4,"Blue Candle":58,"Velvet Choker":30,"Damaru":53,"Oddly Smooth Stone":107,"Eternal Feather":70,"War Paint":112,"Mercury Hourglass":70,"Du-Vu Doll":112,"SlaversCollar":80,"CaptainsWheel":63,"Shuriken":148,"Black Star":36,"Bag of Marbles":148,"Membership Card":94,"PureWater":0,"Toy Ornithopter":63}],"Toy Ornithopter":15},"card_choices":[{"not_picked":["LikeWater","Study"],"picked":"EmptyBody","floor":1.0},{"not_picked":["Study","BattleHymn"],"picked":"Wallop","floor":4.0},{"not_picked":["WaveOfTheHand","FlyingSleeves"],"picked":"Prostrate","floor":7.0},{"not_picked":["FlyingSleeves","FollowUp"],"picked":"Consecrate","floor":8.0},{"not_picked":["EmptyBody","Halt"],"picked":"Omniscience","floor":10.0},{"not_picked":["CrushJoints","ForeignInfluence"],"picked":"BowlingBash","floor":12.0},{"not_picked":["Consecrate","JustLucky"],"picked":"Crescendo","floor":14.0},{"not_picked":["Devotion","SpiritShield"],"picked":"Blasphemy","floor":16.0},{"not_picked":["Devotion","ConjureBlade"],"picked":"LessonLearned","floor":19.0},{"not_picked":["Evaluate","BowlingBash"],"picked":"CrushJoints+1","floor":21.0},{"not_picked":["SashWhip","Halt"],"picked":"FearNoEvil","floor":23.0},{"not_picked":["Prostrate","EmptyBody","FollowUp"],"picked":"Singing Bowl","floor":24.0},{"not_picked":["BattleHymn","CrushJoints","JustLucky"],"picked":"Singing Bowl","floor":25.0},{"not_picked":["SashWhip","SignatureMove"],"picked":"Collect","floor":26.0},{"not_picked":["SashWhip","Nirvana+1"],"picked":"FearNoEvil","floor":27.0},{"not_picked":["Vengeance","Swivel+1"],"picked":"MentalFortress","floor":30.0},{"not_picked":["CarveReality","LikeWater"],"picked":"Wireheading","floor":32.0},{"not_picked":["JustLucky","Prostrate+1"],"picked":"ThirdEye+1","floor":33.0},{"not_picked":["PathToVictory","FollowUp","Halt"],"picked":"Singing Bowl","floor":35.0},{"not_picked":["Brilliance","Ragnarok"],"picked":"Wish","floor":38.0},{"not_picked":["SpiritShield","Wish"],"picked":"Omniscience","floor":41.0},{"not_picked":["ForeignInfluence","FlyingSleeves+1"],"picked":"WheelKick","floor":43.0},{"not_picked":["Prostrate+1","FlyingSleeves","PathToVictory"],"picked":"Singing Bowl","floor":45.0},{"not_picked":["Consecrate","ThirdEye"],"picked":"FearNoEvil","floor":46.0},{"not_picked":["Sadistic Nature","Mind Blast"],"picked":"Secret Weapon","floor":47.0},{"not_picked":["Mind Blast","Good Instincts"],"picked":"Dark Shackles","floor":47.0},{"not_picked":["Bandage Up","Secret Technique"],"picked":"Secret Weapon","floor":47.0},{"not_picked":["Weave","EmptyFist","Halt"],"picked":"Singing Bowl","floor":48.0},{"not_picked":["InnerPeace","BowlingBash+1","FlurryOfBlows"],"picked":"Singing Bowl","floor":52.0},{"not_picked":["PathToVictory","ClearTheMind","SashWhip"],"picked":"Singing Bowl","floor":54.0},{"not_picked":["FlyingSleeves","MasterReality","CrushJoints"],"picked":"Singing Bowl","floor":55.0},{"not_picked":["ThirdEye","Study","CrushJoints"],"picked":"Singing Bowl","floor":56.0},{"not_picked":["BattleHymn","FollowUp+1"],"picked":"EmptyBody+1","floor":57.0},{"not_picked":["Meditate","FlurryOfBlows"],"picked":"Tantrum","floor":63}],"player_experience":945020,"relics_obtained":[{"floor":7.0,"key":"Singing Bowl"},{"floor":10.0,"key":"Bag of Preparation"},{"floor":26.0,"key":"Damaru"},{"floor":26.0,"key":"Gambling Chip"},{"floor":29.0,"key":"Blue Candle"},{"floor":30.0,"key":"CaptainsWheel"},{"floor":30.0,"key":"Toy Ornithopter"},{"floor":35.0,"key":"Dream Catcher"},{"floor":35.0,"key":"Mercury Hourglass"},{"floor":48.0,"key":"Centennial Puzzle"},{"floor":48.0,"key":"Pantograph"},{"floor":51.0,"key":"Oddly Smooth Stone"},{"floor":52.0,"key":"War Paint"},{"floor":52.0,"key":"Mango"},{"floor":56.0,"key":"Blood Vial"},{"floor":56.0,"key":"HornCleat"},{"floor":63,"key":"Bag of Marbles"},{"floor":63,"key":"Shuriken"}],"event_choices":[{"damage_healed":0.0,"max_hp_gain":0.0,"max_hp_loss":6.0,"gold_gain":0.0,"event_name":"Golden Idol","player_choice":"Lose Max HP","floor":3.0,"gold_loss":0.0,"damage_taken":0.0,"relics_obtained":["Golden Idol"]},{"damage_healed":0.0,"max_hp_gain":0.0,"max_hp_loss":0.0,"gold_gain":0.0,"event_name":"The Woman in Blue","player_choice":"Bought 1 Potion","floor":5.0,"gold_loss":0.0,"damage_taken":0.0},{"cards_removed":["Strike_P"],"damage_healed":0.0,"max_hp_gain":0.0,"max_hp_loss":0.0,"gold_gain":0.0,"event_name":"Beggar","player_choice":"Gave Gold","floor":22.0,"gold_loss":75.0,"damage_taken":0.0},{"damage_healed":0.0,"max_hp_gain":0.0,"max_hp_loss":0.0,"gold_gain":0.0,"event_name":"Back to Basics","player_choice":"Simplicity","floor":34.0,"gold_loss":0.0,"damage_taken":0.0,"cards_upgraded":["Strike_P","Strike_P","Defend_P","Defend_P","Defend_P"]},{"damage_healed":0.0,"max_hp_gain":0.0,"max_hp_loss":0.0,"gold_gain":0.0,"event_name":"SensoryStone","player_choice":"Memory 3","floor":47.0,"gold_loss":0.0,"damage_taken":10.0},{"damage_healed":0.0,"max_hp_gain":0.0,"max_hp_loss":4.0,"gold_gain":0.0,"event_name":"Winding Halls","player_choice":"Max HP","floor":50.0,"gold_loss":0.0,"damage_taken":0.0}],"is_beta":false,"boss_relics":[{"not_picked":["Coffee Dripper","Empty Cage"],"picked":"Velvet Choker"},{"not_picked":["Sozu","VioletLotus"],"picked":"Black Star"},{"not_picked":["Cursed Key","Busted Crown"],"picked":"SlaversCollar"},{"not_picked":["Tiny House","Philosopher\u0027s Stone"],"picked":"Runic Pyramid"}],"items_purged_floors":[2,36,44,62],"is_endless":false,"potions_floor_spawned":[1,8,12,14,21,25,26,30,33,38,43,45,46,54,55,63],"killed_by":"The Heart","ascension_level":20}}