{"host":"2j7k79oxv8es4yqd","time":1612870466,"event":{"mods":["BaseMod","Minty Spire (QoL Compilation)","Permanent Neow","StSLib"],"gold_per_floor":[117,192,192,17,33,71,71,105,157,180,180,180,203,244,244,370,370,395,395,389,389,389,389],"floor_reached":22,"language":"ZHT","playtime":1002,"items_purged":[],"score":192,"play_id":"c16be78e-a861-488f-b68a-2d49909f8828","local_time":"20210209193426","is_ascension_mode":false,"campfire_choices":[{"floor":7,"key":"REST"},{"data":"Buffer","floor":15,"key":"SMITH"}],"circlet_count":0,"master_deck":["Strike_B","Strike_B","Strike_B","Defend_B","Defend_B","Defend_B","Defend_B","Zap","Dualcast","Gash","FTL","Swift Strike","Chill","Melter","Capacitor","Hologram","Buffer+1","Creative AI","Conserve Battery","Writhe"],"relics":["Philosopher\u0027s Stone","Golden Idol","Tiny Chest","Odd Mushroom","TungstenRod","Runic Dome","Pocketwatch","Mummified Hand"],"acts_visited":["Exordium","TheCity"],"potions_floor_usage":[14,14],"damage_taken":[{"damage":0.0,"enemies":"Small Slimes","floor":1.0,"turns":4.0},{"damage":0,"enemies":"2 Louse","floor":5,"turns":2},{"damage":13,"enemies":"3 Sentries","floor":6,"turns":13},{"damage":6,"enemies":"The Mushroom Lair","floor":8,"turns":4},{"damage":8,"enemies":"Jaw Worm","floor":10,"turns":3},{"damage":7,"enemies":"Exordium Thugs","floor":13,"turns":5},{"damage":16,"enemies":"Gremlin Nob","floor":14,"turns":4},{"damage":5,"enemies":"Slime Boss","floor":16,"turns":13},{"damage":33,"enemies":"3 Byrds","floor":18,"turns":5},{"damage":26,"enemies":"2 Thieves","floor":20,"turns":4},{"damage":26,"enemies":"3 Cultists","floor":22,"turns":5}],"seed_played":"8063054391232476706","potions_obtained":[{"floor":6,"key":"LiquidMemories"},{"floor":10,"key":"EssenceOfSteel"},{"floor":18,"key":"BlessingOfTheForge"},{"floor":20,"key":"DistilledChaos"}],"is_trial":false,"path_per_floor":["M","?","?","$","M","E","R","?","T","M","?","?","M","E","R","B",null,"M","T","M","?","M"],"character_chosen":"DEFECT","items_purchased":["FTL","Swift Strike"],"campfire_rested":1,"item_purchase_floors":[4,4],"current_hp_per_floor":[75,64,46,46,46,33,55,49,49,41,41,46,39,23,23,18,80,47,47,21,21,0,0],"gold":389,"neow_bonus":"BOSS_RELIC","is_daily":false,"chose_seed":false,"campfire_upgraded":1,"win_rate":0.0,"timestamp":1612870466,"path_taken":["M","?","?","?","?","E","R","?","T","M","?","?","M","E","R","BOSS","M","?","M","?","M"],"items_purchased_type":["Card","Card"],"build_version":"2020-12-22","purchased_purges":0,"victory":false,"max_hp_per_floor":[75,75,75,75,75,75,75,75,75,75,75,80,80,80,80,80,80,80,80,80,80,80,80],"card_choices":[{"not_picked":["Cold Snap","Skim"],"picked":"Gash","floor":1.0},{"not_picked":["Tempest","Self Repair"],"picked":"Chill","floor":5},{"not_picked":["Ball Lightning","Static Discharge"],"picked":"Melter","floor":6},{"not_picked":["Hologram","Turbo"],"picked":"Capacitor","floor":8},{"not_picked":["Sweeping Beam","Compile Driver","Coolheaded"],"picked":"SKIP","floor":10},{"not_picked":["Capacitor","Steam Power"],"picked":"Hologram","floor":13},{"not_picked":["Gash","Hologram"],"picked":"Buffer","floor":14},{"not_picked":["Amplify","Thunder Strike"],"picked":"Creative AI","floor":16},{"not_picked":["FTL+1","Gash+1","Loop"],"picked":"SKIP","floor":18},{"not_picked":["Cold Snap+1","Hello World"],"picked":"Conserve Battery","floor":20}],"player_experience":535030,"relics_obtained":[{"floor":6,"key":"Tiny Chest"},{"floor":8,"key":"Odd Mushroom"},{"floor":14,"key":"TungstenRod"},{"floor":19,"key":"Pocketwatch"}],"event_choices":[{"damage_healed":0.0,"max_hp_gain":0.0,"max_hp_loss":0.0,"gold_gain":75.0,"event_name":"World of Goop","player_choice":"Gather Gold","floor":2.0,"gold_loss":0.0,"damage_taken":11.0},{"damage_healed":0.0,"max_hp_gain":0.0,"max_hp_loss":0.0,"gold_gain":0.0,"event_name":"Golden Idol","player_choice":"Take Damage","floor":3.0,"gold_loss":0.0,"damage_taken":18.0,"relics_obtained":["Golden Idol"]},{"damage_healed":0,"gold_gain":0,"player_choice":"Fought Mushrooms","damage_taken":0,"max_hp_gain":0,"max_hp_loss":0,"event_name":"Mushrooms","floor":8,"gold_loss":0},{"cards_removed":["Strike_B"],"damage_healed":0,"gold_gain":0,"player_choice":"Forget","damage_taken":0,"max_hp_gain":0,"max_hp_loss":0,"event_name":"Living Wall","floor":11,"gold_loss":0},{"damage_healed":0,"gold_gain":0,"player_choice":"Donut","damage_taken":0,"max_hp_gain":5,"max_hp_loss":0,"event_name":"Big Fish","floor":12,"gold_loss":0},{"damage_healed":0,"gold_gain":0,"player_choice":"Opened","damage_taken":0,"relics_obtained":["Mummified Hand"],"max_hp_gain":0,"max_hp_loss":0,"event_name":"The Mausoleum","floor":21,"gold_loss":0,"cards_obtained":["Writhe"]}],"is_beta":false,"boss_relics":[{"not_picked":["Ectoplasm","Velvet Choker"],"picked":"Runic Dome"}],"items_purged_floors":[],"is_endless":false,"potions_floor_spawned":[6,10,18,20],"killed_by":"3 Cultists","ascension_level":0}}