{"host":"psytf3wd8ccrk52d","time":1612903154,"event":{"mods":["100% Spire Juice","2.2 Compatiblity","A Magickal Journey","Act Like it!","Arknights","Astrologer","Bartender","BaseMod","Beaked The Cultist","Bestiary","Better Note","Better Third Choice","BetterRewards","CapriCore","Challenge The Spire","Clockwork Mod","Colored Map","Colored Powertips","Conspire","Curses Come First","Dio Mod","Downfall","Ekko","Fiend Mod","Friendly Minions","FutureSeer","Halation","Hermit","Hubris","Infinite Spire","JesterMod","Marisa????????","Mimic Mod","Minty Spire (QoL Compilation)","Permanent Neow","Poor People Problems","Reliquary","Remilia??????","Replay The Spire","Robot Space Explorer","SOS???????","Shade Mod","Shop Mod","Somnambulant","Spicy Shops","Spikes Relics","Spire Arcade","StSLib","The Accelerator","The Alterego","The Blackbeard","The Bug Knight","The Clintock","The Cursed","The Death Knight","The Dragon Tamer","The Exalted","The Florist","The Forsaken","The Gatherer","The Hayseed","The Hierophant","The Immortal","The Judge","The Marked","The Mystic","The Necromancer","The Problem Sleuth","The Runesmith","The Sage","The Saiyan","The Senshi","The Spell Scribe","The Valiant","TheFirefly","TheVacant","Waifu the Spire","Wide Potions","Yohane!","Yuri Mod","thorton"],"gold_per_floor":[120,120,70,34,34,65,86,86,112,58,58,58,81,96,96,224,224,242,89,89,89,132,132,165,165,211,293,309,327,371,387,387,517,517,537,537,552,552,570,570,584,624,624,624,624,624,624],"floor_reached":46,"language":"ENG","playtime":1625,"items_purged":["yuri:yuriDefend"],"score":559,"play_id":"e8766f25-5da2-41e8-ba2a-d5366c57b091","local_time":"20210209203914","is_ascension_mode":false,"campfire_choices":[{"data":"yuri:BookGreen","floor":8,"key":"SMITH"},{"data":"yuri:yuriStab","floor":12,"key":"SMITH"},{"data":"yuri:GlitchedStrike","floor":15,"key":"SMITH"},{"data":"yuri:RemoveSafetyChecks","floor":23,"key":"SMITH"},{"data":"yuri:RemoveSafetyChecks","floor":25,"key":"SMITH"},{"floor":32,"key":"REST"},{"data":"yuri:SeeingDouble","floor":40,"key":"SMITH"}],"circlet_count":0,"master_deck":["yuri:yuriStrike","yuri:yuriStrike","yuri:yuriStrike","yuri:yuriStrike","yuri:yuriStrike+1","yuri:yuriDefend","yuri:yuriDefend","yuri:yuriDefend","yuri:Oolong","yuri:yuriStab+1","yuri:BookGreen+1","yuri:GlitchedStrike+1","yuri:GlitchedStrike","yuri:UnstableStrike","yuri:WickedSlash","yuri:BookGreen+1","yuri:yuriStab+1","yuri:TeaSet","yuri:RemoveSafetyChecks+1","yuri:RemoveSafetyChecks+1","yuri:GreenTea","yuri:GhostForm","yuri:ThrowingKnives","yuri:SeeingDouble+1","yuri:DragonForm","yuri:yuriStab+1","yuri:Torment","Parasite","yuri:GrowingInsanity+1"],"relics":["yuri:yuriKnife","Golden Idol","BicycleWheel","hubris:SlimyHat","infinitespire:Cupcake","halation:Convergence","RetroEgg","Bronze Scales","Gremlin Food","conspire:DeflatedDodgeball","Iron Hammer","Busted Crown","LugNut","Bromod:ArcanePulse"],"acts_visited":["Exordium","TheCity","TheBeyond"],"potions_floor_usage":[14,37,37],"damage_taken":[{"damage":0,"enemies":"2 Louse","floor":1,"turns":2},{"damage":24,"enemies":"3 Sentries","floor":6,"turns":7},{"damage":2,"enemies":"Small Slimes","floor":7,"turns":3},{"damage":3,"enemies":"Cultist","floor":13,"turns":2},{"damage":0,"enemies":"Blue Slaver","floor":14,"turns":1},{"damage":21,"enemies":"Hexaghost","floor":16,"turns":5},{"damage":2,"enemies":"Chosen","floor":18,"turns":3},{"damage":25,"enemies":"2 Thieves","floor":22,"turns":5},{"damage":21,"enemies":"Book of Stabbing","floor":24,"turns":4},{"damage":6,"enemies":"2 Thieves","floor":28,"turns":3},{"damage":29,"enemies":"Centurion and Healer","floor":29,"turns":4},{"damage":19,"enemies":"Nightmare","floor":30,"turns":5},{"damage":9,"enemies":"3 Cultists","floor":31,"turns":5},{"damage":38,"enemies":"Automaton","floor":33,"turns":6},{"damage":3,"enemies":"Orb Walker","floor":35,"turns":4},{"damage":16,"enemies":"3 Darklings","floor":37,"turns":4},{"damage":5,"enemies":"Writhing Mass","floor":39,"turns":4},{"damage":32,"enemies":"Spire Growth","floor":41,"turns":3},{"damage":36,"enemies":"beaked:SuperParasite","floor":42,"turns":5},{"damage":19,"enemies":"Nightmare","floor":46,"turns":2}],"seed_played":"3598664095014040818","potions_obtained":[{"floor":7,"key":"Reflective Coating"},{"floor":13,"key":"SteroidPotion"},{"floor":18,"key":"Death Potion"},{"floor":30,"key":"Guardian:BlockOnCardUsePotion"},{"floor":37,"key":"SteroidPotion"}],"is_trial":false,"path_per_floor":["M","?","?","$","?","E","M","R","T","$","?","R","M","M","R","B",null,"M","$","?","?","MIM","R","E","R","T","T","M","M","NM","M","R","B",null,"M","?","M","?","M","R","M","E","T","?","?","NM"],"character_chosen":"YURI","items_purchased":["yuri:GlitchedStrike","yuri:BookGreen+1","halation:Convergence"],"campfire_rested":1,"item_purchase_floors":[4,10,19],"current_hp_per_floor":[80,80,80,80,80,59,61,61,61,61,61,61,58,58,58,41,80,78,78,70,70,49,49,38,38,38,38,42,23,14,15,36,8,70,65,65,53,53,61,61,32,6,6,6,6,0,0],"gold":624,"neow_bonus":"UPGRADE_CARD","is_daily":false,"chose_seed":false,"campfire_upgraded":6,"win_rate":0.0,"timestamp":1612903154,"path_taken":["M","?","?","$","?","E","M","R","T","?","?","R","?","M","R","BOSS","M","$","?","?","?","R","E","R","T","?","?","M","NM","M","R","BOSS","M","?","M","?","?","R","M","E","T","?","?","NM"],"items_purchased_type":["Card","Card","Relic"],"build_version":"2020-12-22","purchased_purges":1,"victory":false,"max_hp_per_floor":[80,80,80,80,80,80,80,80,80,80,80,80,80,80,80,80,80,80,80,80,80,80,80,80,80,80,80,78,76,74,72,72,70,70,68,68,66,66,64,64,62,60,60,60,60,60,60],"card_choices":[{"not_picked":["yuri:Skip","yuri:ThrowingKnives"],"picked":"yuri:BookGreen","floor":1},{"not_picked":["yuri:Skip","yuri:yuriQuickStrike"],"picked":"yuri:UnstableStrike","floor":6},{"not_picked":["yuri:yuriQuickStrike","yuri:ReloadGame"],"picked":"yuri:WickedSlash","floor":7},{"not_picked":["yuri:ThrowingKnives","yuri:DebugCard","yuri:RecklessStrike"],"picked":"SKIP","floor":13},{"not_picked":["yuri:InduceGlitch","yuri:Skip","yuri:Stare"],"picked":"SKIP","floor":14},{"not_picked":["yuri:NoEscape","yuri:MirrorInsanity"],"picked":"yuri:RemoveSafetyChecks","floor":16},{"not_picked":["yuri:Spin","yuri:DebugCard+1","yuri:Skip"],"picked":"SKIP","floor":18},{"not_picked":["yuri:Spin","yuri:BookPurple"],"picked":"yuri:GreenTea","floor":22},{"not_picked":["yuri:HeavierStrike","yuri:CalmingAura"],"picked":"yuri:GhostForm","floor":24},{"not_picked":["yuri:GlitchedStrike","yuri:ThornRemove+1","yuri:TeaSet"],"picked":"SKIP","floor":28},{"not_picked":["yuri:HeavierStrike","yuri:TPose"],"picked":"yuri:ThrowingKnives","floor":29},{"not_picked":["yuri:Spin+1","yuri:DebugCard"],"picked":"yuri:SeeingDouble","floor":30},{"not_picked":["yuri:Skip","yuri:TPose","yuri:MultiDip"],"picked":"SKIP","floor":31},{"not_picked":["yuri:JumpScare","yuri:RelentlessStrikes"],"picked":"yuri:DragonForm","floor":33},{"not_picked":["yuri:CalmingAura"],"picked":"SKIP","floor":35},{"not_picked":["yuri:TPose+1"],"picked":"SKIP","floor":37},{"not_picked":["yuri:InduceGlitch"],"picked":"SKIP","floor":39},{"not_picked":[],"picked":"yuri:GrowingInsanity+1","floor":41},{"not_picked":["yuri:SeeingDouble"],"picked":"SKIP","floor":42}],"player_experience":269716,"relics_obtained":[{"floor":6,"key":"BicycleWheel"},{"floor":9,"key":"hubris:SlimyHat"},{"floor":22,"key":"RetroEgg"},{"floor":24,"key":"Bronze Scales"},{"floor":26,"key":"Gremlin Food"},{"floor":27,"key":"conspire:DeflatedDodgeball"},{"floor":30,"key":"Iron Hammer"},{"floor":42,"key":"LugNut"},{"floor":43,"key":"Bromod:ArcanePulse"}],"event_choices":[{"damage_healed":0,"gold_gain":0,"player_choice":"Take Wound","damage_taken":0,"relics_obtained":["Golden Idol"],"max_hp_gain":0,"max_hp_loss":0,"event_name":"Golden Idol","floor":2,"gold_loss":0,"cards_obtained":["Injury"]},{"cards_removed":["Injury"],"damage_healed":0,"gold_gain":0,"player_choice":"Card Removal","damage_taken":0,"max_hp_gain":0,"max_hp_loss":0,"event_name":"The Cleric","floor":3,"gold_loss":50},{"damage_healed":0,"gold_gain":0,"player_choice":"2 cards matched","damage_taken":0,"max_hp_gain":0,"max_hp_loss":0,"event_name":"Match and Keep!","floor":11,"gold_loss":0,"cards_obtained":["yuri:yuriStab","yuri:TeaSet"]},{"damage_healed":0,"gold_gain":0,"player_choice":"Damaged","damage_taken":8,"max_hp_gain":0,"max_hp_loss":0,"event_name":"Wheel of Change","floor":20,"gold_loss":0},{"damage_healed":0,"gold_gain":0,"player_choice":"Copied","damage_taken":0,"max_hp_gain":0,"max_hp_loss":0,"event_name":"Duplicator","floor":21,"gold_loss":0,"cards_obtained":["yuri:RemoveSafetyChecks"]},{"cards_removed":["yuri:yuriDefend"],"damage_healed":0,"gold_gain":0,"player_choice":"Removed Skill","damage_taken":0,"max_hp_gain":0,"max_hp_loss":0,"event_name":"Falling","floor":36,"gold_loss":0},{"damage_healed":0,"gold_gain":0,"player_choice":"2 cards matched","damage_taken":0,"max_hp_gain":0,"max_hp_loss":0,"event_name":"Match and Keep!","floor":38,"gold_loss":0,"cards_obtained":["yuri:yuriStab","yuri:Torment"]},{"damage_healed":0,"gold_gain":0,"player_choice":"Random: Blue","damage_taken":0,"max_hp_gain":0,"max_hp_loss":0,"event_name":"betterThird:BetterPortal","floor":45,"gold_loss":0},{"damage_healed":0,"gold_gain":0,"player_choice":"Memory 1","damage_taken":0,"max_hp_gain":0,"max_hp_loss":0,"event_name":"SensoryStone","floor":45,"gold_loss":0}],"is_beta":false,"boss_relics":[{"not_picked":["Runic Pyramid","hubris:BlackHole"],"picked":"infinitespire:Cupcake"},{"not_picked":["CosmicIsotope","conspire:RunicOctahedron"],"picked":"Busted Crown"}],"items_purged_floors":[19],"is_endless":true,"potions_floor_spawned":[7,13,18,30,37],"killed_by":"Nightmare","ascension_level":0}}