{"host":"6gwm7y0tp7acoxay","time":1612834108,"event":{"mods":["BaseMod","Colored Map","Keyboard Shortcuts","Minty Spire (QoL Compilation)","Quick Restart","StSLib","SuperFastMode","everything is the same but u backflip on backflip"],"gold_per_floor":[116,116,168,184,184,184,214,241,267,300,325,335,6,41,41,117,117,129,329,42,61,72,104,134,163,188,22,31,68,99,117,117,202,211,221,246,296,305,318,352,387,387,387,387,421,457,490,122,122,122,122,122,122,44,71,71],"floor_reached":57,"language":"KOR","playtime":1938,"items_purged":["Clothesline+1"],"score":3731,"play_id":"6840bc5f-3587-4acb-9458-e9b78a677c7f","local_time":"20210209102828","daily_mods":["SealedDeck","Heirloom","Flight"],"is_ascension_mode":true,"campfire_choices":[{"data":"Armaments","floor":6.0,"key":"SMITH"},{"data":"Battle Trance","floor":15.0,"key":"SMITH"},{"data":"Whirlwind","floor":32.0,"key":"SMITH"},{"floor":42,"key":"RECALL"},{"data":"Berserk","floor":49,"key":"SMITH"},{"floor":53,"key":"REST"}],"circlet_count":0,"master_deck":["AscendersBane","Intimidate","Burning Pact","True Grit","Cleave","Ghostly Armor","Rampage+1","Flame Barrier","Battle Trance+1","Armaments+1","Whirlwind+1","Shockwave","Uppercut+1","Berserk+1","CurseOfTheBell","Panacea","Shrug It Off+1","Dark Embrace"],"relics":["Burning Blood","Charon\u0027s Ashes","Bronze Scales","Vajra","Boot","Bag of Marbles","PreservedInsect","Whetstone","Pen Nib","MealTicket","SlaversCollar","Gremlin Horn","Art of War","Akabeko","CeramicFish","Smiling Mask","Bag of Preparation","Ancient Tea Set","Bottled Lightning","Calling Bell","Juzu Bracelet","Kunai","Lizard Tail","FossilizedHelix","Thread and Needle","Pear","Letter Opener","Centennial Puzzle","Orichalcum","Lantern","TungstenRod","Red Skull"],"acts_visited":["Exordium","TheCity","TheBeyond","TheEnding"],"potions_floor_usage":[55,56,56],"damage_taken":[{"damage":5.0,"enemies":"Small Slimes","floor":1.0,"turns":3.0},{"damage":0.0,"enemies":"Jaw Worm","floor":4.0,"turns":2.0},{"damage":5.0,"enemies":"Gremlin Nob","floor":7.0,"turns":3.0},{"damage":5.0,"enemies":"3 Sentries","floor":8.0,"turns":3.0},{"damage":15.0,"enemies":"Lagavulin","floor":10.0,"turns":4.0},{"damage":8.0,"enemies":"Gremlin Nob","floor":11.0,"turns":3.0},{"damage":0.0,"enemies":"2 Louse","floor":12.0,"turns":1.0},{"damage":7.0,"enemies":"3 Sentries","floor":14.0,"turns":2.0},{"damage":26.0,"enemies":"Hexaghost","floor":16.0,"turns":5.0},{"damage":12.0,"enemies":"2 Thieves","floor":18.0,"turns":3.0},{"damage":18.0,"enemies":"Spheric Guardian","floor":21.0,"turns":4.0},{"damage":2.0,"enemies":"Centurion and Healer","floor":22.0,"turns":4.0},{"damage":0.0,"enemies":"Gremlin Leader","floor":23.0,"turns":2.0},{"damage":3.0,"enemies":"Slavers","floor":24.0,"turns":4.0},{"damage":2.0,"enemies":"Book of Stabbing","floor":25.0,"turns":3.0},{"damage":0.0,"enemies":"Slavers","floor":29.0,"turns":2.0},{"damage":0.0,"enemies":"Gremlin Leader","floor":30.0,"turns":2.0},{"damage":0.0,"enemies":"3 Cultists","floor":31.0,"turns":1.0},{"damage":5.0,"enemies":"Automaton","floor":33.0,"turns":6.0},{"damage":7.0,"enemies":"3 Shapes","floor":35.0,"turns":3.0},{"damage":0.0,"enemies":"Mind Bloom Boss Battle","floor":36.0,"turns":6.0},{"damage":18,"enemies":"Orb Walker","floor":39,"turns":4},{"damage":0,"enemies":"Nemesis","floor":40,"turns":5},{"damage":0,"enemies":"Giant Head","floor":41,"turns":5},{"damage":13,"enemies":"Nemesis","floor":45,"turns":4},{"damage":0,"enemies":"Reptomancer","floor":46,"turns":3},{"damage":0,"enemies":"Giant Head","floor":47,"turns":6},{"damage":0,"enemies":"Donu and Deca","floor":50,"turns":10},{"damage":68,"enemies":"Time Eater","floor":51,"turns":10},{"damage":0,"enemies":"Shield and Spear","floor":55,"turns":1},{"damage":79,"enemies":"The Heart","floor":56,"turns":8}],"seed_played":"-1193471825600224676","potions_obtained":[{"floor":1.0,"key":"DuplicationPotion"},{"floor":4.0,"key":"BloodPotion"},{"floor":10.0,"key":"Block Potion"},{"floor":14.0,"key":"PowerPotion"},{"floor":18.0,"key":"SteroidPotion"},{"floor":23.0,"key":"EntropicBrew"},{"floor":55,"key":"Block Potion"}],"is_trial":true,"path_per_floor":["M","?","T","M","?","R","E","E","T","E","E","M","$","E","R","B",null,"M","?","$","M","M","E","E","E","T","$","?","E","E","M","R","B",null,"M","?","?","?","M","E","E","R","T","?","E","E","E","$","R","B","B",null,"R","$","E","B",null],"character_chosen":"IRONCLAD","items_purchased":["Whetstone","Pen Nib","Gremlin Horn","Bag of Preparation","TungstenRod","Dark Embrace"],"campfire_rested":1,"item_purchase_floors":[13,13,20,27,48,54],"current_hp_per_floor":[69,69,69,75,75,75,75,75,75,66,64,70,70,75,75,55,70,64,64,75,63,67,73,75,75,75,75,75,75,75,75,75,75,75,74,75,75,65,53,59,75,75,75,75,68,74,80,85,85,85,23,70,85,85,85,12],"gold":71,"neow_bonus":"","is_daily":false,"chose_seed":false,"campfire_upgraded":4,"win_rate":0.0,"timestamp":1612834108,"path_taken":["M","?","?","?","?","R","E","E","T","E","E","?","$","E","R","BOSS","M","?","$","M","?","E","E","E","T","?","?","E","E","M","R","BOSS","M","?","?","?","M","E","E","R","T","?","E","E","E","$","R","BOSS","BOSS","R","$","E","BOSS"],"items_purchased_type":["Relic","Relic","Relic","Relic","Relic","Card"],"build_version":"2020-12-22","purchased_purges":1,"victory":true,"max_hp_per_floor":[75,75,75,75,75,75,75,75,75,75,75,75,75,75,75,75,75,75,75,75,75,75,75,75,75,75,75,75,75,75,75,75,75,75,75,75,75,75,75,75,85,85,85,85,85,85,85,85,85,85,85,85,85,85,85,85],"card_choices":[{"not_picked":["Iron Wave","Flex","Heavy Blade"],"picked":"SKIP","floor":1.0},{"not_picked":["True Grit","Sever Soul","Armaments"],"picked":"SKIP","floor":4.0},{"not_picked":["Cleave","Demon Form","Perfected Strike"],"picked":"SKIP","floor":7.0},{"not_picked":["Feel No Pain","Flex"],"picked":"Whirlwind","floor":8.0},{"not_picked":["Spot Weakness","Cleave","Armaments"],"picked":"SKIP","floor":10.0},{"not_picked":["Heavy Blade","Clothesline","Intimidate"],"picked":"SKIP","floor":11.0},{"not_picked":["Heavy Blade","Clothesline","Intimidate"],"picked":"SKIP","floor":11.0},{"not_picked":["Warcry","Clash","Twin Strike"],"picked":"SKIP","floor":12.0},{"not_picked":["True Grit","Pommel Strike","Headbutt"],"picked":"SKIP","floor":14.0},{"not_picked":["Flame Barrier","Warcry","Rupture"],"picked":"SKIP","floor":18.0},{"not_picked":["Pummel","Headbutt+1","Body Slam"],"picked":"SKIP","floor":21.0},{"not_picked":["Thunderclap","Hemokinesis","Bloodletting+1"],"picked":"SKIP","floor":22.0},{"not_picked":["Twin Strike","Burning Pact+1","Intimidate"],"picked":"SKIP","floor":23.0},{"not_picked":["Armaments","Wild Strike","Exhume"],"picked":"SKIP","floor":24.0},{"not_picked":["Headbutt+1","Sever Soul+1","Inflame"],"picked":"SKIP","floor":25.0},{"not_picked":["Dropkick","Perfected Strike+1"],"picked":"Uppercut+1","floor":29.0},{"not_picked":["Cleave+1","Body Slam+1","Dark Embrace"],"picked":"SKIP","floor":30.0},{"not_picked":["Thunderclap+1","Cleave","Armaments"],"picked":"SKIP","floor":31.0},{"not_picked":["Feed","Demon Form"],"picked":"Berserk","floor":33.0},{"not_picked":["Sword Boomerang","True Grit","Ghostly Armor"],"picked":"SKIP","floor":35.0},{"not_picked":["HandOfGreed","Dark Shackles"],"picked":"Panacea","floor":38.0},{"not_picked":["Rage","Pummel+1","Bloodletting+1"],"picked":"SKIP","floor":39},{"not_picked":["Dropkick+1","Burning Pact","Thunderclap"],"picked":"SKIP","floor":40},{"not_picked":["Thunderclap","Body Slam","True Grit"],"picked":"SKIP","floor":41},{"not_picked":["Pommel Strike","Flex","Berserk"],"picked":"SKIP","floor":45},{"not_picked":["Armaments","Shrug It Off+1","Iron Wave+1"],"picked":"SKIP","floor":46},{"not_picked":["Armaments","Iron Wave+1"],"picked":"Shrug It Off+1","floor":46},{"not_picked":["Flame Barrier","Seeing Red","Spot Weakness+1"],"picked":"SKIP","floor":47},{"not_picked":["Clash+1","Cleave","Dropkick"],"picked":"SKIP","floor":55}],"player_experience":4507502,"relics_obtained":[{"floor":3.0,"key":"Bronze Scales"},{"floor":7.0,"key":"Vajra"},{"floor":8.0,"key":"Boot"},{"floor":10.0,"key":"Bag of Marbles"},{"floor":11.0,"key":"PreservedInsect"},{"floor":14.0,"key":"MealTicket"},{"floor":23.0,"key":"Art of War"},{"floor":24.0,"key":"Akabeko"},{"floor":25.0,"key":"CeramicFish"},{"floor":26.0,"key":"Smiling Mask"},{"floor":29.0,"key":"Ancient Tea Set"},{"floor":30.0,"key":"Bottled Lightning"},{"floor":34.0,"key":"Juzu Bracelet"},{"floor":34.0,"key":"Kunai"},{"floor":34.0,"key":"Lizard Tail"},{"floor":36.0,"key":"FossilizedHelix"},{"floor":40,"key":"Thread and Needle"},{"floor":41,"key":"Pear"},{"floor":43,"key":"Letter Opener"},{"floor":45,"key":"Centennial Puzzle"},{"floor":46,"key":"Orichalcum"},{"floor":47,"key":"Lantern"},{"floor":55,"key":"Red Skull"}],"event_choices":[{"damage_healed":0.0,"max_hp_gain":0.0,"max_hp_loss":0.0,"gold_gain":0.0,"event_name":"Scrap Ooze","player_choice":"Fled","floor":2.0,"gold_loss":0.0,"damage_taken":0.0},{"damage_healed":0.0,"max_hp_gain":0.0,"max_hp_loss":0.0,"gold_gain":0.0,"event_name":"Wheel of Change","player_choice":"Full Heal","floor":5.0,"gold_loss":0.0,"damage_taken":0.0},{"damage_healed":0.0,"max_hp_gain":0.0,"max_hp_loss":0.0,"gold_gain":200.0,"event_name":"Wheel of Change","player_choice":"Gold","floor":19.0,"gold_loss":0.0,"damage_taken":0.0},{"damage_healed":0.0,"max_hp_gain":0.0,"max_hp_loss":0.0,"gold_gain":0.0,"event_name":"The Library","player_choice":"Read","floor":28.0,"gold_loss":0.0,"damage_taken":0.0,"cards_obtained":["Shockwave"]},{"damage_healed":0.0,"max_hp_gain":0.0,"max_hp_loss":0.0,"gold_gain":0.0,"event_name":"MindBloom","player_choice":"Fight","floor":36.0,"gold_loss":0.0,"damage_taken":0.0},{"damage_healed":0.0,"max_hp_gain":0.0,"max_hp_loss":0.0,"gold_gain":50.0,"event_name":"Golden Shrine","player_choice":"Pray","floor":37.0,"gold_loss":0.0,"damage_taken":0.0},{"damage_healed":0.0,"max_hp_gain":0.0,"max_hp_loss":0.0,"gold_gain":0.0,"event_name":"SensoryStone","player_choice":"Memory 3","floor":38.0,"gold_loss":0.0,"damage_taken":10.0},{"damage_healed":0,"gold_gain":0,"player_choice":"Ignored","damage_taken":0,"max_hp_gain":0,"max_hp_loss":0,"event_name":"Tomb of Lord Red Mask","floor":44,"gold_loss":0}],"is_beta":false,"boss_relics":[{"not_picked":["Astrolabe","Runic Pyramid"],"picked":"SlaversCollar"},{"not_picked":["Coffee Dripper","Runic Dome"],"picked":"Calling Bell"}],"items_purged_floors":[48],"is_endless":false,"potions_floor_spawned":[1,4,7,10,14,18,21,23,25,29,36,40,55],"ascension_level":20}}