{"host":"3zmssa4s99zhxek5","time":1612876932,"event":{"mods":["AchievementEnabler","BaseMod","Minty Spire (QoL Compilation)","Permanent Neow","Relic Stats"],"gold_per_floor":[115,11,21,34,34,66,66,100,124,8,42,42,57,83,83,83,83],"floor_reached":16,"language":"KOR","playtime":827,"items_purged":["Regret"],"score":256,"play_id":"ee7d3dfa-144a-4949-9c6f-d9677e8b5fc6","local_time":"20210209222212","is_ascension_mode":true,"campfire_choices":[{"data":"Combust","floor":7,"key":"SMITH"},{"data":"Wild Strike","floor":12,"key":"SMITH"},{"data":"Bash","floor":15,"key":"SMITH"}],"circlet_count":0,"master_deck":["AscendersBane","Strike_R","Strike_R","Strike_R","Strike_R","Strike_R","Defend_R","Defend_R","Defend_R","Bash+1","True Grit","Shrug It Off","Heavy Blade","Wild Strike+1","Combust+1","Metallicize","Burning Pact","Power Through","Hemokinesis","Thunderclap","Reckless Charge"],"relics":["Burning Blood","Lizard Tail","Toy Ornithopter","Oddly Smooth Stone","Ancient Tea Set","Potion Belt","Dream Catcher"],"acts_visited":["Exordium"],"potions_floor_usage":[6,14],"damage_taken":[{"damage":21,"enemies":"Small Slimes","floor":1,"turns":5},{"damage":4,"enemies":"Cultist","floor":3,"turns":4},{"damage":0,"enemies":"2 Louse","floor":4,"turns":3},{"damage":46,"enemies":"Gremlin Nob","floor":6,"turns":6},{"damage":20,"enemies":"3 Sentries","floor":8,"turns":5},{"damage":57,"enemies":"Gremlin Nob","floor":11,"turns":6},{"damage":2,"enemies":"Lots of Slimes","floor":13,"turns":2},{"damage":16,"enemies":"Lagavulin","floor":14,"turns":6},{"damage":44,"enemies":"Hexaghost","floor":16,"turns":10}],"seed_played":"-4746949084883517098","potions_obtained":[{"floor":1,"key":"Block Potion"},{"floor":3,"key":"FairyPotion"},{"floor":11,"key":"Weak Potion"}],"is_trial":false,"path_per_floor":["M","$","M","M","?","E","R","E","T","$","E","R","M","E","R","B"],"character_chosen":"IRONCLAD","items_purchased":["Shrug It Off","Burning Pact","Power Through"],"campfire_rested":0,"item_purchase_floors":[2,10,10],"current_hp_per_floor":[53,53,55,61,61,21,21,7,7,7,43,43,47,42,42,0,0],"gold":83,"neow_bonus":"ONE_RARE_RELIC","is_daily":false,"chose_seed":false,"campfire_upgraded":3,"win_rate":0.0,"timestamp":1612876932,"path_taken":["M","$","M","M","?","E","R","E","T","$","E","R","?","E","R","BOSS"],"items_purchased_type":["Card","Card","Card"],"build_version":"2020-12-22","purchased_purges":1,"victory":false,"max_hp_per_floor":[75,75,75,75,75,75,75,75,75,75,75,75,75,75,75,75,75],"relic_stats":{"Lizard Tail":37,"Dream Catcher":0,"counters":[9,47],"obtain_stats":[{"Potion Belt":11,"Lizard Tail":0,"Dream Catcher":14,"Oddly Smooth Stone":8,"Ancient Tea Set":9,"Burning Blood":0,"Toy Ornithopter":6},{"Potion Belt":6,"Lizard Tail":0,"Dream Catcher":8,"Oddly Smooth Stone":5,"Ancient Tea Set":5,"Burning Blood":0,"Toy Ornithopter":4},{"Potion Belt":29,"Lizard Tail":0,"Dream Catcher":37,"Oddly Smooth Stone":23,"Ancient Tea Set":23,"Burning Blood":0,"Toy Ornithopter":18}],"Burning Blood":48,"Toy Ornithopter":5},"card_choices":[{"not_picked":["Warcry","Bloodletting"],"picked":"True Grit","floor":1},{"not_picked":["Evolve","Clash"],"picked":"Heavy Blade","floor":3},{"not_picked":["Dark Embrace","Warcry"],"picked":"Wild Strike","floor":4},{"not_picked":["Shrug It Off","Rupture"],"picked":"Combust","floor":6},{"not_picked":["Dark Embrace","Bloodletting"],"picked":"Metallicize","floor":8},{"not_picked":["Body Slam","Shrug It Off"],"picked":"Hemokinesis","floor":11},{"not_picked":["Clash","Anger"],"picked":"Thunderclap","floor":13},{"not_picked":["Anger","Carnage"],"picked":"Reckless Charge","floor":14}],"player_experience":1587127,"relics_obtained":[{"floor":6,"key":"Toy Ornithopter"},{"floor":8,"key":"Oddly Smooth Stone"},{"floor":9,"key":"Ancient Tea Set"},{"floor":11,"key":"Potion Belt"},{"floor":14,"key":"Dream Catcher"}],"event_choices":[{"cards_removed":["Defend_R"],"damage_healed":0,"gold_gain":0,"player_choice":"Purged","damage_taken":0,"max_hp_gain":0,"max_hp_loss":0,"event_name":"Purifier","floor":5,"gold_loss":0}],"is_beta":false,"boss_relics":[],"items_purged_floors":[2],"is_endless":false,"potions_floor_spawned":[1,3,11],"killed_by":"Hexaghost","ascension_level":20}}