{"host":"bgyhjzqafgkxdxsh","time":1612855513,"event":{"mods":["BaseMod","Colored Map","Minty Spire (QoL Compilation)","Relic Stats","StSLib","everything is the same but u backflip on backflip"],"gold_per_floor":[20,20,41,41,60,96,117,117,117],"floor_reached":8,"language":"ENG","playtime":418,"items_purged":[],"score":96,"play_id":"38080030-9ff9-4d05-9c43-f2a202889bfd","local_time":"20210209172513","is_ascension_mode":true,"campfire_choices":[],"circlet_count":0,"master_deck":["AscendersBane","Strike_G","Strike_G","Strike_G","Strike_G","Strike_G","Defend_G","Defend_G","Defend_G","Defend_G","Defend_G","Survivor","Neutralize","Footwork","Skewer","Wraith Form v2","Acrobatics","Dagger Spray"],"relics":["Ring of the Snake","Gambling Chip","Golden Idol","Kunai"],"acts_visited":["Exordium"],"potions_floor_usage":[8,8],"damage_taken":[{"damage":0,"enemies":"2 Louse","floor":1,"turns":4},{"damage":2,"enemies":"Jaw Worm","floor":3,"turns":5},{"damage":0,"enemies":"Small Slimes","floor":5,"turns":4},{"damage":26,"enemies":"Gremlin Nob","floor":6,"turns":6},{"damage":2,"enemies":"Blue Slaver","floor":7,"turns":6},{"damage":21,"enemies":"3 Sentries","floor":8,"turns":6}],"seed_played":"-543625652612763826","potions_obtained":[{"floor":1,"key":"SteroidPotion"},{"floor":6,"key":"Block Potion"}],"is_trial":false,"path_per_floor":["M","?","M","$","M","E","M","E"],"character_chosen":"THE_SILENT","items_purchased":[],"campfire_rested":0,"item_purchase_floors":[],"current_hp_per_floor":[63,46,44,44,44,18,16,0,0],"gold":117,"neow_bonus":"ONE_RARE_RELIC","is_daily":false,"chose_seed":false,"campfire_upgraded":0,"win_rate":0.0,"timestamp":1612855513,"path_taken":["M","?","M","?","M","E","M","E"],"items_purchased_type":[],"build_version":"2020-12-22","purchased_purges":0,"victory":false,"max_hp_per_floor":[70,70,70,70,70,70,70,70,70],"relic_stats":{"counters":[6,31],"Golden Idol":19,"Gambling Chip":[29],"Kunai":[1],"obtain_stats":[{"Golden Idol":2,"Gambling Chip":0,"Kunai":6,"Ring of the Snake":0},{"Golden Idol":1,"Gambling Chip":0,"Kunai":4,"Ring of the Snake":0},{"Golden Idol":4,"Gambling Chip":0,"Kunai":19,"Ring of the Snake":0}],"Ring of the Snake":[12]},"card_choices":[{"not_picked":["Deflect","Slice"],"picked":"Footwork","floor":1},{"not_picked":["Flying Knee","Acrobatics"],"picked":"Skewer","floor":3},{"not_picked":["Masterful Stab","Infinite Blades"],"picked":"Wraith Form v2","floor":5},{"not_picked":["Masterful Stab","Underhanded Strike"],"picked":"Acrobatics","floor":6},{"not_picked":["Riddle With Holes","Calculated Gamble"],"picked":"Dagger Spray","floor":7}],"player_experience":485757,"relics_obtained":[{"floor":6,"key":"Kunai"}],"event_choices":[{"damage_healed":0,"gold_gain":0,"player_choice":"Take Damage","damage_taken":17,"relics_obtained":["Golden Idol"],"max_hp_gain":0,"max_hp_loss":0,"event_name":"Golden Idol","floor":2,"gold_loss":0}],"is_beta":false,"boss_relics":[],"items_purged_floors":[],"is_endless":false,"potions_floor_spawned":[1,6],"killed_by":"3 Sentries","ascension_level":13}}