{"host":"uv5ws9rdk87e8i5k","time":1612853462,"event":{"mods":["AchievementEnabler","BaseMod","Colored Map","Minty Spire (QoL Compilation)","Permanent Neow","Quick Restart","StSLib","SuperFastMode","The Necromancer"],"gold_per_floor":[112,112,122,138,153,188,188,218,271,305,131,148,162,172,172,273,273,287,301,15,15,15,45,60,60,114,139,152,152,187,197,197,300,300,316,316,316,316,327,327,338,368,368,394,394,115,148,160,160,160],"floor_reached":51,"language":"ENG","playtime":1101,"items_purged":["Strike_R","Strike_R","Writhe"],"score":1232,"play_id":"6ff76209-480f-4fb9-8cc5-04cc35a5da1f","local_time":"20210209005102","is_ascension_mode":true,"campfire_choices":[{"data":"Demon Form","floor":15.0,"key":"SMITH"},{"floor":29.0,"key":"REST"},{"floor":32.0,"key":"REST"},{"data":"Demon Form","floor":40,"key":"SMITH"},{"floor":49,"key":"REST"}],"circlet_count":0,"master_deck":["Strike_R+1","Strike_R+1","Strike_R+1","Defend_R+1","Defend_R+1","Defend_R+1","Defend_R+1","Bash","Demon Form+1","Infernal Blade+1","Rampage","Pommel Strike+1","Pummel","Heavy Blade","Cleave","Inflame","Heavy Blade+1","Rage","Demon Form","Inflame","Sever Soul","Shockwave","Shrug It Off","Demon Form+1","CurseOfTheBell","Uppercut","Bloodletting","Impervious","Heavy Blade"],"relics":["Burning Blood","Matryoshka","The Courier","Potion Belt","Blue Candle","Happy Flower","Art of War","Cauldron","Velvet Choker","Mummified Hand","Orichalcum","Whetstone","MealTicket","Bag of Marbles","Toy Ornithopter","Calling Bell","Bag of Preparation","Paper Frog","Charon\u0027s Ashes","Mercury Hourglass","Peace Pipe","Blood Vial","Bronze Scales"],"acts_visited":["Exordium","TheCity","TheBeyond"],"potions_floor_usage":[42,42,44,46,47,47,50,50,50,50],"damage_taken":[{"damage":9.0,"enemies":"2 Louse","floor":1.0,"turns":3.0},{"damage":0.0,"enemies":"Small Slimes","floor":3.0,"turns":2.0},{"damage":0.0,"enemies":"Jaw Worm","floor":4.0,"turns":3.0},{"damage":17.0,"enemies":"Exordium Thugs","floor":5.0,"turns":3.0},{"damage":12.0,"enemies":"3 Sentries","floor":6.0,"turns":7.0},{"damage":12.0,"enemies":"Gremlin Nob","floor":8.0,"turns":3.0},{"damage":19.0,"enemies":"3 Sentries","floor":10.0,"turns":5.0},{"damage":0.0,"enemies":"Gremlin Gang","floor":12.0,"turns":3.0},{"damage":0.0,"enemies":"Large Slime","floor":13.0,"turns":3.0},{"damage":4.0,"enemies":"2 Fungi Beasts","floor":14.0,"turns":2.0},{"damage":29.0,"enemies":"The Guardian","floor":16.0,"turns":7.0},{"damage":6.0,"enemies":"Chosen","floor":18.0,"turns":2.0},{"damage":22.0,"enemies":"Shell Parasite","floor":19.0,"turns":3.0},{"damage":24.0,"enemies":"Slavers","floor":23.0,"turns":4.0},{"damage":10.0,"enemies":"3 Cultists","floor":24.0,"turns":5.0},{"damage":0.0,"enemies":"Sentry and Sphere","floor":25.0,"turns":3.0},{"damage":0.0,"enemies":"Gremlin Leader","floor":27.0,"turns":3.0},{"damage":12.0,"enemies":"Shelled Parasite and Fungi","floor":28.0,"turns":4.0},{"damage":24.0,"enemies":"Book of Stabbing","floor":30.0,"turns":5.0},{"damage":0.0,"enemies":"Snecko","floor":31.0,"turns":3.0},{"damage":26.0,"enemies":"Collector","floor":33.0,"turns":5.0},{"damage":22,"enemies":"Orb Walker","floor":35,"turns":4},{"damage":13,"enemies":"3 Darklings","floor":39,"turns":5},{"damage":1,"enemies":"Jaw Worm Horde","floor":41,"turns":2},{"damage":46,"enemies":"Reptomancer","floor":42,"turns":4},{"damage":9,"enemies":"Giant Head","floor":44,"turns":5},{"damage":0,"enemies":"Reptomancer","floor":47,"turns":2},{"damage":40,"enemies":"Spire Growth","floor":48,"turns":5},{"damage":66,"enemies":"Donu and Deca","floor":50,"turns":5}],"seed_played":"2657652459404380622","potions_obtained":[{"floor":1.0,"key":"SpeedPotion"},{"floor":4.0,"key":"Weak Potion"},{"floor":5.0,"key":"CultistPotion"},{"floor":10.0,"key":"EntropicBrew"},{"floor":11.0,"key":"Strength Potion"},{"floor":11.0,"key":"HeartOfIron"},{"floor":11.0,"key":"Explosive Potion"},{"floor":11.0,"key":"SteroidPotion"},{"floor":12.0,"key":"Strength Potion"},{"floor":16.0,"key":"CultistPotion"},{"floor":19.0,"key":"AttackPotion"},{"floor":24.0,"key":"SmokeBomb"},{"floor":28.0,"key":"GamblersBrew"},{"floor":30.0,"key":"SpeedPotion"},{"floor":38,"key":"LiquidMemories"},{"floor":38,"key":"FearPotion"},{"floor":38,"key":"LiquidBronze"},{"floor":39,"key":"Fire Potion"},{"floor":42,"key":"Swift Potion"},{"floor":48,"key":"Ancient Potion"}],"is_trial":false,"path_per_floor":["M","?","M","M","M","E","?","E","T","E","$","M","M","M","R","B",null,"M","M","$","?","?","E","M","M","T","E","M","R","E","M","R","B",null,"M","?","?","?","M","R","M","E","T","E","?","$","E","M","R","B",null],"character_chosen":"IRONCLAD","items_purchased":["Cauldron","Mummified Hand","BloodPotion","Swift Potion","LiquidMemories","Strength Potion"],"campfire_rested":3,"item_purchase_floors":[11,20,46,46,46,46],"current_hp_per_floor":[69,55,61,67,56,50,43,37,37,24,24,30,36,38,38,15,58,58,42,42,42,42,24,20,26,26,32,26,47,29,35,56,41,64,48,66,66,66,59,59,64,34,34,36,36,70,72,38,59,21],"gold":160,"neow_bonus":"THREE_RARE_CARDS","is_daily":false,"chose_seed":false,"campfire_upgraded":2,"win_rate":0.0,"timestamp":1612853462,"path_taken":["M","?","M","M","M","E","?","E","T","E","?","?","?","M","R","BOSS","M","M","$","?","?","E","M","M","T","E","M","R","E","M","R","BOSS","M","?","?","?","?","R","M","E","T","E","?","$","E","M","R","BOSS"],"items_purchased_type":["Relic","Relic","Potion","Potion","Potion","Potion"],"build_version":"2020-12-22","purchased_purges":3,"victory":true,"max_hp_per_floor":[72,72,72,72,72,72,72,72,72,72,72,72,72,72,72,72,72,72,72,72,72,72,72,72,72,72,72,72,72,72,72,72,72,72,72,72,72,72,72,72,72,72,72,72,72,72,72,72,72,72],"card_choices":[{"not_picked":["Brutality","Exhume"],"picked":"Demon Form","floor":0.0},{"not_picked":["Dark Embrace","Entrench"],"picked":"Infernal Blade","floor":1.0},{"not_picked":["Bloodletting","True Grit"],"picked":"Rampage","floor":3.0},{"not_picked":["Clothesline","Evolve"],"picked":"Pommel Strike","floor":4.0},{"not_picked":["Sword Boomerang","Warcry"],"picked":"Pummel","floor":5.0},{"not_picked":["Twin Strike","Wild Strike"],"picked":"Heavy Blade","floor":6.0},{"not_picked":["Power Through","Uppercut"],"picked":"Cleave","floor":8.0},{"not_picked":["Warcry","Brutality"],"picked":"Inflame","floor":10.0},{"not_picked":["Dark Embrace","Rupture"],"picked":"Heavy Blade","floor":12.0},{"not_picked":["Hemokinesis","Dual Wield"],"picked":"Rage","floor":13.0},{"not_picked":["Blood for Blood","Shrug It Off"],"picked":"Rampage","floor":14.0},{"not_picked":["Brutality","Immolate"],"picked":"Demon Form","floor":16.0},{"not_picked":["Headbutt","Entrench+1"],"picked":"Inflame","floor":18.0},{"not_picked":["Twin Strike","Wild Strike"],"picked":"Sever Soul","floor":19.0},{"not_picked":["Havoc","Bludgeon"],"picked":"Shockwave","floor":23.0},{"not_picked":["Wild Strike","Body Slam","Twin Strike"],"picked":"SKIP","floor":24.0},{"not_picked":["Berserk","Iron Wave+1"],"picked":"Shrug It Off","floor":27.0},{"not_picked":["Anger","True Grit","Iron Wave"],"picked":"SKIP","floor":28.0},{"not_picked":["Brutality","Warcry+1","Twin Strike+1"],"picked":"SKIP","floor":30.0},{"not_picked":["Entrench","Twin Strike","Iron Wave"],"picked":"SKIP","floor":31.0},{"not_picked":["Impervious","Corruption"],"picked":"Demon Form","floor":33.0},{"not_picked":["Havoc","Reckless Charge"],"picked":"Uppercut","floor":35},{"not_picked":["Disarm+1","Clash+1","Warcry+1"],"picked":"SKIP","floor":39},{"not_picked":["Rampage+1","Carnage","Anger"],"picked":"SKIP","floor":41},{"not_picked":["Combust","Juggernaut","Cleave"],"picked":"SKIP","floor":42},{"not_picked":["Evolve+1","Perfected Strike+1"],"picked":"Bloodletting","floor":44},{"not_picked":["Pummel","Evolve+1"],"picked":"Impervious","floor":47},{"not_picked":["Entrench","Clash+1"],"picked":"Heavy Blade","floor":48}],"player_experience":282519,"relics_obtained":[{"floor":6.0,"key":"Matryoshka"},{"floor":8.0,"key":"Potion Belt"},{"floor":9.0,"key":"Blue Candle"},{"floor":9.0,"key":"Happy Flower"},{"floor":10.0,"key":"Art of War"},{"floor":23.0,"key":"Orichalcum"},{"floor":26.0,"key":"Whetstone"},{"floor":26.0,"key":"MealTicket"},{"floor":27.0,"key":"Bag of Marbles"},{"floor":30.0,"key":"Toy Ornithopter"},{"floor":34.0,"key":"Bag of Preparation"},{"floor":34.0,"key":"Paper Frog"},{"floor":34.0,"key":"Charon\u0027s Ashes"},{"floor":42,"key":"Mercury Hourglass"},{"floor":43,"key":"Peace Pipe"},{"floor":44,"key":"Blood Vial"},{"floor":47,"key":"Bronze Scales"}],"event_choices":[{"damage_healed":0.0,"max_hp_gain":0.0,"max_hp_loss":0.0,"gold_gain":0.0,"event_name":"Shining Light","player_choice":"Entered Light","floor":2.0,"gold_loss":0.0,"damage_taken":14.0,"cards_upgraded":["Infernal Blade","Defend_R"]},{"damage_healed":0.0,"max_hp_gain":0.0,"max_hp_loss":0.0,"gold_gain":0.0,"event_name":"Scrap Ooze","player_choice":"Success","floor":7.0,"gold_loss":0.0,"damage_taken":7.0,"relics_obtained":["The Courier"]},{"damage_healed":0.0,"max_hp_gain":0.0,"max_hp_loss":0.0,"gold_gain":0.0,"event_name":"Back to Basics","player_choice":"Simplicity","floor":21.0,"gold_loss":0.0,"damage_taken":0.0,"cards_upgraded":["Strike_R","Strike_R","Strike_R","Defend_R","Defend_R","Defend_R"]},{"damage_healed":18,"gold_gain":0,"player_choice":"Writhe","damage_taken":0,"max_hp_gain":0,"max_hp_loss":0,"event_name":"Winding Halls","floor":36,"gold_loss":0,"cards_obtained":["Writhe"]},{"cards_removed":["Rampage"],"damage_healed":0,"gold_gain":0,"player_choice":"Removed Attack","damage_taken":0,"max_hp_gain":0,"max_hp_loss":0,"event_name":"Falling","floor":37,"gold_loss":0},{"damage_healed":0,"gold_gain":0,"player_choice":"Got Potions","damage_taken":0,"max_hp_gain":0,"max_hp_loss":0,"event_name":"Lab","floor":38,"gold_loss":0},{"damage_healed":0,"gold_gain":0,"player_choice":"0 cards matched","damage_taken":0,"max_hp_gain":0,"max_hp_loss":0,"event_name":"Match and Keep!","floor":45,"gold_loss":0,"cards_obtained":[]}],"is_beta":false,"boss_relics":[{"not_picked":["Ectoplasm","Runic Cube"],"picked":"Velvet Choker"},{"not_picked":["Empty Cage","Mark of Pain"],"picked":"Calling Bell"}],"items_purged_floors":[11,20,46],"is_endless":false,"potions_floor_spawned":[1,4,5,10,12,16,19,24,25,28,30,39,42,48],"ascension_level":8}}