{"host":"fvfv74rwxn7g5wli","time":1612852770,"event":{"mods":["BaseMod","Better Third Choice","Colored Powertips","DeckTracker","Downfall","GifTheSpireLib","Minty Spire (QoL Compilation)","Potionbrewer","Quick Restart","Reliquary","StSLib"],"gold_per_floor":[119,0,20,20,0,0,0,0,0,0,0,0,11,11,11,134,134,157,157,157,34,47,47,47,47,47,47,47,47,60,72,84,217,229,266,341,353,698,727,739,62,62,62,62,79,18,18,18,18,18],"floor_reached":51,"language":"ENG","playtime":879,"items_purged":["Bloodletting+1"],"score":948,"play_id":"cddcf469-8c1a-4e9d-8c2d-42892fbef0bb","local_time":"20210208223930","daily_mods":["SealedDeck","Vintage","Heirloom","Time Dilation","Flight"],"is_ascension_mode":false,"campfire_choices":[{"data":"Searing Blow","floor":6,"key":"SMITH"},{"data":"Searing Blow+1","floor":7,"key":"SMITH"},{"data":"Searing Blow+2","floor":8,"key":"SMITH"},{"data":"Searing Blow+3","floor":10,"key":"SMITH"},{"data":"Searing Blow+4","floor":12,"key":"SMITH"},{"data":"Searing Blow+5","floor":15,"key":"SMITH"},{"data":"Searing Blow+6","floor":23,"key":"SMITH"},{"data":"Searing Blow+7","floor":24,"key":"SMITH"},{"data":"Searing Blow+8","floor":25,"key":"SMITH"},{"data":"Searing Blow+9","floor":27,"key":"SMITH"},{"data":"Searing Blow+10","floor":32,"key":"SMITH"},{"data":"Searing Blow+11","floor":40,"key":"SMITH"},{"data":"Searing Blow+12","floor":42,"key":"SMITH"},{"data":"Searing Blow+14","floor":47,"key":"SMITH"},{"data":"Searing Blow+15","floor":49,"key":"SMITH"}],"circlet_count":0,"master_deck":["Burning Pact","Clash","Clash","Clash","Anger","Searing Blow+16","Warcry","Rage+1","Enlightenment+1","Double Tap+1","Insight","Clash","Anger"],"relics":["Burning Blood","Gambling Chip","bronze:BronzeIdol","InkBottle","Bottled Flame","The Courier","Runic Pyramid","Calipers","Membership Card","reliquary:Stiletto","TungstenRod","MawBank","Busted Crown","reliquary:QuartzCube","StoneCalendar","reliquary:ExpiredCoupon","potionbrewer:Torch","hexamod:CandleOfCauterizing","Paper Frog","War Paint","Gremlin Horn","reliquary:OuijaBoard","OrangePellets","reliquary:Buckler","Art of War","Blue Candle","potionbrewer:BottledElixir","Toolbox"],"acts_visited":["Exordium","TheCity","TheBeyond"],"potions_floor_usage":[50],"damage_taken":[{"damage":0,"enemies":"Jaw Worm","floor":1,"turns":1},{"damage":3,"enemies":"2 Louse","floor":3,"turns":1},{"damage":0,"enemies":"Small Slimes","floor":13,"turns":1},{"damage":3,"enemies":"Slime Boss","floor":16,"turns":3},{"damage":10,"enemies":"2 Thieves","floor":18,"turns":2},{"damage":9,"enemies":"Shell Parasite","floor":22,"turns":2},{"damage":0,"enemies":"Snecko","floor":30,"turns":1},{"damage":0,"enemies":"Automaton","floor":33,"turns":2},{"damage":0,"enemies":"Orb Walker","floor":35,"turns":1},{"damage":0,"enemies":"Mind Bloom Boss Battle","floor":36,"turns":1},{"damage":8,"enemies":"3 Shapes","floor":39,"turns":4},{"damage":0,"enemies":"Sphere and 2 Shapes","floor":45,"turns":3},{"damage":0,"enemies":"Time Eater","floor":50,"turns":1}],"seed_played":"1902063195736296836","potions_obtained":[{"floor":13,"key":"potionbrewer:QuicksilverPotion"},{"floor":18,"key":"Fire Potion"},{"floor":45,"key":"DuplicationPotion"}],"is_trial":true,"path_per_floor":["M","?","M","?","?","R","R","R","T","R","?","R","M","?","R","B",null,"M","?","?","$","M","R","R","R","T","R","?","?","M","?","R","B",null,"M","?","?","?","M","R","$","R","T","?","M","$","R","$","R","B",null],"character_chosen":"IRONCLAD","items_purchased":["Membership Card","potionbrewer:Torch","hexamod:CandleOfCauterizing","Paper Frog","War Paint","Gremlin Horn","reliquary:OuijaBoard","OrangePellets","reliquary:Buckler","Toolbox"],"campfire_rested":0,"item_purchase_floors":[21,41,41,41,41,41,41,41,41,46],"current_hp_per_floor":[80,86,86,69,69,69,69,69,69,69,86,86,86,80,80,80,80,76,76,76,76,73,73,73,73,73,73,73,73,79,79,79,80,80,80,80,80,80,78,78,78,78,78,74,80,80,80,80,80,80],"gold":18,"neow_bonus":"","is_daily":false,"chose_seed":false,"campfire_upgraded":15,"win_rate":0.0,"timestamp":1612852770,"path_taken":["M","?","M","?","?","R","R","R","T","R","?","R","?","?","R","BOSS","M","?","?","$","M","R","R","R","T","R","?","?","M","?","R","BOSS","M","?","?","?","M","R","$","R","T","?","?","$","R","?","R","BOSS"],"items_purchased_type":["Relic","Relic","Relic","Relic","Relic","Relic","Relic","Relic","Relic","Relic"],"build_version":"2020-12-22","purchased_purges":1,"victory":true,"max_hp_per_floor":[80,86,86,86,86,86,86,86,86,86,86,86,86,80,80,80,80,80,80,80,80,80,80,80,80,80,80,80,80,80,80,80,80,80,80,80,80,80,80,80,80,80,80,80,80,80,80,80,80,80],"card_choices":[{"not_picked":["Berserk","Impervious"],"picked":"Double Tap","floor":16},{"not_picked":[],"picked":"Anger","floor":36}],"player_experience":103427,"relics_obtained":[{"floor":1,"key":"bronze:BronzeIdol"},{"floor":3,"key":"InkBottle"},{"floor":9,"key":"Bottled Flame"},{"floor":13,"key":"The Courier"},{"floor":18,"key":"Calipers"},{"floor":22,"key":"reliquary:Stiletto"},{"floor":26,"key":"TungstenRod"},{"floor":30,"key":"MawBank"},{"floor":35,"key":"reliquary:QuartzCube"},{"floor":36,"key":"StoneCalendar"},{"floor":39,"key":"reliquary:ExpiredCoupon"},{"floor":43,"key":"Art of War"},{"floor":45,"key":"potionbrewer:BottledElixir"}],"event_choices":[{"damage_healed":0,"gold_gain":0,"player_choice":"RENOUNCE","damage_taken":119,"max_hp_gain":0,"max_hp_loss":0,"event_name":"betterThird:BetterSerpent","floor":2,"gold_loss":119,"cards_obtained":["Enlightenment"]},{"damage_healed":86,"gold_gain":0,"player_choice":"Upgrade","damage_taken":17,"max_hp_gain":0,"max_hp_loss":86,"event_name":"betterThird:BetterShining","floor":4,"gold_loss":0,"cards_upgraded":["Enlightenment","Warcry"]},{"damage_healed":0,"gold_gain":0,"player_choice":"Left","damage_taken":0,"max_hp_gain":0,"max_hp_loss":0,"event_name":"betterThird:BetterGoop","floor":5,"gold_loss":20},{"damage_healed":28,"gold_gain":0,"player_choice":"Banana","damage_taken":0,"max_hp_gain":0,"max_hp_loss":0,"event_name":"Big Fish","floor":11,"gold_loss":0},{"damage_healed":0,"gold_gain":0,"player_choice":"Lose Max HP","damage_taken":0,"relics_obtained":["Golden Idol"],"max_hp_gain":0,"max_hp_loss":6,"event_name":"Golden Idol","floor":14,"gold_loss":0},{"damage_healed":0,"gold_gain":0,"player_choice":"Insight","damage_taken":0,"max_hp_gain":0,"max_hp_loss":0,"event_name":"betterThird:BetterWriting","floor":19,"gold_loss":0,"cards_obtained":["Insight"]},{"damage_healed":0,"gold_gain":0,"player_choice":"Ignored","damage_taken":0,"max_hp_gain":0,"max_hp_loss":0,"event_name":"Cursed Tome","floor":20,"gold_loss":0},{"damage_healed":0,"gold_gain":0,"player_choice":"Read","damage_taken":0,"max_hp_gain":0,"max_hp_loss":0,"event_name":"The Library","floor":29,"gold_loss":0,"cards_obtained":["Clash"]},{"damage_healed":0,"gold_gain":0,"player_choice":"Ignored","damage_taken":0,"max_hp_gain":0,"max_hp_loss":0,"event_name":"Ghosts","floor":31,"gold_loss":0},{"damage_healed":0,"gold_gain":0,"player_choice":"Fight","damage_taken":0,"max_hp_gain":0,"max_hp_loss":0,"event_name":"MindBloom","floor":36,"gold_loss":0},{"cards_removed":["Warcry"],"damage_healed":0,"gold_gain":0,"player_choice":"Removed Skill","damage_taken":0,"max_hp_gain":0,"max_hp_loss":0,"event_name":"Falling","floor":37,"gold_loss":0},{"damage_healed":0,"gold_gain":333,"player_choice":"Gave Idol","damage_taken":0,"max_hp_gain":0,"max_hp_loss":0,"event_name":"The Moai Head","floor":38,"relics_lost":["Golden Idol"],"gold_loss":0}],"is_beta":false,"boss_relics":[{"not_picked":["potionbrewer:BhaskarasWheel","Black Blood"],"picked":"Runic Pyramid"},{"not_picked":["Mark of Pain","Fusion Hammer"],"picked":"Busted Crown"}],"items_purged_floors":[41],"is_endless":false,"potions_floor_spawned":[13,18,45],"ascension_level":0}}