{"host":"b68zjtx2wn01pixa","time":1612902285,"event":{"mods":["BaseMod","Colored Map","Infinite Spire","Minty Spire (QoL Compilation)","Relic Stats","StSLib","SuperFastMode"],"gold_per_floor":[113,288,299,144,162,191,191,207,207,207,242,306,338,0,0,104,104,114,124,124,141,156,181,198,297,320,235,266,286,317,335,335,431,431,441,460,505,334,344,344,379,379,404,404,431,255,288,288,288,288],"floor_reached":51,"language":"ENG","playtime":2037,"items_purged":["Doubt","Strike_P","Strike_P","Strike_P"],"score":1007,"play_id":"99e22d4d-4f65-4ca4-b1e2-63efe864bb69","local_time":"20210209152445","is_ascension_mode":true,"campfire_choices":[{"data":"WheelKick","floor":7.0,"key":"SMITH"},{"data":"Tantrum","floor":10.0,"key":"SMITH"},{"data":"FollowUp","floor":15.0,"key":"SMITH"},{"floor":32.0,"key":"REST"},{"data":"Blasphemy","floor":40,"key":"SMITH"},{"data":"Scrawl","floor":42,"key":"SMITH"},{"data":"DevaForm","floor":44,"key":"SMITH"},{"data":"TalkToTheHand","floor":49,"key":"SMITH"}],"circlet_count":0,"master_deck":["Strike_P","Defend_P","Defend_P","Defend_P","Defend_P","Eruption","Vigilance","ThirdEye","Tantrum+1","WheelKick+1","FollowUp+1","ThirdEye","Scrawl+1","Consecrate","FollowUp","Blasphemy+1","CutThroughFate","ClearTheMind","Halt","WheelKick","Halt","Wallop","ReachHeaven+1","CrushJoints","DevaForm+1","TalkToTheHand+1","CrushJoints+1","EmptyFist","SashWhip+1","Fasting2","Decay","Protect+1","EmptyBody","FlurryOfBlows+1"],"relics":["SlaversCollar","Bottled Flame","Eternal Feather","Darkstone Periapt","Incense Burner","Bird Faced Urn","Kunai","Sozu","infinitespire:EmpoweringShard","Juzu Bracelet","Ancient Tea Set","Pen Nib","Happy Flower","Cursed Key","infinitespire:Lychee Nut","infinitespire:Lucky Rock","Anchor","Art of War","Vajra"],"acts_visited":["Exordium","TheCity","TheBeyond"],"potions_floor_usage":[],"damage_taken":[{"damage":2.0,"enemies":"Cultist","floor":1.0,"turns":3.0},{"damage":2.0,"enemies":"Small Slimes","floor":3.0,"turns":4.0},{"damage":7.0,"enemies":"Jaw Worm","floor":5.0,"turns":4.0},{"damage":8.0,"enemies":"Gremlin Nob","floor":6.0,"turns":4.0},{"damage":0.0,"enemies":"Looter","floor":8.0,"turns":1.0},{"damage":12.0,"enemies":"3 Sentries","floor":11.0,"turns":4.0},{"damage":12.0,"enemies":"Gremlin Nob","floor":12.0,"turns":3.0},{"damage":0.0,"enemies":"Gremlin Nob","floor":13.0,"turns":2.0},{"damage":39.0,"enemies":"The Guardian","floor":16.0,"turns":6.0},{"damage":0.0,"enemies":"Chosen","floor":18.0,"turns":3.0},{"damage":0.0,"enemies":"Spheric Guardian","floor":19.0,"turns":2.0},{"damage":0.0,"enemies":"Snake Plant","floor":21.0,"turns":1.0},{"damage":8.0,"enemies":"Snecko","floor":22.0,"turns":3.0},{"damage":0.0,"enemies":"Book of Stabbing","floor":23.0,"turns":2.0},{"damage":12.0,"enemies":"Shelled Parasite and Fungi","floor":24.0,"turns":4.0},{"damage":0.0,"enemies":"Gremlin Leader","floor":28.0,"turns":1.0},{"damage":0.0,"enemies":"Sentry and Sphere","floor":29.0,"turns":3.0},{"damage":28.0,"enemies":"Slavers","floor":30.0,"turns":4.0},{"damage":3.0,"enemies":"Chosen and Byrds","floor":31.0,"turns":4.0},{"damage":4.0,"enemies":"Automaton","floor":33.0,"turns":5.0},{"damage":0.0,"enemies":"3 Shapes","floor":35.0,"turns":4.0},{"damage":0.0,"enemies":"Orb Walker","floor":36.0,"turns":2.0},{"damage":31,"enemies":"2 Orb Walkers","floor":37,"turns":6},{"damage":0,"enemies":"Spire Growth","floor":39,"turns":1},{"damage":22,"enemies":"Reptomancer","floor":41,"turns":6},{"damage":0,"enemies":"Giant Head","floor":45,"turns":5},{"damage":46,"enemies":"Reptomancer","floor":47,"turns":7},{"damage":20,"enemies":"infinitespire:MassOfShapes","floor":50,"turns":7}],"seed_played":"4276104535617177692","potions_obtained":[{"floor":1.0,"key":"AttackPotion"},{"floor":5.0,"key":"PowerPotion"},{"floor":11.0,"key":"Ancient Potion"},{"floor":12.0,"key":"SkillPotion"}],"is_trial":false,"path_per_floor":["M","?","M","$","M","E","R","M","T","R","E","?","E","$","R","B",null,"M","M","$","M","M","E","M","?","T","?","E","M","E","M","R","B",null,"M","M","?","$","M","R","E","R","T","R","E","$","E","AVR","R","B",null],"character_chosen":"WATCHER","items_purchased":["WheelKick","Kunai","EmptyFist","EmptyBody"],"campfire_rested":1,"item_purchase_floors":[4,14,38,46],"current_hp_per_floor":[70,70,68,68,61,53,53,53,53,62,50,38,38,38,47,8,72,72,72,72,72,64,64,52,52,52,52,52,52,24,21,57,53,72,72,72,43,43,43,54,33,51,57,60,60,60,18,18,36,26],"gold":288,"neow_bonus":"BOSS_RELIC","is_daily":false,"chose_seed":false,"campfire_upgraded":7,"win_rate":0.0,"timestamp":1612902285,"path_taken":["M","?","M","$","M","E","R","M","T","R","E","?","E","$","R","BOSS","M","M","$","M","M","E","M","?","T","?","E","M","E","M","R","BOSS","M","M","?","$","M","R","E","R","T","R","E","$","E","AVR","R","BOSS"],"items_purchased_type":["Card","Relic","Card","Card"],"build_version":"2020-12-22","purchased_purges":4,"victory":true,"max_hp_per_floor":[72,72,72,72,72,72,72,72,72,72,72,72,72,72,72,72,72,72,72,72,72,72,72,72,72,72,72,72,72,72,72,72,72,72,72,72,54,54,54,54,54,54,60,60,60,60,60,60,60,60],"relic_stats":{"Darkstone Periapt":6,"Sozu":7,"Happy Flower":[15],"counters":[28,101],"Bird Faced Urn":[10],"Eternal Feather":83,"Pen Nib":[15],"Juzu Bracelet":0,"Art of War":[2],"Kunai":[47],"Cursed Key":1,"obtain_stats":[{"Darkstone Periapt":11,"Happy Flower":30,"Vajra":47,"Eternal Feather":9,"Pen Nib":28,"Incense Burner":12,"Juzu Bracelet":26,"infinitespire:Lucky Rock":41,"Ancient Tea Set":27,"Cursed Key":34,"Sozu":17,"SlaversCollar":0,"Bottled Flame":6,"Anchor":43,"infinitespire:Lychee Nut":37,"Bird Faced Urn":13,"infinitespire:EmpoweringShard":23,"Art of War":45,"Kunai":14,"PureWater":0},{"Darkstone Periapt":6,"Happy Flower":18,"Vajra":27,"Eternal Feather":5,"Pen Nib":16,"Incense Burner":7,"Juzu Bracelet":15,"infinitespire:Lucky Rock":25,"Ancient Tea Set":15,"Cursed Key":20,"Sozu":9,"SlaversCollar":0,"Bottled Flame":4,"Anchor":25,"infinitespire:Lychee Nut":23,"Bird Faced Urn":8,"infinitespire:EmpoweringShard":14,"Art of War":26,"Kunai":8,"PureWater":0},{"Darkstone Periapt":20,"Happy Flower":54,"Vajra":94,"Eternal Feather":16,"Pen Nib":47,"Incense Burner":23,"Juzu Bracelet":46,"infinitespire:Lucky Rock":82,"Ancient Tea Set":46,"Cursed Key":63,"Sozu":31,"SlaversCollar":0,"Bottled Flame":15,"Anchor":82,"infinitespire:Lychee Nut":75,"Bird Faced Urn":25,"infinitespire:EmpoweringShard":42,"Art of War":87,"Kunai":25,"PureWater":0}]},"card_choices":[{"not_picked":["Evaluate","JustLucky"],"picked":"ThirdEye","floor":1.0},{"not_picked":["FlurryOfBlows","SashWhip"],"picked":"Tantrum","floor":3.0},{"not_picked":["ForeignInfluence","Meditate","PathToVictory"],"picked":"SKIP","floor":5.0},{"not_picked":["TalkToTheHand","Consecrate"],"picked":"FollowUp","floor":6.0},{"not_picked":["Sanctity","ConjureBlade"],"picked":"ThirdEye","floor":8.0},{"not_picked":["ForeignInfluence","CrushJoints"],"picked":"Scrawl","floor":11.0},{"not_picked":["SignatureMove","WaveOfTheHand"],"picked":"Consecrate","floor":12.0},{"not_picked":["ThirdEye","Vengeance"],"picked":"FollowUp","floor":13.0},{"not_picked":["Omniscience","Establishment"],"picked":"Blasphemy","floor":16.0},{"not_picked":["Nirvana","Study"],"picked":"CutThroughFate","floor":18.0},{"not_picked":["WreathOfFlame+1","FollowUp"],"picked":"ClearTheMind","floor":19.0},{"not_picked":["BattleHymn","Worship"],"picked":"Halt","floor":21.0},{"not_picked":["Prostrate+1","Protect+1"],"picked":"WheelKick","floor":22.0},{"not_picked":["ClearTheMind","Nirvana"],"picked":"Halt","floor":23.0},{"not_picked":["CrushJoints","Crescendo"],"picked":"Wallop","floor":24.0},{"not_picked":["Wireheading","SandsOfTime"],"picked":"ReachHeaven+1","floor":28.0},{"not_picked":["Evaluate","Vengeance"],"picked":"CrushJoints","floor":29.0},{"not_picked":["CutThroughFate","FollowUp","Blasphemy"],"picked":"SKIP","floor":30.0},{"not_picked":["Vengeance","Fasting2","Evaluate"],"picked":"SKIP","floor":31.0},{"not_picked":["ConjureBlade","Wish"],"picked":"DevaForm","floor":33.0},{"not_picked":["CutThroughFate","DeceiveReality"],"picked":"TalkToTheHand","floor":35.0},{"not_picked":["FlyingSleeves+1","ThirdEye+1","Consecrate+1"],"picked":"SKIP","floor":36.0},{"not_picked":["ClearTheMind","PathToVictory"],"picked":"CrushJoints+1","floor":37},{"not_picked":["Prostrate+1","Consecrate+1"],"picked":"SashWhip+1","floor":39},{"not_picked":["Wallop+1","MasterReality"],"picked":"Fasting2","floor":41},{"not_picked":["MasterReality","Halt+1"],"picked":"Protect+1","floor":45},{"not_picked":["FollowUp","WaveOfTheHand+1"],"picked":"FlurryOfBlows+1","floor":47}],"player_experience":808257,"relics_obtained":[{"floor":6.0,"key":"Bottled Flame"},{"floor":9.0,"key":"Eternal Feather"},{"floor":11.0,"key":"Darkstone Periapt"},{"floor":12.0,"key":"Incense Burner"},{"floor":13.0,"key":"Bird Faced Urn"},{"floor":23.0,"key":"infinitespire:EmpoweringShard"},{"floor":26.0,"key":"Juzu Bracelet"},{"floor":28.0,"key":"Pen Nib"},{"floor":30.0,"key":"Happy Flower"},{"floor":37,"key":"infinitespire:Lychee Nut"},{"floor":41,"key":"infinitespire:Lucky Rock"},{"floor":43,"key":"Anchor"},{"floor":45,"key":"Art of War"},{"floor":47,"key":"Vajra"}],"event_choices":[{"damage_healed":0.0,"max_hp_gain":0.0,"max_hp_loss":0.0,"gold_gain":175.0,"event_name":"Liars Game","player_choice":"AGREE","floor":2.0,"gold_loss":0.0,"damage_taken":0.0,"cards_obtained":["Doubt"]},{"damage_healed":0.0,"max_hp_gain":0.0,"max_hp_loss":0.0,"gold_gain":0.0,"event_name":"Dead Adventurer","player_choice":"Searched \u00271\u0027 times","floor":12.0,"gold_loss":0.0,"damage_taken":0.0},{"damage_healed":0.0,"max_hp_gain":0.0,"max_hp_loss":0.0,"gold_gain":99.0,"event_name":"Nest","player_choice":"Stole From Cult","floor":25.0,"gold_loss":0.0,"damage_taken":0.0},{"damage_healed":0.0,"max_hp_gain":0.0,"max_hp_loss":0.0,"gold_gain":0.0,"event_name":"Addict","player_choice":"Obtained Relic","floor":27.0,"gold_loss":85.0,"damage_taken":0.0,"relics_obtained":["Ancient Tea Set"]},{"damage_healed":0,"gold_gain":0,"player_choice":"Fight","damage_taken":0,"max_hp_gain":0,"max_hp_loss":0,"event_name":"Mysterious Sphere","floor":37,"gold_loss":0}],"is_beta":false,"boss_relics":[{"not_picked":["Runic Pyramid","Tiny House"],"picked":"Sozu"},{"not_picked":["Fusion Hammer","infinitespire:Cupcake"],"picked":"Cursed Key"}],"items_purged_floors":[4,14,38,46],"is_endless":false,"potions_floor_spawned":[1,5,11,12,18,19,21,33,39,41,45],"ascension_level":1}}