{"host":"Ringo","time":1612869891,"event":{"mods":["BaseMod","Colored Map","Conspire","Dota2Spire","Hubris","Minty Spire (QoL Compilation)","Replay The Spire","StSLib","The Construct","[IsaacMod]ÒÔÈö¼âËþ","¡¾ÒÅÎï¿¨ÅÆ¡¿REMEMod"],"gold_per_floor":[115,115,135,146,161,190,222,248,248,277,308,336,353,386,386,462,462,472,483,496,507,130,162,162,189,189,220,254,254,288,308,308,382,382,396,414,169,182,201,234,267,294,294,311,338,365,400,428,428,428,428],"floor_reached":52,"language":"ZHS","playtime":1500,"items_purged":[],"score":4030,"play_id":"6fc763a6-5f76-4d0b-b6cf-cdc2775e9721","local_time":"20210209192451","daily_mods":["SealedDeck","Vintage","Red Cards","Purple Cards","Colorless Cards","Heirloom","Time Dilation","Flight","DeadlyEvents","Elite Swarm","Lethality","Binary"],"is_ascension_mode":true,"campfire_choices":[{"data":"Crescendo","floor":15.0,"key":"SMITH"},{"data":"Feed","floor":32,"key":"SMITH"},{"data":"EmptyBody","floor":49,"key":"SMITH"}],"circlet_count":0,"master_deck":["AscendersBane","Feed+1","Prostrate","Swift Strike","Clothesline","Consecrate+1","Sword Boomerang+1","FollowUp","CrushJoints","Twin Strike","Trip","Thunderclap","Crescendo+1","DeusExMachina","Shrug It Off","Flex","Spot Weakness","EmptyBody+1"],"relics":["Burning Blood","Busted Crown","HushsDoor","REME_ComplimentaryCards","replay:Trail_Library","Chaos","hubris:SoftwareUpdate","YumHeart","hubris:Towel","Letter Opener","Dota2Spire:ShivaGuard","hubris:Spice","hubris:Backtick","GuppysTail","Replay:Kaleidoscope","Dota2Spire:LinkenSphere","King of Hearts","Dota2Spire:OctarineCore","DeadEye","conspire:RoyalGoblet","Bag of Preparation","Happy Flower","GuppysCollar","TheBible","Black Star","GuppysHead","Bottled Flame","MoneyPower","Dota2Spire:Vanguard","Ornamental Fan","Golden Egg","MaYiHuaBei","Akabeko","Ice Cream","DoctorsRemote","Replay:Bottled Flurry","REME_DuelDisc","hubris:Reverence","PrismaticShard","Dota2Spire:Mjollnir","Dota2Spire:CrimsonGuard","Membership Card","Ancient Tea Set","conspire:RoyalGoblet","Runic Cube","ReplayTheSpireMod:Ninjato","MagicMushroom","Habit","Strawberry","Emotion Chip","construct:WeddingRing","construct:ClawGrip","Pear","Smiling Mask","Whetstone","Durian","GnawedLeaf"],"acts_visited":["Exordium","TheCity","TheBeyond"],"potions_floor_usage":[51],"damage_taken":[{"damage":0.0,"enemies":"Cultist","floor":1.0,"turns":1.0},{"damage":9.0,"enemies":"2 Louse","floor":3.0,"turns":2.0},{"damage":0.0,"enemies":"Small Slimes","floor":4.0,"turns":2.0},{"damage":0.0,"enemies":"Exordium Thugs","floor":5.0,"turns":2.0},{"damage":0.0,"enemies":"Lagavulin","floor":6.0,"turns":2.0},{"damage":0.0,"enemies":"3 Sentries","floor":7.0,"turns":2.0},{"damage":0.0,"enemies":"Lagavulin","floor":8.0,"turns":1.0},{"damage":0.0,"enemies":"Gremlin Nob","floor":10.0,"turns":1.0},{"damage":0.0,"enemies":"Lagavulin","floor":11.0,"turns":2.0},{"damage":13.0,"enemies":"3 Sentries","floor":12.0,"turns":3.0},{"damage":0.0,"enemies":"Gremlin Gang","floor":13.0,"turns":1.0},{"damage":0.0,"enemies":"Gremlin Nob","floor":14.0,"turns":1.0},{"damage":0.0,"enemies":"The Guardian","floor":16.0,"turns":2.0},{"damage":0.0,"enemies":"Spheric Guardian","floor":18.0,"turns":2.0},{"damage":0.0,"enemies":"3 Byrds","floor":19.0,"turns":2.0},{"damage":0.0,"enemies":"Centurion and Healer","floor":20.0,"turns":2.0},{"damage":0.0,"enemies":"3 Cultists","floor":21.0,"turns":2.0},{"damage":0.0,"enemies":"Book of Stabbing","floor":23.0,"turns":1.0},{"damage":0.0,"enemies":"REME_1_Revenger","floor":25.0,"turns":1.0},{"damage":0,"enemies":"Slavers","floor":27,"turns":1},{"damage":0,"enemies":"Gremlin Leader","floor":28,"turns":1},{"damage":0,"enemies":"Slavers","floor":29,"turns":1},{"damage":0,"enemies":"Book of Stabbing","floor":30,"turns":1},{"damage":0,"enemies":"Chosen and Byrds","floor":31,"turns":1},{"damage":0,"enemies":"Collector","floor":33,"turns":1},{"damage":0,"enemies":"3 Shapes","floor":35,"turns":1},{"damage":0,"enemies":"3 Darklings","floor":36,"turns":1},{"damage":0,"enemies":"Jaw Worm Horde","floor":38,"turns":1},{"damage":0,"enemies":"Maw","floor":39,"turns":1},{"damage":0,"enemies":"Giant Head","floor":40,"turns":1},{"damage":0,"enemies":"Nemesis","floor":41,"turns":1},{"damage":0,"enemies":"R_Hoarder","floor":42,"turns":1},{"damage":0,"enemies":"Transient","floor":44,"turns":2},{"damage":0,"enemies":"Giant Head","floor":45,"turns":1},{"damage":0,"enemies":"Reptomancer","floor":46,"turns":1},{"damage":0,"enemies":"R_Hoarder","floor":47,"turns":1},{"damage":0,"enemies":"Reptomancer","floor":48,"turns":1},{"damage":0,"enemies":"Awakened One","floor":50,"turns":2},{"damage":0,"enemies":"Time Eater","floor":51,"turns":1}],"seed_played":"-670626360735857211","potions_obtained":[{"floor":1.0,"key":"Elixir"},{"floor":4.0,"key":"Flashbang"},{"floor":7.0,"key":"SkillPotion"},{"floor":10.0,"key":"SpeedPotion"},{"floor":11.0,"key":"BlessingOfTheForge"},{"floor":16.0,"key":"SpeedPotion"}],"is_trial":true,"path_per_floor":["M","?","M","M","M","E","E","E","T","E","E","E","M","E","R","B",null,"M","M","M","M","$","E","?","E","T","E","E","E","E","M","R","B",null,"M","M","$","M","M","E","E","E","T","M","E","E","E","E","R","B","B",null],"character_chosen":"IRONCLAD","items_purchased":["GuppysCollar","DeusExMachina","Bottled Flame","Shrug It Off","Flex","Membership Card","Ancient Tea Set"],"campfire_rested":0,"item_purchase_floors":[17,17,22,22,22,37,37],"current_hp_per_floor":[77,77,81,84,92,95,98,101,101,104,107,110,113,113,113,113,96,104,104,107,107,107,107,107,110,102,105,108,111,114,117,117,121,121,125,129,129,133,137,148,159,163,163,155,169,165,170,166,166,170,170],"gold":428,"neow_bonus":"","is_daily":false,"chose_seed":false,"campfire_upgraded":3,"win_rate":0.0,"timestamp":1612869891,"path_taken":["M","?","M","M","M","E","E","E","T","E","E","E","M","E","R","BOSS","M","M","M","M","$","E","?","E","T","E","E","E","E","M","R","BOSS","M","M","$","M","?","E","E","E","T","?","E","E","E","E","R","BOSS","BOSS"],"items_purchased_type":["Relic","Card","Relic","Card","Card","Relic","Relic"],"build_version":"2020-12-18","purchased_purges":0,"victory":true,"max_hp_per_floor":[78,78,81,84,92,95,98,101,101,104,107,110,113,113,113,113,96,104,104,107,107,107,107,107,110,102,105,108,111,114,117,117,121,121,125,129,129,133,137,148,159,163,163,155,169,165,170,166,166,170,170],"card_choices":[{"not_picked":[],"picked":"Bomb","floor":0.0}],"player_experience":667198,"relics_obtained":[{"floor":1.0,"key":"YumHeart"},{"floor":3.0,"key":"Letter Opener"},{"floor":4.0,"key":"Dota2Spire:ShivaGuard"},{"floor":5.0,"key":"hubris:Spice"},{"floor":6.0,"key":"hubris:Backtick"},{"floor":7.0,"key":"GuppysTail"},{"floor":8.0,"key":"Replay:Kaleidoscope"},{"floor":9.0,"key":"Dota2Spire:LinkenSphere"},{"floor":10.0,"key":"King of Hearts"},{"floor":11.0,"key":"Dota2Spire:OctarineCore"},{"floor":12.0,"key":"DeadEye"},{"floor":13.0,"key":"conspire:RoyalGoblet"},{"floor":14.0,"key":"Bag of Preparation"},{"floor":18.0,"key":"hubris:Spice"},{"floor":19.0,"key":"TheBible"},{"floor":20.0,"key":"Black Star"},{"floor":21.0,"key":"GuppysHead"},{"floor":23.0,"key":"MoneyPower"},{"floor":23.0,"key":"Dota2Spire:Vanguard"},{"floor":25,"key":"Ornamental Fan"},{"floor":25,"key":"Golden Egg"},{"floor":26,"key":"hubris:Spice"},{"floor":27,"key":"MaYiHuaBei"},{"floor":27,"key":"Akabeko"},{"floor":28,"key":"Ice Cream"},{"floor":28,"key":"DoctorsRemote"},{"floor":29,"key":"Replay:Bottled Flurry"},{"floor":29,"key":"REME_DuelDisc"},{"floor":30,"key":"hubris:Reverence"},{"floor":31,"key":"PrismaticShard"},{"floor":35,"key":"Dota2Spire:Mjollnir"},{"floor":36,"key":"Dota2Spire:CrimsonGuard"},{"floor":38,"key":"Runic Cube"},{"floor":39,"key":"ReplayTheSpireMod:Ninjato"},{"floor":40,"key":"MagicMushroom"},{"floor":40,"key":"Habit"},{"floor":41,"key":"Strawberry"},{"floor":41,"key":"Emotion Chip"},{"floor":42,"key":"construct:WeddingRing"},{"floor":44,"key":"hubris:Spice"},{"floor":45,"key":"construct:ClawGrip"},{"floor":45,"key":"Pear"},{"floor":46,"key":"hubris:Spice"},{"floor":46,"key":"Smiling Mask"},{"floor":47,"key":"Whetstone"},{"floor":47,"key":"Durian"},{"floor":48,"key":"GnawedLeaf"},{"floor":48,"key":"hubris:Spice"}],"event_choices":[],"is_beta":true,"boss_relics":[{"not_picked":["HowToJump","hubris:Spice"],"picked":"Happy Flower"},{"not_picked":[]},{"not_picked":["hubris:Spice","hubris:Spice","hubris:Spice"]}],"items_purged_floors":[],"is_endless":false,"potions_floor_spawned":[1,4,7,10,11,16,18,19,28,31,33,35,41,42,45,46],"ascension_level":20}}