{"host":"6xsbn6ynqlzwllfm","time":1612888595,"event":{"mods":["2.2 Compatiblity","BaseMod","Bestiary","Colored Map","Colored Powertips","Curses Come First","Highlight Path","Keyboard Shortcuts","Minty Spire (QoL Compilation)","Relic Stats","Slay the Relics Exporter","StSLib","SuperFastMode"],"gold_per_floor":[110,32,32,49,59,59,76,76,76,106,116,135,135,163,163,236,236,246,246,321,341,353,118,118,153,153,78,78,103,120,154,154,232,232,243,52,77,93,113,139,190,224,224,235,268,268,301,301,301,301,301,301,301,91,124,124],"floor_reached":57,"language":"ENG","playtime":5871,"items_purged":["Strike_R","Strike_R","Strike_R"],"score":2901,"play_id":"6388829f-3405-4820-a4fc-435ca9707efe","local_time":"20210209113635","is_ascension_mode":true,"campfire_choices":[{"data":"Feed","floor":6,"key":"SMITH"},{"data":"Bash","floor":8,"key":"SMITH"},{"data":"Armaments","floor":13,"key":"SMITH"},{"floor":15,"key":"REST"},{"data":"Corruption","floor":24,"key":"SMITH"},{"data":"Demon Form","floor":28,"key":"SMITH"},{"floor":32,"key":"REST"},{"floor":46,"key":"RECALL"},{"floor":49,"key":"REST"},{"data":"Offering","floor":53,"key":"SMITH"}],"circlet_count":0,"master_deck":["AscendersBane","Defend_R","Defend_R","Defend_R","Defend_R","Bash+1","Thunderclap","Spot Weakness","Feed+1","Sword Boomerang","Pummel","Carnage","Corruption+1","Armaments+1","Clothesline","Exhume","Demon Form+1","True Grit","Dual Wield","Iron Wave","Seeing Red","Shrug It Off","Flame Barrier","Spot Weakness","Metallicize","Metallicize","Offering+1","Flash of Steel","True Grit+1","Battle Trance+1","Feed","Dark Embrace","Seeing Red","Shrug It Off+1","Dual Wield"],"relics":["Burning Blood","Bird Faced Urn","Thread and Needle","Shuriken","Runic Pyramid","Bottled Lightning","Orrery","Letter Opener","Question Card","StrikeDummy","Red Skull","Philosopher\u0027s Stone","Charon\u0027s Ashes","Bottled Flame","Magic Flower","Turnip","Vajra","MealTicket","Akabeko"],"acts_visited":["Exordium","TheCity","TheBeyond","TheEnding"],"potions_floor_usage":[14,16,21,25,25,30,31,41,47,55,56],"damage_taken":[{"damage":10,"enemies":"2 Louse","floor":1,"turns":4},{"damage":6,"enemies":"Cultist","floor":4,"turns":4},{"damage":18,"enemies":"Jaw Worm","floor":5,"turns":5},{"damage":18,"enemies":"3 Louse","floor":7,"turns":4},{"damage":8,"enemies":"Gremlin Nob","floor":10,"turns":3},{"damage":14,"enemies":"Large Slime","floor":11,"turns":4},{"damage":17,"enemies":"Blue Slaver","floor":12,"turns":6},{"damage":31,"enemies":"Lagavulin","floor":14,"turns":9},{"damage":52,"enemies":"The Guardian","floor":16,"turns":9},{"damage":5,"enemies":"Chosen","floor":18,"turns":5},{"damage":1,"enemies":"Spheric Guardian","floor":21,"turns":4},{"damage":32,"enemies":"Snecko","floor":22,"turns":8},{"damage":29,"enemies":"Gremlin Leader","floor":25,"turns":7},{"damage":47,"enemies":"Slavers","floor":29,"turns":4},{"damage":4,"enemies":"Snake Plant","floor":30,"turns":3},{"damage":36,"enemies":"Book of Stabbing","floor":31,"turns":6},{"damage":30,"enemies":"Collector","floor":33,"turns":9},{"damage":18,"enemies":"Orb Walker","floor":35,"turns":4},{"damage":0,"enemies":"Mind Bloom Boss Battle","floor":37,"turns":3},{"damage":38,"enemies":"3 Darklings","floor":38,"turns":5},{"damage":6,"enemies":"Sphere and 2 Shapes","floor":39,"turns":3},{"damage":16,"enemies":"Reptomancer","floor":40,"turns":4},{"damage":55,"enemies":"2 Orb Walkers","floor":41,"turns":5},{"damage":24,"enemies":"Giant Head","floor":42,"turns":5},{"damage":26,"enemies":"Spire Growth","floor":44,"turns":4},{"damage":40,"enemies":"Reptomancer","floor":45,"turns":5},{"damage":71,"enemies":"Nemesis","floor":47,"turns":7},{"damage":59,"enemies":"Donu and Deca","floor":50,"turns":6},{"damage":50,"enemies":"Time Eater","floor":51,"turns":5},{"damage":42,"enemies":"Shield and Spear","floor":55,"turns":4},{"damage":200,"enemies":"The Heart","floor":56,"turns":7}],"seed_played":"4502584137536121337","potions_obtained":[{"floor":1,"key":"BlessingOfTheForge"},{"floor":7,"key":"DuplicationPotion"},{"floor":12,"key":"LiquidMemories"},{"floor":16,"key":"Block Potion"},{"floor":18,"key":"Regen Potion"},{"floor":21,"key":"EntropicBrew"},{"floor":29,"key":"EssenceOfSteel"},{"floor":30,"key":"Block Potion"},{"floor":37,"key":"LiquidBronze"},{"floor":38,"key":"Regen Potion"},{"floor":42,"key":"Energy Potion"},{"floor":45,"key":"Fruit Juice"}],"is_trial":false,"path_per_floor":["M","$","?","M","M","R","M","R","T","E","M","M","R","E","R","B",null,"M","?","T","M","M","$","R","E","T","?","R","E","M","E","R","B",null,"M","$","?","M","M","E","?","E","T","M","E","R","E","?","R","B","B",null,"R","$","E","B",null],"character_chosen":"IRONCLAD","items_purchased":["Spot Weakness","Orrery","Flash of Steel","GamblersBrew"],"campfire_rested":3,"item_purchase_floors":[2,23,36,54],"current_hp_per_floor":[71,71,71,74,65,65,57,57,57,59,55,50,50,31,63,23,90,99,99,99,110,96,96,96,98,98,98,98,67,73,53,96,86,133,133,133,145,125,127,131,116,122,122,123,113,113,80,80,137,117,97,178,178,193,189,16],"gold":124,"neow_bonus":"TEN_PERCENT_HP_BONUS","is_daily":false,"chose_seed":false,"campfire_upgraded":6,"win_rate":0.0,"timestamp":1612888595,"path_taken":["M","$","?","M","M","R","M","R","T","E","M","M","R","E","R","BOSS","M","?","?","M","M","$","R","E","T","?","R","E","M","E","R","BOSS","M","$","?","M","M","E","?","E","T","M","E","R","E","?","R","BOSS","BOSS","R","$","E","BOSS"],"items_purchased_type":["Card","Relic","Card","Potion"],"build_version":"2020-12-22","purchased_purges":3,"victory":true,"max_hp_per_floor":[82,82,82,85,88,88,92,92,92,96,100,104,104,108,108,112,112,116,116,116,120,124,124,124,128,128,128,128,136,140,144,144,148,148,152,152,156,160,160,164,172,176,176,180,184,184,193,193,193,201,205,205,205,205,212,212],"relic_stats":{"counters":[31,161],"Shuriken":[34],"Bird Faced Urn":[212],"Magic Flower":[87],"MealTicket":15,"Charon\u0027s Ashes":[770],"Turnip":[3],"Letter Opener":[389],"Question Card":15,"obtain_stats":[{"Magic Flower":41,"Vajra":45,"Thread and Needle":10,"Charon\u0027s Ashes":37,"Letter Opener":25,"Question Card":26,"Burning Blood":0,"Akabeko":55,"Bottled Flame":40,"Shuriken":14,"Bird Faced Urn":9,"Orrery":23,"Philosopher\u0027s Stone":34,"MealTicket":47,"Turnip":42,"Bottled Lightning":20,"StrikeDummy":29,"Red Skull":31,"Runic Pyramid":17},{"Magic Flower":23,"Vajra":26,"Thread and Needle":5,"Charon\u0027s Ashes":19,"Letter Opener":13,"Question Card":13,"Burning Blood":0,"Akabeko":30,"Bottled Flame":22,"Shuriken":8,"Bird Faced Urn":4,"Orrery":12,"Philosopher\u0027s Stone":17,"MealTicket":27,"Turnip":24,"Bottled Lightning":10,"StrikeDummy":14,"Red Skull":16,"Runic Pyramid":9},{"Magic Flower":118,"Vajra":132,"Thread and Needle":20,"Charon\u0027s Ashes":101,"Letter Opener":72,"Question Card":72,"Burning Blood":0,"Akabeko":154,"Bottled Flame":113,"Shuriken":39,"Bird Faced Urn":17,"Orrery":65,"Philosopher\u0027s Stone":94,"MealTicket":139,"Turnip":123,"Bottled Lightning":53,"StrikeDummy":76,"Red Skull":85,"Runic Pyramid":48}],"Burning Blood":210},"card_choices":[{"not_picked":["Fire Breathing","Perfected Strike"],"picked":"Thunderclap","floor":1},{"not_picked":["Iron Wave","Flex"],"picked":"Sword Boomerang","floor":4},{"not_picked":["Blood for Blood","Thunderclap"],"picked":"Pummel","floor":5},{"not_picked":["Combust","Iron Wave"],"picked":"Carnage","floor":7},{"not_picked":["Inflame","Pommel Strike"],"picked":"Corruption","floor":10},{"not_picked":["Cleave","Blood for Blood"],"picked":"Armaments","floor":11},{"not_picked":["Heavy Blade","Wild Strike"],"picked":"Clothesline","floor":12},{"not_picked":["Sever Soul","Pommel Strike"],"picked":"Exhume","floor":14},{"not_picked":["Bludgeon","Feed"],"picked":"Demon Form","floor":16},{"not_picked":["Thunderclap+1","Wild Strike"],"picked":"True Grit","floor":18},{"not_picked":["Wild Strike","Cleave","Havoc+1"],"picked":"SKIP","floor":21},{"not_picked":["Evolve","Anger"],"picked":"Iron Wave","floor":22},{"not_picked":["Thunderclap","Wild Strike"],"picked":"Seeing Red","floor":23},{"not_picked":["Cleave","Clothesline"],"picked":"Shrug It Off","floor":23},{"not_picked":["Body Slam+1","Wild Strike"],"picked":"Flame Barrier","floor":23},{"not_picked":["Warcry","Sever Soul"],"picked":"Spot Weakness","floor":23},{"not_picked":["Corruption","Clothesline+1","Dual Wield"],"picked":"SKIP","floor":25},{"not_picked":["Pommel Strike","Hemokinesis","Shockwave"],"picked":"Metallicize","floor":29},{"not_picked":["Infernal Blade","Headbutt+1","Twin Strike+1","Clothesline"],"picked":"SKIP","floor":30},{"not_picked":["True Grit","Rampage","Inflame"],"picked":"Metallicize","floor":31},{"not_picked":["Corruption","Juggernaut","Limit Break"],"picked":"Offering","floor":33},{"not_picked":["Body Slam","Havoc","Thunderclap","Pommel Strike"],"picked":"SKIP","floor":35},{"not_picked":["Whirlwind+1","Warcry","Body Slam"],"picked":"True Grit+1","floor":38},{"not_picked":["Flex+1","Twin Strike","Warcry"],"picked":"Battle Trance+1","floor":39},{"not_picked":["Iron Wave","Juggernaut","Anger"],"picked":"Feed","floor":40},{"not_picked":["Rampage","Entrench+1","Anger","Headbutt+1"],"picked":"SKIP","floor":42},{"not_picked":["Fire Breathing","Carnage","Ghostly Armor"],"picked":"Dark Embrace","floor":44},{"not_picked":["Power Through","Heavy Blade","Reckless Charge"],"picked":"Seeing Red","floor":45},{"not_picked":["Warcry","Combust+1","Infernal Blade"],"picked":"Shrug It Off+1","floor":47},{"not_picked":["Havoc","Intimidate","Hemokinesis"],"picked":"Dual Wield","floor":55}],"player_experience":1403096,"relics_obtained":[{"floor":9,"key":"Bird Faced Urn"},{"floor":10,"key":"Thread and Needle"},{"floor":14,"key":"Shuriken"},{"floor":20,"key":"Bottled Lightning"},{"floor":25,"key":"Letter Opener"},{"floor":26,"key":"Question Card"},{"floor":29,"key":"StrikeDummy"},{"floor":31,"key":"Red Skull"},{"floor":37,"key":"Charon\u0027s Ashes"},{"floor":40,"key":"Bottled Flame"},{"floor":41,"key":"Magic Flower"},{"floor":42,"key":"Turnip"},{"floor":45,"key":"Vajra"},{"floor":47,"key":"MealTicket"},{"floor":55,"key":"Akabeko"}],"event_choices":[{"damage_healed":0,"gold_gain":0,"player_choice":"1 cards matched","damage_taken":0,"max_hp_gain":0,"max_hp_loss":0,"event_name":"Match and Keep!","floor":3,"gold_loss":0,"cards_obtained":["Feed"]},{"damage_healed":0,"gold_gain":0,"player_choice":"Read","damage_taken":0,"max_hp_gain":0,"max_hp_loss":0,"event_name":"The Library","floor":19,"gold_loss":0,"cards_obtained":["Dual Wield"]},{"cards_removed":["Strike_R"],"damage_healed":0,"gold_gain":0,"player_choice":"Gave Gold","damage_taken":0,"max_hp_gain":0,"max_hp_loss":0,"event_name":"Beggar","floor":27,"gold_loss":75},{"damage_healed":0,"gold_gain":0,"player_choice":"Fight","damage_taken":0,"max_hp_gain":0,"max_hp_loss":0,"event_name":"MindBloom","floor":37,"gold_loss":0},{"damage_healed":0,"gold_gain":0,"player_choice":"Fight","damage_taken":0,"max_hp_gain":0,"max_hp_loss":0,"event_name":"Mysterious Sphere","floor":41,"gold_loss":0},{"cards_removed":["Strike_R"],"damage_healed":0,"gold_gain":0,"player_choice":"Removed Attack","damage_taken":0,"max_hp_gain":0,"max_hp_loss":0,"event_name":"Falling","floor":48,"gold_loss":0}],"is_beta":false,"boss_relics":[{"not_picked":["SlaversCollar","Mark of Pain"],"picked":"Runic Pyramid"},{"not_picked":["Coffee Dripper","Astrolabe"],"picked":"Philosopher\u0027s Stone"}],"items_purged_floors":[23,36,54],"is_endless":false,"potions_floor_spawned":[1,7,12,16,18,21,29,30,37,38,40,42,45],"ascension_level":20}}