{"host":"swn8ychr123rw3gf","time":1612871707,"event":{"mods":["BaseMod","Minty Spire (QoL Compilation)","StSLib"],"gold_per_floor":[212,95,108,125,136,136,147,147,147,147,174,174,189,174,174,246,246,265,0,10,10,28,28,48,60,60,60,60,77,77,104,104,178,178,191,191,208,208,220,220,95,95,145,187,210,222,234,259,271,283],"floor_reached":51,"language":"ZHS","playtime":2625,"items_purged":["Strike_G","Strike_G","Strike_G"],"score":1312,"play_id":"37cc8abb-831b-4e4f-a691-bc25da312395","local_time":"20210209195507","is_ascension_mode":true,"campfire_choices":[{"data":"Noxious Fumes","floor":6.0,"key":"SMITH"},{"data":"Neutralize","floor":10.0,"key":"SMITH"},{"data":"Accuracy","floor":15.0,"key":"SMITH"},{"data":"Burst","floor":23.0,"key":"SMITH"},{"data":"Cloak And Dagger","floor":27.0,"key":"SMITH"},{"floor":30.0,"key":"REST"},{"data":"Malaise","floor":32.0,"key":"SMITH"},{"data":"Footwork","floor":40.0,"key":"SMITH"},{"data":"Madness","floor":42.0,"key":"SMITH"},{"floor":47,"key":"REST"},{"data":"Burst","floor":49,"key":"SMITH"}],"circlet_count":0,"master_deck":["AscendersBane","Defend_G","Defend_G","Defend_G","Defend_G","Survivor","Neutralize+1","Accuracy+1","Noxious Fumes+1","Infinite Blades","Blade Dance","Burst+1","Acrobatics","Cloak And Dagger+1","Adrenaline","Footwork+1","Escape Plan","Malaise+1","Burst+1","Acrobatics","Panacea","Madness+1","Madness","Adrenaline","Dodge and Roll+1"],"relics":["Ring of the Snake","The Specimen","Lizard Tail","HoveringKite","TheAbacus","Akabeko","StoneCalendar","Sozu","MawBank","Ginger"],"acts_visited":["Exordium","TheCity","TheBeyond"],"potions_floor_usage":[50],"damage_taken":[{"damage":0.0,"enemies":"Small Slimes","floor":1.0,"turns":4.0},{"damage":4.0,"enemies":"2 Louse","floor":3.0,"turns":3.0},{"damage":1.0,"enemies":"Jaw Worm","floor":4.0,"turns":5.0},{"damage":11.0,"enemies":"3 Louse","floor":5.0,"turns":4.0},{"damage":5.0,"enemies":"Blue Slaver","floor":7.0,"turns":5.0},{"damage":1.0,"enemies":"Lagavulin","floor":11.0,"turns":7.0},{"damage":6.0,"enemies":"2 Fungi Beasts","floor":13.0,"turns":5.0},{"damage":4.0,"enemies":"Exordium Thugs","floor":14.0,"turns":5.0},{"damage":4.0,"enemies":"Hexaghost","floor":16.0,"turns":8.0},{"damage":6.0,"enemies":"3 Byrds","floor":18.0,"turns":4.0},{"damage":9.0,"enemies":"Spheric Guardian","floor":20.0,"turns":5.0},{"damage":0.0,"enemies":"Cultist and Chosen","floor":22.0,"turns":6.0},{"damage":17.0,"enemies":"Snake Plant","floor":24.0,"turns":4.0},{"damage":0.0,"enemies":"3 Cultists","floor":25.0,"turns":4.0},{"damage":0.0,"enemies":"Shelled Parasite and Fungi","floor":29.0,"turns":4.0},{"damage":0.0,"enemies":"Book of Stabbing","floor":31.0,"turns":4.0},{"damage":1.0,"enemies":"Champ","floor":33.0,"turns":8.0},{"damage":0.0,"enemies":"3 Shapes","floor":35.0,"turns":4.0},{"damage":14.0,"enemies":"Orb Walker","floor":37.0,"turns":5.0},{"damage":6.0,"enemies":"3 Darklings","floor":39.0,"turns":5.0},{"damage":13.0,"enemies":"Nemesis","floor":44.0,"turns":7.0},{"damage":1,"enemies":"Writhing Mass","floor":45,"turns":7},{"damage":0,"enemies":"Maw","floor":48,"turns":6},{"damage":8,"enemies":"Awakened One","floor":50,"turns":8}],"seed_played":"-6241453488591496969","potions_obtained":[{"floor":4.0,"key":"Energy Potion"},{"floor":7.0,"key":"PowerPotion"},{"floor":13.0,"key":"BlessingOfTheForge"},{"floor":16.0,"key":"PowerPotion"},{"floor":20.0,"key":"FearPotion"},{"floor":24.0,"key":"GamblersBrew"},{"floor":25.0,"key":"CultistPotion"},{"floor":29.0,"key":"DistilledChaos"},{"floor":31.0,"key":"CunningPotion"}],"is_trial":false,"path_per_floor":["M","$","M","M","M","R","M","?","T","R","E","?","M","M","R","B",null,"M","$","M","?","M","R","M","M","T","R","?","M","R","E","R","B",null,"M","?","M","?","M","R","$","R","T","E","M","?","R","M","R","B",null],"character_chosen":"THE_SILENT","items_purchased":["Accuracy","TheAbacus"],"campfire_rested":2,"item_purchase_floors":[2,19],"current_hp_per_floor":[59,59,55,54,43,43,38,38,38,38,37,30,24,20,20,16,54,48,48,39,39,39,39,22,22,22,22,22,22,41,41,41,40,60,60,60,46,34,28,28,28,28,28,15,14,14,33,33,33,25],"gold":295,"neow_bonus":"HUNDRED_GOLD","is_daily":false,"chose_seed":false,"campfire_upgraded":9,"win_rate":0.0,"timestamp":1612871707,"path_taken":["M","$","M","M","M","R","M","?","T","R","E","?","M","M","R","BOSS","M","$","M","?","M","R","M","M","T","R","?","M","R","E","R","BOSS","M","?","M","?","M","R","?","R","T","E","M","?","R","?","R","BOSS"],"items_purchased_type":["Card","Relic"],"build_version":"2020-12-22","purchased_purges":3,"victory":true,"max_hp_per_floor":[66,66,66,66,66,66,66,66,66,66,66,66,66,66,66,66,66,66,66,66,66,66,66,66,66,66,66,66,66,66,66,66,66,66,66,66,66,66,66,66,66,66,66,66,66,66,66,66,66,66],"card_choices":[{"not_picked":["Dodge and Roll","Riddle With Holes"],"picked":"Sucker Punch","floor":1.0},{"not_picked":["Concentrate","Deadly Poison"],"picked":"Noxious Fumes","floor":3.0},{"not_picked":["Underhanded Strike","Dagger Spray","Prepared"],"picked":"SKIP","floor":4.0},{"not_picked":["Backflip","Outmaneuver"],"picked":"Infinite Blades","floor":5.0},{"not_picked":["Prepared","Flying Knee","All Out Attack"],"picked":"SKIP","floor":7.0},{"not_picked":["Flying Knee","All Out Attack","Heel Hook"],"picked":"SKIP","floor":11.0},{"not_picked":["Deflect","Dash","Poisoned Stab"],"picked":"SKIP","floor":13.0},{"not_picked":["Slice","PiercingWail"],"picked":"Blade Dance","floor":14.0},{"not_picked":["Tools of the Trade","Venomology"],"picked":"Burst","floor":16.0},{"not_picked":["Slice","Calculated Gamble"],"picked":"Acrobatics","floor":18.0},{"not_picked":["Predator","Underhanded Strike","Dagger Spray"],"picked":"SKIP","floor":20.0},{"not_picked":["Backflip","Choke"],"picked":"Cloak And Dagger","floor":22.0},{"not_picked":["Cloak And Dagger","PiercingWail+1"],"picked":"Adrenaline","floor":24.0},{"not_picked":["Crippling Poison","Dagger Throw"],"picked":"Footwork","floor":25.0},{"not_picked":["Prepared","Cloak And Dagger"],"picked":"Escape Plan","floor":29.0},{"not_picked":["Blur","Noxious Fumes"],"picked":"Malaise","floor":31.0},{"not_picked":["Corpse Explosion","Die Die Die"],"picked":"Burst","floor":33.0},{"not_picked":["Sucker Punch+1","Poisoned Stab"],"picked":"Acrobatics","floor":35.0},{"not_picked":["Bandage Up","Jack Of All Trades"],"picked":"Panacea","floor":36.0},{"not_picked":["Sucker Punch","Bane+1","Dagger Throw"],"picked":"SKIP","floor":37.0},{"not_picked":["Prepared","Masterful Stab+1","Setup"],"picked":"SKIP","floor":39.0},{"not_picked":["Eviscerate","Cloak And Dagger+1"],"picked":"Adrenaline","floor":44.0},{"not_picked":["Outmaneuver","Dagger Spray"],"picked":"Dodge and Roll+1","floor":45},{"not_picked":["Flechettes","Distraction","Heel Hook"],"picked":"SKIP","floor":48}],"player_experience":447184,"relics_obtained":[{"floor":9.0,"key":"The Specimen"},{"floor":11.0,"key":"Lizard Tail"},{"floor":26.0,"key":"Akabeko"},{"floor":31.0,"key":"StoneCalendar"},{"floor":43.0,"key":"MawBank"},{"floor":44.0,"key":"Ginger"}],"event_choices":[{"cards_removed":["Strike_G"],"damage_healed":0.0,"max_hp_gain":0.0,"max_hp_loss":0.0,"gold_gain":0.0,"event_name":"Living Wall","player_choice":"Forget","floor":8.0,"gold_loss":0.0,"damage_taken":0.0},{"cards_removed":["Strike_G"],"damage_healed":0.0,"max_hp_gain":0.0,"max_hp_loss":0.0,"gold_gain":0.0,"event_name":"Golden Wing","player_choice":"Card Removal","floor":12.0,"gold_loss":0.0,"damage_taken":7.0},{"cards_removed":["Defend_G"],"damage_healed":0.0,"max_hp_gain":0.0,"max_hp_loss":0.0,"gold_gain":0.0,"event_name":"Back to Basics","player_choice":"Elegance","floor":21.0,"gold_loss":0.0,"damage_taken":0.0},{"damage_healed":0.0,"max_hp_gain":0.0,"max_hp_loss":0.0,"gold_gain":0.0,"event_name":"Vampires","player_choice":"Ignored","floor":28.0,"gold_loss":0.0,"damage_taken":0.0},{"damage_healed":0.0,"max_hp_gain":0.0,"max_hp_loss":0.0,"gold_gain":0.0,"event_name":"SensoryStone","player_choice":"Memory 1","floor":36.0,"gold_loss":0.0,"damage_taken":0.0},{"damage_healed":0.0,"max_hp_gain":0.0,"max_hp_loss":0.0,"gold_gain":0.0,"event_name":"Winding Halls","player_choice":"Embrace Madness","floor":38.0,"gold_loss":0.0,"damage_taken":12.0,"cards_obtained":["Madness","Madness"]},{"cards_removed":["Sucker Punch"],"damage_healed":0,"gold_gain":0,"player_choice":"Removed Attack","damage_taken":0,"max_hp_gain":0,"max_hp_loss":0,"event_name":"Falling","floor":46,"gold_loss":0}],"is_beta":false,"boss_relics":[{"not_picked":["Snecko Eye","Tiny House"],"picked":"HoveringKite"},{"not_picked":["Philosopher\u0027s Stone","Runic Pyramid"],"picked":"Sozu"}],"items_purged_floors":[2,19,41],"is_endless":false,"potions_floor_spawned":[4,7,13,16,20,24,25,29,31,35,39,44,45,48],"ascension_level":16}}