{"host":"ji2m2homzj81ljx9","time":1612879671,"event":{"mods":["BaseMod","Bossed Relics","Colored Map","Colored Powertips","Downfall","Infinite Spire","Minty Spire (QoL Compilation)","Quick Restart","Relic Stats","Remove Card Discount Mod","Replay The Spire","Shop Mod","StSLib"],"gold_per_floor":[114,189,189,209,128,160,160,160,160,175,201,201,201,212,212,239,259,259,355,355,374,374,401,326,341,341,25,25,96,113,113,113,130,144,144,243,243,262,484,484,101,153,153,181,181,181,197,212,273,273,292,292,292],"floor_reached":54,"language":"ENG","playtime":1205,"items_purged":["Pot Of Greed+1","Pot Of Greed+1"],"score":1008,"play_id":"c164708e-d90f-4d3f-bf52-7c86ebe75d5f","local_time":"20210209160751","is_ascension_mode":false,"campfire_choices":[{"data":"Life Link","floor":7,"key":"SMITH"},{"data":"Run Through","floor":15,"key":"SMITH"},{"data":"Flame Barrier","floor":18,"key":"SMITH"},{"floor":26,"key":"RECALL"},{"floor":28,"key":"REST"},{"floor":31,"key":"REST"},{"floor":35,"key":"DIG"},{"floor":43,"key":"REST"},{"floor":45,"key":"REST"},{"floor":52,"key":"REST"}],"circlet_count":0,"master_deck":["Strike_R","Strike_R","Strike_R","Strike_R","Defend_R","Defend_R","Defend_R","Defend_R","Bash","Shrug It Off","Life Link+1","Metallicize+1","Run Through+1","Flame Barrier+1","Shrug It Off","Sword Boomerang+1","Inflame","Limit Break+1","AbeCurse","Uppercut+1","Disarm+1","Life Link+1"],"relics":["Burning Blood","NeowsBlessing","Mercury Hourglass","Mummified Hand","Self Forming Clay","infinitespire:Burning Sword","Fusion Hammer","Red Mask","Iron Hammer","Toxic Egg 2","Abe\u0027s Treasure","MerchantsRug","infinitespire:BottledMercury","HandDrill","Du-Vu Doll","ReplayTheSpireMod:Ninjato","infinitespire:EmpoweringShard","Snack Pack"],"acts_visited":["Exordium","TheCity","TheBeyond"],"potions_floor_usage":[16,16,19,36,36,53,53,53],"damage_taken":[{"damage":0,"enemies":"2 Louse","floor":1,"turns":1},{"damage":0,"enemies":"Jaw Worm","floor":4,"turns":1},{"damage":0,"enemies":"Lagavulin","floor":6,"turns":1},{"damage":0,"enemies":"Cultist","floor":10,"turns":3},{"damage":28,"enemies":"Gremlin Nob","floor":11,"turns":3},{"damage":4,"enemies":"2 Fungi Beasts","floor":14,"turns":3},{"damage":6,"enemies":"3 Sentries","floor":16,"turns":5},{"damage":15,"enemies":"3 Louse","floor":17,"turns":3},{"damage":31,"enemies":"The Guardian","floor":19,"turns":11},{"damage":2,"enemies":"Chosen","floor":21,"turns":4},{"damage":20,"enemies":"Masked Bandits","floor":23,"turns":4},{"damage":0,"enemies":"Spheric Guardian","floor":25,"turns":3},{"damage":2,"enemies":"Centurion and Healer","floor":30,"turns":4},{"damage":15,"enemies":"3 Cultists","floor":33,"turns":4},{"damage":3,"enemies":"Chosen and Byrds","floor":34,"turns":4},{"damage":19,"enemies":"Pondfish","floor":36,"turns":10},{"damage":2,"enemies":"3 Shapes","floor":38,"turns":3},{"damage":11,"enemies":"2 Orb Walkers","floor":42,"turns":4},{"damage":23,"enemies":"Reptomancer","floor":44,"turns":3},{"damage":0,"enemies":"Orb Walker","floor":47,"turns":2},{"damage":9,"enemies":"Sphere and 2 Shapes","floor":48,"turns":2},{"damage":18,"enemies":"Maw","floor":51,"turns":5},{"damage":55,"enemies":"Awakened One","floor":53,"turns":8}],"seed_played":"1150324242763036864","potions_obtained":[{"floor":6,"key":"Fire Potion"},{"floor":11,"key":"BloodPotion"},{"floor":14,"key":"Venom Potion"},{"floor":16,"key":"SkillPotion"},{"floor":17,"key":"Dexterity Potion"},{"floor":32,"key":"Block Potion"},{"floor":36,"key":"sneckomod:MuddlingPotion"},{"floor":38,"key":"FearPotion"},{"floor":48,"key":"Strength Potion"}],"is_trial":false,"path_per_floor":["M","?","T","M","$","E","R","?","T","M","E","PTL","PTL","M","R","E","M","R","B",null,"M","AVR","?","?","M","R","$","R","T","M","R","?","M","M","R_BF","B",null,"M","?","?","$","?","R","E","R","T","M","M","?","?","M","R","B",null],"character_chosen":"IRONCLAD","items_purchased":["Life Link","Inflame","Iron Hammer","MerchantsRug","infinitespire:BottledMercury","HandDrill"],"campfire_rested":5,"item_purchase_floors":[5,27,27,41,41,41],"current_hp_per_floor":[80,69,69,75,75,80,80,80,80,80,58,58,58,60,60,60,51,51,26,80,80,80,66,66,72,72,72,80,80,80,80,80,71,74,74,74,80,80,80,70,70,65,80,63,80,80,80,77,77,77,67,80,35],"gold":292,"neow_bonus":"THREE_ENEMY_KILL","is_daily":false,"chose_seed":false,"campfire_upgraded":3,"win_rate":0.0,"timestamp":1612879671,"path_taken":["M","?","?","M","$","E","R","?","T","M","E","PTL","PTL","M","R","E","M","R","BOSS","M","AVR","?","?","M","R","?","R","T","?","R","?","?","M","R_BF","BOSS","M","?","?","$","?","R","E","R","T","M","M","?","?","?","R","BOSS"],"items_purchased_type":["Card","Card","Relic","Relic","Relic","Relic"],"build_version":"2020-12-22","purchased_purges":2,"victory":true,"max_hp_per_floor":[80,80,80,80,80,80,80,80,80,80,80,80,80,80,80,80,80,80,80,80,80,80,80,80,80,80,80,80,80,80,80,80,80,80,80,80,80,80,80,80,80,80,80,80,80,80,80,80,80,80,80,80,80],"relic_stats":{"counters":[23,89],"Mummified Hand":[51],"Self Forming Clay":[123],"HandDrill":[0],"obtain_stats":[{"MerchantsRug":41,"infinitespire:BottledMercury":41,"ReplayTheSpireMod:Ninjato":44,"NeowsBlessing":0,"Self Forming Clay":11,"Blue Candle":6,"Burning Blood":0,"Mercury Hourglass":3,"Du-Vu Doll":42,"Mummified Hand":9,"Fusion Hammer":22,"Iron Hammer":27,"infinitespire:Burning Sword":20,"Red Mask":23,"HandDrill":41,"infinitespire:EmpoweringShard":46,"Snack Pack":49,"Replay:Bottled Eggs":16,"Toxic Egg 2":29,"Grinning Jar":35,"Abe\u0027s Treasure":37},{"MerchantsRug":17,"infinitespire:BottledMercury":17,"ReplayTheSpireMod:Ninjato":19,"NeowsBlessing":0,"Self Forming Clay":5,"Blue Candle":3,"Burning Blood":0,"Mercury Hourglass":1,"Du-Vu Doll":18,"Mummified Hand":3,"Fusion Hammer":10,"Iron Hammer":12,"infinitespire:Burning Sword":9,"Red Mask":11,"HandDrill":17,"infinitespire:EmpoweringShard":19,"Snack Pack":21,"Replay:Bottled Eggs":7,"Toxic Egg 2":12,"Grinning Jar":15,"Abe\u0027s Treasure":16},{"MerchantsRug":65,"infinitespire:BottledMercury":65,"ReplayTheSpireMod:Ninjato":72,"NeowsBlessing":0,"Self Forming Clay":9,"Blue Candle":3,"Burning Blood":0,"Mercury Hourglass":1,"Du-Vu Doll":69,"Mummified Hand":3,"Fusion Hammer":34,"Iron Hammer":41,"infinitespire:Burning Sword":30,"Red Mask":38,"HandDrill":65,"infinitespire:EmpoweringShard":72,"Snack Pack":76,"Replay:Bottled Eggs":17,"Toxic Egg 2":41,"Grinning Jar":52,"Abe\u0027s Treasure":62}],"Burning Blood":107,"Mercury Hourglass":[405]},"card_choices":[{"not_picked":["Battle Trance","Anger","infinitespire:OneForAll"],"picked":"SKIP","floor":1},{"not_picked":["Clothesline","Body Slam"],"picked":"Shrug It Off","floor":4},{"not_picked":["Hemogenesis","infinitespire:OneForAll"],"picked":"Metallicize","floor":6},{"not_picked":["Iron Wave","Blood for Blood"],"picked":"Run Through","floor":10},{"not_picked":["ReplayTheSpireMod:Strike From Hell","Pommel Strike"],"picked":"Flame Barrier","floor":11},{"not_picked":["Armaments","Rupture","Run Through"],"picked":"SKIP","floor":14},{"not_picked":["ReplayTheSpireMod:Strike From Hell","Pummel","Twin Strike"],"picked":"SKIP","floor":16},{"not_picked":["Run Through","Reckless Charge"],"picked":"Shrug It Off","floor":17},{"not_picked":["Thunderclap+1","Anger"],"picked":"Sword Boomerang+1","floor":21},{"not_picked":["Armaments","Clash","Iron Wave"],"picked":"SKIP","floor":25},{"not_picked":["infinitespire:OneForAll","Rupture","ReplayTheSpireMod:Corrosion Curse+1"],"picked":"SKIP","floor":30},{"not_picked":["Sword Boomerang","Wild Strike","Double Tap+1"],"picked":"SKIP","floor":33},{"not_picked":["Armaments+1","Havoc+1","Replay:Undeath\u0027s Touch"],"picked":"SKIP","floor":34},{"not_picked":["Juggernaut","Offering+1"],"picked":"Limit Break+1","floor":36},{"not_picked":["Armaments+1","Body Slam"],"picked":"Uppercut+1","floor":38},{"not_picked":["Sword Boomerang","Perfected Strike"],"picked":"Disarm+1","floor":42},{"not_picked":["Twin Strike","Massacre+1","Entrench+1"],"picked":"SKIP","floor":44},{"not_picked":["Rage+1","Dropkick","Shrug It Off+1"],"picked":"SKIP","floor":47},{"not_picked":["Second Wind+1","Cleave+1","Replay:Undeath\u0027s Touch+1"],"picked":"SKIP","floor":48},{"not_picked":["Second Wind+1","Pommel Strike","Blood for Blood"],"picked":"SKIP","floor":51}],"player_experience":1112651,"relics_obtained":[{"floor":3,"key":"Mercury Hourglass"},{"floor":6,"key":"Blue Candle"},{"floor":9,"key":"Mummified Hand"},{"floor":11,"key":"Self Forming Clay"},{"floor":16,"key":"Replay:Bottled Eggs"},{"floor":23,"key":"Red Mask"},{"floor":29,"key":"Toxic Egg 2"},{"floor":35,"key":"Grinning Jar"},{"floor":42,"key":"Du-Vu Doll"},{"floor":44,"key":"ReplayTheSpireMod:Ninjato"},{"floor":46,"key":"infinitespire:EmpoweringShard"},{"floor":49,"key":"Snack Pack"}],"event_choices":[{"damage_healed":0,"gold_gain":75,"player_choice":"Gather Gold","damage_taken":11,"max_hp_gain":0,"max_hp_loss":0,"event_name":"World of Goop","floor":2,"gold_loss":0},{"damage_healed":0,"gold_gain":0,"player_choice":"Fought Bandits","damage_taken":0,"max_hp_gain":0,"max_hp_loss":0,"event_name":"Masked Bandits","floor":23,"gold_loss":0},{"cards_removed":["Strike_R"],"damage_healed":0,"gold_gain":0,"player_choice":"Gave Gold","damage_taken":0,"max_hp_gain":0,"max_hp_loss":0,"event_name":"Beggar","floor":24,"gold_loss":75},{"damage_healed":0,"gold_gain":0,"player_choice":"Got Potions","damage_taken":0,"max_hp_gain":0,"max_hp_loss":0,"event_name":"Lab","floor":32,"gold_loss":0},{"damage_healed":0,"gold_gain":222,"player_choice":"Wore Mask","damage_taken":0,"max_hp_gain":0,"max_hp_loss":0,"event_name":"Tomb of Lord Red Mask","floor":39,"gold_loss":0},{"damage_healed":0,"gold_gain":0,"player_choice":"Memory 3","damage_taken":10,"max_hp_gain":0,"max_hp_loss":0,"event_name":"SensoryStone","floor":40,"gold_loss":0},{"damage_healed":0,"gold_gain":0,"player_choice":"Fight","damage_taken":0,"max_hp_gain":0,"max_hp_loss":0,"event_name":"Mysterious Sphere","floor":42,"gold_loss":0},{"damage_healed":0,"gold_gain":0,"player_choice":"Copied","damage_taken":0,"max_hp_gain":0,"max_hp_loss":0,"event_name":"Duplicator","floor":50,"gold_loss":0,"cards_obtained":["Life Link"]}],"is_beta":false,"boss_relics":[{"not_picked":["ReplayTheSpireMod:DimensionalGlitch","Replay:Drink Me"],"picked":"infinitespire:Burning Sword"},{"not_picked":["Snecko Eye","Ring of Chaos"],"picked":"Abe\u0027s Treasure"}],"items_purged_floors":[41,41],"is_endless":false,"potions_floor_spawned":[6,11,14,16,17,33,34,36,38,48],"ascension_level":0}}