{"host":"0xlcnu2w4h2ggn6b","time":1612835637,"event":{"mods":["BaseMod","Colored Map","Custom Start","Minty Spire (QoL Compilation)","StSLib"],"gold_per_floor":[119,119,39,114,114,139,172,172,172,204,204,204,51,81,81,181,181,200,213,145,145,145,173,207,226,253,253,99,99,99,27,27,132,132,151,101,101,101,112,112,112,112,112,146,146,180,192,231,243,255,267,279,70,98,98],"floor_reached":56,"language":"ENG","playtime":2778,"items_purged":["Accuracy"],"score":1412,"play_id":"28252d03-ad9a-4f19-9eac-2334c5686dc9","local_time":"20210208205357","daily_mods":["Flight","DeadlyEvents","Binary"],"is_ascension_mode":false,"campfire_choices":[{"data":"Noxious Fumes","floor":8,"key":"SMITH"},{"data":"Dodge and Roll","floor":11,"key":"SMITH"},{"data":"Dodge and Roll","floor":12,"key":"SMITH"},{"data":"Noxious Fumes","floor":15,"key":"SMITH"},{"data":"1","floor":27,"key":"LIFT"},{"data":"2","floor":29,"key":"LIFT"},{"data":"3","floor":30,"key":"LIFT"},{"data":"After Image","floor":32,"key":"SMITH"},{"data":"Accuracy","floor":40,"key":"SMITH"},{"data":"Blade Dance","floor":41,"key":"SMITH"},{"data":"Madness","floor":42,"key":"SMITH"},{"data":"Cloak And Dagger","floor":45,"key":"SMITH"},{"data":"Cloak And Dagger","floor":47,"key":"SMITH"},{"floor":49,"key":"RECALL"},{"data":"Caltrops","floor":52,"key":"SMITH"}],"circlet_count":0,"master_deck":["Dodge and Roll+1","Dodge and Roll+1","Backflip","Acrobatics","Deflect","Deflect","Dagger Spray","Noxious Fumes+1","Leg Sweep","Noxious Fumes+1","Cloak And Dagger+1","Blade Dance+1","Caltrops","Caltrops+1","After Image+1","Accuracy+1","Cloak And Dagger+1","Madness+1","Madness","Cloak And Dagger+1","Caltrops"],"relics":["Ring of the Snake","Singing Bowl","Vajra","Oddly Smooth Stone","Matryoshka","InkBottle","Blue Candle","Eternal Feather","Shuriken","Pear","Lizard Tail","Omamori","Black Star","Darkstone Periapt","TungstenRod","Girya","Question Card","Snake Skull","Empty Cage","Mummified Hand","Smiling Mask","Ornamental Fan","MawBank","Akabeko","Toy Ornithopter","Prayer Wheel","Medical Kit","Torii","Bird Faced Urn"],"acts_visited":["Exordium","TheCity","TheBeyond","TheEnding"],"potions_floor_usage":[24,55,55,55],"damage_taken":[{"damage":0,"enemies":"Small Slimes","floor":1,"turns":2},{"damage":2,"enemies":"3 Sentries","floor":6,"turns":3},{"damage":30,"enemies":"Gremlin Nob","floor":7,"turns":6},{"damage":3,"enemies":"3 Sentries","floor":10,"turns":3},{"damage":12,"enemies":"Gremlin Nob","floor":14,"turns":5},{"damage":20,"enemies":"The Guardian","floor":16,"turns":8},{"damage":0,"enemies":"Chosen","floor":18,"turns":5},{"damage":0,"enemies":"3 Byrds","floor":19,"turns":3},{"damage":18,"enemies":"Gremlin Leader","floor":23,"turns":6},{"damage":2,"enemies":"Book of Stabbing","floor":24,"turns":7},{"damage":11,"enemies":"Sentry and Sphere","floor":25,"turns":6},{"damage":48,"enemies":"Automaton","floor":33,"turns":7},{"damage":0,"enemies":"Orb Walker","floor":35,"turns":4},{"damage":11,"enemies":"3 Shapes","floor":39,"turns":4},{"damage":0,"enemies":"Giant Head","floor":44,"turns":6},{"damage":0,"enemies":"Nemesis","floor":46,"turns":5},{"damage":0,"enemies":"Reptomancer","floor":48,"turns":4},{"damage":4,"enemies":"Awakened One","floor":50,"turns":9},{"damage":16,"enemies":"Shield and Spear","floor":54,"turns":5},{"damage":49,"enemies":"The Heart","floor":55,"turns":6}],"seed_played":"-1202086148855387740","potions_obtained":[{"floor":1,"key":"LiquidBronze"},{"floor":16,"key":"Block Potion"},{"floor":19,"key":"Weak Potion"},{"floor":46,"key":"Fire Potion"},{"floor":54,"key":"FearPotion"}],"is_trial":true,"path_per_floor":["M","?","$","T","T","E","E","R","T","E","R","R","$","E","R","B",null,"M","M","$","?","?","E","E","M","T","R","$","R","R","$","R","B",null,"M","$","?","?","M","R","R","R","T","E","R","E","R","E","R","B",null,"R","$","E","B",null],"character_chosen":"THE_SILENT","items_purchased":["Noxious Fumes","Noxious Fumes","Caltrops","After Image","Accuracy","Cloak And Dagger","Medical Kit","Caltrops"],"campfire_rested":0,"item_purchase_floors":[3,13,20,28,31,36,53,53],"current_hp_per_floor":[72,72,72,72,72,70,42,48,58,57,63,69,69,59,65,47,90,90,90,90,90,90,74,74,63,63,72,72,81,90,90,94,48,96,98,98,87,87,78,87,96,100,100,100,100,102,102,104,104,100,104,104,104,90,70],"gold":98,"neow_bonus":"","is_daily":false,"chose_seed":false,"campfire_upgraded":11,"win_rate":0.0,"timestamp":1612835637,"path_taken":["M","?","$","?","?","E","E","R","T","E","R","R","$","?","R","BOSS","M","M","$","?","?","E","?","M","T","R","$","R","R","?","R","BOSS","M","$","?","?","M","R","R","R","T","E","R","?","R","E","R","BOSS","R","$","E","BOSS"],"items_purchased_type":["Card","Card","Card","Card","Card","Card","Relic","Card"],"build_version":"2020-12-22","purchased_purges":1,"victory":true,"max_hp_per_floor":[72,72,72,72,72,72,74,74,84,86,86,86,86,88,88,90,90,90,90,90,90,90,92,94,94,94,94,94,94,94,94,94,96,96,98,98,98,98,100,100,100,100,100,100,100,102,102,104,104,104,104,104,104,106,106],"card_choices":[{"not_picked":["Flechettes","Eviscerate"],"picked":"Singing Bowl","floor":1},{"not_picked":["Deflect"],"picked":"Leg Sweep","floor":6},{"not_picked":["Acrobatics","Flying Knee"],"picked":"Singing Bowl","floor":7},{"not_picked":["Prepared","Dodge and Roll"],"picked":"Singing Bowl","floor":10},{"not_picked":["Cloak And Dagger","All Out Attack"],"picked":"Singing Bowl","floor":14},{"not_picked":["Storm of Steel","Unload"],"picked":"Singing Bowl","floor":16},{"not_picked":["Underhanded Strike+1"],"picked":"Cloak And Dagger","floor":18},{"not_picked":["Deflect"],"picked":"Blade Dance","floor":19},{"not_picked":["Prepared+1","Deflect"],"picked":"Singing Bowl","floor":23},{"not_picked":["Leg Sweep","Sucker Punch+1"],"picked":"Singing Bowl","floor":24},{"not_picked":["Dodge and Roll","PiercingWail"],"picked":"Caltrops","floor":25},{"not_picked":["Burst","Unload","Glass Knife"],"picked":"Singing Bowl","floor":33},{"not_picked":["Underhanded Strike","Deadly Poison","Outmaneuver+1"],"picked":"Singing Bowl","floor":35},{"not_picked":["Terror","Dodge and Roll+1","Underhanded Strike"],"picked":"Singing Bowl","floor":39},{"not_picked":["Dagger Spray","Slice+1"],"picked":"Cloak And Dagger+1","floor":44},{"not_picked":["Sucker Punch+1","Eviscerate+1","Finisher+1"],"picked":"Singing Bowl","floor":46},{"not_picked":["Slice","PiercingWail+1","Eviscerate"],"picked":"Singing Bowl","floor":48},{"not_picked":["Expertise","Flechettes","PiercingWail+1"],"picked":"Singing Bowl","floor":54}],"player_experience":539377,"relics_obtained":[{"floor":4,"key":"Matryoshka"},{"floor":5,"key":"InkBottle"},{"floor":5,"key":"Blue Candle"},{"floor":6,"key":"Eternal Feather"},{"floor":7,"key":"Shuriken"},{"floor":9,"key":"Pear"},{"floor":10,"key":"Lizard Tail"},{"floor":14,"key":"Omamori"},{"floor":23,"key":"Darkstone Periapt"},{"floor":23,"key":"TungstenRod"},{"floor":24,"key":"Girya"},{"floor":24,"key":"Question Card"},{"floor":26,"key":"Snake Skull"},{"floor":43,"key":"Mummified Hand"},{"floor":44,"key":"Smiling Mask"},{"floor":44,"key":"Ornamental Fan"},{"floor":46,"key":"MawBank"},{"floor":46,"key":"Akabeko"},{"floor":48,"key":"Toy Ornithopter"},{"floor":48,"key":"Prayer Wheel"},{"floor":54,"key":"Torii"},{"floor":54,"key":"Bird Faced Urn"}],"event_choices":[{"damage_healed":0,"gold_gain":0,"player_choice":"Full Heal","damage_taken":0,"max_hp_gain":0,"max_hp_loss":0,"event_name":"Wheel of Change","floor":2,"gold_loss":0},{"damage_healed":0,"gold_gain":0,"player_choice":"Ignored","damage_taken":0,"max_hp_gain":0,"max_hp_loss":0,"event_name":"Vampires","floor":21,"gold_loss":0},{"damage_healed":0,"gold_gain":0,"player_choice":"Bought 0 Potions","damage_taken":0,"max_hp_gain":0,"max_hp_loss":0,"event_name":"The Woman in Blue","floor":22,"gold_loss":0},{"damage_healed":0,"gold_gain":0,"player_choice":"Embrace Madness","damage_taken":12,"max_hp_gain":0,"max_hp_loss":0,"event_name":"Winding Halls","floor":37,"gold_loss":0,"cards_obtained":["Madness","Madness"]},{"damage_healed":0,"gold_gain":0,"player_choice":"Ignored","damage_taken":0,"max_hp_gain":0,"max_hp_loss":0,"event_name":"NoteForYourself","floor":38,"gold_loss":0}],"is_beta":false,"boss_relics":[{"not_picked":["HoveringKite","Runic Pyramid"],"picked":"Black Star"},{"not_picked":["Velvet Choker","SacredBark"],"picked":"Empty Cage"}],"items_purged_floors":[13],"is_endless":false,"potions_floor_spawned":[1,16,19,23,46,54],"ascension_level":0}}