{"host":"lklj3eidp7g5an38","time":1612890544,"event":{"mods":["AchievementEnabler","BaseMod","Colored Map","Colored Powertips","Curses Come First","DeckTracker","Highlight Path","Minty Spire (QoL Compilation)","Relic Stats","StSLib"],"gold_per_floor":[115,132,28,45,45,75,75,100,170,202,215,215,227,237,237,237,237],"floor_reached":16,"language":"ENG","playtime":1330,"items_purged":["Normality"],"score":226,"play_id":"5025525c-8cb3-49ac-b481-9145c82fd371","local_time":"20210209170904","is_ascension_mode":true,"campfire_choices":[{"floor":7,"key":"REST"},{"floor":12,"key":"REST"},{"data":"Night Terror","floor":15,"key":"SMITH"}],"circlet_count":0,"master_deck":["AscendersBane","Strike_G","Strike_G","Strike_G","Strike_G","Defend_G","Defend_G","Defend_G","Survivor","Neutralize","Night Terror+1","Footwork","Cloak And Dagger","Deadly Poison","PiercingWail","Blur","Poisoned Stab","Cloak And Dagger","Catalyst"],"relics":["Ring of the Snake","The Specimen","Potion Belt","Shuriken","Snake Skull"],"acts_visited":["Exordium"],"potions_floor_usage":[8,10,10,16],"damage_taken":[{"damage":17,"enemies":"Jaw Worm","floor":1,"turns":10},{"damage":9,"enemies":"Cultist","floor":2,"turns":6},{"damage":1,"enemies":"2 Louse","floor":4,"turns":4},{"damage":1,"enemies":"Lagavulin","floor":6,"turns":10},{"damage":15,"enemies":"3 Sentries","floor":8,"turns":12},{"damage":18,"enemies":"Lagavulin","floor":10,"turns":11},{"damage":1,"enemies":"Lots of Slimes","floor":11,"turns":5},{"damage":4,"enemies":"Gremlin Gang","floor":13,"turns":6},{"damage":10,"enemies":"3 Louse","floor":14,"turns":4},{"damage":21,"enemies":"Slime Boss","floor":16,"turns":7}],"seed_played":"4578642576170640596","potions_obtained":[{"floor":4,"key":"FearPotion"},{"floor":6,"key":"CunningPotion"},{"floor":8,"key":"Explosive Potion"},{"floor":14,"key":"Energy Potion"}],"is_trial":false,"path_per_floor":["M","M","$","M","?","E","R","E","T","E","M","R","M","M","R","B"],"character_chosen":"THE_SILENT","items_purchased":["PiercingWail"],"campfire_rested":2,"item_purchase_floors":[3],"current_hp_per_floor":[42,33,33,32,32,31,50,35,35,17,16,35,31,21,21,0,0],"gold":237,"neow_bonus":"TRANSFORM_TWO_CARDS","is_daily":false,"chose_seed":false,"campfire_upgraded":1,"win_rate":0.0,"timestamp":1612890544,"path_taken":["M","M","$","M","?","E","R","E","T","E","?","R","M","M","R","BOSS"],"items_purchased_type":["Card"],"build_version":"2020-12-22","purchased_purges":1,"victory":false,"max_hp_per_floor":[66,66,66,66,66,66,66,66,66,66,66,66,66,66,66,66,66],"relic_stats":{"counters":[10,75],"Shuriken":[5],"Snake Skull":[21],"obtain_stats":[{"Potion Belt":8,"The Specimen":6,"Shuriken":9,"Snake Skull":10,"Ring of the Snake":0},{"Potion Belt":5,"The Specimen":4,"Shuriken":5,"Snake Skull":6,"Ring of the Snake":0},{"Potion Belt":42,"The Specimen":30,"Shuriken":42,"Snake Skull":53,"Ring of the Snake":0}],"Ring of the Snake":[20]},"card_choices":[{"not_picked":["PiercingWail","Sucker Punch"],"picked":"Cloak And Dagger","floor":1},{"not_picked":["Sucker Punch","Outmaneuver"],"picked":"Deadly Poison","floor":2},{"not_picked":["Quick Slash","Slice"],"picked":"Blur","floor":4},{"not_picked":["PiercingWail","Eviscerate","Sucker Punch"],"picked":"SKIP","floor":6},{"not_picked":["Deadly Poison","Acrobatics"],"picked":"Poisoned Stab","floor":8},{"not_picked":["Endless Agony","Bane","Riddle With Holes"],"picked":"SKIP","floor":10},{"not_picked":["Bane","Underhanded Strike","Backstab"],"picked":"SKIP","floor":11},{"not_picked":["Deadly Poison","Deflect"],"picked":"Cloak And Dagger","floor":13},{"not_picked":["Deflect","Dodge and Roll"],"picked":"Catalyst","floor":14}],"player_experience":942343,"relics_obtained":[{"floor":6,"key":"The Specimen"},{"floor":8,"key":"Potion Belt"},{"floor":9,"key":"Shuriken"},{"floor":10,"key":"Snake Skull"}],"event_choices":[{"cards_removed":["Defend_G"],"damage_healed":0,"gold_gain":0,"player_choice":"Offered Basic","damage_taken":0,"max_hp_gain":0,"max_hp_loss":0,"event_name":"Bonfire Elementals","floor":5,"gold_loss":0}],"is_beta":false,"boss_relics":[],"items_purged_floors":[3],"is_endless":false,"potions_floor_spawned":[4,6,8,14],"killed_by":"Slime Boss","ascension_level":17}}