{"host":"y89x8uui45kcjy42","time":1612871807,"event":{"mods":["2.2 Compatiblity","BaseMod","CapriCore","Colored Map","Colored Powertips","Custom Start","Friendly Minions","Keyboard Shortcuts","Minty Spire (QoL Compilation)","Relic Stats","Slay the Relics Exporter","StSLib","SuperFastMode","Uncapped"],"gold_per_floor":[118,118,144,157,157,186,186,216,243,243,243,243,243,168,168,243,243,254,304,304,323,323,353,353,383,408,433,433,462,462,462,462,541,541,552,552,570,420,420,420,420,420,420,420,451,288,323,342,342,342,342,342,342,8,34,34,34],"floor_reached":56,"language":"KOR","playtime":1234,"items_purged":["Dagger Throw"],"score":2783,"play_id":"2e3b3559-edad-4443-99ca-e31915af84d9","local_time":"20210209205647","is_ascension_mode":true,"campfire_choices":[{"data":"Tactician","floor":7.0,"key":"SMITH"},{"data":"Calculated Gamble","floor":10.0,"key":"SMITH"},{"data":"Eviscerate","floor":11.0,"key":"SMITH"},{"data":"Concentrate","floor":12.0,"key":"SMITH"},{"data":"Acrobatics","floor":13.0,"key":"SMITH"},{"floor":15.0,"key":"RECALL"},{"data":"Burst","floor":24.0,"key":"SMITH"},{"data":"Acrobatics","floor":32.0,"key":"SMITH"},{"data":"Backflip","floor":40.0,"key":"SMITH"},{"data":"Purity","floor":42.0,"key":"SMITH"},{"floor":44.0,"key":"REST"},{"floor":49.0,"key":"REST"},{"floor":53.0,"key":"REST"}],"circlet_count":0,"master_deck":["Prepared+1","Calculated Gamble+1","Concentrate+1","Eviscerate+1","Reflex+1","Tactician+1","Acrobatics+1","Burst+1","Backflip+1","Purity+1"],"relics":["Ring of the Serpent","HoveringKite","Vajra","Oddly Smooth Stone","WristBlade","Tingsha","Tough Bandages","Bag of Preparation","TheAbacus","Toy Ornithopter","Smiling Mask","SlaversCollar","WingedGreaves","Bag of Marbles","Calipers","Turnip"],"acts_visited":["Exordium","TheCity","TheBeyond","TheEnding"],"potions_floor_usage":[],"damage_taken":[{"damage":0.0,"enemies":"2 Louse","floor":1.0,"turns":1.0},{"damage":0.0,"enemies":"Jaw Worm","floor":4.0,"turns":1.0},{"damage":0.0,"enemies":"Gremlin Nob","floor":6.0,"turns":1.0},{"damage":0.0,"enemies":"3 Sentries","floor":8.0,"turns":1.0},{"damage":0.0,"enemies":"Slime Boss","floor":16.0,"turns":1.0},{"damage":0.0,"enemies":"3 Byrds","floor":18.0,"turns":1.0},{"damage":0.0,"enemies":"2 Thieves","floor":21.0,"turns":1.0},{"damage":0.0,"enemies":"Book of Stabbing","floor":23.0,"turns":1.0},{"damage":0.0,"enemies":"Gremlin Leader","floor":25.0,"turns":1.0},{"damage":0.0,"enemies":"Book of Stabbing","floor":27.0,"turns":1.0},{"damage":0.0,"enemies":"Slavers","floor":29.0,"turns":1.0},{"damage":0.0,"enemies":"Collector","floor":33.0,"turns":1.0},{"damage":0.0,"enemies":"3 Darklings","floor":35.0,"turns":1.0},{"damage":0.0,"enemies":"Orb Walker","floor":37.0,"turns":1.0},{"damage":0.0,"enemies":"Reptomancer","floor":45.0,"turns":1.0},{"damage":0.0,"enemies":"Giant Head","floor":47.0,"turns":1.0},{"damage":0.0,"enemies":"Jaw Worm Horde","floor":48.0,"turns":1.0},{"damage":0.0,"enemies":"Awakened One","floor":50.0,"turns":2.0},{"damage":0.0,"enemies":"Time Eater","floor":51.0,"turns":1.0},{"damage":0.0,"enemies":"Shield and Spear","floor":55.0,"turns":1.0},{"damage":0,"enemies":"The Heart","floor":56,"turns":1}],"seed_played":"-9097247837398741923","potions_obtained":[{"floor":1.0,"key":"Dexterity Potion"},{"floor":6.0,"key":"Swift Potion"},{"floor":33.0,"key":"GhostInAJar"}],"is_trial":false,"path_per_floor":["M","?","T","M","?","E","R","E","T","R","R","R","R","$","R","B",null,"M","?","?","M","?","E","R","E","T","E","?","E","?","T","R","B",null,"M","?","M","$","$","R","?","R","T","R","E","$","E","M","R","B","B",null,"R","$","E","B"],"character_chosen":"THE_SILENT","items_purchased":["Backflip","Purity","Bag of Marbles","Turnip"],"campfire_rested":3,"item_purchase_floors":[38,38,46,54],"current_hp_per_floor":[65,58,58,58,36,36,36,36,36,36,36,36,36,36,36,36,63,63,63,59,59,59,59,59,59,59,59,59,59,39,39,39,39,68,68,68,68,68,68,68,68,68,68,77,77,77,77,77,77,77,77,77,77,77,77,77,77],"gold":34,"neow_bonus":"TEN_PERCENT_HP_BONUS","is_daily":false,"chose_seed":false,"campfire_upgraded":9,"win_rate":0.0,"timestamp":1612871807,"path_taken":["M","?","?","?","?","E","R","E","T","R","R","R","R","$","R","BOSS","M","?","?","?","?","E","R","E","T","E","?","E","?","?","R","BOSS","M","?","?","$","?","R","?","R","T","R","E","$","E","?","R","BOSS","BOSS","R","$","E","BOSS"],"items_purchased_type":["Card","Card","Relic","Relic"],"build_version":"2020-12-22","purchased_purges":1,"victory":false,"max_hp_per_floor":[72,72,72,72,72,72,72,72,72,72,72,72,72,72,72,72,72,72,72,72,72,72,72,72,72,72,72,72,72,77,77,77,77,77,77,77,77,77,77,77,77,77,77,77,77,77,77,77,77,77,77,77,77,77,77,77,77],"relic_stats":{"Tough Bandages":[1479],"TheAbacus":[720],"counters":[21,22],"HoveringKite":[21],"Tingsha":[1426],"Turnip":[0],"Bag of Preparation":[34],"Smiling Mask":0,"obtain_stats":[{"Calipers":50,"HoveringKite":0,"Vajra":0,"Oddly Smooth Stone":0,"Circlet":19,"Tingsha":0,"Bag of Preparation":9,"Smiling Mask":29,"SlaversCollar":34,"Tough Bandages":0,"TheAbacus":26,"WristBlade":0,"WingedGreaves":1,"Turnip":54,"Bag of Marbles":46,"Ring of the Serpent":0,"Toy Ornithopter":27,"Ring of the Snake":0},{"Calipers":18,"HoveringKite":0,"Vajra":0,"Oddly Smooth Stone":0,"Circlet":6,"Tingsha":0,"Bag of Preparation":4,"Smiling Mask":11,"SlaversCollar":12,"Tough Bandages":0,"TheAbacus":9,"WristBlade":0,"WingedGreaves":1,"Turnip":19,"Bag of Marbles":15,"Ring of the Serpent":0,"Toy Ornithopter":10,"Ring of the Snake":0},{"Calipers":18,"HoveringKite":0,"Vajra":0,"Oddly Smooth Stone":0,"Circlet":6,"Tingsha":0,"Bag of Preparation":4,"Smiling Mask":11,"SlaversCollar":12,"Tough Bandages":0,"TheAbacus":9,"WristBlade":0,"WingedGreaves":1,"Turnip":20,"Bag of Marbles":15,"Ring of the Serpent":0,"Toy Ornithopter":10,"Ring of the Snake":0}],"Toy Ornithopter":0},"card_choices":[{"not_picked":["Finisher","Distraction"],"picked":"Acrobatics","floor":1.0},{"not_picked":["Backstab","Choke","Sucker Punch"],"picked":"SKIP","floor":4.0},{"not_picked":["Underhanded Strike","Flying Knee","Dagger Spray"],"picked":"SKIP","floor":6.0},{"not_picked":["Leg Sweep","Storm of Steel","Prepared"],"picked":"SKIP","floor":8.0},{"not_picked":["Venomology","Night Terror"],"picked":"Burst","floor":16.0},{"not_picked":["Prepared+1","Deadly Poison","Dagger Spray"],"picked":"SKIP","floor":18.0},{"not_picked":["Prepared","PiercingWail","Outmaneuver"],"picked":"SKIP","floor":21.0},{"not_picked":["Endless Agony+1","PiercingWail+1","Blade Dance"],"picked":"SKIP","floor":23.0},{"not_picked":["Deflect","Endless Agony","Sucker Punch"],"picked":"SKIP","floor":25.0},{"not_picked":["Poisoned Stab","Acrobatics","Wraith Form v2"],"picked":"SKIP","floor":27.0},{"not_picked":["Bouncing Flask","Blade Dance+1","Slice+1"],"picked":"SKIP","floor":29.0},{"not_picked":["Dagger Throw","Slice","Expertise"],"picked":"SKIP","floor":35.0},{"not_picked":["Dagger Throw+1","Flechettes","Finisher"],"picked":"SKIP","floor":37.0},{"not_picked":["Prepared+1","Slice","Underhanded Strike"],"picked":"SKIP","floor":45.0},{"not_picked":["Underhanded Strike","Prepared","Choke"],"picked":"SKIP","floor":47.0},{"not_picked":["Accuracy","Cloak And Dagger","Poisoned Stab"],"picked":"SKIP","floor":48.0},{"not_picked":["Riddle With Holes","Dagger Throw+1","Quick Slash"],"picked":"SKIP","floor":55.0}],"player_experience":685484,"relics_obtained":[{"floor":9.0,"key":"Bag of Preparation"},{"floor":27.0,"key":"Toy Ornithopter"},{"floor":29.0,"key":"Smiling Mask"}],"event_choices":[{"cards_removed":["All Out Attack"],"damage_healed":0.0,"max_hp_gain":0.0,"max_hp_loss":0.0,"gold_gain":0.0,"event_name":"Golden Wing","player_choice":"Card Removal","floor":2.0,"gold_loss":0.0,"damage_taken":7.0},{"damage_healed":0.0,"max_hp_gain":0.0,"max_hp_loss":0.0,"gold_gain":0.0,"event_name":"Shining Light","player_choice":"Entered Light","floor":5.0,"gold_loss":0.0,"damage_taken":22.0,"cards_upgraded":["Prepared","Reflex"]},{"damage_healed":0.0,"max_hp_gain":0.0,"max_hp_loss":0.0,"gold_gain":50.0,"event_name":"Nest","player_choice":"Stole From Cult","floor":19.0,"gold_loss":0.0,"damage_taken":0.0},{"damage_healed":0.0,"max_hp_gain":0.0,"max_hp_loss":0.0,"gold_gain":0.0,"event_name":"The Woman in Blue","player_choice":"Bought 0 Potions","floor":20.0,"gold_loss":0.0,"damage_taken":0.0},{"damage_healed":0.0,"max_hp_gain":0.0,"max_hp_loss":0.0,"gold_gain":0.0,"event_name":"The Mausoleum","player_choice":"Ignored","floor":22.0,"gold_loss":0.0,"damage_taken":0.0},{"damage_healed":0.0,"max_hp_gain":0.0,"max_hp_loss":0.0,"gold_gain":0.0,"event_name":"Back to Basics","player_choice":"Simplicity","floor":28.0,"gold_loss":0.0,"damage_taken":0.0,"cards_upgraded":[]},{"damage_healed":0.0,"max_hp_gain":5.0,"max_hp_loss":0.0,"gold_gain":0.0,"event_name":"Forgotten Altar","player_choice":"Shed Blood","floor":30.0,"gold_loss":0.0,"damage_taken":25.0},{"cards_removed":["Acrobatics"],"damage_healed":0.0,"max_hp_gain":0.0,"max_hp_loss":0.0,"gold_gain":0.0,"event_name":"Purifier","player_choice":"Purged","floor":36.0,"gold_loss":0.0,"damage_taken":0.0},{"damage_healed":0.0,"max_hp_gain":0.0,"max_hp_loss":0.0,"gold_gain":0.0,"event_name":"Purifier","player_choice":"Ignored","floor":41.0,"gold_loss":0.0,"damage_taken":0.0}],"is_beta":false,"boss_relics":[{"not_picked":["Snecko Eye","Runic Dome","Velvet Choker"]},{"not_picked":["Astrolabe","Philosopher\u0027s Stone","HoveringKite"]}],"items_purged_floors":[14],"is_endless":false,"potions_floor_spawned":[1,6,8,21,27,33,45],"killed_by":"The Heart","ascension_level":20}}