{"host":"oehe2dxjvdgux73m","time":1612879769,"event":{"mods":["AchievementEnabler","BaseMod","Colored Map","Colored Powertips","DeckTracker","Keyboard Shortcuts","Minty Spire (QoL Compilation)","Permanent Neow","Quick Restart","StSLib","SuperFastMode"],"gold_per_floor":[114,114,124,138,138,138,182,182,182,182,182,196,232,251,251,379,379,397,417,431,79,99,99,99,99,123,43,66,82,82,103,103,222,222,235,12,36,59,392,392,406,406,488,38,69,86,118,0,0,0],"floor_reached":51,"language":"KOR","playtime":2135,"items_purged":["Strike_P","Strike_P","FlurryOfBlows+1","Wireheading+1"],"score":904,"play_id":"0d90002b-dd67-40a9-9ff2-ea6363074ef5","local_time":"20210209230929","is_ascension_mode":true,"campfire_choices":[{"data":"Eruption","floor":6.0,"key":"SMITH"},{"data":"Vigilance","floor":8.0,"key":"SMITH"},{"data":"Defend_P","floor":10.0,"key":"SMITH"},{"data":"SandsOfTime","floor":15.0,"key":"SMITH"},{"data":"MentalFortress","floor":23.0,"key":"SMITH"},{"floor":25.0,"key":"REST"},{"floor":30.0,"key":"RECALL"},{"data":"FlurryOfBlows","floor":32.0,"key":"SMITH"}],"circlet_count":0,"master_deck":["Defend_P+1","Defend_P+1","Eruption+1","Vigilance+1","SashWhip+1","FlyingSleeves+1","Crescendo+1","SandsOfTime+1","Scrawl+1","MentalFortress+1","CrushJoints+1","InnerPeace+1","EmptyMind+1","Establishment+1"],"relics":["Astrolabe","Dead Branch","The Courier","Meat on the Bone","Runic Pyramid","War Paint","TheAbacus","Damaru","Coffee Dripper","Centennial Puzzle","Shuriken","Orrery","Kunai","Frozen Egg 2","Smiling Mask","Medical Kit"],"acts_visited":["Exordium","TheCity","TheBeyond"],"potions_floor_usage":[50,50],"damage_taken":[{"damage":1.0,"enemies":"Jaw Worm","floor":1.0,"turns":3.0},{"damage":7.0,"enemies":"2 Louse","floor":3.0,"turns":3.0},{"damage":0.0,"enemies":"Small Slimes","floor":4.0,"turns":2.0},{"damage":23.0,"enemies":"3 Sentries","floor":7.0,"turns":7.0},{"damage":1.0,"enemies":"Red Slaver","floor":12.0,"turns":2.0},{"damage":1.0,"enemies":"Lagavulin","floor":13.0,"turns":5.0},{"damage":3.0,"enemies":"Lots of Slimes","floor":14.0,"turns":2.0},{"damage":15.0,"enemies":"The Guardian","floor":16.0,"turns":9.0},{"damage":0.0,"enemies":"Spheric Guardian","floor":18.0,"turns":3.0},{"damage":17.0,"enemies":"2 Thieves","floor":19.0,"turns":3.0},{"damage":23.0,"enemies":"Shelled Parasite and Fungi","floor":20.0,"turns":3.0},{"damage":9.0,"enemies":"Snake Plant","floor":22.0,"turns":4.0},{"damage":0.0,"enemies":"Snecko","floor":28.0,"turns":4.0},{"damage":0.0,"enemies":"Cultist and Chosen","floor":29.0,"turns":5.0},{"damage":0.0,"enemies":"Centurion and Healer","floor":31.0,"turns":4.0},{"damage":4.0,"enemies":"Champ","floor":33.0,"turns":8.0},{"damage":1.0,"enemies":"3 Shapes","floor":35.0,"turns":3.0},{"damage":9.0,"enemies":"3 Darklings","floor":37.0,"turns":3.0},{"damage":9.0,"enemies":"Writhing Mass","floor":38.0,"turns":4.0},{"damage":1.0,"enemies":"Transient","floor":41.0,"turns":5.0},{"damage":2.0,"enemies":"Giant Head","floor":45.0,"turns":5.0},{"damage":1.0,"enemies":"Sphere and 2 Shapes","floor":46.0,"turns":5.0},{"damage":4.0,"enemies":"Reptomancer","floor":47.0,"turns":4.0},{"damage":6,"enemies":"Time Eater","floor":50,"turns":7}],"seed_played":"-3379240822056819620","potions_obtained":[{"floor":4.0,"key":"SneckoOil"},{"floor":13.0,"key":"SpeedPotion"},{"floor":14.0,"key":"FearPotion"},{"floor":18.0,"key":"Fire Potion"},{"floor":22.0,"key":"Ambrosia"},{"floor":33.0,"key":"ColorlessPotion"},{"floor":38.0,"key":"DistilledChaos"}],"is_trial":false,"path_per_floor":["M","?","M","M","?","R","E","R","T","R","?","M","E","M","R","B",null,"M","M","M","$","M","R","?","R","T","$","M","M","R","M","R","B",null,"M","$","M","M","?","R","M","R","T","$","E","M","E","$","R","B",null],"character_chosen":"WATCHER","items_purchased":["MentalFortress","War Paint","TheAbacus","Centennial Puzzle","Orrery","Kunai","Medical Kit"],"campfire_rested":1,"item_purchase_floors":[21,21,21,36,44,44,48],"current_hp_per_floor":[71,76,69,69,69,69,46,46,46,46,39,38,37,46,46,43,71,71,54,43,43,46,46,46,67,67,67,67,67,67,67,67,63,71,70,70,61,52,52,52,51,51,51,51,49,48,44,44,44,38],"gold":0,"neow_bonus":"BOSS_RELIC","is_daily":false,"chose_seed":false,"campfire_upgraded":6,"win_rate":0.0,"timestamp":1612879769,"path_taken":["M","?","M","M","?","R","E","R","T","R","?","M","E","M","R","BOSS","M","M","M","$","M","R","?","R","T","$","?","M","R","M","R","BOSS","M","$","M","?","?","R","M","R","T","$","E","M","E","?","R","BOSS"],"items_purchased_type":["Card","Relic","Relic","Relic","Relic","Relic","Relic"],"build_version":"2020-12-22","purchased_purges":4,"victory":true,"max_hp_per_floor":[72,77,77,77,71,71,71,71,71,71,71,71,71,71,71,71,71,71,71,71,71,71,71,71,71,71,71,71,71,71,71,71,71,71,71,71,71,71,71,71,71,71,71,71,71,71,71,71,71,71],"card_choices":[{"not_picked":["Halt","WreathOfFlame","FearNoEvil"],"picked":"SKIP","floor":1.0},{"not_picked":["SashWhip","ThirdEye","Evaluate"],"picked":"SKIP","floor":3.0},{"not_picked":["Wallop","Protect","Halt"],"picked":"SKIP","floor":4.0},{"not_picked":["ForeignInfluence","Prostrate"],"picked":"FlurryOfBlows","floor":7.0},{"not_picked":["ClearTheMind","DeusExMachina"],"picked":"SandsOfTime","floor":12.0},{"not_picked":["Indignation","ClearTheMind","CutThroughFate"],"picked":"SKIP","floor":13.0},{"not_picked":["Worship","ThirdEye"],"picked":"Wireheading","floor":14.0},{"not_picked":["Devotion","Vault"],"picked":"Scrawl","floor":16.0},{"not_picked":["Indignation+1","Consecrate+1","Meditate"],"picked":"SKIP","floor":18.0},{"not_picked":["Evaluate","PathToVictory+1","FollowUp"],"picked":"SKIP","floor":19.0},{"not_picked":["SignatureMove","DeceiveReality","Crescendo"],"picked":"SKIP","floor":20.0},{"not_picked":["Evaluate","ClearTheMind+1"],"picked":"CrushJoints+1","floor":22.0},{"not_picked":["Conclude","SignatureMove","SashWhip"],"picked":"SKIP","floor":28.0},{"not_picked":["TalkToTheHand","LikeWater","ThirdEye+1"],"picked":"SKIP","floor":29.0},{"not_picked":["JustLucky+1","Weave","Evaluate"],"picked":"SKIP","floor":31.0},{"not_picked":["FollowUp","ClearTheMind"],"picked":"InnerPeace+1","floor":35.0},{"not_picked":["Evaluate","Pray","EmptyBody+1"],"picked":"SKIP","floor":37.0},{"not_picked":["Conclude+1","EmptyBody","FlyingSleeves"],"picked":"SKIP","floor":38.0},{"not_picked":["JustLucky","PathToVictory","Halt"],"picked":"SKIP","floor":41.0},{"not_picked":["FollowUp+1","FlurryOfBlows+1"],"picked":"EmptyMind+1","floor":44.0},{"not_picked":["FlurryOfBlows+1","Weave+1","Consecrate"],"picked":"SKIP","floor":45.0},{"not_picked":["CutThroughFate+1","ClearTheMind+1","Vengeance+1"],"picked":"SKIP","floor":46.0},{"not_picked":["FlurryOfBlows","ClearTheMind+1"],"picked":"Establishment+1","floor":47.0}],"player_experience":434972,"relics_obtained":[{"floor":7.0,"key":"Dead Branch"},{"floor":9.0,"key":"The Courier"},{"floor":13.0,"key":"Meat on the Bone"},{"floor":26.0,"key":"Damaru"},{"floor":43.0,"key":"Shuriken"},{"floor":45.0,"key":"Frozen Egg 2"},{"floor":47.0,"key":"Smiling Mask"}],"event_choices":[{"damage_healed":0.0,"max_hp_gain":5.0,"max_hp_loss":0.0,"gold_gain":0.0,"event_name":"Big Fish","player_choice":"Donut","floor":2.0,"gold_loss":0.0,"damage_taken":0.0},{"damage_healed":0.0,"max_hp_gain":0.0,"max_hp_loss":6.0,"gold_gain":0.0,"event_name":"Golden Idol","player_choice":"Lose Max HP","floor":5.0,"gold_loss":0.0,"damage_taken":0.0,"relics_obtained":["Golden Idol"]},{"cards_removed":["Defend_P"],"damage_healed":0.0,"max_hp_gain":0.0,"max_hp_loss":0.0,"gold_gain":0.0,"event_name":"Golden Wing","player_choice":"Card Removal","floor":11.0,"gold_loss":0.0,"damage_taken":7.0},{"damage_healed":0.0,"max_hp_gain":0.0,"max_hp_loss":0.0,"gold_gain":0.0,"event_name":"Upgrade Shrine","player_choice":"Upgraded","floor":24.0,"gold_loss":0.0,"damage_taken":0.0,"cards_upgraded":["Wireheading"]},{"damage_healed":0.0,"max_hp_gain":0.0,"max_hp_loss":0.0,"gold_gain":333.0,"event_name":"The Moai Head","player_choice":"Gave Idol","floor":39.0,"relics_lost":["Golden Idol"],"gold_loss":0.0,"damage_taken":0.0}],"is_beta":false,"boss_relics":[{"not_picked":["Fusion Hammer","Snecko Eye"],"picked":"Runic Pyramid"},{"not_picked":["Sozu","Empty Cage"],"picked":"Coffee Dripper"}],"items_purged_floors":[21,27,36,44],"is_endless":false,"potions_floor_spawned":[4,13,14,18,22,33,38,41,46],"ascension_level":1}}