{"host":"9op7xyky91xc1g6p","time":1612921959,"event":{"mods":["100% Spire Juice","Act Like it!","Astrologer","Bartender","BaseMod","Beaked The Cultist","Better Altar","Better Note","Better Sensory Stone","Better Skull","Better Third Choice","Better Vampires","Bossed Relics","BshForSts","CapriCore","Energized Spire","Gensokyo","Hallownest","Hermit","HololiveMod","Infinite Spire","Koishi","Magitek Elite","Marisa????????","Minty Spire (QoL Compilation)","Random Character Button","Remilia??????","Retaliation","Robot Space Explorer","Shade Mod","SpireExporter+","StSLib","The Animator","The Disciple","The Dragon Tamer","The Elementalist","The Hierophant","The Immortal","The Marked","The Mystic","The Poker Player","The Problem Sleuth","The Runesmith","The Spell Scribe","TheBandit","Trackpad","Yuyuko","??????REMEMod"],"gold_per_floor":[81,95,95,209,219,252,252,281,281,55,55,55,66,101,101,204,204,223,223,242,256,269,269,61,72,97,97,97,148,166,196,196,491,491,506,506,525,542,542,570,570,620,620,144,180,23,56,332,332,338],"floor_reached":51,"language":"ENG","playtime":4175,"items_purged":[],"score":1123,"play_id":"fa27d7d9-15c9-400a-9ac5-2f7c9006c95b","local_time":"20210209175239","is_ascension_mode":false,"campfire_choices":[{"floor":7,"key":"REST"},{"floor":12,"key":"REST"},{"data":"Hololive_CallShirakamiFubuki","floor":15,"key":"SMITH"},{"data":"Hololive_CallMoonaHoshinova","floor":23,"key":"SMITH"},{"data":"Hololive_CandyCastle","floor":32,"key":"SMITH"},{"data":"Hololive_Rebirth","floor":41,"key":"SMITH"},{"data":"Hololive_CallManoAloe","floor":49,"key":"SMITH"}],"circlet_count":0,"master_deck":["Hololive_Strike","Hololive_Strike","Hololive_Defend","Hololive_Defend","Hololive_OvertimeWork","Hololive_CallArtia","Hololive_CallOkamiMio","Hololive_CallAiraniIofifteen","Hololive_CallOzoraSubaru","Hololive_CallFriendA","Regret","Hololive_Spy","Hololive_StrengthChampion","Hololive_StarCraft","Hololive_CallKiryuuCoco","Hololive_DevilCharm","Hololive_CallInugamiKorone","Gensokyo:CrescentMoonSlash","Hololive_CallHoushouMarine","Hololive_ASMR","Hololive_Psychosis+1","Hololive_CallManoAloe+1","Hololive_StarCraft","Hololive_CallMoonaHoshinova+1","Hololive_StrengthChampion","Hololive_CandyCastle+1","Hololive_DevilCharm+1","Hololive_MaximGun","Gensokyo:ShootingStar","Hololive_Rebirth+1","Hololive_CallUruhaRushia","Hololive_MaximGun","Hololive_CallAyundaRisu+1","REME_MagicPocketWatch","Master of Strategy","Hololive_CallSpadeEcho+1","Hololive_Watashimo","Hololive_CallOkamiMio","Hololive_Rebirth","Hololive_Psychosis","Hololive_StarCraft","Hololive_CallNakiriAyame","Hololive_CallYozoraMel+1","Hololive_CallMinatoAqua"],"relics":["Hololive_TheStar","REME_ComplimentaryCards","trackpad:FieryHotPepper","Runesmith:AutoHammer","Art of War","CaptainsWheel","Ribbon","infinitespire:Lychee Nut","trackpad:CultistFigurine","Pocketwatch","energizedSpire:OgreHead","Bag of Preparation","Gensokyo:MosesMiracle","Gensokyo:RedStar","Mythril_Glove","Pear","Happy Flower","Coffee Dripper","infinitespire:Lucky Rock","Blood Vial","Bronze Scales","Runesmith:Locket","Pen Nib","AntiCross","Membership Card","trackpad:WritersBlock","trackpad:HandOfMidas","REME_LimitBreaker","Guard_Bracelet"],"acts_visited":["Gensokyo:Gensokyo","Gensokyo:Gensokyoer","Gensokyo:Gensokyoest"],"potions_floor_usage":[8,22,25,31,45,45],"damage_taken":[{"damage":0,"enemies":"Gensokyo:2_Kodama","floor":1,"turns":2},{"damage":0,"enemies":"Gensokyo:Python","floor":2,"turns":3},{"damage":0,"enemies":"Gensokyo:Gryphon","floor":5,"turns":3},{"damage":0,"enemies":"Gensokyo:Cirno","floor":6,"turns":4},{"damage":0,"enemies":"Gensokyo:Mamizou","floor":8,"turns":6},{"damage":0,"enemies":"Gensokyo:Python_and_Kodama","floor":13,"turns":3},{"damage":0,"enemies":"Gensokyo:Aya","floor":14,"turns":3},{"damage":0,"enemies":"Gensokyo:Reimu","floor":16,"turns":6},{"damage":0,"enemies":"Gensokyo:CosmicMonolith","floor":18,"turns":2},{"damage":0,"enemies":"Gensokyo:3_Dogs","floor":20,"turns":4},{"damage":0,"enemies":"Gensokyo:Slime_Group","floor":21,"turns":3},{"damage":0,"enemies":"Gensokyo:Mirror_and_Dog","floor":22,"turns":4},{"damage":2,"enemies":"Gensokyo:Swordslinger","floor":25,"turns":2},{"damage":0,"enemies":"Gensokyo:3_Gloops","floor":30,"turns":4},{"damage":10,"enemies":"Gensokyo:Tenshi","floor":31,"turns":6},{"damage":3,"enemies":"Gensokyo:Eternal_Rivals","floor":33,"turns":10},{"damage":0,"enemies":"Gensokyo:AncientGuardian","floor":35,"turns":4},{"damage":0,"enemies":"Gensokyo:3_Bats","floor":37,"turns":3},{"damage":0,"enemies":"Gensokyo:Sharpion","floor":38,"turns":4},{"damage":0,"enemies":"Gensokyo:Doremy","floor":40,"turns":4},{"damage":0,"enemies":"Gensokyo:Kasen","floor":45,"turns":5},{"damage":0,"enemies":"Nightmare","floor":47,"turns":4},{"damage":0,"enemies":"Gensokyo:Rafflesia","floor":48,"turns":1},{"damage":0,"enemies":"Gensokyo:Yuyuko","floor":50,"turns":5}],"seed_played":"-22434460993571440","potions_obtained":[{"floor":1,"key":"DistilledChaos"},{"floor":2,"key":"Dexterity Potion"},{"floor":5,"key":"DistilledChaos"},{"floor":14,"key":"Dexterity Potion"},{"floor":31,"key":"ColorlessPotion"},{"floor":33,"key":"Fire Potion"},{"floor":38,"key":"Energy Potion"},{"floor":45,"key":"AttackPotion"}],"is_trial":false,"path_per_floor":["M","M","?","?","M","E","R","E","T","$","?","R","M","E","R","B",null,"M","?","M","M","M","R","COS","M","T","?","?","T","M","E","R","B",null,"M","?","M","M","?","E","R","?","T","$","E","$","NM","M","R","B",null],"character_chosen":"Hololive_HololiveCharacter","items_purchased":["trackpad:CultistFigurine","Hololive_CallInugamiKorone","Hololive_Watashimo","Hololive_CallOkamiMio","Membership Card","trackpad:WritersBlock","Hololive_Rebirth","Hololive_Psychosis","REME_LimitBreaker","Hololive_CallNakiriAyame"],"campfire_rested":2,"item_purchase_floors":[10,10,44,44,44,44,44,44,46,46],"current_hp_per_floor":[35,35,40,10,10,10,22,22,22,22,18,27,30,30,30,30,30,30,30,30,30,30,30,30,28,28,28,28,28,30,31,31,37,40,40,6,13,21,21,29,29,29,29,29,40,40,46,49,49,52],"gold":338,"neow_bonus":"ONE_RARE_RELIC","is_daily":false,"chose_seed":false,"campfire_upgraded":5,"win_rate":0.0,"timestamp":1612921959,"path_taken":["M","M","?","?","?","E","R","E","T","$","?","R","?","E","R","BOSS","M","?","M","M","M","R","COS","M","T","?","?","?","?","E","R","BOSS","M","?","M","?","?","E","R","?","T","?","E","?","NM","M","R","BOSS"],"items_purchased_type":["Relic","Card","Card","Card","Relic","Relic","Card","Card","Relic","Card"],"build_version":"2020-12-22","purchased_purges":0,"victory":true,"max_hp_per_floor":[35,35,40,40,40,40,40,40,30,30,30,30,30,30,30,30,30,30,30,30,30,30,30,30,30,30,30,30,30,30,40,40,40,40,40,40,40,40,40,40,40,40,40,40,43,43,46,49,49,52],"card_choices":[{"not_picked":["Hololive_CocoNews","Hololive_Psychosis","Hololive_LuckPotion"],"picked":"Hololive_Spy","floor":1},{"not_picked":["Hololive_LuckPotion","Hololive_CallNatsuiroMatsuri","Hololive_CallRoboco"],"picked":"Hololive_StrengthChampion","floor":2},{"not_picked":["Hololive_Trident","Hololive_Drill","Hololive_Rebound"],"picked":"Hololive_StarCraft","floor":5},{"not_picked":["Hololive_Drill","Hololive_CallSpadeEcho","Hololive_RevenueBasedLive"],"picked":"Hololive_CallKiryuuCoco","floor":6},{"not_picked":["Hololive_Breathe","Hololive_Sequa","Hololive_StrengthChampion"],"picked":"Hololive_DevilCharm","floor":8},{"not_picked":["Hololive_Drill","Hololive_Psychosis","Hololive_HuntDinosaur"],"picked":"Hololive_CallHoushouMarine","floor":13},{"not_picked":["Hololive_CallNatsuiroMatsuri","Hololive_OpenUp","Hololive_RevenueBasedLive"],"picked":"Hololive_CallShirakamiFubuki","floor":14},{"not_picked":["Hololive_OpenUp","Hololive_FlareMind","Hololive_AWSL"],"picked":"Hololive_ASMR","floor":16},{"not_picked":["Hololive_HuntDinosaur+1","Hololive_Sequa","Hololive_Rebound"],"picked":"Hololive_Psychosis+1","floor":18},{"not_picked":["Hololive_Spy","Hololive_StrengthChampion","Hololive_Rebound"],"picked":"Hololive_CallManoAloe","floor":20},{"not_picked":["Hololive_CallMinatoAqua+1","Hololive_LuckPotion+1","Hololive_Trident"],"picked":"Hololive_StarCraft","floor":21},{"not_picked":["Hololive_Spy","Hololive_LuckPotion","Hololive_HuntDinosaur+1"],"picked":"Hololive_CallMoonaHoshinova","floor":22},{"not_picked":["Hololive_Drill+1","Hololive_CallDoris+1","Hololive_OvertimeWork"],"picked":"Hololive_StrengthChampion","floor":25},{"not_picked":["Hololive_Drill","Hololive_RevenueBasedLive+1","Hololive_Psychosis"],"picked":"Hololive_CandyCastle","floor":30},{"not_picked":["Hololive_OpenUp","Hololive_OvertimeWork","Hololive_CallFriendA+1"],"picked":"Hololive_DevilCharm+1","floor":31},{"not_picked":["Hololive_StarCraft","Hololive_ASMR","Hololive_FlareMind"],"picked":"Hololive_MaximGun","floor":33},{"not_picked":[],"picked":"Gensokyo:ShootingStar","floor":33},{"not_picked":["Hololive_AWSL","Hololive_OpenUp","Hololive_WolfAndLamb"],"picked":"Hololive_Rebirth","floor":33},{"not_picked":["Hololive_Trident+1","Hololive_CocoNews+1","Hololive_LuckPotion"],"picked":"Hololive_CallUruhaRushia","floor":35},{"not_picked":["Hololive_Breathe+1","Hololive_CallShirakamiFubuki","Hololive_Trident"],"picked":"Hololive_MaximGun","floor":37},{"not_picked":["Hololive_CallNatsuiroMatsuri+1","Hololive_CocoNews+1","Hololive_OvertimeWork+1"],"picked":"Hololive_CallAyundaRisu+1","floor":38},{"not_picked":["Transmutation","Blind","Purity"],"picked":"REME_MagicPocketWatch","floor":39},{"not_picked":["REME_TheoryOfElimination","Discovery","REME_ProfessionalPlagiarism"],"picked":"Master of Strategy","floor":39},{"not_picked":["Hololive_Rebound","Hololive_OpenUp","Hololive_Drill"],"picked":"Hololive_CallSpadeEcho+1","floor":40},{"not_picked":["Hololive_Trident","Hololive_Drill","Hololive_Sequa"],"picked":"Hololive_StarCraft","floor":45},{"not_picked":["Hololive_OvertimeWork","Hololive_FlyingPonyTail","Hololive_Drill"],"picked":"Hololive_CallYozoraMel+1","floor":47},{"not_picked":["Hololive_Breathe+1","Hololive_RevenueBasedLive+1","Hololive_Psychosis+1"],"picked":"Hololive_CallMinatoAqua","floor":48}],"player_experience":427774,"relics_obtained":[{"floor":6,"key":"CaptainsWheel"},{"floor":8,"key":"Ribbon"},{"floor":9,"key":"infinitespire:Lychee Nut"},{"floor":14,"key":"Pocketwatch"},{"floor":26,"key":"Bag of Preparation"},{"floor":29,"key":"Mythril_Glove"},{"floor":31,"key":"Pear"},{"floor":33,"key":"Gensokyo:MosesMiracle"},{"floor":40,"key":"Pen Nib"},{"floor":43,"key":"AntiCross"},{"floor":45,"key":"trackpad:HandOfMidas"},{"floor":47,"key":"Guard_Bracelet"}],"event_choices":[{"damage_healed":0,"gold_gain":114,"player_choice":"RE RE GO ","damage_taken":35,"relics_obtained":["Runesmith:AutoHammer","Art of War"],"max_hp_gain":0,"max_hp_loss":0,"event_name":"betterSkull:BetterSkull","floor":4,"gold_loss":0,"cards_upgraded":[]},{"damage_healed":0,"gold_gain":0,"player_choice":"RE RE RE ","damage_taken":40,"relics_obtained":["infinitespire:Lucky Rock","Blood Vial","Bronze Scales"],"max_hp_gain":0,"max_hp_loss":0,"event_name":"betterSkull:BetterSkull","floor":36,"gold_loss":0,"cards_upgraded":[]},{"damage_healed":0,"gold_gain":3,"player_choice":"1","damage_taken":0,"max_hp_gain":0,"max_hp_loss":0,"event_name":"betterStone:BetterStone","floor":39,"gold_loss":0}],"is_beta":false,"boss_relics":[{"not_picked":["REME_ChargedStone","energizedSpire:CursedPentagram"],"picked":"energizedSpire:OgreHead"},{"not_picked":["energizedSpire:RedRose","Sozu"],"picked":"Coffee Dripper"}],"items_purged_floors":[],"is_endless":false,"potions_floor_spawned":[1,2,5,14,21,31,33,38,40,45],"ascension_level":0}}