{"host":"8pvw2tcf9wctlvur","time":1612839728,"event":{"mods":["BaseMod","Better Third Choice","Colored Powertips","Curses Come First","Minty Spire (QoL Compilation)","Rare Cards Sparkle","Relic Stats","StSLib","SuperFastMode"],"gold_per_floor":[113,113,113,113,46,76,88,125,162,194,222,247,279,310,322,432,444,470,497,523,547,118,118,148,148,174,174,209,225,242,262,262,361,361,376,396,412,425,444,477,477,477,477,327,340,340,300,316,316,316,316],"floor_reached":50,"language":"ENG","playtime":1931,"items_purged":["Injury"],"score":755,"play_id":"588f6a0c-48bd-4422-a092-bc6823fdb000","local_time":"20210208200208","is_ascension_mode":false,"campfire_choices":[{"data":"BattleHymn","floor":7,"key":"SMITH"},{"floor":15,"key":"REST"},{"floor":23,"key":"REST"},{"floor":25,"key":"REST"},{"floor":32,"key":"REST"},{"floor":41,"key":"REST"},{"floor":46,"key":"REST"},{"floor":49,"key":"REST"}],"circlet_count":0,"master_deck":["Strike_P","Strike_P","Strike_P","Strike_P","Defend_P+1","Defend_P","Defend_P+1","Defend_P","Eruption","Vigilance","Prostrate","Reinforced Body","BattleHymn+1","Prostrate","Indignation","FollowUp","ClearTheMind","Prostrate","BowlingBash","Devotion","Brilliance","Pray","SignatureMove+1","ForeignInfluence+1","Worship","Halt","Conclude","ClearTheMind","Swivel+1","Brilliance","SandsOfTime","DeusExMachina","Halt+1","Prostrate+1","Prostrate","WindmillStrike","Conclude+1","DevaForm","Worship","Swivel+1","ClearTheMind"],"relics":["HolyWater","NeowsBlessing","War Paint","Gremlin Horn","MawBank","CaptainsWheel","Orichalcum","Cursed Key","Bottled Tornado","ClockworkSouvenir","Anchor","PreservedInsect","Strawberry","MealTicket","Ornamental Fan"],"acts_visited":["Exordium","TheCity","TheBeyond"],"potions_floor_usage":[10,12,13,21,24,29,33,40,40,50,50],"damage_taken":[{"damage":0,"enemies":"Small Slimes","floor":1,"turns":2},{"damage":0,"enemies":"3 Sentries","floor":6,"turns":2},{"damage":0,"enemies":"Lagavulin","floor":8,"turns":2},{"damage":3,"enemies":"Jaw Worm","floor":10,"turns":3},{"damage":4,"enemies":"Cultist","floor":11,"turns":3},{"damage":17,"enemies":"Gremlin Gang","floor":12,"turns":5},{"damage":0,"enemies":"Large Slime","floor":13,"turns":2},{"damage":1,"enemies":"Looter","floor":14,"turns":4},{"damage":0,"enemies":"Slime Boss","floor":16,"turns":4},{"damage":2,"enemies":"Shell Parasite","floor":18,"turns":4},{"damage":2,"enemies":"Chosen","floor":19,"turns":3},{"damage":15,"enemies":"Snake Plant","floor":20,"turns":4},{"damage":8,"enemies":"3 Cultists","floor":21,"turns":4},{"damage":14,"enemies":"Book of Stabbing","floor":24,"turns":3},{"damage":19,"enemies":"Gremlin Leader","floor":28,"turns":3},{"damage":15,"enemies":"Sentry and Sphere","floor":29,"turns":3},{"damage":0,"enemies":"Cultist and Chosen","floor":30,"turns":5},{"damage":0,"enemies":"Snecko","floor":31,"turns":2},{"damage":0,"enemies":"Champ","floor":33,"turns":5},{"damage":9,"enemies":"3 Shapes","floor":35,"turns":2},{"damage":9,"enemies":"3 Darklings","floor":36,"turns":4},{"damage":7,"enemies":"4 Shapes","floor":37,"turns":4},{"damage":9,"enemies":"Transient","floor":38,"turns":5},{"damage":0,"enemies":"3 Darklings","floor":39,"turns":3},{"damage":45,"enemies":"Nemesis","floor":40,"turns":3},{"damage":17,"enemies":"Writhing Mass","floor":45,"turns":5},{"damage":12,"enemies":"4 Shapes","floor":48,"turns":4},{"damage":113,"enemies":"Time Eater","floor":50,"turns":7}],"seed_played":"-7675440127404336013","potions_obtained":[{"floor":6,"key":"Swift Potion"},{"floor":8,"key":"ColorlessPotion"},{"floor":12,"key":"BlessingOfTheForge"},{"floor":16,"key":"Block Potion"},{"floor":19,"key":"Explosive Potion"},{"floor":20,"key":"AttackPotion"},{"floor":29,"key":"FairyPotion"},{"floor":30,"key":"FearPotion"},{"floor":38,"key":"Ambrosia"},{"floor":39,"key":"ColorlessPotion"},{"floor":47,"key":"Fire Potion"},{"floor":47,"key":"SkillPotion"},{"floor":47,"key":"SteroidPotion"}],"is_trial":false,"path_per_floor":["M","?","T","?","$","E","R","E","T","M","M","M","M","M","R","B",null,"M","M","M","M","$","R","E","R","T","?","E","M","M","M","R","B",null,"M","M","M","M","M","E","R","?","T","$","M","R","?","M","R","B"],"character_chosen":"WATCHER","items_purchased":["BattleHymn","Bottled Tornado","ClockworkSouvenir","Halt","Worship"],"campfire_rested":7,"item_purchase_floors":[5,22,22,22,44],"current_hp_per_floor":[72,51,51,51,51,51,51,51,51,48,44,27,27,26,47,47,72,70,68,53,45,45,66,52,72,72,72,60,45,45,45,68,68,79,70,61,54,45,45,23,46,46,46,61,44,67,67,55,78,0,0],"gold":316,"neow_bonus":"THREE_ENEMY_KILL","is_daily":false,"chose_seed":false,"campfire_upgraded":1,"win_rate":0.0,"timestamp":1612839728,"path_taken":["M","?","?","?","$","E","R","E","T","M","?","M","M","M","R","BOSS","M","M","M","?","$","R","E","R","T","?","E","?","M","M","R","BOSS","M","M","M","M","M","E","R","?","T","$","M","R","?","?","R","BOSS"],"items_purchased_type":["Card","Relic","Relic","Card","Card"],"build_version":"2020-12-22","purchased_purges":1,"victory":false,"max_hp_per_floor":[72,72,72,72,72,72,72,72,72,72,72,72,72,72,72,72,72,72,72,72,72,72,72,72,72,72,72,79,79,79,79,79,79,79,79,79,79,79,79,79,79,79,79,79,79,79,79,79,79,79,79],"relic_stats":{"Gremlin Horn":[23,23],"counters":[28,100],"Ornamental Fan":[24],"MealTicket":15,"PreservedInsect":93,"War Paint":["Defend_P","Defend_P"],"Orichalcum":[30],"MawBank":192,"Cursed Key":2,"obtain_stats":[{"NeowsBlessing":0,"Gremlin Horn":3,"PreservedInsect":26,"War Paint":2,"Orichalcum":9,"Bottled Tornado":22,"MawBank":6,"Cursed Key":17,"ClockworkSouvenir":22,"CaptainsWheel":8,"Anchor":24,"Ornamental Fan":43,"Strawberry":28,"HolyWater":34,"MealTicket":40,"PureWater":0},{"NeowsBlessing":0,"Gremlin Horn":1,"PreservedInsect":14,"War Paint":1,"Orichalcum":3,"Bottled Tornado":13,"MawBank":2,"Cursed Key":9,"ClockworkSouvenir":13,"CaptainsWheel":3,"Anchor":14,"Ornamental Fan":25,"Strawberry":15,"HolyWater":19,"MealTicket":25,"PureWater":0},{"NeowsBlessing":0,"Gremlin Horn":2,"PreservedInsect":45,"War Paint":2,"Orichalcum":6,"Bottled Tornado":42,"MawBank":4,"Cursed Key":27,"ClockworkSouvenir":42,"CaptainsWheel":6,"Anchor":45,"Ornamental Fan":84,"Strawberry":48,"HolyWater":63,"MealTicket":84,"PureWater":0}]},"card_choices":[{"not_picked":["ThirdEye","FlyingSleeves"],"picked":"Prostrate","floor":1},{"not_picked":["Study","PathToVictory"],"picked":"Prostrate","floor":6},{"not_picked":["CarveReality","PathToVictory"],"picked":"Indignation","floor":8},{"not_picked":["Tantrum","Evaluate"],"picked":"FollowUp","floor":10},{"not_picked":["FlurryOfBlows","FollowUp"],"picked":"ClearTheMind","floor":11},{"not_picked":["Consecrate","Halt"],"picked":"Prostrate","floor":12},{"not_picked":["Weave","FlyingSleeves"],"picked":"BowlingBash","floor":13},{"not_picked":["EmptyBody","Collect"],"picked":"Devotion","floor":14},{"not_picked":["Ragnarok","SpiritShield"],"picked":"Brilliance","floor":16},{"not_picked":["Wallop","CrushJoints"],"picked":"Pray","floor":18},{"not_picked":["Halt","CrushJoints"],"picked":"SignatureMove+1","floor":19},{"not_picked":["Vengeance","WindmillStrike+1"],"picked":"ForeignInfluence+1","floor":20},{"not_picked":["SandsOfTime","EmptyFist+1"],"picked":"Worship","floor":21},{"not_picked":["Meditate","Evaluate"],"picked":"Conclude","floor":24},{"not_picked":["Vengeance+1","CutThroughFate"],"picked":"ClearTheMind","floor":28},{"not_picked":["PathToVictory","Vengeance"],"picked":"Swivel+1","floor":29},{"not_picked":["CutThroughFate","Tantrum"],"picked":"Brilliance","floor":30},{"not_picked":["Perseverance","Halt+1"],"picked":"SandsOfTime","floor":31},{"not_picked":["Devotion","Judgement"],"picked":"DeusExMachina","floor":33},{"not_picked":["WaveOfTheHand+1","Protect"],"picked":"Halt+1","floor":35},{"not_picked":["Crescendo+1","Consecrate"],"picked":"Prostrate+1","floor":36},{"not_picked":["ReachHeaven+1","BattleHymn"],"picked":"Prostrate","floor":37},{"not_picked":["Prostrate","Study"],"picked":"WindmillStrike","floor":38},{"not_picked":["PathToVictory+1","TalkToTheHand"],"picked":"Conclude+1","floor":39},{"not_picked":["Worship","Brilliance"],"picked":"DevaForm","floor":40},{"not_picked":["ThirdEye+1","PathToVictory+1"],"picked":"Swivel+1","floor":45},{"not_picked":["Halt","Sanctity+1"],"picked":"ClearTheMind","floor":48}],"player_experience":279129,"relics_obtained":[{"floor":3,"key":"Gremlin Horn"},{"floor":6,"key":"MawBank"},{"floor":8,"key":"CaptainsWheel"},{"floor":9,"key":"Orichalcum"},{"floor":24,"key":"Anchor"},{"floor":26,"key":"PreservedInsect"},{"floor":28,"key":"Strawberry"},{"floor":40,"key":"MealTicket"},{"floor":43,"key":"Ornamental Fan"}],"event_choices":[{"damage_healed":0,"gold_gain":0,"player_choice":"Ignored","damage_taken":0,"max_hp_gain":0,"max_hp_loss":0,"event_name":"NoteForYourself","floor":4,"gold_loss":0},{"cards_removed":["Injury"],"damage_healed":0,"gold_gain":0,"player_choice":"Removed Curses","damage_taken":0,"max_hp_gain":0,"max_hp_loss":0,"event_name":"Fountain of Cleansing","floor":27,"gold_loss":0},{"damage_healed":0,"gold_gain":0,"player_choice":"Ignored","damage_taken":0,"max_hp_gain":0,"max_hp_loss":0,"event_name":"Tomb of Lord Red Mask","floor":42,"gold_loss":0},{"damage_healed":0,"gold_gain":0,"player_choice":"Bought 3 Potions","damage_taken":0,"max_hp_gain":0,"max_hp_loss":0,"event_name":"The Woman in Blue","floor":47,"gold_loss":0}],"is_beta":false,"boss_relics":[{"not_picked":["Philosopher\u0027s Stone","Snecko Eye"],"picked":"Cursed Key"},{"not_picked":["SacredBark","SlaversCollar"],"picked":"HolyWater"}],"items_purged_floors":[44],"is_endless":false,"potions_floor_spawned":[6,8,12,16,19,20,29,30,38,39,48],"killed_by":"Time Eater","ascension_level":0}}