{"host":"ydg0vn0pu4pubmdt","time":1612898478,"event":{"mods":["AchievementEnabler","BaseMod","Colored Map","Gold Saver","Minty Spire (QoL Compilation)","Quick Restart","SuperFastMode"],"gold_per_floor":[836,293,307,307,307,307,348,348,348,348,428,451,484,227,227,316,316,334,40,60,79,104,104,139,53,53,73,88,112,112,132,132,221,284,299,149,149,170,185,203,244,257,280,280,305,324,324,93,93,93],"floor_reached":51,"language":"KOR","playtime":1467,"items_purged":["Defend_P","Defend_P","Strike_P","Strike_P+1","Defend_P"],"score":1353,"play_id":"7137104a-030d-448a-a158-70edf155b8f7","local_time":"20210210042118","is_ascension_mode":true,"campfire_choices":[{"data":"Eruption","floor":6.0,"key":"SMITH"},{"floor":8.0,"key":"REST"},{"floor":15.0,"key":"REST"},{"data":"Vault","floor":23.0,"key":"SMITH"},{"data":"Adaptation","floor":32.0,"key":"SMITH"},{"floor":44.0,"key":"REST"},{"data":"ConjureBlade","floor":47,"key":"SMITH"},{"floor":49,"key":"REST"}],"circlet_count":0,"master_deck":["AscendersBane","Defend_P+1","Eruption+1","Vigilance","EmptyFist","TalkToTheHand+1","EmptyBody","Tantrum","FlurryOfBlows","Adaptation+1","Vault+1","TalkToTheHand","EmptyMind","FearNoEvil","ConjureBlade+1","Adaptation+1"],"relics":["HolyWater","Omamori","Anchor","Golden Idol","Nunchaku","Blue Candle","Regal Pillow","Question Card","TheAbacus","Vajra","Bag of Preparation","TeardropLocket","Tiny House","Ancient Tea Set","Orichalcum"],"acts_visited":["Exordium","TheCity","TheBeyond"],"potions_floor_usage":[50,50],"damage_taken":[{"damage":9.0,"enemies":"2 Louse","floor":1.0,"turns":2.0},{"damage":7.0,"enemies":"Small Slimes","floor":3.0,"turns":4.0},{"damage":4.0,"enemies":"Gremlin Nob","floor":7.0,"turns":3.0},{"damage":0.0,"enemies":"Lagavulin Event","floor":11.0,"turns":3.0},{"damage":0.0,"enemies":"Cultist","floor":12.0,"turns":2.0},{"damage":10.0,"enemies":"Lagavulin","floor":13.0,"turns":3.0},{"damage":4.0,"enemies":"Slime Boss","floor":16.0,"turns":6.0},{"damage":0.0,"enemies":"Chosen","floor":18.0,"turns":4.0},{"damage":0.0,"enemies":"3 Byrds","floor":20.0,"turns":3.0},{"damage":0.0,"enemies":"Snecko","floor":21.0,"turns":3.0},{"damage":4.0,"enemies":"Snake Plant","floor":22.0,"turns":4.0},{"damage":12.0,"enemies":"Slavers","floor":24.0,"turns":8.0},{"damage":0.0,"enemies":"3 Cultists","floor":27.0,"turns":3.0},{"damage":0.0,"enemies":"Centurion and Healer","floor":28.0,"turns":3.0},{"damage":2.0,"enemies":"Snake Plant","floor":29.0,"turns":3.0},{"damage":0.0,"enemies":"Snecko","floor":31.0,"turns":3.0},{"damage":26.0,"enemies":"Automaton","floor":33.0,"turns":8.0},{"damage":0.0,"enemies":"3 Darklings","floor":35.0,"turns":3.0},{"damage":0.0,"enemies":"Orb Walker","floor":38.0,"turns":2.0},{"damage":0.0,"enemies":"Maw","floor":39.0,"turns":8.0},{"damage":0.0,"enemies":"Spire Growth","floor":40.0,"turns":3.0},{"damage":0.0,"enemies":"Reptomancer","floor":41.0,"turns":3.0},{"damage":46.0,"enemies":"4 Shapes","floor":42.0,"turns":5.0},{"damage":0.0,"enemies":"Sphere and 2 Shapes","floor":45.0,"turns":2.0},{"damage":4,"enemies":"3 Darklings","floor":46,"turns":3},{"damage":29,"enemies":"Donu and Deca","floor":50,"turns":4}],"seed_played":"520463105626452172","potions_obtained":[{"floor":1.0,"key":"Strength Potion"},{"floor":7.0,"key":"SkillPotion"},{"floor":12.0,"key":"BottledMiracle"},{"floor":13.0,"key":"SpeedPotion"},{"floor":18.0,"key":"StancePotion"},{"floor":28.0,"key":"FearPotion"},{"floor":34.0,"key":"ColorlessPotion"},{"floor":35.0,"key":"DuplicationPotion"},{"floor":45.0,"key":"Explosive Potion"}],"is_trial":false,"path_per_floor":["M","$","M","?","?","R","E","R","T","?","?","M","E","$","R","B",null,"M","$","M","M","M","R","E","$","T","M","M","M","?","M","R","B",null,"M","$","?","M","M","M","E","M","T","R","M","M","R","$","R","B",null],"character_chosen":"WATCHER","items_purchased":["Omamori","TalkToTheHand","Anchor","EmptyBody","TheAbacus","Vajra","TalkToTheHand","Strength Potion"],"campfire_rested":4,"item_purchase_floors":[2,2,2,2,14,19,25,48],"current_hp_per_floor":[52,52,45,45,26,26,22,40,40,33,33,33,23,23,56,52,60,60,60,60,60,56,56,44,44,44,44,44,42,42,42,42,16,56,56,56,56,56,56,56,56,10,10,45,45,41,41,41,67,38],"gold":93,"neow_bonus":"REMOVE_CARD","is_daily":false,"chose_seed":false,"campfire_upgraded":4,"win_rate":0.0,"timestamp":1612898478,"path_taken":["M","$","M","?","?","R","E","R","T","?","?","M","E","$","R","BOSS","M","$","M","M","M","R","E","$","T","M","M","M","?","?","R","BOSS","M","$","?","M","?","M","E","M","T","R","M","M","R","$","R","BOSS"],"items_purchased_type":["Relic","Card","Relic","Card","Relic","Relic","Card","Potion"],"build_version":"2020-12-22","purchased_purges":5,"victory":true,"max_hp_per_floor":[68,68,68,62,62,62,62,62,62,62,62,62,62,62,62,62,62,62,62,62,62,62,62,62,62,62,62,62,62,62,62,62,62,67,67,67,67,67,67,67,67,67,67,67,67,67,67,67,67,67],"card_choices":[{"not_picked":["Wallop","JustLucky"],"picked":"EmptyFist","floor":1.0},{"not_picked":["Wireheading","Halt"],"picked":"Tantrum","floor":3.0},{"not_picked":["CrushJoints","Pray","Perseverance"],"picked":"SKIP","floor":7.0},{"not_picked":["LikeWater","EmptyMind"],"picked":"FlurryOfBlows","floor":11.0},{"not_picked":["Judgement","EmptyBody","Halt"],"picked":"SKIP","floor":12.0},{"not_picked":["Nirvana","Prostrate"],"picked":"Adaptation","floor":13.0},{"not_picked":["DevaForm","Alpha","ConjureBlade"],"picked":"Vault","floor":16.0},{"not_picked":["FlurryOfBlows+1","JustLucky","EmptyBody","ClearTheMind"],"picked":"SKIP","floor":18.0},{"not_picked":["SashWhip","Wireheading","FlurryOfBlows","Weave"],"picked":"SKIP","floor":20.0},{"not_picked":["EmptyBody","Halt","PathToVictory","ThirdEye"],"picked":"SKIP","floor":21.0},{"not_picked":["EmptyBody","ThirdEye","WindmillStrike","Protect"],"picked":"SKIP","floor":22.0},{"not_picked":["SignatureMove","FollowUp","Evaluate","Nirvana"],"picked":"SKIP","floor":24.0},{"not_picked":["Swivel","Evaluate+1","WindmillStrike","JustLucky"],"picked":"SKIP","floor":27.0},{"not_picked":["Weave","Evaluate","BowlingBash","DevaForm"],"picked":"SKIP","floor":28.0},{"not_picked":["BowlingBash","EmptyBody","Nirvana","Crescendo"],"picked":"SKIP","floor":29.0},{"not_picked":["Halt","ThirdEye","WheelKick"],"picked":"EmptyMind","floor":31.0},{"not_picked":["WheelKick","Meditate","Crescendo+1"],"picked":"FearNoEvil","floor":34.0},{"not_picked":["Sanctity","EmptyBody","CutThroughFate"],"picked":"ConjureBlade","floor":35.0},{"not_picked":["SignatureMove","PathToVictory","ClearTheMind","Crescendo"],"picked":"SKIP","floor":38.0},{"not_picked":["Weave+1","BowlingBash","Prostrate","WreathOfFlame"],"picked":"SKIP","floor":39.0},{"not_picked":["Nirvana+1","FearNoEvil+1","DeceiveReality","TalkToTheHand+1"],"picked":"SKIP","floor":40.0},{"not_picked":["Omniscience","Evaluate","EmptyBody+1","SignatureMove+1"],"picked":"SKIP","floor":41.0},{"not_picked":["BowlingBash","ThirdEye","Protect","Crescendo"],"picked":"SKIP","floor":42.0},{"not_picked":["ThirdEye","Adaptation+1","Sanctity","FearNoEvil+1"],"picked":"SKIP","floor":45.0},{"not_picked":["CutThroughFate","Crescendo","Establishment","Halt+1"],"picked":"SKIP","floor":46}],"player_experience":532690,"relics_obtained":[{"floor":7.0,"key":"Nunchaku"},{"floor":9.0,"key":"Blue Candle"},{"floor":11.0,"key":"Regal Pillow"},{"floor":13.0,"key":"Question Card"},{"floor":24.0,"key":"Bag of Preparation"},{"floor":26.0,"key":"TeardropLocket"},{"floor":41.0,"key":"Ancient Tea Set"},{"floor":43.0,"key":"Orichalcum"}],"event_choices":[{"damage_healed":0.0,"max_hp_gain":0.0,"max_hp_loss":6.0,"gold_gain":0.0,"event_name":"Golden Idol","player_choice":"Lose Max HP","floor":4.0,"gold_loss":0.0,"damage_taken":0.0,"relics_obtained":["Golden Idol"]},{"damage_healed":0.0,"max_hp_gain":0.0,"max_hp_loss":0.0,"gold_gain":0.0,"event_name":"Shining Light","player_choice":"Entered Light","floor":5.0,"gold_loss":0.0,"damage_taken":19.0,"cards_upgraded":["TalkToTheHand","Strike_P"]},{"cards_removed":["Strike_P"],"damage_healed":0.0,"max_hp_gain":0.0,"max_hp_loss":0.0,"gold_gain":0.0,"event_name":"Golden Wing","player_choice":"Card Removal","floor":10.0,"gold_loss":0.0,"damage_taken":7.0},{"damage_healed":0.0,"max_hp_gain":0.0,"max_hp_loss":0.0,"gold_gain":0.0,"event_name":"Dead Adventurer","player_choice":"Searched \u00271\u0027 times","floor":11.0,"gold_loss":0.0,"damage_taken":0.0},{"damage_healed":0.0,"max_hp_gain":0.0,"max_hp_loss":0.0,"gold_gain":0.0,"event_name":"Match and Keep!","player_choice":"0 cards matched","floor":30.0,"gold_loss":0.0,"damage_taken":0.0,"cards_obtained":[]},{"damage_healed":0.0,"max_hp_gain":0.0,"max_hp_loss":0.0,"gold_gain":0.0,"event_name":"Duplicator","player_choice":"Copied","floor":37.0,"gold_loss":0.0,"damage_taken":0.0,"cards_obtained":["Adaptation"]}],"is_beta":false,"boss_relics":[{"not_picked":["Coffee Dripper","Runic Pyramid"],"picked":"HolyWater"},{"not_picked":["Black Star","Fusion Hammer"],"picked":"Tiny House"}],"items_purged_floors":[2,14,19,36,48],"is_endless":false,"potions_floor_spawned":[1,7,12,13,18,20,22,28,35,38,40,45],"ascension_level":18}}