{"host":"7r2n0tv442aowt09","time":1612872931,"event":{"mods":["BaseMod","Curses Come First","Custom Start","Exacting","Highlight Path","Infinite Spire","Minty Spire (QoL Compilation)","Relic Sorter","StSLib"],"gold_per_floor":[153,428,154,154,154,54,54,54,54,90,201,380,514,550,550,550,550],"floor_reached":16,"language":"JPN","playtime":785,"items_purged":["Regret","Shame"],"score":287,"play_id":"d45d51b3-5869-426c-ba39-bfff5b18cd36","local_time":"20210209211531","daily_mods":["Green Cards","Midas"],"is_ascension_mode":true,"campfire_choices":[{"data":"Writhe","floor":8,"key":"PURGE"},{"data":"Injury","floor":15,"key":"PURGE"}],"circlet_count":0,"master_deck":["AscendersBane","Strike_B","Strike_B","Strike_B","Strike_B","Defend_B","Defend_B","Defend_B","Defend_B+1","Zap","Dualcast","Deflect","Cold Snap","Loop","Hologram","Redo+1","Reinforced Body","Capacitor","Chaos"],"relics":["Cracked Core","Darkstone Periapt","Singing Bowl","Fusion Hammer","Peace Pipe","Juzu Bracelet","Snake Skull","Golden Idol","StrikeDummy","War Paint","MealTicket","The Courier"],"acts_visited":["Exordium"],"potions_floor_usage":[11,13,16,16],"damage_taken":[{"damage":0,"enemies":"Cultist","floor":1,"turns":3},{"damage":0,"enemies":"Small Slimes","floor":10,"turns":2},{"damage":28,"enemies":"Gremlin Nob","floor":11,"turns":4},{"damage":0,"enemies":"3 Sentries","floor":12,"turns":7},{"damage":0,"enemies":"3 Sentries","floor":13,"turns":9},{"damage":0,"enemies":"2 Louse","floor":14,"turns":2},{"damage":51,"enemies":"Hexaghost","floor":16,"turns":12}],"seed_played":"1266278881165869789","potions_obtained":[{"floor":10,"key":"Strength Potion"},{"floor":12,"key":"BlessingOfTheForge"},{"floor":13,"key":"Block Potion"},{"floor":14,"key":"Explosive Potion"}],"is_trial":true,"path_per_floor":["M","?","$","?","?","$","?","R","T","M","E","?","E","M","R","B"],"character_chosen":"DEFECT","items_purchased":["Cold Snap","Loop","Hologram"],"campfire_rested":0,"item_purchase_floors":[3,3,3],"current_hp_per_floor":[64,70,70,76,90,90,72,72,72,72,44,46,48,48,48,0,0],"gold":550,"neow_bonus":"","is_daily":false,"chose_seed":false,"campfire_upgraded":0,"win_rate":0.0,"timestamp":1612872931,"path_taken":["M","?","?","?","?","$","?","R","T","M","E","?","E","M","R","BOSS"],"items_purchased_type":["Card","Card","Card"],"build_version":"2020-12-22","purchased_purges":2,"victory":false,"max_hp_per_floor":[71,77,77,83,97,97,97,97,97,97,97,99,101,101,101,101,101],"card_choices":[{"not_picked":["Turbo","Compile Driver"],"picked":"Deflect","floor":1},{"not_picked":["infinitespire:DeathsTouch","infinitespire:Fortify","infinitespire:Gouge"],"picked":"Singing Bowl","floor":5},{"not_picked":["Undo","Cold Snap"],"picked":"Redo","floor":10},{"not_picked":["Recycle","Doom and Gloom"],"picked":"Reinforced Body","floor":11},{"not_picked":["Hologram","Gash"],"picked":"Capacitor","floor":12},{"not_picked":["Night Terror","Quick Slash","Finisher"],"picked":"Singing Bowl","floor":13},{"not_picked":["Melter","Skim"],"picked":"Chaos","floor":14}],"player_experience":2235037,"relics_obtained":[{"floor":11,"key":"War Paint"},{"floor":12,"key":"The Courier"}],"event_choices":[{"damage_healed":0,"gold_gain":275,"player_choice":"Desecrate","damage_taken":0,"max_hp_gain":0,"max_hp_loss":0,"event_name":"Golden Shrine","floor":2,"gold_loss":0,"cards_obtained":["Regret"]},{"damage_healed":0,"gold_gain":0,"player_choice":"Take Wound","damage_taken":0,"relics_obtained":["Golden Idol"],"max_hp_gain":0,"max_hp_loss":0,"event_name":"Golden Idol","floor":4,"gold_loss":0,"cards_obtained":["Injury"]},{"damage_healed":0,"gold_gain":0,"player_choice":"Success","damage_taken":18,"relics_obtained":["StrikeDummy"],"max_hp_gain":0,"max_hp_loss":0,"event_name":"Scrap Ooze","floor":7,"gold_loss":0},{"damage_healed":0,"gold_gain":0,"player_choice":"Searched \u00273\u0027 times","damage_taken":0,"relics_obtained":["MealTicket"],"max_hp_gain":0,"max_hp_loss":0,"event_name":"Dead Adventurer","floor":12,"gold_loss":0}],"is_beta":false,"boss_relics":[],"items_purged_floors":[3,6],"is_endless":false,"potions_floor_spawned":[10,12,13,14],"killed_by":"Hexaghost","ascension_level":20}}