{"host":"r4aerl4ckfvw1dw3","time":1612914963,"event":{"mods":["BaseMod","BetterRewards","Minty Spire (QoL Compilation)","Quick Restart","StSLib"],"gold_per_floor":[112,131,151,165,165,204,227,227,250,303,325,358,411,166,175,304,313,336,12,12,35,56,56,56],"floor_reached":23,"language":"ENG","playtime":1729,"items_purged":["Strike_R","Strike_R"],"score":326,"play_id":"7b212377-ae2a-4881-9680-6c25b0d44100","local_time":"20210209155603","is_ascension_mode":true,"campfire_choices":[{"floor":8,"key":"REST"},{"floor":15,"key":"REST"}],"circlet_count":0,"master_deck":["Strike_R","Strike_R","Strike_R","Defend_R","Defend_R","Defend_R","Defend_R","Bash","Impervious","Carnage","Sword Boomerang","Armaments","Anger","Injury","Headbutt","Twin Strike","Impervious","Cleave","Carnage","Ghostly Armor","Rampage","Hemokinesis","Rupture","Shrug It Off","Barricade","CurseOfTheBell","Pommel Strike+1","Inflame+1","Inflame"],"relics":["Burning Blood","Bloody Idol","Dream Catcher","Vajra","CeramicFish","Potion Belt","Calling Bell","Nunchaku","Pear","Unceasing Top","Membership Card","Orichalcum"],"acts_visited":["Exordium","TheCity"],"potions_floor_usage":[10,13,19,21,22,22,23,23],"damage_taken":[{"damage":11,"enemies":"Cultist","floor":1,"turns":5},{"damage":7,"enemies":"Small Slimes","floor":2,"turns":3},{"damage":6,"enemies":"2 Louse","floor":3,"turns":3},{"damage":27,"enemies":"Exordium Wildlife","floor":4,"turns":6},{"damage":35,"enemies":"3 Sentries","floor":6,"turns":9},{"damage":13,"enemies":"3 Louse","floor":7,"turns":4},{"damage":10,"enemies":"Lagavulin","floor":10,"turns":3},{"damage":6,"enemies":"Looter","floor":11,"turns":3},{"damage":6,"enemies":"Lots of Slimes","floor":12,"turns":2},{"damage":16,"enemies":"Gremlin Nob","floor":13,"turns":3},{"damage":12,"enemies":"Slime Boss","floor":16,"turns":11},{"damage":24,"enemies":"Chosen","floor":18,"turns":6},{"damage":23,"enemies":"3 Byrds","floor":21,"turns":7},{"damage":31,"enemies":"Cultist and Chosen","floor":22,"turns":6},{"damage":63,"enemies":"Book of Stabbing","floor":23,"turns":7}],"seed_played":"-4570409319030309266","potions_obtained":[{"floor":6,"key":"AttackPotion"},{"floor":7,"key":"Weak Potion"},{"floor":12,"key":"DuplicationPotion"},{"floor":13,"key":"Strength Potion"},{"floor":16,"key":"Swift Potion"},{"floor":18,"key":"SpeedPotion"},{"floor":21,"key":"GamblersBrew"}],"is_trial":false,"path_per_floor":["M","M","M","M","?","E","M","R","T","E","M","M","E","$","R","B",null,"M","$","?","M","M","E"],"character_chosen":"IRONCLAD","items_purchased":["Hemokinesis","Regen Potion","Rupture","Membership Card","Fruit Juice","Orichalcum"],"campfire_rested":2,"item_purchase_floors":[14,14,14,19,19,19],"current_hp_per_floor":[67,66,66,45,45,16,9,33,33,29,29,29,19,19,43,37,79,61,66,66,59,59,0,0],"gold":56,"neow_bonus":"ONE_RANDOM_RARE_CARD","is_daily":false,"chose_seed":false,"campfire_upgraded":0,"win_rate":0.0,"timestamp":1612914963,"path_taken":["M","M","M","M","?","E","M","R","T","E","M","M","E","$","R","BOSS","M","$","?","M","M","E"],"items_purchased_type":["Card","Potion","Card","Relic","Potion","Relic"],"build_version":"2020-12-22","purchased_purges":2,"victory":false,"max_hp_per_floor":[80,80,80,80,80,80,80,80,80,80,80,80,80,80,80,80,90,90,95,95,95,95,95,95],"card_choices":[{"not_picked":["Heavy Blade","Havoc"],"picked":"Carnage","floor":1},{"not_picked":["Seeing Red","Pommel Strike"],"picked":"Sword Boomerang","floor":2},{"not_picked":["Evolve","Shrug It Off"],"picked":"Armaments","floor":3},{"not_picked":["Flex","Rage"],"picked":"Anger","floor":4},{"not_picked":["Disarm","Intimidate"],"picked":"Headbutt","floor":6},{"not_picked":["Whirlwind","Dark Embrace"],"picked":"Twin Strike","floor":7},{"not_picked":["Thunderclap","Sentinel"],"picked":"Impervious","floor":8},{"not_picked":["Impervious","True Grit"],"picked":"Cleave","floor":10},{"not_picked":["Twin Strike","Entrench"],"picked":"Carnage","floor":11},{"not_picked":["Clash","Evolve"],"picked":"Ghostly Armor","floor":12},{"not_picked":["Clash","Juggernaut"],"picked":"Rampage","floor":13},{"not_picked":["Reckless Charge","Hemokinesis"],"picked":"Shrug It Off","floor":15},{"not_picked":["Exhume","Corruption"],"picked":"Barricade","floor":16},{"not_picked":["Sentinel","Twin Strike"],"picked":"Pommel Strike+1","floor":18},{"not_picked":["Armaments","Twin Strike"],"picked":"Inflame+1","floor":21},{"not_picked":["Armaments","Clothesline"],"picked":"Inflame","floor":22}],"player_experience":538873,"relics_obtained":[{"floor":6,"key":"Dream Catcher"},{"floor":9,"key":"Vajra"},{"floor":10,"key":"CeramicFish"},{"floor":13,"key":"Potion Belt"},{"floor":17,"key":"Nunchaku"},{"floor":17,"key":"Pear"},{"floor":17,"key":"Unceasing Top"}],"event_choices":[{"damage_healed":0,"gold_gain":0,"player_choice":"Take Wound","damage_taken":0,"relics_obtained":["Golden Idol"],"max_hp_gain":0,"max_hp_loss":0,"event_name":"Golden Idol","floor":5,"gold_loss":0,"cards_obtained":["Injury"]},{"damage_healed":0,"gold_gain":0,"player_choice":"Gave Idol","damage_taken":0,"relics_obtained":["Bloody Idol"],"max_hp_gain":0,"max_hp_loss":0,"event_name":"Forgotten Altar","floor":20,"relics_lost":["Golden Idol"],"gold_loss":0}],"is_beta":false,"boss_relics":[{"not_picked":["Astrolabe","Runic Dome"],"picked":"Calling Bell"}],"items_purged_floors":[14,19],"is_endless":false,"potions_floor_spawned":[6,7,12,13,16,18,21],"killed_by":"Book of Stabbing","ascension_level":8}}