{"host":"sxnl403xm2xmiyj1","time":1612877898,"event":{"mods":["AchievementEnabler","BaseMod","Colored Map","Keyboard Shortcuts","Minty Spire (QoL Compilation)","Quick Restart","StSLib","SuperFastMode"],"gold_per_floor":[115,115,190,31,47,80,80,108,186,203,203,71,85,103,103,177,177,195,110,128,128,145,172,172,172,245,245,344,373,298,333,333,333,333],"floor_reached":33,"language":"KOR","playtime":521,"items_purged":[],"score":637,"play_id":"d8a143e6-1b5b-44d6-8dfa-3aac0680b335","local_time":"20210209223818","is_ascension_mode":true,"campfire_choices":[{"data":"Armaments","floor":11.0,"key":"SMITH"},{"floor":15.0,"key":"DIG"},{"floor":25.0,"key":"DIG"},{"floor":27.0,"key":"DIG"},{"data":"1","floor":32.0,"key":"LIFT"}],"circlet_count":0,"master_deck":["AscendersBane","Strike_R+1","Strike_R+1","Strike_R+1","Strike_R+1","Defend_R+1","Defend_R+1","Defend_R+1","Defend_R+1","Thunderclap+1","Wild Strike","Perfected Strike","Armaments+1","Headbutt","Perfected Strike","Perfected Strike","Wild Strike","Finesse","Evolve","Battle Trance","Offering","True Grit+1","Pommel Strike","Evolve","Sever Soul","Writhe","Double Tap","Havoc"],"relics":["Burning Blood","NeowsBlessing","Akabeko","Shovel","Gremlin Horn","Dead Branch","Mark of Pain","Centennial Puzzle","Torii","InkBottle","Ice Cream","Paper Frog","Girya","Pen Nib","Unceasing Top"],"acts_visited":["Exordium","TheCity"],"potions_floor_usage":[],"damage_taken":[{"damage":0.0,"enemies":"Small Slimes","floor":1.0,"turns":1.0},{"damage":0.0,"enemies":"2 Louse","floor":5.0,"turns":2.0},{"damage":0.0,"enemies":"Lagavulin","floor":6.0,"turns":1.0},{"damage":8.0,"enemies":"Gremlin Nob","floor":8.0,"turns":3.0},{"damage":12.0,"enemies":"Jaw Worm","floor":10.0,"turns":2.0},{"damage":0.0,"enemies":"2 Fungi Beasts","floor":13.0,"turns":2.0},{"damage":3.0,"enemies":"Blue Slaver","floor":14.0,"turns":3.0},{"damage":51.0,"enemies":"The Guardian","floor":16.0,"turns":9.0},{"damage":14.0,"enemies":"Shell Parasite","floor":18.0,"turns":2.0},{"damage":6.0,"enemies":"Spheric Guardian","floor":20.0,"turns":1.0},{"damage":6.0,"enemies":"Snecko","floor":22.0,"turns":1.0},{"damage":6.0,"enemies":"Gremlin Leader","floor":23.0,"turns":4.0},{"damage":21.0,"enemies":"Slavers","floor":29.0,"turns":4.0},{"damage":6.0,"enemies":"Gremlin Leader","floor":31.0,"turns":4.0},{"damage":42,"enemies":"Collector","floor":33,"turns":6}],"seed_played":"6550024880295866149","potions_obtained":[{"floor":6.0,"key":"EntropicBrew"},{"floor":8.0,"key":"LiquidMemories"},{"floor":10.0,"key":"Dexterity Potion"},{"floor":20.0,"key":"GamblersBrew"},{"floor":22.0,"key":"DistilledChaos"},{"floor":29.0,"key":"Strength Potion"}],"is_trial":false,"path_per_floor":["M","?","?","$","M","E","?","E","T","M","R","$","M","M","R","B",null,"M","?","M","?","M","E","?","R","T","R","?","E","?","E","R","B"],"character_chosen":"IRONCLAD","items_purchased":["Wild Strike","Perfected Strike","Armaments","Finesse","Evolve"],"campfire_rested":0,"item_purchase_floors":[4,4,4,12,12],"current_hp_per_floor":[78,78,67,67,73,79,63,61,61,55,55,55,61,64,64,19,65,57,57,57,57,57,57,57,57,57,57,57,42,42,42,42,0,0],"gold":333,"neow_bonus":"THREE_ENEMY_KILL","is_daily":false,"chose_seed":false,"campfire_upgraded":1,"win_rate":0.0,"timestamp":1612877898,"path_taken":["M","?","?","$","M","E","?","E","T","M","R","$","M","M","R","BOSS","M","?","M","?","M","E","?","R","T","R","?","E","?","E","R","BOSS"],"items_purchased_type":["Card","Card","Card","Card","Card"],"build_version":"2020-12-22","purchased_purges":0,"victory":false,"max_hp_per_floor":[80,80,80,80,80,80,80,80,80,80,80,80,80,80,80,80,80,80,80,80,80,80,80,80,80,80,80,80,80,80,80,80,80,80],"card_choices":[{"not_picked":["Anger","Clash"],"picked":"Thunderclap","floor":1.0},{"not_picked":["Iron Wave","Pummel"],"picked":"Headbutt","floor":5.0},{"not_picked":["Metallicize","Shrug It Off"],"picked":"Perfected Strike","floor":6.0},{"not_picked":["Hemokinesis","Havoc"],"picked":"Perfected Strike","floor":8.0},{"not_picked":["Anger","Armaments"],"picked":"Wild Strike","floor":10.0},{"not_picked":["Anger","Berserk","Whirlwind"],"picked":"SKIP","floor":13.0},{"not_picked":["Clash","Fire Breathing"],"picked":"Battle Trance","floor":14.0},{"not_picked":["Berserk","Exhume"],"picked":"Offering","floor":16.0},{"not_picked":["Body Slam+1","Twin Strike"],"picked":"True Grit+1","floor":18.0},{"not_picked":["Heavy Blade","Armaments"],"picked":"Pommel Strike","floor":20.0},{"not_picked":["Dropkick","Combust"],"picked":"Evolve","floor":22.0},{"not_picked":["Armaments","Iron Wave"],"picked":"Sever Soul","floor":23.0},{"not_picked":["Warcry","Intimidate"],"picked":"Double Tap","floor":29.0},{"not_picked":["Ghostly Armor","Combust"],"picked":"Havoc","floor":31.0}],"player_experience":206278,"relics_obtained":[{"floor":6.0,"key":"Akabeko"},{"floor":8.0,"key":"Shovel"},{"floor":9.0,"key":"Gremlin Horn"},{"floor":15.0,"key":"Dead Branch"},{"floor":23.0,"key":"Torii"},{"floor":25.0,"key":"Ice Cream"},{"floor":26.0,"key":"Paper Frog"},{"floor":27.0,"key":"Girya"},{"floor":29.0,"key":"Pen Nib"},{"floor":31.0,"key":"Unceasing Top"}],"event_choices":[{"cards_removed":["Strike_R"],"damage_healed":0.0,"max_hp_gain":0.0,"max_hp_loss":0.0,"gold_gain":0.0,"event_name":"Living Wall","player_choice":"Forget","floor":2.0,"gold_loss":0.0,"damage_taken":0.0},{"damage_healed":0.0,"max_hp_gain":0.0,"max_hp_loss":0.0,"gold_gain":75.0,"event_name":"World of Goop","player_choice":"Gather Gold","floor":3.0,"gold_loss":0.0,"damage_taken":11.0},{"damage_healed":0.0,"max_hp_gain":0.0,"max_hp_loss":0.0,"gold_gain":0.0,"event_name":"Shining Light","player_choice":"Entered Light","floor":7.0,"gold_loss":0.0,"damage_taken":16.0,"cards_upgraded":["Thunderclap","Defend_R"]},{"damage_healed":0.0,"max_hp_gain":0.0,"max_hp_loss":0.0,"gold_gain":0.0,"event_name":"Addict","player_choice":"Obtained Relic","floor":19.0,"gold_loss":85.0,"damage_taken":0.0,"relics_obtained":["Centennial Puzzle"]},{"damage_healed":0.0,"max_hp_gain":0.0,"max_hp_loss":0.0,"gold_gain":0.0,"event_name":"Back to Basics","player_choice":"Simplicity","floor":21.0,"gold_loss":0.0,"damage_taken":0.0,"cards_upgraded":["Strike_R","Strike_R","Strike_R","Strike_R","Defend_R","Defend_R","Defend_R"]},{"damage_healed":0.0,"max_hp_gain":0.0,"max_hp_loss":0.0,"gold_gain":0.0,"event_name":"The Mausoleum","player_choice":"Opened","floor":24.0,"gold_loss":0.0,"damage_taken":0.0,"relics_obtained":["InkBottle"],"cards_obtained":["Writhe"]},{"damage_healed":0.0,"max_hp_gain":0.0,"max_hp_loss":0.0,"gold_gain":99.0,"event_name":"Nest","player_choice":"Stole From Cult","floor":28.0,"gold_loss":0.0,"damage_taken":0.0},{"cards_removed":["Bash"],"damage_healed":0.0,"max_hp_gain":0.0,"max_hp_loss":0.0,"gold_gain":0.0,"event_name":"Beggar","player_choice":"Gave Gold","floor":30.0,"gold_loss":75.0,"damage_taken":0.0}],"is_beta":false,"boss_relics":[{"not_picked":["Pandora\u0027s Box","Astrolabe"],"picked":"Mark of Pain"}],"items_purged_floors":[],"is_endless":false,"potions_floor_spawned":[6,8,10,14,16,20,22,29],"killed_by":"Collector","ascension_level":13}}