{"host":"188x3om7sf6mgxv1","time":1612911742,"event":{"mods":["BaseMod","Block Reminder","Jorbs\u0027s Wanderer Trilogy","Minty Spire (QoL Compilation)","Relic Stats","StSLib"],"gold_per_floor":[112,122,72,82,82,82,93,120,120,295,25,51,3,34,34,137,137,152,172,16,16,34,64,64,95,119,119,119,129,139,151,151,251,251,269,288,288,252,279,305,3,28,28,63,74,74,100,116,116,116,116,116,116,151,151],"floor_reached":56,"language":"ENG","playtime":4287,"items_purged":["Doubt","stsjorbsmod:Amnesia"],"score":1453,"play_id":"d6d03ccd-4891-4a33-9acc-fe40e4fcda7f","local_time":"20210209180222","is_ascension_mode":true,"campfire_choices":[{"data":"Ball Lightning","floor":6,"key":"SMITH"},{"data":"Buffer","floor":15,"key":"SMITH"},{"data":"Self Repair","floor":28,"key":"SMITH"},{"data":"Creative AI","floor":32,"key":"SMITH"},{"floor":49,"key":"RECALL"},{"data":"Seek","floor":52,"key":"SMITH"}],"circlet_count":0,"master_deck":["Strike_B","Strike_B","Strike_B","Defend_B","Defend_B","Defend_B","Defend_B","Zap","Dualcast","FTL","Ball Lightning+1","Coolheaded","Conserve Battery","Buffer+1","Echo Form","Undo","Cold Snap","Compile Driver","Creative AI+1","Steam","Turbo","RitualDagger","Stack+1","Self Repair+1","Heatsinks","Turbo","Stack","Seek+1","Double Energy+1","Loop","Coolheaded+1","Defragment","Apotheosis","Self Repair+1","Defragment+1"],"relics":["Coffee Dripper","Tiny Chest","Orichalcum","Pear","Centennial Puzzle","Runic Pyramid","OrangePellets","Sundial","Gambling Chip","Kunai","Pen Nib","Cursed Key","InkBottle","Toy Ornithopter","Oddly Smooth Stone","Du-Vu Doll","Calipers"],"acts_visited":["Exordium","TheCity","TheBeyond","TheEnding"],"potions_floor_usage":[16,23,29,29,40,55,55,55],"damage_taken":[{"damage":8,"enemies":"Small Slimes","floor":1,"turns":4},{"damage":0,"enemies":"2 Louse","floor":2,"turns":2},{"damage":2,"enemies":"Jaw Worm","floor":4,"turns":4},{"damage":16,"enemies":"Lots of Slimes","floor":7,"turns":3},{"damage":24,"enemies":"Gremlin Nob","floor":8,"turns":4},{"damage":10,"enemies":"3 Sentries","floor":12,"turns":7},{"damage":3,"enemies":"Gremlin Nob","floor":14,"turns":4},{"damage":11,"enemies":"The Guardian","floor":16,"turns":13},{"damage":0,"enemies":"Spheric Guardian","floor":18,"turns":4},{"damage":0,"enemies":"Chosen","floor":19,"turns":7},{"damage":12,"enemies":"Snake Plant","floor":22,"turns":8},{"damage":47,"enemies":"Slavers","floor":23,"turns":7},{"damage":14,"enemies":"Book of Stabbing","floor":25,"turns":7},{"damage":6,"enemies":"Chosen and Byrds","floor":29,"turns":7},{"damage":0,"enemies":"Cultist and Chosen","floor":30,"turns":6},{"damage":8,"enemies":"Snake Plant","floor":31,"turns":7},{"damage":4,"enemies":"Automaton","floor":33,"turns":11},{"damage":0,"enemies":"3 Shapes","floor":35,"turns":7},{"damage":51,"enemies":"3 Darklings","floor":36,"turns":7},{"damage":6,"enemies":"Reptomancer","floor":40,"turns":10},{"damage":0,"enemies":"Giant Head","floor":42,"turns":9},{"damage":19,"enemies":"Nemesis","floor":44,"turns":7},{"damage":2,"enemies":"Transient","floor":45,"turns":5},{"damage":9,"enemies":"Reptomancer","floor":47,"turns":7},{"damage":10,"enemies":"4 Shapes","floor":48,"turns":7},{"damage":21,"enemies":"Time Eater","floor":50,"turns":13},{"damage":16,"enemies":"Shield and Spear","floor":54,"turns":10},{"damage":12,"enemies":"The Heart","floor":55,"turns":9}],"seed_played":"5309995549611710812","potions_obtained":[{"floor":1,"key":"CultistPotion"},{"floor":7,"key":"LiquidBronze"},{"floor":18,"key":"Regen Potion"},{"floor":29,"key":"PowerPotion"},{"floor":30,"key":"Ancient Potion"},{"floor":33,"key":"SkillPotion"},{"floor":47,"key":"SpeedPotion"}],"is_trial":false,"path_per_floor":["M","M","?","M","?","R","M","E","T","?","$","E","$","E","R","B",null,"M","M","$","?","M","E","T","E","T","?","R","M","M","M","R","B",null,"M","M","?","$","T","E","$","E","T","E","M","T","E","M","R","B",null,"R","$","E","B",null],"character_chosen":"DEFECT","items_purchased":["Echo Form","Undo","Cold Snap","Block Potion","OrangePellets","Loop","Defragment","Apotheosis"],"campfire_rested":0,"item_purchase_floors":[11,11,11,13,20,38,41,41],"current_hp_per_floor":[67,67,67,65,70,70,54,30,30,30,30,30,30,27,27,16,90,90,90,90,84,72,25,25,11,11,11,11,30,50,62,62,78,90,90,59,49,49,49,63,63,83,83,90,90,90,90,90,90,89,90,90,90,90,90],"gold":151,"neow_bonus":"BOSS_RELIC","is_daily":false,"chose_seed":false,"campfire_upgraded":5,"win_rate":0.0,"timestamp":1612911742,"path_taken":["M","M","?","M","?","R","M","E","T","?","$","E","?","E","R","BOSS","M","M","$","?","M","E","?","E","T","?","R","?","M","M","R","BOSS","M","M","?","$","?","E","$","E","T","E","M","?","E","M","R","BOSS","R","$","E","BOSS"],"items_purchased_type":["Card","Card","Card","Potion","Relic","Card","Card","Card"],"build_version":"2020-12-22","purchased_purges":2,"victory":true,"max_hp_per_floor":[75,75,75,75,80,80,80,80,80,80,80,90,90,90,90,90,90,90,90,90,90,90,90,90,90,90,90,90,90,90,90,90,90,90,90,90,90,90,90,90,90,90,90,90,90,90,90,90,90,90,90,90,90,90,90],"relic_stats":{"counters":[28,195],"Pen Nib":[17],"Orichalcum":[246],"Cursed Key":1,"OrangePellets":[28],"Centennial Puzzle":[48],"Sundial":[12],"Gambling Chip":[47],"Tiny Chest":2,"Kunai":[26],"obtain_stats":[{"Pear":12,"Calipers":54,"Oddly Smooth Stone":44,"Pen Nib":26,"Orichalcum":9,"Cursed Key":34,"Du-Vu Doll":47,"OrangePellets":20,"Centennial Puzzle":14,"Sundial":23,"Gambling Chip":24,"Tiny Chest":8,"Coffee Dripper":0,"Kunai":25,"Cracked Core":0,"InkBottle":40,"Toy Ornithopter":42,"Runic Pyramid":17},{"Pear":6,"Calipers":27,"Oddly Smooth Stone":22,"Pen Nib":13,"Orichalcum":5,"Cursed Key":17,"Du-Vu Doll":24,"OrangePellets":10,"Centennial Puzzle":7,"Sundial":12,"Gambling Chip":12,"Tiny Chest":5,"Coffee Dripper":0,"Kunai":13,"Cracked Core":0,"InkBottle":20,"Toy Ornithopter":21,"Runic Pyramid":8},{"Pear":24,"Calipers":186,"Oddly Smooth Stone":145,"Pen Nib":74,"Orichalcum":17,"Cursed Key":105,"Du-Vu Doll":157,"OrangePellets":52,"Centennial Puzzle":28,"Sundial":67,"Gambling Chip":67,"Tiny Chest":17,"Coffee Dripper":0,"Kunai":74,"Cracked Core":0,"InkBottle":129,"Toy Ornithopter":138,"Runic Pyramid":41}],"InkBottle":[25],"Toy Ornithopter":0},"card_choices":[{"not_picked":["Heatsinks","Gash"],"picked":"FTL","floor":1},{"not_picked":["Coolheaded","Conserve Battery"],"picked":"Ball Lightning","floor":2},{"not_picked":["Gash","Recycle"],"picked":"Coolheaded","floor":4},{"not_picked":["Coolheaded","Blizzard"],"picked":"Conserve Battery","floor":7},{"not_picked":["Beam Cell","Fission"],"picked":"Buffer","floor":8},{"not_picked":["Cold Snap","Conserve Battery"],"picked":"Compile Driver","floor":12},{"not_picked":["Stack","Leap","Coolheaded"],"picked":"SKIP","floor":14},{"not_picked":["Core Surge","Reboot"],"picked":"Creative AI","floor":16},{"not_picked":["Scrape+1","Streamline"],"picked":"Steam","floor":18},{"not_picked":["FTL","Compile Driver"],"picked":"Turbo","floor":19},{"not_picked":["Conserve Battery","Steam","Leap"],"picked":"SKIP","floor":22},{"not_picked":["Compile Driver+1","Darkness"],"picked":"Stack+1","floor":23},{"not_picked":["Hello World+1","Auto Shields","Conserve Battery+1"],"picked":"SKIP","floor":25},{"not_picked":["Skim","Coolheaded"],"picked":"Heatsinks","floor":29},{"not_picked":["Barrage+1","Rebound"],"picked":"Turbo","floor":30},{"not_picked":["Skim+1","Steam Power"],"picked":"Stack","floor":31},{"not_picked":["Echo Form","Hyperbeam"],"picked":"Seek","floor":33},{"not_picked":["Gash","Cold Snap","Rebound+1"],"picked":"SKIP","floor":35},{"not_picked":["Conserve Battery+1","Fusion+1"],"picked":"Double Energy+1","floor":36},{"not_picked":["BootSequence+1","Darkness"],"picked":"Coolheaded+1","floor":40},{"not_picked":["Rip and Tear+1","Barrage"],"picked":"Self Repair+1","floor":42},{"not_picked":["Gash+1","Turbo","Sweeping Beam"],"picked":"SKIP","floor":44},{"not_picked":["Gash","Force Field+1"],"picked":"Defragment+1","floor":45},{"not_picked":["Rebound+1","Blizzard","BootSequence"],"picked":"SKIP","floor":47},{"not_picked":["Barrage+1","Heatsinks","Beam Cell"],"picked":"SKIP","floor":48},{"not_picked":["Steam","Tempest+1","Sunder+1"],"picked":"SKIP","floor":54}],"player_experience":44325,"relics_obtained":[{"floor":8,"key":"Tiny Chest"},{"floor":9,"key":"Orichalcum"},{"floor":12,"key":"Pear"},{"floor":14,"key":"Centennial Puzzle"},{"floor":23,"key":"Sundial"},{"floor":24,"key":"Gambling Chip"},{"floor":25,"key":"Kunai"},{"floor":26,"key":"Pen Nib"},{"floor":40,"key":"InkBottle"},{"floor":42,"key":"Toy Ornithopter"},{"floor":44,"key":"Oddly Smooth Stone"},{"floor":47,"key":"Du-Vu Doll"},{"floor":54,"key":"Calipers"}],"event_choices":[{"cards_removed":["Strike_B"],"damage_healed":0,"gold_gain":0,"player_choice":"Card Removal","damage_taken":0,"max_hp_gain":0,"max_hp_loss":0,"event_name":"The Cleric","floor":3,"gold_loss":50},{"damage_healed":0,"gold_gain":0,"player_choice":"Donut","damage_taken":0,"max_hp_gain":5,"max_hp_loss":0,"event_name":"Big Fish","floor":5,"gold_loss":0},{"damage_healed":0,"gold_gain":175,"player_choice":"AGREE","damage_taken":0,"max_hp_gain":0,"max_hp_loss":0,"event_name":"Liars Game","floor":10,"gold_loss":0,"cards_obtained":["Doubt"]},{"damage_healed":0,"gold_gain":0,"player_choice":"Joined the Cult","damage_taken":6,"max_hp_gain":0,"max_hp_loss":0,"event_name":"Nest","floor":21,"gold_loss":0,"cards_obtained":["RitualDagger"]},{"damage_healed":0,"gold_gain":0,"player_choice":"Read","damage_taken":0,"max_hp_gain":0,"max_hp_loss":0,"event_name":"The Library","floor":27,"gold_loss":0,"cards_obtained":["Self Repair"]},{"damage_healed":0,"gold_gain":0,"player_choice":"Memory 3","damage_taken":10,"max_hp_gain":0,"max_hp_loss":0,"event_name":"SensoryStone","floor":37,"gold_loss":0}],"is_beta":false,"boss_relics":[{"not_picked":["Velvet Choker","Sozu"],"picked":"Runic Pyramid"},{"not_picked":["Nuclear Battery","Tiny House"],"picked":"Cursed Key"}],"items_purged_floors":[11,41],"is_endless":false,"potions_floor_spawned":[1,7,18,29,30,33,35,36,47,54],"ascension_level":2}}