{"host":"Jinnai","time":1612881738,"event":{"mods":["BaseMod","Bestiary","Block Reminder","Colored Map","Colored Powertips","Curses Come First","Highlight Path","Minty Spire (QoL Compilation)","Permanent Neow","Potion Indicator Mod","Quick Restart","Relic Stats","StSLib","ojb\u0027s Info Mod"],"gold_per_floor":[117,117,132,132,12,12,31,31,31,62,78,88,35,54,54,168,180,203,229,254,266,292,304,332,92,117,150,163,38,38,53,53,53,53],"floor_reached":33,"language":"ENG","playtime":2121,"items_purged":["Strike_B","Defend_B","Strike_B"],"score":271,"play_id":"0f4b0768-18c6-41c6-ad92-b542e8867688","local_time":"20210209094218","is_ascension_mode":false,"campfire_choices":[{"data":"Hologram","floor":6,"key":"SMITH"},{"data":"Zap","floor":8,"key":"SMITH"},{"floor":15,"key":"DIG"},{"floor":23,"key":"REST"},{"floor":32,"key":"REST"}],"circlet_count":0,"master_deck":["Strike_B","Strike_B","Defend_B","Defend_B","Zap+1","Dualcast","Hologram+1","Gash","Gash","Auto Shields","Gash"],"relics":["Cracked Core","Akabeko","PreservedInsect","MealTicket","Shovel","MawBank","Nuclear Battery","Bag of Marbles","Blood Vial","Pear"],"acts_visited":["Exordium","TheCity"],"potions_floor_usage":[10,16,24,27,31],"damage_taken":[{"damage":3,"enemies":"Small Slimes","floor":1,"turns":2},{"damage":6,"enemies":"Jaw Worm","floor":3,"turns":2},{"damage":6,"enemies":"Cultist","floor":7,"turns":3},{"damage":11,"enemies":"Lagavulin","floor":10,"turns":4},{"damage":2,"enemies":"Blue Slaver","floor":11,"turns":2},{"damage":16,"enemies":"Exordium Thugs","floor":12,"turns":5},{"damage":0,"enemies":"Large Slime","floor":14,"turns":4},{"damage":9,"enemies":"Hexaghost","floor":16,"turns":9},{"damage":0,"enemies":"3 Byrds","floor":18,"turns":6},{"damage":18,"enemies":"Shell Parasite","floor":19,"turns":5},{"damage":18,"enemies":"Snake Plant","floor":20,"turns":5},{"damage":21,"enemies":"Snecko","floor":22,"turns":6},{"damage":14,"enemies":"Sentry and Sphere","floor":24,"turns":5},{"damage":33,"enemies":"Slavers","floor":27,"turns":6},{"damage":6,"enemies":"3 Cultists","floor":28,"turns":5},{"damage":5,"enemies":"Snake Plant","floor":31,"turns":4},{"damage":58,"enemies":"Champ","floor":33,"turns":7}],"seed_played":"6490445567488546731","potions_obtained":[{"floor":1,"key":"AttackPotion"},{"floor":7,"key":"Energy Potion"},{"floor":10,"key":"EssenceOfSteel"},{"floor":16,"key":"AttackPotion"},{"floor":20,"key":"FocusPotion"},{"floor":24,"key":"Weak Potion"},{"floor":27,"key":"Weak Potion"}],"is_trial":false,"path_per_floor":["M","?","M","?","$","R","M","R","T","E","M","M","$","M","R","B",null,"M","M","M","?","M","R","M","$","T","E","M","$","?","M","R","B"],"character_chosen":"DEFECT","items_purchased":["Hologram","Gash","Bag of Marbles"],"campfire_rested":2,"item_purchase_floors":[5,13,25],"current_hp_per_floor":[72,47,41,41,41,41,35,35,35,24,22,6,21,21,21,12,75,75,57,39,39,18,40,26,41,41,20,16,31,31,28,53,0,0],"gold":53,"neow_bonus":"RANDOM_COMMON_RELIC","is_daily":false,"chose_seed":false,"campfire_upgraded":2,"win_rate":0.0,"timestamp":1612881738,"path_taken":["M","?","M","?","$","R","M","R","T","E","M","M","?","?","R","BOSS","M","M","M","?","M","R","M","$","T","E","M","$","?","M","R","BOSS"],"items_purchased_type":["Card","Card","Relic"],"build_version":"2020-12-18","purchased_purges":3,"victory":false,"max_hp_per_floor":[75,75,75,75,75,75,75,75,75,75,75,75,75,75,75,75,75,75,75,75,75,75,75,75,75,75,85,85,85,85,85,85,85,85],"relic_stats":{"Blood Vial":8,"Shovel":1,"counters":[17,80],"MealTicket":45,"PreservedInsect":68,"MawBank":120,"obtain_stats":[{"Blood Vial":26,"Shovel":10,"Pear":27,"MealTicket":9,"PreservedInsect":2,"Bag of Marbles":25,"Cracked Core":0,"MawBank":15,"Akabeko":0,"Nuclear Battery":17},{"Blood Vial":13,"Shovel":4,"Pear":14,"MealTicket":3,"PreservedInsect":1,"Bag of Marbles":13,"Cracked Core":0,"MawBank":7,"Akabeko":0,"Nuclear Battery":8},{"Blood Vial":58,"Shovel":11,"Pear":64,"MealTicket":7,"PreservedInsect":2,"Bag of Marbles":58,"Cracked Core":0,"MawBank":22,"Akabeko":0,"Nuclear Battery":31}]},"card_choices":[{"not_picked":["Reinforced Body","Consume","Compile Driver"],"picked":"SKIP","floor":1},{"not_picked":["Skim","BootSequence","Compile Driver"],"picked":"SKIP","floor":3},{"not_picked":["Stack","Beam Cell","Leap"],"picked":"SKIP","floor":7},{"not_picked":["Reprogram","Multi-Cast","Storm"],"picked":"SKIP","floor":10},{"not_picked":["Aggregate","Stack","Barrage"],"picked":"SKIP","floor":11},{"not_picked":["Chill","Turbo"],"picked":"Gash","floor":12},{"not_picked":["Turbo","Genetic Algorithm"],"picked":"Auto Shields","floor":14},{"not_picked":["Barrage","Sweeping Beam"],"picked":"Gash","floor":18},{"not_picked":["Steam","Stack","Redo"],"picked":"SKIP","floor":19},{"not_picked":["Turbo","Beam Cell","Sweeping Beam"],"picked":"SKIP","floor":20},{"not_picked":["Scrape","Ball Lightning","Sweeping Beam+1"],"picked":"SKIP","floor":22},{"not_picked":["Beam Cell","Compile Driver","Cold Snap"],"picked":"SKIP","floor":24},{"not_picked":["Conserve Battery","Hyperbeam","Barrage"],"picked":"SKIP","floor":27},{"not_picked":["Double Energy","Steam","Auto Shields"],"picked":"SKIP","floor":28},{"not_picked":["Redo","Coolheaded","Streamline"],"picked":"SKIP","floor":31}],"player_experience":1685165,"relics_obtained":[{"floor":9,"key":"MealTicket"},{"floor":10,"key":"Shovel"},{"floor":15,"key":"MawBank"},{"floor":26,"key":"Blood Vial"},{"floor":27,"key":"Pear"}],"event_choices":[{"damage_healed":0,"gold_gain":0,"player_choice":"Success","damage_taken":25,"relics_obtained":["PreservedInsect"],"max_hp_gain":0,"max_hp_loss":0,"event_name":"Scrap Ooze","floor":2,"gold_loss":0},{"cards_removed":["Defend_B"],"damage_healed":0,"gold_gain":0,"player_choice":"Forget","damage_taken":0,"max_hp_gain":0,"max_hp_loss":0,"event_name":"Living Wall","floor":4,"gold_loss":0},{"damage_healed":0,"gold_gain":0,"player_choice":"Ignored","damage_taken":0,"max_hp_gain":0,"max_hp_loss":0,"event_name":"Vampires","floor":21,"gold_loss":0}],"is_beta":true,"boss_relics":[{"not_picked":["Inserter","Coffee Dripper"],"picked":"Nuclear Battery"}],"items_purged_floors":[5,25,29],"is_endless":false,"potions_floor_spawned":[1,7,10,16,20,22,24,27],"killed_by":"Champ","ascension_level":0}}