{"host":"tcdxiwht2vajk3tk","time":1612844074,"event":{"mods":["AchievementEnabler","BaseMod","Beaked The Cultist","Colored Powertips","Conspire","Defuse TimeMaze Blight","Downfall","Halation","Hermit","Hubris","Infinite Spire","Lobotomy","LobotomyExtend","Minty Spire (QoL Compilation)","Replay The Spire","Shop Mod","StSLib","The Cursed","The Disciple"],"gold_per_floor":[111,127,127,139,157,182,60,88,114,114,129,129,157,167,167,266,266,266,266],"floor_reached":18,"language":"ENG","playtime":1445,"items_purged":[],"score":217,"play_id":"90c2981e-bf7f-40f3-9905-e6a574aa861c","local_time":"20210208231434","is_ascension_mode":true,"campfire_choices":[{"floor":10,"key":"REST"},{"floor":15,"key":"REST"}],"circlet_count":0,"master_deck":["hermit:Strike_Hermit","hermit:Strike_Hermit","hermit:Strike_Hermit","hermit:Strike_Hermit","hermit:Defend_Hermit+1","hermit:Defend_Hermit","hermit:Defend_Hermit","hermit:Defend_Hermit","hermit:Snapshot","hermit:Covet","bronze:Goto+1","Strike_P","hermit:Adapt","hermit:ItchyTrigger","hermit:Misfire","hermit:Determination","hermit:Quickdraw","hermit:Shortfuse","hermit:Determination","hermit:Quickdraw","hermit:Glare","hermit:Headshot","hermit:OverwhelmingPower","hermit:Feint","hermit:Purgatory"],"relics":["hermit:Momento","LetterFromLob","RedMistMask","War Paint","halation:LettersToHer","infinitespire:PuzzleCube","halation:PinkSoulGem","hubris:Zylophone","conspire:SeveredTorchhead"],"acts_visited":["Exordium","TheCity"],"potions_floor_usage":[5,13,13,16],"damage_taken":[{"damage":3.0,"enemies":"Small Slimes","floor":1.0,"turns":4.0},{"damage":0.0,"enemies":"Cultist","floor":2.0,"turns":4.0},{"damage":0.0,"enemies":"2 Louse","floor":4.0,"turns":2.0},{"damage":12,"enemies":"2 Fungi Beasts","floor":5,"turns":2},{"damage":24,"enemies":"Gremlin Nob","floor":6,"turns":4},{"damage":21,"enemies":"Lagavulin","floor":8,"turns":5},{"damage":1,"enemies":"3 Louse","floor":11,"turns":2},{"damage":0,"enemies":"Gremlin Nob","floor":13,"turns":3},{"damage":9,"enemies":"Red Slaver","floor":14,"turns":2},{"damage":21,"enemies":"Slime Boss","floor":16,"turns":6},{"damage":82,"enemies":"Spheric Guardian","floor":18,"turns":2}],"seed_played":"6386288985136283623","potions_obtained":[{"floor":1.0,"key":"sneckomod:MuddlingPotion"},{"floor":2.0,"key":"Fire Potion"},{"floor":6,"key":"ColorlessPotion"},{"floor":8,"key":"Dexterity Potion"},{"floor":11,"key":"hexamod:SoulburnPotion"}],"is_trial":false,"path_per_floor":["M","M","?","M","M","E","$","E","T","R","M","?","E","M","R","B",null,"M"],"character_chosen":"HERMIT","items_purchased":["hermit:Determination","hermit:Quickdraw"],"campfire_rested":2,"item_purchase_floors":[7,7],"current_hp_per_floor":[72,72,72,72,60,36,36,15,15,37,36,36,36,27,49,28,75,0,0],"gold":266,"neow_bonus":"THREE_RARE_CARDS","is_daily":false,"chose_seed":false,"campfire_upgraded":0,"win_rate":0.0,"timestamp":1612844074,"path_taken":["M","M","?","M","?","E","$","E","T","R","?","?","E","M","R","BOSS","M"],"items_purchased_type":["Card","Card"],"build_version":"2020-12-22","purchased_purges":0,"victory":false,"max_hp_per_floor":[75,75,75,75,75,75,75,75,75,75,75,75,75,75,75,75,75,75,75],"card_choices":[{"not_picked":["hermit:Gambit","hermit:HeroicBravado"],"picked":"hermit:Adapt","floor":0.0},{"not_picked":["hermit:TrackingShot","hermit:Maintenance"],"picked":"hermit:ItchyTrigger","floor":1.0},{"not_picked":["hermit:HoleUp","hermit:ItchyTrigger"],"picked":"hermit:Misfire","floor":2.0},{"not_picked":["hermit:LuckOfTheDraw","hermit:TrackingShot"],"picked":"hermit:Determination","floor":4.0},{"not_picked":["hermit:WideOpen","hermit:ItchyTrigger"],"picked":"hermit:Quickdraw","floor":5},{"not_picked":["hermit:Gestalt","hermit:Vantage"],"picked":"hermit:Shortfuse","floor":6},{"not_picked":["hermit:Spite","hermit:Malice"],"picked":"hermit:Glare","floor":8},{"not_picked":["hermit:CalledShot","hermit:Determination"],"picked":"hermit:Headshot","floor":11},{"not_picked":["hermit:Scavenge","hermit:RoundhouseKick"],"picked":"hermit:OverwhelmingPower","floor":13},{"not_picked":["hermit:BodyArmor","hermit:Cheat"],"picked":"hermit:Feint","floor":14},{"not_picked":["hermit:FromBeyond","hermit:Adapt"],"picked":"hermit:Purgatory","floor":16}],"player_experience":1714044,"relics_obtained":[{"floor":1.0,"key":"LetterFromLob"},{"floor":2.0,"key":"RedMistMask"},{"floor":6,"key":"halation:LettersToHer"},{"floor":8,"key":"infinitespire:PuzzleCube"},{"floor":9,"key":"halation:LettersToHer"},{"floor":13,"key":"hubris:Zylophone"}],"event_choices":[{"damage_healed":0.0,"max_hp_gain":0.0,"max_hp_loss":0.0,"gold_gain":0.0,"event_name":"WeMeetAgain","player_choice":"Gave Potion","floor":3.0,"gold_loss":0.0,"damage_taken":0.0,"relics_obtained":["War Paint"]}],"is_beta":false,"boss_relics":[{"not_picked":["Honey Jar","Empty Cage"],"picked":"conspire:SeveredTorchhead"}],"items_purged_floors":[],"is_endless":false,"potions_floor_spawned":[1,2,6,8,11],"killed_by":"Spheric Guardian","ascension_level":1}}