{"host":"BK","time":1612832084,"event":{"mods":["BaseMod","Highlight Path","Minty Spire (QoL Compilation)","StSLib"],"gold_per_floor":[111,122,136,106,121,121,150,168,168,168,199,214,234,247,247,326,326,341,100,117,7,19,50,50,50,50,50,0,0,12,38,38,38,38],"floor_reached":33,"language":"ENG","playtime":2022,"items_purged":["Strike_G"],"score":619,"play_id":"699be841-a6fd-426d-a7ab-ce009efe23a9","local_time":"20210208175444","is_ascension_mode":true,"campfire_choices":[{"data":"Poisoned Stab","floor":6,"key":"SMITH"},{"floor":10,"key":"REST"},{"data":"Footwork","floor":15,"key":"SMITH"},{"data":"Acrobatics","floor":24,"key":"SMITH"},{"data":"1","floor":29,"key":"LIFT"},{"floor":32,"key":"REST"}],"circlet_count":0,"master_deck":["AscendersBane","Strike_G","Strike_G","Strike_G","Strike_G","Defend_G","Defend_G","Defend_G","Defend_G","Defend_G","Survivor","Neutralize","Poisoned Stab+1","Blade Dance","Bouncing Flask","Noxious Fumes","Footwork+1","Acrobatics+1","Backflip","Wraith Form v2","Footwork","Backflip","Dodge and Roll+1","Decay","Adrenaline"],"relics":["Ring of the Snake","CaptainsWheel","Mango","HornCleat","Odd Mushroom","Snecko Eye","TwistedFunnel","Bird Faced Urn","Girya","Boot"],"acts_visited":["Exordium","TheCity"],"potions_floor_usage":[7,11,16,23,23,33],"damage_taken":[{"damage":11,"enemies":"Cultist","floor":1,"turns":6},{"damage":0,"enemies":"Small Slimes","floor":2,"turns":4},{"damage":5,"enemies":"Jaw Worm","floor":3,"turns":4},{"damage":9,"enemies":"Looter","floor":5,"turns":3},{"damage":36,"enemies":"Gremlin Nob","floor":7,"turns":4},{"damage":7,"enemies":"Large Slime","floor":8,"turns":6},{"damage":20,"enemies":"3 Sentries","floor":11,"turns":7},{"damage":0,"enemies":"2 Fungi Beasts","floor":12,"turns":4},{"damage":7,"enemies":"The Mushroom Lair","floor":13,"turns":4},{"damage":9,"enemies":"Exordium Thugs","floor":14,"turns":6},{"damage":6,"enemies":"Hexaghost","floor":16,"turns":9},{"damage":8,"enemies":"Shell Parasite","floor":18,"turns":5},{"damage":0,"enemies":"Spheric Guardian","floor":20,"turns":4},{"damage":0,"enemies":"3 Cultists","floor":22,"turns":6},{"damage":12,"enemies":"Gremlin Leader","floor":23,"turns":9},{"damage":23,"enemies":"Shelled Parasite and Fungi","floor":30,"turns":5},{"damage":31,"enemies":"Slavers","floor":31,"turns":6},{"damage":42,"enemies":"Champ","floor":33,"turns":9}],"seed_played":"-8068020405128562404","potions_obtained":[{"floor":1,"key":"Dexterity Potion"},{"floor":4,"key":"Regen Potion"},{"floor":7,"key":"EssenceOfSteel"},{"floor":11,"key":"LiquidBronze"},{"floor":16,"key":"Fire Potion"},{"floor":30,"key":"Ancient Potion"}],"is_trial":false,"path_per_floor":["M","M","M","?","M","R","E","M","T","R","E","M","?","M","R","B",null,"M","$","M","$","M","E","R","?","T","?","?","R","M","E","R","B"],"character_chosen":"THE_SILENT","items_purchased":["TwistedFunnel","Footwork","Backflip"],"campfire_rested":2,"item_purchase_floors":[19,21,21],"current_hp_per_floor":[54,54,49,49,40,40,18,11,25,50,30,30,23,14,14,8,67,59,59,59,59,59,47,47,47,47,47,47,47,30,5,30,0,0],"gold":38,"neow_bonus":"TEN_PERCENT_HP_BONUS","is_daily":false,"chose_seed":false,"campfire_upgraded":3,"win_rate":0.0,"timestamp":1612832084,"path_taken":["M","?","M","?","M","R","E","?","T","R","E","M","?","M","R","BOSS","M","$","M","$","M","E","R","?","T","?","?","R","M","E","R","BOSS"],"items_purchased_type":["Relic","Card","Card"],"build_version":"2020-12-18","purchased_purges":1,"victory":false,"max_hp_per_floor":[72,72,72,72,72,72,72,72,86,86,86,86,86,86,86,86,86,86,86,86,86,86,86,86,86,86,86,86,86,86,86,86,86,86],"card_choices":[{"not_picked":["Backstab","Choke"],"picked":"Poisoned Stab","floor":1},{"not_picked":["Dodge and Roll","Sucker Punch"],"picked":"Blade Dance","floor":2},{"not_picked":["Flechettes","Underhanded Strike","Deflect"],"picked":"SKIP","floor":3},{"not_picked":["Blade Dance","Sucker Punch"],"picked":"Bouncing Flask","floor":5},{"not_picked":["PiercingWail","Underhanded Strike"],"picked":"Noxious Fumes","floor":7},{"not_picked":["Sucker Punch","Infinite Blades"],"picked":"Footwork","floor":8},{"not_picked":["Prepared","Bouncing Flask","Backstab"],"picked":"SKIP","floor":11},{"not_picked":["Dodge and Roll","Reflex"],"picked":"Acrobatics","floor":12},{"not_picked":["Dagger Spray","Flying Knee"],"picked":"Backflip","floor":13},{"not_picked":["Tactician","Bane","Poisoned Stab"],"picked":"SKIP","floor":14},{"not_picked":["Phantasmal Killer","Grand Finale"],"picked":"Wraith Form v2","floor":16},{"not_picked":["Deflect","Slice","Blade Dance"],"picked":"SKIP","floor":18},{"not_picked":["Poisoned Stab","Predator","Acrobatics"],"picked":"SKIP","floor":20},{"not_picked":["Prepared","Heel Hook"],"picked":"Dodge and Roll+1","floor":22},{"not_picked":["Poisoned Stab","Finisher","Setup"],"picked":"SKIP","floor":23},{"not_picked":["Quick Slash+1","Outmaneuver+1","Flechettes"],"picked":"SKIP","floor":30},{"not_picked":["Finisher","Blade Dance"],"picked":"Adrenaline","floor":31}],"player_experience":2533689,"relics_obtained":[{"floor":7,"key":"CaptainsWheel"},{"floor":9,"key":"Mango"},{"floor":11,"key":"HornCleat"},{"floor":13,"key":"Odd Mushroom"},{"floor":23,"key":"Bird Faced Urn"},{"floor":26,"key":"Girya"},{"floor":31,"key":"Boot"}],"event_choices":[{"damage_healed":0,"gold_gain":0,"player_choice":"Bought 2 Potions","damage_taken":0,"max_hp_gain":0,"max_hp_loss":0,"event_name":"The Woman in Blue","floor":4,"gold_loss":0},{"damage_healed":0,"gold_gain":0,"player_choice":"Fought Mushrooms","damage_taken":0,"max_hp_gain":0,"max_hp_loss":0,"event_name":"Mushrooms","floor":13,"gold_loss":0},{"damage_healed":0,"gold_gain":0,"player_choice":"Smashed Altar","damage_taken":0,"max_hp_gain":0,"max_hp_loss":0,"event_name":"Forgotten Altar","floor":27,"gold_loss":0,"cards_obtained":["Decay"]},{"damage_healed":0,"gold_gain":0,"player_choice":"Paid Fearfully","damage_taken":0,"max_hp_gain":0,"max_hp_loss":0,"event_name":"Masked Bandits","floor":28,"gold_loss":50}],"is_beta":true,"boss_relics":[{"not_picked":["Empty Cage","Philosopher\u0027s Stone"],"picked":"Snecko Eye"}],"items_purged_floors":[19],"is_endless":false,"potions_floor_spawned":[1,7,8,11,13,16,20,30],"killed_by":"Champ","ascension_level":20}}