{"host":"rihxvzvzrfpivboj","time":1612906759,"event":{"mods":["Act Like it!","BaseMod","Better Third Choice","Block Reminder","Colored Map","Colored Powertips","Downfall","Gensokyo","GifTheSpireLib","Googly Eyes","Keyboard Shortcuts","Minty Spire (QoL Compilation)","Quick Restart","Relic Sorter","StSLib","SuperFastMode","Unceasing Turn Reminder","Waifu the Spire"],"gold_per_floor":[99,110,123,69,86,121,159,171,194,218,230,259,271,293,316,433,445,457,487,499,511,523,535,547,592,619,531,575,587,74,93,93,93,93],"floor_reached":32,"language":"ENG","playtime":2250,"items_purged":["sneckomod:Strike"],"score":294,"play_id":"fc86cd14-462d-4e2f-8d0f-a9a672930768","local_time":"20210209223919","is_ascension_mode":true,"campfire_choices":[{"floor":18,"key":"RECALL"}],"circlet_count":0,"master_deck":["sneckomod:Strike+1","sneckomod:Defend","sneckomod:Defend","sneckomod:Defend","sneckomod:TailWhip","sneckomod:SnekBite","sneckomod:UnlimitedRolls","PiercingWail","sneckomod:QuickMove+1","sneckomod:SnakeSap","sneckomod:SoulExchange","hexamod:NightmareStrike","sneckomod:ImprovisedAttack","Guardian:TemporalStrike+1","sneckomod:UnknownUncommonSkill","sneckomod:Mudshield","sneckomod:SerpentMind","sneckomod:UnknownClassPURPLE","sneckomod:MasterEye","sneckomod:ImprovisedAttack+1","sneckomod:MasterEye","Slimebound:Prepare","sneckomod:ImprovisedAttack+1","Night Terror","sneckomod:TrashToTreasure+1","sneckomod:QuickBite+1","sneckomod:UnknownClassBLUE+1"],"relics":["sneckomod:SneckoSoul","MawBank","Fusion Hammer","Question Card","Molten Egg 2","Bottled Lightning","downfall:HeartBlessingRed","Centennial Puzzle","InkBottle","Bag of Marbles"],"acts_visited":["Exordium","Exordium"],"potions_floor_usage":[6,12,30,30,31],"damage_taken":[{"damage":1,"enemies":"Jaw Worm","floor":2,"turns":3},{"damage":0,"enemies":"Small Slimes","floor":3,"turns":4},{"damage":0,"enemies":"downfall:FleeingMerchant","floor":4,"turns":4},{"damage":1,"enemies":"Cultist","floor":5,"turns":4},{"damage":9,"enemies":"3 Sentries","floor":6,"turns":8},{"damage":1,"enemies":"2 Fungi Beasts","floor":9,"turns":3},{"damage":3,"enemies":"Blue Slaver","floor":10,"turns":3},{"damage":0,"enemies":"Gremlin Gang","floor":12,"turns":5},{"damage":0,"enemies":"2 Fungi Beasts","floor":14,"turns":3},{"damage":6,"enemies":"Exordium Wildlife","floor":15,"turns":3},{"damage":11,"enemies":"SI_SHIV_ARCHETYPE","floor":16,"turns":13},{"damage":13,"enemies":"Gensokyo:AngelMirror","floor":19,"turns":6},{"damage":30,"enemies":"Gensokyo:Koishi","floor":25,"turns":6},{"damage":11,"enemies":"Gensokyo:2_Gloops","floor":26,"turns":5},{"damage":12,"enemies":"Gensokyo:Reisen","floor":28,"turns":7},{"damage":15,"enemies":"downfall:FleeingMerchant","floor":30,"turns":4},{"damage":0,"enemies":"Gensokyo:Swordslinger","floor":31,"turns":3},{"damage":7,"enemies":"Gensokyo:Slime_Group","floor":32,"turns":1}],"seed_played":"617270740822346136","potions_obtained":[{"floor":5,"key":"Strength Potion"},{"floor":6,"key":"Strength Potion"},{"floor":9,"key":"DuplicationPotion"},{"floor":10,"key":"LiquidBronze"},{"floor":16,"key":"PowerPotion"},{"floor":26,"key":"Swift Potion"},{"floor":28,"key":"FearPotion"}],"is_trial":false,"path_per_floor":["R","M","M","$","M","E","T","R","M","M","R","M","?","M","M","B",null,"R","M","?","?","?","?","T","E","M","R","E","?","$","M","M"],"character_chosen":"THE_SNECKO","items_purchased":["sneckomod:SnakeSap","InkBottle","sneckomod:QuickBite+1","Bag of Marbles"],"campfire_rested":0,"item_purchase_floors":[4,30,30,30],"current_hp_per_floor":[90,89,89,89,88,79,79,79,78,75,75,75,75,75,69,58,90,90,77,77,77,77,77,77,47,36,36,24,16,1,1,0,0,0],"gold":93,"neow_bonus":"ONE_RANDOM_RARE_CARD","is_daily":false,"chose_seed":false,"campfire_upgraded":0,"win_rate":0.0,"timestamp":1612906759,"path_taken":["R","M","M","$","M","E","T","R","M","M","R","M","?","M","M","BOSS","R","M","?","?","?","?","T","E","M","R","E","?","?","M","M"],"items_purchased_type":["Card","Relic","Card","Relic"],"build_version":"2020-12-22","purchased_purges":1,"victory":false,"max_hp_per_floor":[90,90,90,90,90,90,90,90,90,90,90,90,90,90,90,90,90,90,90,90,83,83,83,83,83,83,83,83,83,83,83,83,83,83],"card_choices":[{"not_picked":["sneckomod:UnknownUncommonSkill","sneckomod:DiceCrush"],"picked":"sneckomod:QuickMove","floor":2},{"not_picked":["sneckomod:SlitherStrike","sneckomod:Nope"],"picked":"sneckomod:UnknownCommonAttack","floor":3},{"not_picked":["sneckomod:UnknownStrike","sneckomod:DiceBlock","sneckomod:UnknownCommonSkill"],"picked":"SKIP","floor":4},{"not_picked":["sneckomod:UnknownUncommonSkill","sneckomod:UnknownClassGREEN"],"picked":"sneckomod:UnknownExhaust","floor":5},{"not_picked":["sneckomod:QuickMove","sneckomod:SlitherStrike"],"picked":"sneckomod:SoulExchange","floor":6},{"not_picked":["sneckomod:RainOfDice","sneckomod:UnknownClassSLIMEBOUND"],"picked":"sneckomod:ImprovisedAttack","floor":9},{"not_picked":["sneckomod:SoulDraw","sneckomod:UnknownX","sneckomod:SnakeSap"],"picked":"SKIP","floor":10},{"not_picked":["sneckomod:DiceBlock","sneckomod:UnknownClassTHE_BRONZE_AUTOMATON","sneckomod:SoulRoll"],"picked":"SKIP","floor":12},{"not_picked":["sneckomod:UnknownClassHEXA_GHOST_PURPLE","sneckomod:UnknownCommonSkill"],"picked":"sneckomod:UnknownUncommonSkill","floor":14},{"not_picked":["sneckomod:PureSnecko","sneckomod:QuickMove"],"picked":"sneckomod:Mudshield","floor":15},{"not_picked":["sneckomod:UnknownRareAttack","sneckomod:UnknownBoss"],"picked":"sneckomod:SerpentMind","floor":16},{"not_picked":["sneckomod:DiceCrush","sneckomod:UnknownStrike"],"picked":"sneckomod:UnknownClassPURPLE","floor":19},{"not_picked":["sneckomod:SerpentIdol","sneckomod:SnekBeam+1","sneckomod:UnknownClassSLIMEBOUND+1"],"picked":"sneckomod:ImprovisedAttack+1","floor":25},{"not_picked":["sneckomod:SerpentIdol","sneckomod:UnknownClassPURPLE","sneckomod:UnknownUncommonPower+1"],"picked":"sneckomod:MasterEye","floor":26},{"not_picked":["sneckomod:Nope","sneckomod:Rotation","sneckomod:UnknownClassSLIMEBOUND"],"picked":"sneckomod:ImprovisedAttack+1","floor":28},{"not_picked":["sneckomod:UnknownClassRED+1","sneckomod:UnknownCommonAttack+1","sneckomod:DiceBlock"],"picked":"sneckomod:TrashToTreasure+1","floor":30},{"not_picked":["sneckomod:UnknownClassTHE_CHAMP_GRAY","sneckomod:UnknownCommonSkill","sneckomod:UnknownUncommonSkill"],"picked":"sneckomod:UnknownClassBLUE+1","floor":31}],"player_experience":1135624,"relics_obtained":[{"floor":6,"key":"MawBank"},{"floor":7,"key":"Potion Belt"},{"floor":24,"key":"Molten Egg 2"},{"floor":25,"key":"Bottled Lightning"},{"floor":28,"key":"Centennial Puzzle"}],"event_choices":[],"is_beta":false,"boss_relics":[{"not_picked":["Cursed Key","Astrolabe"],"picked":"Fusion Hammer"}],"items_purged_floors":[30],"is_endless":false,"potions_floor_spawned":[5,6,9,10,16,26,28],"killed_by":"Gensokyo:Slime_Group","ascension_level":1}}