{"host":"aqym1xxr3lb31d9m","time":1612890711,"event":{"mods":["BaseMod","Block Reminder","Colored Map","Colored Powertips","DeckTracker","Highlight Path","Minty Spire (QoL Compilation)","Quick Restart","Random Character Button","StSLib","SuperFastMode","UnlockEverythingMod"],"gold_per_floor":[117,42,62,12,26,26,39,39,39,70,84,98,114,146,146,223,223,236,236,236,249,267,267,295,315,315,331,331,331,166,166,166],"floor_reached":31,"language":"JPN","playtime":1090,"items_purged":[],"score":588,"play_id":"05c4b2b7-6a37-472c-8fda-c52f1f0c95a3","local_time":"20210210021151","is_ascension_mode":true,"campfire_choices":[{"data":"Shockwave","floor":6,"key":"SMITH"},{"data":"Rupture","floor":8,"key":"SMITH"},{"data":"Brutality","floor":15,"key":"SMITH"},{"data":"Whirlwind","floor":23,"key":"SMITH"},{"data":"Ghostly","floor":29,"key":"SMITH"}],"circlet_count":0,"master_deck":["AscendersBane","Strike_R","Strike_R","Strike_R","Defend_R","Defend_R","Defend_R","Defend_R","Bash","Pommel Strike","Shockwave+1","Hemokinesis","Rupture+1","Brutality+1","Shrug It Off","Reaper","Whirlwind+1","Limit Break","Armaments","Ghostly","Ghostly","Ghostly+1","Feel No Pain"],"relics":["Sozu","Singing Bowl","Pantograph","Red Skull","Happy Flower","Runic Cube","Blood Vial","Mercury Hourglass","Toolbox"],"acts_visited":["Exordium","TheCity"],"potions_floor_usage":[],"damage_taken":[{"damage":0,"enemies":"Cultist","floor":1,"turns":2},{"damage":7,"enemies":"Jaw Worm","floor":3,"turns":2},{"damage":0,"enemies":"2 Louse","floor":5,"turns":3},{"damage":6,"enemies":"Blue Slaver","floor":7,"turns":4},{"damage":19,"enemies":"3 Sentries","floor":10,"turns":6},{"damage":2,"enemies":"Exordium Thugs","floor":11,"turns":3},{"damage":2,"enemies":"3 Louse","floor":12,"turns":2},{"damage":5,"enemies":"2 Fungi Beasts","floor":13,"turns":6},{"damage":5,"enemies":"Lagavulin","floor":14,"turns":6},{"damage":14,"enemies":"The Guardian","floor":16,"turns":7},{"damage":32,"enemies":"Spheric Guardian","floor":18,"turns":5},{"damage":9,"enemies":"2 Thieves","floor":21,"turns":4},{"damage":9,"enemies":"3 Cultists","floor":22,"turns":4},{"damage":47,"enemies":"Gremlin Leader","floor":24,"turns":6},{"damage":0,"enemies":"Snecko","floor":25,"turns":5},{"damage":3,"enemies":"Snake Plant","floor":27,"turns":4},{"damage":10,"enemies":"Shelled Parasite and Fungi","floor":31,"turns":4}],"seed_played":"454568512972856685","potions_obtained":[],"is_trial":false,"path_per_floor":["M","?","M","?","M","R","M","R","T","E","M","M","M","E","R","B",null,"M","?","?","M","M","R","E","M","T","M","?","R","$","M"],"character_chosen":"IRONCLAD","items_purchased":["Toolbox"],"campfire_rested":0,"item_purchase_floors":[30],"current_hp_per_floor":[68,68,61,61,61,61,55,55,55,36,34,32,34,47,47,61,73,56,38,38,37,33,33,3,7,7,19,8,8,8,0,0],"gold":166,"neow_bonus":"BOSS_RELIC","is_daily":false,"chose_seed":false,"campfire_upgraded":5,"win_rate":0.0,"timestamp":1612890711,"path_taken":["M","?","M","?","M","R","?","R","T","E","M","M","M","E","R","BOSS","M","?","?","M","M","R","E","M","T","?","?","R","$","M"],"items_purchased_type":["Relic"],"build_version":"2020-12-22","purchased_purges":0,"victory":false,"max_hp_per_floor":[75,75,75,75,75,75,75,75,75,75,75,75,75,77,77,77,77,77,38,38,40,40,40,42,44,44,46,51,51,51,51,51],"card_choices":[{"not_picked":["Twin Strike","Havoc"],"picked":"Pommel Strike","floor":1},{"not_picked":["Sword Boomerang","Perfected Strike"],"picked":"Shockwave","floor":3},{"not_picked":["Anger","Armaments"],"picked":"Hemokinesis","floor":5},{"not_picked":["Dual Wield","Body Slam"],"picked":"Rupture","floor":7},{"not_picked":["Blood for Blood","Inflame"],"picked":"Brutality","floor":10},{"not_picked":["Wild Strike","Body Slam"],"picked":"Shrug It Off","floor":11},{"not_picked":["Pommel Strike","Inflame"],"picked":"Reaper","floor":12},{"not_picked":["Flex","Havoc"],"picked":"Whirlwind","floor":13},{"not_picked":["Inflame","Heavy Blade","Wild Strike"],"picked":"Singing Bowl","floor":14},{"not_picked":["Double Tap","Feed"],"picked":"Limit Break","floor":16},{"not_picked":["Cleave","Clothesline"],"picked":"Armaments","floor":18},{"not_picked":["Wild Strike+1","Havoc","Thunderclap"],"picked":"Singing Bowl","floor":21},{"not_picked":["True Grit","Cleave"],"picked":"Feel No Pain","floor":22},{"not_picked":["True Grit","Perfected Strike","Havoc"],"picked":"Singing Bowl","floor":24},{"not_picked":["Warcry","Metallicize","Anger"],"picked":"Singing Bowl","floor":25},{"not_picked":["Cleave","Havoc","Sever Soul"],"picked":"Singing Bowl","floor":27}],"player_experience":4190137,"relics_obtained":[{"floor":9,"key":"Pantograph"},{"floor":10,"key":"Red Skull"},{"floor":14,"key":"Happy Flower"},{"floor":24,"key":"Blood Vial"},{"floor":26,"key":"Mercury Hourglass"}],"event_choices":[{"cards_removed":["Strike_R"],"damage_healed":0,"gold_gain":0,"player_choice":"Card Removal","damage_taken":0,"max_hp_gain":0,"max_hp_loss":0,"event_name":"The Cleric","floor":2,"gold_loss":75},{"damage_healed":0,"gold_gain":0,"player_choice":"Paid Gold","damage_taken":0,"relics_obtained":["Singing Bowl"],"max_hp_gain":0,"max_hp_loss":0,"event_name":"WeMeetAgain","floor":4,"gold_loss":50},{"damage_healed":0,"gold_gain":0,"player_choice":"Became a Ghost","damage_taken":0,"max_hp_gain":0,"max_hp_loss":39,"event_name":"Ghosts","floor":19,"gold_loss":0,"cards_obtained":["Ghostly","Ghostly","Ghostly"]},{"cards_removed":["Strike_R"],"damage_healed":0,"gold_gain":0,"player_choice":"Purged","damage_taken":0,"max_hp_gain":0,"max_hp_loss":0,"event_name":"Purifier","floor":20,"gold_loss":0},{"damage_healed":0,"gold_gain":0,"player_choice":"Shed Blood","damage_taken":16,"max_hp_gain":5,"max_hp_loss":0,"event_name":"Forgotten Altar","floor":28,"gold_loss":0}],"is_beta":false,"boss_relics":[{"not_picked":["Runic Pyramid","Empty Cage"],"picked":"Runic Cube"}],"items_purged_floors":[],"is_endless":false,"potions_floor_spawned":[3,7,12,18,21,22],"killed_by":"Shelled Parasite and Fungi","ascension_level":20}}