{"host":"0ueeacaatm8t6jyh","time":1612881317,"event":{"mods":["AchievementEnabler","BaseMod","Colored Powertips","Minty Spire (QoL Compilation)","Quick Restart","Rare Cards Sparkle","Shop Mod","StSLib"],"gold_per_floor":[111,111,186,186,198,230,230,250,329,504,504,77,77,103,103,175,175,191,209,225,29,40,40,55,55,55,55],"floor_reached":26,"language":"ZHS","playtime":831,"items_purged":["Doubt"],"score":480,"play_id":"18a92a25-8461-49cb-b8cd-e99af5538037","local_time":"20210209223517","is_ascension_mode":true,"campfire_choices":[{"data":"Dualcast","floor":7.0,"key":"SMITH"},{"data":"Heatsinks","floor":11.0,"key":"SMITH"},{"data":"Strike_B","floor":15.0,"key":"PURGE"},{"floor":23.0,"key":"REST"},{"floor":25.0,"key":"REST"}],"circlet_count":0,"master_deck":["AscendersBane","Strike_B+1","Strike_B","Strike_B","Defend_B","Defend_B+1","Defend_B","Defend_B","Dualcast+1","Machine Learning","Heatsinks+1","Ball Lightning","Capacitor","White Noise","Coolheaded","Electrodynamics","Core Surge","Amplify","Coolheaded"],"relics":["Cracked Core","NeowsBlessing","Akabeko","Mummified Hand","Bottled Tornado","Peace Pipe","Calling Bell","Ice Cream","Matryoshka","Nunchaku","Runic Capacitor"],"acts_visited":["Exordium","TheCity"],"potions_floor_usage":[],"damage_taken":[{"damage":0.0,"enemies":"2 Louse","floor":1.0,"turns":1.0},{"damage":0.0,"enemies":"Small Slimes","floor":5.0,"turns":1.0},{"damage":0.0,"enemies":"Lagavulin","floor":6.0,"turns":1.0},{"damage":0.0,"enemies":"Cultist","floor":8.0,"turns":2.0},{"damage":10.0,"enemies":"Gremlin Nob","floor":14.0,"turns":4.0},{"damage":0.0,"enemies":"Slime Boss","floor":16.0,"turns":6.0},{"damage":17.0,"enemies":"Shell Parasite","floor":18.0,"turns":7.0},{"damage":23.0,"enemies":"2 Thieves","floor":19.0,"turns":4.0},{"damage":19.0,"enemies":"Snake Plant","floor":20.0,"turns":3.0},{"damage":3.0,"enemies":"Chosen and Byrds","floor":22.0,"turns":4.0},{"damage":23.0,"enemies":"Cultist and Chosen","floor":24.0,"turns":6.0},{"damage":40,"enemies":"Book of Stabbing","floor":26,"turns":3}],"seed_played":"5626106739299092005","potions_obtained":[{"floor":1.0,"key":"SneckoOil"},{"floor":8.0,"key":"CultistPotion"},{"floor":14.0,"key":"DuplicationPotion"},{"floor":22.0,"key":"Fire Potion"}],"is_trial":false,"path_per_floor":["M","?","?","?","M","E","R","M","T","?","R","$","$","E","R","B",null,"M","M","M","$","M","R","M","R","E"],"character_chosen":"DEFECT","items_purchased":["White Noise","Coolheaded","Bottled Tornado","Runic Capacitor","Coolheaded"],"campfire_rested":2,"item_purchase_floors":[12,12,12,21,21],"current_hp_per_floor":[68,53,42,42,42,42,42,42,42,42,42,42,42,32,32,32,64,47,24,5,5,2,24,1,23,0,0],"gold":55,"neow_bonus":"THREE_ENEMY_KILL","is_daily":false,"chose_seed":false,"campfire_upgraded":2,"win_rate":0.0,"timestamp":1612881317,"path_taken":["M","?","?","?","M","E","R","M","T","?","R","$","?","E","R","BOSS","M","M","M","$","M","R","M","R","E"],"items_purchased_type":["Card","Card","Relic","Relic","Card"],"build_version":"2020-12-22","purchased_purges":1,"victory":false,"max_hp_per_floor":[75,75,75,75,75,75,75,75,75,75,75,75,75,75,75,75,75,75,75,75,75,75,75,75,75,75,75],"card_choices":[{"not_picked":["FTL","Streamline","Steam"],"picked":"SKIP","floor":1.0},{"not_picked":["Static Discharge","Stack"],"picked":"Heatsinks","floor":5.0},{"not_picked":["Gash","Darkness"],"picked":"Ball Lightning","floor":6.0},{"not_picked":["Reprogram","Compile Driver"],"picked":"Capacitor","floor":8.0},{"not_picked":["Compile Driver","Sweeping Beam"],"picked":"Electrodynamics","floor":14.0},{"not_picked":["All For One","Rainbow"],"picked":"Core Surge","floor":16.0},{"not_picked":["Gash+1","Barrage","Glacier"],"picked":"SKIP","floor":18.0},{"not_picked":["Coolheaded","Compile Driver"],"picked":"Amplify","floor":19.0},{"not_picked":["Go for the Eyes+1","Undo","Rip and Tear"],"picked":"SKIP","floor":20.0},{"not_picked":["Rip and Tear","Rebound","Redo"],"picked":"SKIP","floor":22.0},{"not_picked":["Melter","Recycle","Steam"],"picked":"SKIP","floor":24.0}],"player_experience":524576,"relics_obtained":[{"floor":6.0,"key":"Akabeko"},{"floor":9.0,"key":"Mummified Hand"},{"floor":14.0,"key":"Peace Pipe"},{"floor":17.0,"key":"Ice Cream"},{"floor":17.0,"key":"Matryoshka"},{"floor":17.0,"key":"Nunchaku"}],"event_choices":[{"damage_healed":0.0,"max_hp_gain":0.0,"max_hp_loss":0.0,"gold_gain":0.0,"event_name":"Shining Light","player_choice":"Entered Light","floor":2.0,"gold_loss":0.0,"damage_taken":15.0,"cards_upgraded":["Strike_B","Defend_B"]},{"damage_healed":0.0,"max_hp_gain":0.0,"max_hp_loss":0.0,"gold_gain":75.0,"event_name":"World of Goop","player_choice":"Gather Gold","floor":3.0,"gold_loss":0.0,"damage_taken":11.0},{"damage_healed":0.0,"max_hp_gain":0.0,"max_hp_loss":0.0,"gold_gain":0.0,"cards_transformed":["Zap"],"event_name":"Living Wall","player_choice":"Change","floor":4.0,"gold_loss":0.0,"damage_taken":0.0,"cards_obtained":["Machine Learning"]},{"damage_healed":0.0,"max_hp_gain":0.0,"max_hp_loss":0.0,"gold_gain":175.0,"event_name":"Liars Game","player_choice":"AGREE","floor":10.0,"gold_loss":0.0,"damage_taken":0.0,"cards_obtained":["Doubt"]}],"is_beta":false,"boss_relics":[{"not_picked":["Snecko Eye","Velvet Choker"],"picked":"Calling Bell"}],"items_purged_floors":[12],"is_endless":false,"potions_floor_spawned":[1,8,14,18,22],"killed_by":"Book of Stabbing","ascension_level":13}}