{"host":"mi0eibewekhugwl1","time":1612857116,"event":{"mods":["AchievementEnabler","BaseMod","Colored Map","Colored Powertips","DeckTracker","Keyboard Shortcuts","Minty Spire (QoL Compilation)","Quick Restart","Rare Cards Sparkle","Relic Stats","StSLib","SuperFastMode","everything is the same but u backflip on backflip"],"gold_per_floor":[119,133,133,58,73,73,73,73],"floor_reached":7,"language":"KOR","playtime":133,"items_purged":[],"score":82,"play_id":"b2a07cd7-aadb-40b0-a8b6-b2ad2ab5ef28","local_time":"20210209165156","is_ascension_mode":true,"campfire_choices":[{"data":"Whirlwind","floor":6,"key":"SMITH"}],"circlet_count":0,"master_deck":["AscendersBane","Strike_R","Strike_R","Strike_R","Strike_R","Defend_R","Defend_R","Defend_R","Defend_R","Bash","Whirlwind+1","Flex","Twin Strike","Second Wind"],"relics":["Burning Blood","Meat on the Bone"],"acts_visited":["Exordium"],"potions_floor_usage":[7],"damage_taken":[{"damage":14,"enemies":"2 Louse","floor":1,"turns":2},{"damage":16,"enemies":"Jaw Worm","floor":2,"turns":5},{"damage":14,"enemies":"Small Slimes","floor":5,"turns":4},{"damage":35,"enemies":"Lagavulin","floor":7,"turns":7}],"seed_played":"3595858037401306506","potions_obtained":[{"floor":2,"key":"SpeedPotion"},{"floor":5,"key":"LiquidBronze"}],"is_trial":false,"path_per_floor":["M","M","?","?","M","R","E"],"character_chosen":"IRONCLAD","items_purchased":[],"campfire_rested":0,"item_purchase_floors":[],"current_hp_per_floor":[60,50,24,24,28,28,0,0],"gold":73,"neow_bonus":"THREE_CARDS","is_daily":false,"chose_seed":false,"campfire_upgraded":1,"win_rate":0.0,"timestamp":1612857116,"path_taken":["M","M","?","?","M","R","E"],"items_purchased_type":[],"build_version":"2020-12-22","purchased_purges":0,"victory":false,"max_hp_per_floor":[75,75,75,75,75,75,75,75],"relic_stats":{"counters":[4,18],"obtain_stats":[{"Burning Blood":0,"Meat on the Bone":3},{"Burning Blood":0,"Meat on the Bone":2},{"Burning Blood":0,"Meat on the Bone":7}],"Burning Blood":18,"Meat on the Bone":12},"card_choices":[{"not_picked":["Carnage","Reckless Charge"],"picked":"Whirlwind","floor":0},{"not_picked":["Flex","Body Slam","Searing Blow"],"picked":"SKIP","floor":1},{"not_picked":["Body Slam","Searing Blow"],"picked":"Flex","floor":1},{"not_picked":["Thunderclap","Havoc"],"picked":"Twin Strike","floor":2},{"not_picked":["Thunderclap","Battle Trance"],"picked":"Second Wind","floor":5}],"player_experience":1789137,"relics_obtained":[],"event_choices":[{"damage_healed":0,"gold_gain":0,"player_choice":"Success","damage_taken":26,"relics_obtained":["Meat on the Bone"],"max_hp_gain":0,"max_hp_loss":0,"event_name":"Scrap Ooze","floor":3,"gold_loss":0},{"cards_removed":["Strike_R"],"damage_healed":0,"gold_gain":0,"player_choice":"Card Removal","damage_taken":0,"max_hp_gain":0,"max_hp_loss":0,"event_name":"The Cleric","floor":4,"gold_loss":75}],"is_beta":false,"boss_relics":[],"items_purged_floors":[],"is_endless":false,"potions_floor_spawned":[2,5],"killed_by":"Lagavulin","ascension_level":20}}