{"host":"1u5b8mzv927aru3b","time":1612862593,"event":{"mods":["AchievementEnabler","BaseMod","Colored Map","Colored Powertips","Downfall","GifTheSpireLib","Googly Eyes","Minty Spire (QoL Compilation)","Quick Restart","Relic Sorter","StSLib","The IronCluck","Unceasing Turn Reminder"],"gold_per_floor":[349,367,381,60,77,93,93,113,113,123,133,152,152,152,166,264,264,264,280,298,208,224,239,263,15,15,44,55,55,70,87,104,209,209,209,229,247,1,18,45,45,56,56,56,56],"floor_reached":43,"language":"ENG","playtime":3230,"items_purged":["hexamod:Strike"],"score":482,"play_id":"a7f26ead-b20b-4473-be6a-0dada6cb3b0f","local_time":"20210209132312","is_ascension_mode":false,"campfire_choices":[{"data":"hexamod:Float","floor":1.0,"key":"SMITH"},{"data":"hexamod:GhostOfSpirePast","floor":9.0,"key":"SMITH"},{"data":"hexamod:Rewind","floor":13.0,"key":"SMITH"},{"data":"hexamod:HexaLevel","floor":18.0,"key":"SMITH"},{"data":"hexamod:TimeOfNeed","floor":26.0,"key":"SMITH"},{"data":"hexamod:SpectersWail","floor":29.0,"key":"SMITH"},{"floor":35,"key":"RECALL"}],"circlet_count":0,"master_deck":["hexamod:Strike","hexamod:Strike+1","hexamod:Strike+1","hexamod:Defend+1","hexamod:Defend","hexamod:Defend+1","hexamod:Defend+1","hexamod:Sear","hexamod:Float+1","hexamod:Hexaguard","hexamod:GhostOfSpirePast+1","hexamod:Rewind+1","hexamod:NightmareGuise","hexamod:FastForward","hexamod:ThirdSeal","hexamod:BacktrackSmack+1","hexamod:SpectersWail+1","hexamod:FirstSeal","hexamod:TimeOfNeed","hexamod:HexaLevel+1","hexamod:SkipABeat+1","hexamod:TimeOfNeed+1","hexamod:UnlimitedPower","hexamod:VolcanoVisage+1","hexamod:VolcanoVisage+1","hexamod:SixthSeal","hexamod:FourthSeal","hexamod:AdvancingGuard+1","hexamod:ShieldOfDarkness+1"],"relics":["hexamod:SpiritBrand","Thread and Needle","Ornamental Fan","Runic Dome","PreservedInsect","Membership Card","Bottled Flame","SlaversCollar","Mummified Hand","Whetstone"],"acts_visited":["Exordium","TheCity","TheBeyond"],"potions_floor_usage":[36,37,39,39,39,40,42,42,42],"damage_taken":[{"damage":0.0,"enemies":"Cultist","floor":2.0,"turns":3.0},{"damage":0.0,"enemies":"Small Slimes","floor":3.0,"turns":3.0},{"damage":0.0,"enemies":"downfall:FleeingMerchant","floor":4.0,"turns":4.0},{"damage":0.0,"enemies":"2 Louse","floor":5.0,"turns":3.0},{"damage":2.0,"enemies":"2 Fungi Beasts","floor":6.0,"turns":4.0},{"damage":0.0,"enemies":"Large Slime","floor":8.0,"turns":3.0},{"damage":0.0,"enemies":"Exordium Thugs","floor":10.0,"turns":4.0},{"damage":0.0,"enemies":"Blue Slaver","floor":11.0,"turns":3.0},{"damage":3.0,"enemies":"3 Louse","floor":12.0,"turns":2.0},{"damage":4.0,"enemies":"Gremlin Gang","floor":15.0,"turns":4.0},{"damage":15.0,"enemies":"DF_ARCHETYPE_STREAMLINE","floor":16.0,"turns":8.0},{"damage":0.0,"enemies":"3 Byrds","floor":19.0,"turns":5.0},{"damage":3.0,"enemies":"Shell Parasite","floor":20.0,"turns":5.0},{"damage":0.0,"enemies":"downfall:FleeingMerchant","floor":21.0,"turns":4.0},{"damage":0.0,"enemies":"Shelled Parasite and Fungi","floor":22.0,"turns":5.0},{"damage":4.0,"enemies":"Snake Plant","floor":23.0,"turns":4.0},{"damage":0.0,"enemies":"downfall:FleeingMerchant","floor":25.0,"turns":4.0},{"damage":28.0,"enemies":"Slavers","floor":27.0,"turns":5.0},{"damage":0.0,"enemies":"Chosen and Byrds","floor":28.0,"turns":3.0},{"damage":17.0,"enemies":"Cultist and Chosen","floor":30.0,"turns":7.0},{"damage":9.0,"enemies":"Shelled Parasite and Fungi","floor":31.0,"turns":4.0},{"damage":5.0,"enemies":"Centurion and Healer","floor":32.0,"turns":7.0},{"damage":24.0,"enemies":"SI_MIRROR_ARCHETYPE","floor":33.0,"turns":9.0},{"damage":42,"enemies":"3 Darklings","floor":36,"turns":6},{"damage":6,"enemies":"Orb Walker","floor":37,"turns":4},{"damage":9,"enemies":"downfall:FleeingMerchant","floor":38,"turns":4},{"damage":0,"enemies":"Maw","floor":39,"turns":5},{"damage":6,"enemies":"Nemesis","floor":40,"turns":3},{"damage":9,"enemies":"Spire Growth","floor":42,"turns":5},{"damage":21,"enemies":"3 Darklings","floor":43,"turns":2}],"seed_played":"7059666737395577107","potions_obtained":[{"floor":5.0,"key":"LiquidMemories"},{"floor":6.0,"key":"hexamod:SoulburnPotion"},{"floor":8.0,"key":"Explosive Potion"},{"floor":15.0,"key":"Strength Potion"},{"floor":19.0,"key":"Weak Potion"},{"floor":22.0,"key":"SpeedPotion"},{"floor":31.0,"key":"BlessingOfTheForge"},{"floor":33.0,"key":"Dexterity Potion"},{"floor":36,"key":"ColorlessPotion"},{"floor":39,"key":"hexamod:SoulburnPotion"},{"floor":39,"key":"SpeedPotion"},{"floor":40,"key":"GamblersBrew"},{"floor":40,"key":"Energy Potion"}],"is_trial":false,"path_per_floor":["R","M","M","$","M","M","T","M","R","M","M","M","R","?","M","B",null,"R","M","M","$","M","M","T","$","R","E","M","R","M","M","M","B",null,"R","M","M","$","M","E","T","M","M"],"character_chosen":"THE_SPIRIT","items_purchased":["Thread and Needle","Membership Card","hexamod:TimeOfNeed","Mummified Hand","DistilledChaos","hexamod:DoubleChargePotion","Swift Potion"],"campfire_rested":0,"item_purchase_floors":[4,25,25,38,38,38,38],"current_hp_per_floor":[63,63,63,63,63,61,61,61,61,61,61,58,58,58,61,53,63,63,63,63,63,63,63,63,63,63,42,42,42,32,30,32,15,63,63,21,22,20,27,21,21,19,0,0,0],"gold":56,"neow_bonus":"TWO_FIFTY_GOLD","is_daily":false,"chose_seed":false,"campfire_upgraded":6,"win_rate":0.0,"timestamp":1612862592,"path_taken":["R","M","M","$","M","M","T","?","R","M","M","M","R","?","M","BOSS","R","M","M","$","M","M","T","$","R","E","M","R","M","M","M","BOSS","R","M","M","$","M","E","T","M","M"],"items_purchased_type":["Relic","Relic","Card","Relic","Potion","Potion","Potion"],"build_version":"2020-12-22","purchased_purges":1,"victory":false,"max_hp_per_floor":[63,63,63,63,63,63,63,63,63,63,63,63,63,63,63,63,63,63,63,63,63,63,63,63,63,63,63,63,63,63,63,63,63,63,63,63,63,63,63,63,63,63,63,63,63],"card_choices":[{"not_picked":["hexamod:HeatMetal","hexamod:SwordOfDarkness"],"picked":"hexamod:Hexaguard","floor":2.0},{"not_picked":["hexamod:InspiringFlames","hexamod:BacktrackSmack"],"picked":"hexamod:GhostOfSpirePast","floor":3.0},{"not_picked":["hexamod:Haunt","hexamod:BurningTouch"],"picked":"hexamod:Rewind","floor":4.0},{"not_picked":["hexamod:ThermalTransfer","hexamod:GhostShield"],"picked":"hexamod:NightmareGuise","floor":5.0},{"not_picked":["hexamod:Firestarter","hexamod:AdvancingGuard"],"picked":"hexamod:FastForward","floor":6.0},{"not_picked":["hexamod:RainOfEmbers","hexamod:FourthSeal"],"picked":"hexamod:ThirdSeal","floor":8.0},{"not_picked":["hexamod:FourthSeal","hexamod:FastForward"],"picked":"hexamod:BacktrackSmack","floor":10.0},{"not_picked":["hexamod:ThermalTransfer","hexamod:ShieldOfDarkness","hexamod:HeatMetal"],"picked":"SKIP","floor":10.0},{"not_picked":["hexamod:Hexaguard","hexamod:NightmareStrike"],"picked":"hexamod:SpectersWail","floor":11.0},{"not_picked":["hexamod:GhostLash","hexamod:FifthSeal"],"picked":"hexamod:FirstSeal","floor":11.0},{"not_picked":["hexamod:StepThrough","hexamod:HauntingEcho","hexamod:RetreatToShadows"],"picked":"SKIP","floor":12.0},{"not_picked":["hexamod:GhostShield","hexamod:Hexaguard","hexamod:InspiringFlames"],"picked":"SKIP","floor":12.0},{"not_picked":["hexamod:Hexaguard","hexamod:StepThrough","hexamod:SpectersWail"],"picked":"SKIP","floor":15.0},{"not_picked":["hexamod:ThirdSeal","hexamod:GhostflameBarrier","hexamod:NecessarySacrifice"],"picked":"SKIP","floor":15.0},{"not_picked":["hexamod:SearingWound","hexamod:GiftsFromTheDead"],"picked":"hexamod:TimeOfNeed","floor":16.0},{"not_picked":["hexamod:GhostOfSpirePresent","hexamod:GhostflameInferno"],"picked":"hexamod:HexaLevel","floor":16.0},{"not_picked":["hexamod:InspiringFlames","hexamod:PhantomCloak","hexamod:Hexaguard+1"],"picked":"SKIP","floor":19.0},{"not_picked":["hexamod:ThermalTransfer","hexamod:RainOfEmbers","hexamod:BacktrackSmack"],"picked":"SKIP","floor":19.0},{"not_picked":["hexamod:HauntingEcho+1","hexamod:SpectersWail","hexamod:RecurringNightmare"],"picked":"SKIP","floor":20.0},{"not_picked":["hexamod:SpectersWail","hexamod:StepThrough","hexamod:DynamicBlow+1"],"picked":"SKIP","floor":20.0},{"not_picked":["hexamod:RainOfEmbers+1","hexamod:Haunt+1","hexamod:InspiringFlames"],"picked":"SKIP","floor":21.0},{"not_picked":["hexamod:SwordOfDarkness+1","hexamod:PhantomCloak","hexamod:BurningTouch"],"picked":"SKIP","floor":21.0},{"not_picked":["hexamod:NecessarySacrifice","hexamod:ExtraCrispy","hexamod:ThirdSeal"],"picked":"SKIP","floor":22.0},{"not_picked":["hexamod:FastForward","hexamod:StepThrough","hexamod:NightmareStrike"],"picked":"SKIP","floor":22.0},{"not_picked":["hexamod:BurningTouch","hexamod:HeatMetal","hexamod:ShieldOfDarkness"],"picked":"SKIP","floor":23.0},{"not_picked":["hexamod:TurnItUp","hexamod:ShieldOfDarkness"],"picked":"hexamod:SkipABeat+1","floor":25.0},{"not_picked":["hexamod:GhostLash","hexamod:ChargedBarrage","hexamod:BacktrackSmack"],"picked":"SKIP","floor":25.0},{"not_picked":["hexamod:ShieldOfDarkness","hexamod:PowerFromBeyond","hexamod:GhostShield"],"picked":"SKIP","floor":27.0},{"not_picked":["hexamod:RadiantFlame+1","hexamod:SpectersWail","hexamod:EmpoweredFlame"],"picked":"SKIP","floor":27.0},{"not_picked":["hexamod:FirstSeal","hexamod:FlamesFromBeyond","hexamod:AdvancingGuard+1"],"picked":"SKIP","floor":28.0},{"not_picked":["hexamod:GhostLash+1","hexamod:BurningTouch"],"picked":"hexamod:UnlimitedPower","floor":30.0},{"not_picked":["hexamod:NightmareGuise","hexamod:InspiringFlames","hexamod:ExtraCrispy"],"picked":"SKIP","floor":30.0},{"not_picked":["hexamod:HauntingEcho+1","hexamod:SpectersWail+1","hexamod:EmpoweredFlame"],"picked":"SKIP","floor":31.0},{"not_picked":["hexamod:FastForward","hexamod:NecessarySacrifice","hexamod:HauntingEcho"],"picked":"SKIP","floor":31.0},{"not_picked":["hexamod:BacktrackSmack","hexamod:PowerFromBeyond+1"],"picked":"hexamod:VolcanoVisage","floor":32.0},{"not_picked":["hexamod:ChargedBarrage","hexamod:GhostLash+1","hexamod:GhostShield"],"picked":"SKIP","floor":32.0},{"not_picked":["hexamod:UnlimitedPower","hexamod:GiftsFromTheDead"],"picked":"hexamod:VolcanoVisage","floor":33.0},{"not_picked":["hexamod:UnlimitedPower","hexamod:ForkedFlame"],"picked":"hexamod:SixthSeal","floor":33.0},{"not_picked":["hexamod:Haunt+1","hexamod:BacktrackSmack+1"],"picked":"hexamod:FourthSeal","floor":36},{"not_picked":["hexamod:RadiantFlame","hexamod:BacktrackSmack","hexamod:Hexaguard"],"picked":"SKIP","floor":36},{"not_picked":["hexamod:InspiringFlames","hexamod:BurningTouch+1","hexamod:HeatMetal"],"picked":"SKIP","floor":37},{"not_picked":["hexamod:SpectersWail","hexamod:NecessarySacrifice","hexamod:Firestarter+1"],"picked":"SKIP","floor":37},{"not_picked":["hexamod:GhostLash+1","hexamod:Haunt","hexamod:RainOfEmbers"],"picked":"SKIP","floor":38},{"not_picked":["hexamod:InspiringFlames+1","hexamod:NightmareStrike","hexamod:SwordOfDarkness+1"],"picked":"SKIP","floor":38},{"not_picked":["hexamod:Hexaguard","hexamod:VolcanoVisage"],"picked":"hexamod:AdvancingGuard+1","floor":39},{"not_picked":["hexamod:ThirdSeal","hexamod:NightmareGuise+1","hexamod:BurningTouch"],"picked":"SKIP","floor":39},{"not_picked":["hexamod:BacktrackSmack","hexamod:GhostOfSpireFuture+1","hexamod:SecondSeal"],"picked":"SKIP","floor":40},{"not_picked":["hexamod:EtherealExpedition+1","hexamod:RecurringNightmare+1","hexamod:ThermalTransfer"],"picked":"SKIP","floor":40},{"not_picked":["hexamod:Firestarter+1","hexamod:FlamesFromBeyond"],"picked":"hexamod:ShieldOfDarkness+1","floor":42},{"not_picked":["hexamod:SwordOfDarkness","hexamod:HauntingEcho+1","hexamod:ThermalTransfer"],"picked":"SKIP","floor":42}],"player_experience":181315,"relics_obtained":[{"floor":7.0,"key":"Ornamental Fan"},{"floor":24.0,"key":"PreservedInsect"},{"floor":27.0,"key":"Bottled Flame"},{"floor":40,"key":"Whetstone"}],"event_choices":[],"is_beta":false,"boss_relics":[{"not_picked":["Busted Crown","Coffee Dripper"],"picked":"Runic Dome"},{"not_picked":["hexamod:UnbrokenSoul","Velvet Choker"],"picked":"SlaversCollar"}],"items_purged_floors":[21],"is_endless":false,"potions_floor_spawned":[5,6,8,10,15,19,22,27,31,33,36,39,40],"killed_by":"3 Darklings","ascension_level":0}}