{"host":"6pgtslebjnyv5xmi","time":1612839947,"event":{"mods":["AchievementEnabler","BaseMod","Colored Map","Minty Spire (QoL Compilation)","Rare Cards Sparkle","StSLib","SuperFastMode","The Cursed","everything is the same but u backflip on backflip"],"gold_per_floor":[110,110,110,110,121,121,156,156,156,156,176,114,114,128,128,224,224,257,285,297,309,321,333,620,632,644,668,712,741,753,780,792,882,894,917,943,9,79,79,79,89,122,122,174,174,199,199,214,214,214],"floor_reached":51,"language":"KOR","playtime":2122,"items_purged":["Strike_R"],"score":1261,"play_id":"1f378c89-204a-42ac-9a35-bce047b5939d","local_time":"20210209120547","is_ascension_mode":true,"campfire_choices":[{"floor":6,"key":"REST"},{"data":"Fire Breathing","floor":10,"key":"SMITH"},{"data":"Immolate","floor":15,"key":"SMITH"},{"data":"Feel No Pain","floor":23,"key":"SMITH"},{"data":"Offering","floor":25,"key":"SMITH"},{"floor":30,"key":"REST"},{"data":"Wild Strike","floor":32,"key":"SMITH"},{"floor":40,"key":"RECALL"},{"floor":45,"key":"REST"},{"floor":47,"key":"REST"},{"floor":49,"key":"REST"}],"circlet_count":0,"master_deck":["AscendersBane","Strike_R","Strike_R","Strike_R+1","Defend_R+1","Defend_R","Defend_R+1","Defend_R","Bash","Fire Breathing+1","Ghostly Armor+1","Reckless Charge","Immolate+1","Offering+1","CurseOfTheBell","Feel No Pain+1","Reckless Charge","Fire Breathing+1","Regret","Wild Strike+1","Exhume","Disarm+1"],"relics":["Burning Blood","Darkstone Periapt","Gremlin Horn","The Courier","Bloody Idol","Calling Bell","MawBank","HornCleat","Unceasing Top","Kunai","Centennial Puzzle","Fusion Hammer","Dead Branch","ClockworkSouvenir","Bag of Marbles","Pen Nib","Bag of Preparation","War Paint","Self Forming Clay","Dream Catcher","Bottled Tornado","Magic Flower","Ginger"],"acts_visited":["Exordium","TheCity","TheBeyond"],"potions_floor_usage":[16,16,16,16,29,41,48,50,50],"damage_taken":[{"damage":6,"enemies":"Cultist","floor":1,"turns":3},{"damage":8,"enemies":"2 Louse","floor":5,"turns":2},{"damage":15,"enemies":"3 Sentries","floor":7,"turns":6},{"damage":0,"enemies":"Small Slimes","floor":11,"turns":3},{"damage":10,"enemies":"Exordium Wildlife","floor":14,"turns":3},{"damage":2,"enemies":"Slime Boss","floor":16,"turns":4},{"damage":7,"enemies":"3 Byrds","floor":18,"turns":2},{"damage":10,"enemies":"2 Thieves","floor":19,"turns":3},{"damage":29,"enemies":"Shelled Parasite and Fungi","floor":27,"turns":5},{"damage":65,"enemies":"Book of Stabbing","floor":28,"turns":5},{"damage":0,"enemies":"Centurion and Healer","floor":29,"turns":4},{"damage":11,"enemies":"Sentry and Sphere","floor":31,"turns":3},{"damage":18,"enemies":"Collector","floor":33,"turns":6},{"damage":6,"enemies":"Orb Walker","floor":35,"turns":3},{"damage":3,"enemies":"3 Shapes","floor":36,"turns":2},{"damage":6,"enemies":"Jaw Worm Horde","floor":41,"turns":2},{"damage":74,"enemies":"Giant Head","floor":42,"turns":8},{"damage":6,"enemies":"2 Orb Walkers","floor":44,"turns":1},{"damage":10,"enemies":"Mind Bloom Boss Battle","floor":46,"turns":3},{"damage":14,"enemies":"4 Shapes","floor":48,"turns":2},{"damage":60,"enemies":"Time Eater","floor":50,"turns":9}],"seed_played":"4802505083972464930","potions_obtained":[{"floor":1,"key":"AttackPotion"},{"floor":5,"key":"FearPotion"},{"floor":14,"key":"EntropicBrew"},{"floor":19,"key":"Explosive Potion"},{"floor":33,"key":"SkillPotion"},{"floor":36,"key":"Strength Potion"},{"floor":44,"key":"LiquidBronze"},{"floor":48,"key":"Energy Potion"}],"is_trial":false,"path_per_floor":["M","?","?","?","M","R","E","$","T","R","M","$","?","M","R","B",null,"M","M","?","$","?","R","?","R","T","M","E","M","R","M","R","B",null,"M","M","$","T","?","R","M","E","T","?","R","?","R","M","R","B",null],"character_chosen":"IRONCLAD","items_purchased":["Immolate","Dead Branch","ClockworkSouvenir","Bag of Marbles","Pen Nib","Bag of Preparation","War Paint"],"campfire_rested":5,"item_purchase_floors":[12,37,37,37,37,37,37],"current_hp_per_floor":[68,45,40,33,31,53,44,44,44,44,50,50,50,46,46,50,70,69,65,65,65,65,70,80,80,80,62,13,29,58,63,68,66,78,80,80,80,80,80,80,80,17,17,22,46,50,74,74,80,29],"gold":214,"neow_bonus":"THREE_CARDS","is_daily":false,"chose_seed":false,"campfire_upgraded":5,"win_rate":0.0,"timestamp":1612839947,"path_taken":["M","?","?","?","M","R","E","$","T","R","?","$","?","M","R","BOSS","M","M","?","?","?","R","?","R","T","M","E","M","R","M","R","BOSS","M","M","$","?","?","R","?","E","T","?","R","?","R","M","R","BOSS"],"items_purchased_type":["Card","Relic","Relic","Relic","Relic","Relic","Relic"],"build_version":"2020-12-22","purchased_purges":1,"victory":true,"max_hp_per_floor":[75,75,75,75,75,75,75,75,75,75,75,75,68,68,68,68,74,74,74,74,74,74,74,80,80,80,80,80,80,80,80,80,80,80,80,80,80,80,80,80,80,80,80,80,80,80,80,80,80,80],"card_choices":[{"not_picked":["Havoc","Cleave"],"picked":"Fire Breathing","floor":0},{"not_picked":["Dark Embrace","Thunderclap","Body Slam"],"picked":"SKIP","floor":1},{"not_picked":["Clash","Warcry"],"picked":"Ghostly Armor","floor":5},{"not_picked":["Brutality","Havoc"],"picked":"Reckless Charge","floor":7},{"not_picked":["Headbutt","Thunderclap","Iron Wave"],"picked":"SKIP","floor":11},{"not_picked":["Twin Strike","Havoc","Armaments"],"picked":"SKIP","floor":14},{"not_picked":["Bludgeon","Brutality"],"picked":"Offering","floor":16},{"not_picked":["Ghostly Armor","Bloodletting"],"picked":"Feel No Pain","floor":18},{"not_picked":["Wild Strike","Immolate"],"picked":"Reckless Charge","floor":19},{"not_picked":["Shockwave","Shrug It Off"],"picked":"Wild Strike","floor":27},{"not_picked":["Pummel","Feel No Pain","Berserk"],"picked":"SKIP","floor":28},{"not_picked":["Wild Strike","Warcry","Thunderclap"],"picked":"SKIP","floor":29},{"not_picked":["Anger","Uppercut","Warcry"],"picked":"SKIP","floor":31},{"not_picked":["Metallicize","Twin Strike+1","Ghostly Armor"],"picked":"SKIP","floor":35},{"not_picked":["Intimidate","Body Slam","Dual Wield"],"picked":"SKIP","floor":36},{"not_picked":["Clash+1","Clothesline+1","Havoc+1"],"picked":"SKIP","floor":41},{"not_picked":["True Grit","Wild Strike"],"picked":"Exhume","floor":42},{"not_picked":["Sever Soul","Headbutt+1"],"picked":"Disarm+1","floor":44},{"not_picked":["Inflame","Entrench","Carnage"],"picked":"SKIP","floor":48}],"player_experience":1050109,"relics_obtained":[{"floor":7,"key":"Gremlin Horn"},{"floor":9,"key":"The Courier"},{"floor":17,"key":"MawBank"},{"floor":17,"key":"HornCleat"},{"floor":17,"key":"Unceasing Top"},{"floor":26,"key":"Kunai"},{"floor":28,"key":"Centennial Puzzle"},{"floor":38,"key":"Self Forming Clay"},{"floor":42,"key":"Dream Catcher"},{"floor":43,"key":"Bottled Tornado"},{"floor":44,"key":"Magic Flower"},{"floor":46,"key":"Ginger"}],"event_choices":[{"damage_healed":0,"gold_gain":0,"player_choice":"Entered Light","damage_taken":23,"max_hp_gain":0,"max_hp_loss":0,"event_name":"Shining Light","floor":2,"gold_loss":0,"cards_upgraded":["Strike_R","Defend_R"]},{"damage_healed":0,"gold_gain":0,"player_choice":"Success","damage_taken":5,"relics_obtained":["Darkstone Periapt"],"max_hp_gain":0,"max_hp_loss":0,"event_name":"Scrap Ooze","floor":3,"gold_loss":0},{"cards_removed":["Strike_R"],"damage_healed":0,"gold_gain":0,"player_choice":"Card Removal","damage_taken":7,"max_hp_gain":0,"max_hp_loss":0,"event_name":"Golden Wing","floor":4,"gold_loss":0},{"damage_healed":0,"gold_gain":0,"player_choice":"Lose Max HP","damage_taken":0,"relics_obtained":["Golden Idol"],"max_hp_gain":0,"max_hp_loss":7,"event_name":"Golden Idol","floor":13,"gold_loss":0},{"damage_healed":0,"gold_gain":0,"player_choice":"Copied","damage_taken":0,"max_hp_gain":0,"max_hp_loss":0,"event_name":"Duplicator","floor":20,"gold_loss":0,"cards_obtained":["Fire Breathing"]},{"damage_healed":0,"gold_gain":0,"player_choice":"Gave Idol","damage_taken":0,"relics_obtained":["Bloody Idol"],"max_hp_gain":0,"max_hp_loss":0,"event_name":"Forgotten Altar","floor":22,"relics_lost":["Golden Idol"],"gold_loss":0},{"damage_healed":0,"gold_gain":275,"player_choice":"Desecrate","damage_taken":0,"max_hp_gain":0,"max_hp_loss":0,"event_name":"Golden Shrine","floor":24,"gold_loss":0,"cards_obtained":["Regret"]},{"damage_healed":0,"gold_gain":0,"player_choice":"Full Heal","damage_taken":0,"max_hp_gain":0,"max_hp_loss":0,"event_name":"Wheel of Change","floor":39,"gold_loss":0},{"damage_healed":0,"gold_gain":0,"player_choice":"Fight","damage_taken":0,"max_hp_gain":0,"max_hp_loss":0,"event_name":"Mysterious Sphere","floor":44,"gold_loss":0},{"damage_healed":0,"gold_gain":0,"player_choice":"Fight","damage_taken":0,"max_hp_gain":0,"max_hp_loss":0,"event_name":"MindBloom","floor":46,"gold_loss":0}],"is_beta":false,"boss_relics":[{"not_picked":["Runic Pyramid","Black Star"],"picked":"Calling Bell"},{"not_picked":["Coffee Dripper","Philosopher\u0027s Stone"],"picked":"Fusion Hammer"}],"items_purged_floors":[37],"is_endless":false,"potions_floor_spawned":[1,5,11,14,19,33,36,44,48],"ascension_level":17}}