{"host":"7hpq7e8rzvzbnf1s","time":1612877784,"event":{"mods":["BaseMod","Minty Spire (QoL Compilation)","Quick Restart","StSLib","Waifu the Spire","WarShipGirlsR/’ΩΩ¢…Ÿ≈ÆR mod"],"gold_per_floor":[114,47,57,7,7,7,18,44,79,108,120,407,439,462,474,585,597,623,651,434,453,25,25,36,36,36],"floor_reached":25,"language":"ZHS","playtime":1430,"items_purged":["rmod:defend","rmod:strick"],"score":205,"play_id":"20e1e339-4136-49af-ae16-b4bbd96d238f","local_time":"20210209213624","is_ascension_mode":false,"campfire_choices":[{"data":"rmod:chargemoney","floor":6.0,"key":"SMITH"},{"data":"rmod:openingtorpedo","floor":11.0,"key":"SMITH"},{"floor":15.0,"key":"REST"},{"floor":23.0,"key":"REST"}],"circlet_count":0,"master_deck":["rmod:strick","rmod:strick","rmod:defend","rmod:defend","rmod:defend","rmod:basicallowance","rmod:maingunfire","rmod:openingtorpedo+1","rmod:diaomin","rmod:chargemoney+1","rmod:maintain","rmod:maintain","rmod:firesupport","rmod:mineteam","rmod:fletcher","rmod:diaomin","rmod:timeschanged","rmod:aggressivemary","rmod:intelligenceanalysis+1","rmod:expedition","rmod:ridicule"],"relics":["rmod:firstchargereward","MawBank","Omamori","Black Star","Vajra","Pantograph"],"acts_visited":["Exordium","TheCity"],"potions_floor_usage":[],"damage_taken":[{"damage":0.0,"enemies":"Cultist","floor":1.0,"turns":2.0},{"damage":1.0,"enemies":"2 Louse","floor":3.0,"turns":3.0},{"damage":3.0,"enemies":"Jaw Worm","floor":7.0,"turns":4.0},{"damage":26.0,"enemies":"Gremlin Nob","floor":8.0,"turns":4.0},{"damage":6.0,"enemies":"2 Fungi Beasts","floor":10.0,"turns":3.0},{"damage":10.0,"enemies":"Gremlin Gang","floor":13.0,"turns":3.0},{"damage":0.0,"enemies":"Red Slaver","floor":14.0,"turns":1.0},{"damage":46.0,"enemies":"Slime Boss","floor":16.0,"turns":11.0},{"damage":32.0,"enemies":"Spheric Guardian","floor":18.0,"turns":6.0},{"damage":26.0,"enemies":"3 Byrds","floor":19.0,"turns":5.0},{"damage":16.0,"enemies":"Cultist and Chosen","floor":21.0,"turns":5.0},{"damage":22.0,"enemies":"Snake Plant","floor":24.0,"turns":4.0},{"damage":0,"enemies":"Snecko","floor":25,"turns":2}],"seed_played":"-2126968367072112389","potions_obtained":[{"floor":1.0,"key":"Dexterity Potion"},{"floor":3.0,"key":"DuplicationPotion"},{"floor":7.0,"key":"Fire Potion"}],"is_trial":false,"path_per_floor":["M","$","M","?","?","R","M","E","T","M","R","?","M","M","R","B",null,"M","M","$","M","$","R","M","M"],"character_chosen":"PRAEFECT","items_purchased":["rmod:chargemoney","Vajra","Pantograph","rmod:expedition"],"campfire_rested":2,"item_purchase_floors":[2,20,22,22],"current_hp_per_floor":[75,75,74,74,74,74,71,45,45,39,39,39,29,29,51,5,75,43,17,17,1,1,23,1,1,1],"gold":36,"neow_bonus":"THREE_CARDS","is_daily":false,"chose_seed":false,"campfire_upgraded":2,"win_rate":0.0,"timestamp":1612877784,"path_taken":["M","?","M","?","?","R","M","E","T","M","R","?","M","M","R","BOSS","M","?","$","M","?","R","?","M"],"items_purchased_type":["Card","Relic","Relic","Card"],"build_version":"2020-12-22","purchased_purges":2,"victory":false,"max_hp_per_floor":[75,75,75,75,75,75,75,75,75,75,75,75,75,75,75,75,75,75,75,75,75,75,75,75,75,75],"card_choices":[{"not_picked":["rmod:heivgo","rmod:launchingtorpedo"],"picked":"rmod:openingtorpedo","floor":0.0},{"not_picked":["rmod:gendarmerie","rmod:circuitoustactics"],"picked":"rmod:diaomin","floor":1.0},{"not_picked":["rmod:victimresponsibility","rmod:circuitoustactics"],"picked":"rmod:maintain","floor":3.0},{"not_picked":["rmod:unsinkable","rmod:luckystar"],"picked":"rmod:maintain","floor":7.0},{"not_picked":["rmod:slowdown","rmod:victimresponsibility"],"picked":"rmod:firesupport","floor":8.0},{"not_picked":["rmod:tearstotiara","rmod:luckystar"],"picked":"rmod:mineteam","floor":10.0},{"not_picked":["rmod:robin","rmod:selfconfidence"],"picked":"rmod:fletcher","floor":13.0},{"not_picked":["rmod:supportescort","rmod:ammunitionsupply"],"picked":"rmod:diaomin","floor":14.0},{"not_picked":["rmod:saltedfish","rmod:ridicule"],"picked":"rmod:timeschanged","floor":16.0},{"not_picked":["rmod:ammunitionsupply","rmod:circuitoustactics"],"picked":"rmod:aggressivemary","floor":18.0},{"not_picked":["rmod:goodsister","rmod:ring"],"picked":"rmod:intelligenceanalysis+1","floor":19.0},{"not_picked":["rmod:aluminumsupply","rmod:firesupport","rmod:selfconfidence"],"picked":"SKIP","floor":21.0},{"not_picked":["rmod:heivgo","rmod:ring+1"],"picked":"rmod:ridicule","floor":24.0}],"player_experience":185908,"relics_obtained":[{"floor":8.0,"key":"MawBank"},{"floor":9.0,"key":"Omamori"}],"event_choices":[{"cards_removed":["rmod:strick"],"damage_healed":0.0,"max_hp_gain":0.0,"max_hp_loss":0.0,"gold_gain":0.0,"event_name":"The Cleric","player_choice":"Card Removal","floor":4.0,"gold_loss":50.0,"damage_taken":0.0},{"damage_healed":0.0,"max_hp_gain":0.0,"max_hp_loss":0.0,"gold_gain":0.0,"event_name":"Liars Game","player_choice":"Ignored","floor":5.0,"gold_loss":0.0,"damage_taken":0.0},{"damage_healed":0.0,"max_hp_gain":0.0,"max_hp_loss":0.0,"gold_gain":275.0,"event_name":"Golden Shrine","player_choice":"Desecrate","floor":12.0,"gold_loss":0.0,"damage_taken":0.0,"cards_obtained":["Regret"]}],"is_beta":false,"boss_relics":[{"not_picked":["Runic Pyramid","Pandora\u0027s Box"],"picked":"Black Star"}],"items_purged_floors":[20,22],"is_endless":false,"potions_floor_spawned":[1,3,7,14,16,18,21],"killed_by":"Snecko","ascension_level":0}}