{"host":"7f01flv6y0vhl3vt","time":1612890415,"event":{"mods":["Act Like it!","BaseMod","Downfall","Minty Spire (QoL Compilation)","StSLib"],"gold_per_floor":[199,213,223,234,254,265,292,292,292,292],"floor_reached":8,"language":"ENG","playtime":960,"items_purged":[],"score":50,"play_id":"a7318404-0af5-4088-bc9b-1212e5a29142","local_time":"20210209120655","is_ascension_mode":false,"campfire_choices":[{"floor":1.0,"key":"RECALL"}],"circlet_count":0,"master_deck":["bronze:Strike","bronze:Strike","bronze:Strike","bronze:Strike","bronze:Defend","bronze:Defend","bronze:Defend","bronze:Defend","bronze:Replicate","bronze:Goto","bronze:WhirlingStrike","bronze:Allocate","bronze:Overload","bronze:BugBarrage","bronze:ChosenStrike"],"relics":["bronze:BronzeCore"],"acts_visited":[],"potions_floor_usage":[8,8],"damage_taken":[{"damage":8.0,"enemies":"2 Louse","floor":2.0,"turns":2.0},{"damage":11,"enemies":"Jaw Worm","floor":3,"turns":4},{"damage":0,"enemies":"Small Slimes","floor":4,"turns":4},{"damage":4,"enemies":"2 Fungi Beasts","floor":5,"turns":3},{"damage":24,"enemies":"Blue Slaver","floor":6,"turns":3},{"damage":27,"enemies":"3 Sentries","floor":8,"turns":4}],"seed_played":"1028577485265462490","potions_obtained":[{"floor":3,"key":"bronze:CleanCodePotion"},{"floor":5,"key":"EssenceOfSteel"},{"floor":6,"key":"bronze:BurnAndBuffPotion"}],"is_trial":false,"path_per_floor":["R","M","M","M","M","M","T","E"],"character_chosen":"THE_AUTOMATON","items_purchased":[],"campfire_rested":0,"item_purchase_floors":[],"current_hp_per_floor":[70,62,51,51,47,23,23,0,0,0],"gold":292,"neow_bonus":"HUNDRED_GOLD","is_daily":false,"chose_seed":false,"campfire_upgraded":0,"win_rate":0.0,"timestamp":1612890415,"path_taken":["R","M","M","M","M","M","T","E"],"items_purchased_type":[],"build_version":"2020-12-22","purchased_purges":0,"victory":false,"max_hp_per_floor":[70,70,70,70,70,70,70,70,70,70],"card_choices":[{"not_picked":["bronze:BitShift","bronze:Overheat"],"picked":"bronze:WhirlingStrike","floor":2.0},{"not_picked":["bronze:BitShift","bronze:Branch"],"picked":"bronze:Allocate","floor":3},{"not_picked":["bronze:OilSpill","bronze:Iterate"],"picked":"bronze:Overload","floor":4},{"not_picked":["bronze:Frontload","bronze:Deprecate"],"picked":"bronze:BugBarrage","floor":5},{"not_picked":["bronze:Separator","bronze:BitShift"],"picked":"bronze:ChosenStrike","floor":6}],"player_experience":1669134,"relics_obtained":[],"event_choices":[],"is_beta":false,"boss_relics":[],"items_purged_floors":[],"is_endless":false,"potions_floor_spawned":[3,5,6],"killed_by":"3 Sentries","ascension_level":0}}